  <div class='ocr_page' id='page_1' title='image "/cluster/home/n/w/nwhite01/storage/ocr_20150623/18/umn.319510024773129/024.png"; bbox 0 0 4180 6444; ppageno 0'>
   <div class='ocr_carea' id='block_1_1' title="bbox 323 296 3627 394">
    <p class='ocr_par' dir='ltr' id='par_1_1' title="bbox 323 296 3627 394">
     <span class='ocr_line' id='line_1_1' title="bbox 323 296 3627 394; baseline 0.013 -42"><span class='ocrx_word' id='word_1_1' title='bbox 323 296 395 355; x_wconf 70' lang='lat'><strong>25</strong></span> <span class='ocrx_word' id='word_1_2' title='bbox 1477 310 1679 369; x_wconf 79' lang='lat' dir='ltr'><strong>LIBER</strong></span> <span class='ocrx_word' id='word_1_3' title='bbox 1722 314 1811 371; x_wconf 87' lang='lat' dir='ltr'><strong>DE</strong></span> <span class='ocrx_word' id='word_1_4' title='bbox 1846 316 2125 377; x_wconf 82' lang='lat' dir='ltr'><strong>SEPTEM</strong></span> <span class='ocrx_word' id='word_1_5' title='bbox 2158 322 2471 383; x_wconf 78' lang='lat' dir='ltr'><strong>REGULIS.</strong></span> <span class='ocrx_word' id='word_1_6' title='bbox 3552 338 3627 394; x_wconf 70' lang='lat'><strong>26</strong></span> 
     </span>
    </p>
   </div>
   <div class='ocr_carea' id='block_1_2' title="bbox 323 415 3625 525">
    <p class='ocr_par' dir='ltr' id='par_1_2' title="bbox 323 415 3625 525">
     <span class='ocr_line' id='line_1_2' title="bbox 323 415 3625 525; baseline 0.013 -58"><span class='ocrx_word' id='word_1_7' title='bbox 323 416 418 487; x_wconf 85' lang='lat' dir='ltr'><strong>qui</strong></span> <span class='ocrx_word' id='word_1_8' title='bbox 464 415 731 487; x_wconf 91' lang='lat' dir='ltr'><strong>Spiritum</strong></span> <span class='ocrx_word' id='word_1_9' title='bbox 779 418 876 475; x_wconf 85' lang='lat' dir='ltr'><strong>Dei</strong></span> <span class='ocrx_word' id='word_1_10' title='bbox 923 420 1199 489; x_wconf 84' lang='lat' dir='ltr'><strong>habuerit,</strong></span> <span class='ocrx_word' id='word_1_11' title='bbox 1239 425 1291 479; x_wconf 91' lang='lat' dir='ltr'><strong>in</strong></span> <span class='ocrx_word' id='word_1_12' title='bbox 1335 440 1498 484; x_wconf 81' lang='lat' dir='ltr'><strong>earne</strong></span> <span class='ocrx_word' id='word_1_13' title='bbox 1540 443 1646 484; x_wconf 88' lang='lat' dir='ltr'><strong>non</strong></span> <span class='ocrx_word' id='word_1_14' title='bbox 1690 445 1834 487; x_wconf 75' lang='lat' dir='ltr'><strong>esse.</strong></span> <span class='ocrx_word' id='word_1_15' title='bbox 1869 430 1924 489; x_wconf 91' lang='lat' dir='ltr'><strong>Si</strong></span> <span class='ocrx_word' id='word_1_16' title='bbox 1956 438 2002 499; x_wconf 81' lang='grc' dir='ltr'><strong>Α</strong></span> <span class='ocrx_word' id='word_1_17' title='bbox 2032 438 2157 495; x_wconf 86' lang='lat' dir='ltr'><strong>ﬁde.</strong></span> <span class='ocrx_word' id='word_1_18' title='bbox 2189 442 2318 510; x_wconf 76' lang='lat' dir='ltr'><strong>Qua:</strong></span> <span class='ocrx_word' id='word_1_19' title='bbox 2363 444 2765 515; x_wconf 87' lang='lat' dir='ltr'><strong>multiplicatio,</strong></span> <span class='ocrx_word' id='word_1_20' title='bbox 2796 450 3015 506; x_wconf 86' lang='lat' dir='ltr'><strong>evenire</strong></span> <span class='ocrx_word' id='word_1_21' title='bbox 3044 466 3148 507; x_wconf 90' lang='lat' dir='ltr'><strong>non</strong></span> <span class='ocrx_word' id='word_1_22' title='bbox 3177 454 3353 525; x_wconf 89' lang='lat' dir='ltr'><strong>possit</strong></span> <span class='ocrx_word' id='word_1_23' title='bbox 3381 455 3500 512; x_wconf 85' lang='lat' dir='ltr'><strong>sine</strong></span> <span class='ocrx_word' id='word_1_24' title='bbox 3529 457 3625 511; x_wconf 83' lang='lat' dir='ltr'><strong>ad-</strong></span> 
     </span>
    </p>
   </div>
   <div class='ocr_carea' id='block_1_3' title="bbox 325 514 3623 611">
    <p class='ocr_par' dir='ltr' id='par_1_3' title="bbox 325 514 3623 611">
     <span class='ocr_line' id='line_1_3' title="bbox 325 514 3623 611; baseline 0.012 -46"><span class='ocrx_word' id='word_1_25' title='bbox 325 524 460 583; x_wconf 87' lang='lat' dir='ltr'><strong>ergo</strong></span> <span class='ocrx_word' id='word_1_26' title='bbox 494 527 635 611; x_wconf 79' lang='lat' dir='ltr'><strong>unus</strong></span> <span class='ocrx_word' id='word_1_27' title='bbox 682 514 1053 611; x_wconf 34' lang='lat' dir='ltr'><strong>est-Spiritus</strong></span> <span class='ocrx_word' id='word_1_28' title='bbox 1074 518 1179 611; x_wconf 83' lang='lat' dir='ltr'><strong>Dei</strong></span> <span class='ocrx_word' id='word_1_29' title='bbox 1212 527 1266 574; x_wconf 89' lang='lat' dir='ltr'><strong>et</strong></span> <span class='ocrx_word' id='word_1_30' title='bbox 1292 518 1527 587; x_wconf 86' lang='lat' dir='ltr'><strong>Christi;</strong></span> <span class='ocrx_word' id='word_1_31' title='bbox 1565 524 1844 594; x_wconf 69' lang='lat' dir='ltr'><strong>propheta:</strong></span> <span class='ocrx_word' id='word_1_32' title='bbox 1875 536 1929 581; x_wconf 88' lang='lat' dir='ltr'><strong>et</strong></span> <span class='ocrx_word' id='word_1_33' title='bbox 2025 531 2233 602; x_wconf 85' lang='lat' dir='ltr'><strong>jntorio</strong></span> <span class='ocrx_word' id='word_1_34' title='bbox 2281 535 2413 608; x_wconf 82' lang='lat' dir='ltr'><strong>legis</strong></span> <span class='ocrx_word' id='word_1_35' title='bbox 2460 540 2865 611; x_wconf 60' lang='lat' dir='ltr'><strong>multiplicatae,</strong></span> <span class='ocrx_word' id='word_1_36' title='bbox 2915 554 2969 598; x_wconf 88' lang='lat' dir='ltr'><strong>et</strong></span> <span class='ocrx_word' id='word_1_37' title='bbox 3019 514 3310 604; x_wconf 71' lang='lat' dir='ltr'><strong>multiiudo</strong></span> <span class='ocrx_word' id='word_1_38' title='bbox 3357 548 3409 603; x_wconf 91' lang='lat' dir='ltr'><strong>in</strong></span> <span class='ocrx_word' id='word_1_39' title='bbox 3462 549 3623 606; x_wconf 80' lang='lat' dir='ltr'><strong>fidem</strong></span> 
     </span>
    </p>
   </div>
   <div class='ocr_carea' id='block_1_4' title="bbox 327 604 1926 684">
    <p class='ocr_par' dir='ltr' id='par_1_4' title="bbox 327 604 1926 684">
     <span class='ocr_line' id='line_1_4' title="bbox 327 604 1926 684; baseline 0.009 -27"><span class='ocrx_word' id='word_1_40' title='bbox 327 605 505 658; x_wconf 91' lang='lat' dir='ltr'><strong>sancti</strong></span> <span class='ocrx_word' id='word_1_41' title='bbox 542 604 668 674; x_wconf 82' lang='lat' dir='ltr'><strong>quia</strong></span> <span class='ocrx_word' id='word_1_42' title='bbox 699 605 959 675; x_wconf 81' lang='lat' dir='ltr'><strong>Spiritum</strong></span> <span class='ocrx_word' id='word_1_43' title='bbox 992 607 1085 662; x_wconf 92' lang='lat' dir='ltr'><strong>Dei</strong></span> <span class='ocrx_word' id='word_1_44' title='bbox 1117 609 1446 677; x_wconf 83' lang='lat' dir='ltr'><strong>habuerunt,</strong></span> <span class='ocrx_word' id='word_1_45' title='bbox 1479 613 1739 684; x_wconf 81' lang='lat' dir='ltr'><strong>Spiritum</strong></span> <span class='ocrx_word' id='word_1_46' title='bbox 1766 614 1926 673; x_wconf 88' lang='lat' dir='ltr'><strong>Chri-</strong></span> 
     </span>
    </p>
   </div>
   <div class='ocr_carea' id='block_1_5' title="bbox 329 696 1930 771">
    <p class='ocr_par' dir='ltr' id='par_1_5' title="bbox 329 696 1930 771">
     <span class='ocr_line' id='line_1_5' title="bbox 329 696 1930 771; baseline 0.009 -21"><span class='ocrx_word' id='word_1_47' title='bbox 329 696 399 752; x_wconf 88' lang='lat' dir='ltr'><strong>sti</strong></span> <span class='ocrx_word' id='word_1_48' title='bbox 427 700 757 753; x_wconf 86' lang='lat' dir='ltr'><strong>habuerunt.</strong></span> <span class='ocrx_word' id='word_1_49' title='bbox 800 697 856 754; x_wconf 92' lang='lat' dir='ltr'><strong>Si</strong></span> <span class='ocrx_word' id='word_1_50' title='bbox 900 701 1152 769; x_wconf 86' lang='lat' dir='ltr'><strong>spiritum</strong></span> <span class='ocrx_word' id='word_1_51' title='bbox 1186 702 1282 758; x_wconf 88' lang='lat' dir='ltr'><strong>Dei</strong></span> <span class='ocrx_word' id='word_1_52' title='bbox 1313 702 1644 771; x_wconf 81' lang='lat' dir='ltr'><strong>habuerunt,</strong></span> <span class='ocrx_word' id='word_1_53' title='bbox 1681 709 1736 763; x_wconf 90' lang='lat' dir='ltr'><strong>in</strong></span> <span class='ocrx_word' id='word_1_54' title='bbox 1765 725 1930 767; x_wconf 80' lang='lat' dir='ltr'><strong>carne</strong></span> 
     </span>
    </p>
   </div>
   <div class='ocr_carea' id='block_1_6' title="bbox 330 788 1931 866">
    <p class='ocr_par' dir='ltr' id='par_1_6' title="bbox 330 788 1931 866">
     <span class='ocr_line' id='line_1_6' title="bbox 330 788 1931 866; baseline 0.009 -26"><span class='ocrx_word' id='word_1_55' title='bbox 330 804 442 843; x_wconf 89' lang='lat' dir='ltr'><strong>non</strong></span> <span class='ocrx_word' id='word_1_56' title='bbox 488 788 742 856; x_wconf 89' lang='lat' dir='ltr'><strong>fuerunt,</strong></span> <span class='ocrx_word' id='word_1_57' title='bbox 773 800 827 845; x_wconf 85' lang='lat' dir='ltr'><strong>et</strong></span> <span class='ocrx_word' id='word_1_58' title='bbox 870 790 1044 862; x_wconf 87' lang='lat' dir='ltr'><strong>legem</strong></span> <span class='ocrx_word' id='word_1_59' title='bbox 1087 793 1331 849; x_wconf 89' lang='lat' dir='ltr'><strong>fecerunt</strong></span> <span class='ocrx_word' id='word_1_60' title='bbox 1359 814 1369 848; x_wconf 90' lang='lat'>:</span> <span class='ocrx_word' id='word_1_61' title='bbox 1394 796 1517 866; x_wconf 85' lang='lat' dir='ltr'><strong>quia</strong></span> <span class='ocrx_word' id='word_1_62' title='bbox 1555 812 1685 854; x_wconf 89' lang='lat' dir='ltr'><strong>caro</strong></span> <span class='ocrx_word' id='word_1_63' title='bbox 1713 810 1793 854; x_wconf 88' lang='lat' dir='ltr'><strong>est</strong></span> <span class='ocrx_word' id='word_1_64' title='bbox 1828 800 1931 855; x_wconf 82' lang='lat' dir='ltr'><strong>ini-</strong></span> 
     </span>
    </p>
   </div>
   <div class='ocr_carea' id='block_1_7' title="bbox 332 884 1927 963">
    <p class='ocr_par' dir='ltr' id='par_1_7' title="bbox 332 884 1927 963">
     <span class='ocr_line' id='line_1_7' title="bbox 332 884 1927 963; baseline 0.008 -26"><span class='ocrx_word' id='word_1_65' title='bbox 332 884 470 937; x_wconf 89' lang='lat' dir='ltr'><strong>mica</strong></span> <span class='ocrx_word' id='word_1_66' title='bbox 520 885 573 939; x_wconf 91' lang='lat' dir='ltr'><strong>in</strong></span> <span class='ocrx_word' id='word_1_67' title='bbox 626 885 830 949; x_wconf 86' lang='lat' dir='ltr'><strong>Deum,</strong></span> <span class='ocrx_word' id='word_1_68' title='bbox 863 895 916 940; x_wconf 92' lang='lat' dir='ltr'><strong>et</strong></span> <span class='ocrx_word' id='word_1_69' title='bbox 950 887 1055 957; x_wconf 94' lang='lat' dir='ltr'><strong>legi</strong></span> <span class='ocrx_word' id='word_1_70' title='bbox 1087 889 1208 957; x_wconf 87' lang='lat' dir='ltr'><strong>ejus</strong></span> <span class='ocrx_word' id='word_1_71' title='bbox 1251 890 1493 960; x_wconf 84' lang='lat' dir='ltr'><strong>subjecta</strong></span> <span class='ocrx_word' id='word_1_72' title='bbox 1546 908 1650 948; x_wconf 88' lang='lat' dir='ltr'><strong>non</strong></span> <span class='ocrx_word' id='word_1_73' title='bbox 1692 905 1795 951; x_wconf 80' lang='lat' dir='ltr'><strong>est.</strong></span> <span class='ocrx_word' id='word_1_74' title='bbox 1829 896 1927 963; x_wconf 84' lang='lat' dir='ltr'><strong>Qui</strong></span> 
     </span>
    </p>
   </div>
   <div class='ocr_carea' id='block_1_8' title="bbox 332 977 1930 1061">
    <p class='ocr_par' dir='ltr' id='par_1_8' title="bbox 332 977 1930 1061">
     <span class='ocr_line' id='line_1_8' title="bbox 332 977 1930 1061; baseline 0.009 -29"><span class='ocrx_word' id='word_1_75' title='bbox 332 991 462 1049; x_wconf 85' lang='lat' dir='ltr'><strong>ergo</strong></span> <span class='ocrx_word' id='word_1_76' title='bbox 494 977 557 1033; x_wconf 85' lang='lat' dir='ltr'><strong>ad</strong></span> <span class='ocrx_word' id='word_1_77' title='bbox 593 978 760 1035; x_wconf 90' lang='lat' dir='ltr'><strong>Deum</strong></span> <span class='ocrx_word' id='word_1_78' title='bbox 787 979 1069 1052; x_wconf 88' lang='lat' dir='ltr'><strong>confugit,</strong></span> <span class='ocrx_word' id='word_1_79' title='bbox 1101 984 1315 1054; x_wconf 89' lang='lat' dir='ltr'><strong>accepit</strong></span> <span class='ocrx_word' id='word_1_80' title='bbox 1355 985 1620 1055; x_wconf 87' lang='lat' dir='ltr'><strong>Spiritum</strong></span> <span class='ocrx_word' id='word_1_81' title='bbox 1667 987 1787 1055; x_wconf 88' lang='lat' dir='ltr'><strong>Dei,</strong></span> <span class='ocrx_word' id='word_1_82' title='bbox 1820 1006 1930 1061; x_wconf 87' lang='lat' dir='ltr'><strong>quo</strong></span> 
     </span>
    </p>
   </div>
   <div class='ocr_carea' id='block_1_9' title="bbox 330 1074 1933 1155">
    <p class='ocr_par' dir='ltr' id='par_1_9' title="bbox 330 1074 1933 1155">
     <span class='ocr_line' id='line_1_9' title="bbox 330 1074 1933 1155; baseline 0.009 -31"><span class='ocrx_word' id='word_1_83' title='bbox 330 1083 582 1141; x_wconf 82' lang='lat' dir='ltr'><strong>accepto,</strong></span> <span class='ocrx_word' id='word_1_84' title='bbox 617 1074 941 1129; x_wconf 81' lang='lat' dir='ltr'><strong>mortiﬁcata</strong></span> <span class='ocrx_word' id='word_1_85' title='bbox 991 1085 1075 1130; x_wconf 85' lang='lat' dir='ltr'><strong>est</strong></span> <span class='ocrx_word' id='word_1_86' title='bbox 1122 1091 1281 1144; x_wconf 89' lang='lat' dir='ltr'><strong>caro;</strong></span> <span class='ocrx_word' id='word_1_87' title='bbox 1314 1095 1420 1150; x_wconf 90' lang='lat' dir='ltr'><strong>qua</strong></span> <span class='ocrx_word' id='word_1_88' title='bbox 1455 1083 1801 1149; x_wconf 87' lang='lat' dir='ltr'><strong>mortiﬁcata,</strong></span> <span class='ocrx_word' id='word_1_89' title='bbox 1836 1100 1933 1155; x_wconf 90' lang='lat' dir='ltr'><strong>po-</strong></span> 
     </span>
    </p>
   </div>
   <div class='ocr_carea' id='block_1_10' title="bbox 332 1167 1928 1249">
    <p class='ocr_par' dir='ltr' id='par_1_10' title="bbox 332 1167 1928 1249">
     <span class='ocr_line' id='line_1_10' title="bbox 332 1167 1928 1249; baseline 0.009 -30"><span class='ocrx_word' id='word_1_90' title='bbox 332 1168 439 1220; x_wconf 88' lang='lat' dir='ltr'><strong>tuit</strong></span> <span class='ocrx_word' id='word_1_91' title='bbox 467 1168 650 1223; x_wconf 78' lang='lat' dir='ltr'><strong>facere</strong></span> <span class='ocrx_word' id='word_1_92' title='bbox 690 1167 866 1239; x_wconf 70' lang='lat' dir='ltr'><strong>legem</strong></span> <span class='ocrx_word' id='word_1_93' title='bbox 907 1171 1211 1240; x_wconf 87' lang='lat' dir='ltr'><strong>spiritualis</strong></span> <span class='ocrx_word' id='word_1_94' title='bbox 1238 1214 1252 1236; x_wconf 85' lang='lat'><strong>,</strong></span> <span class='ocrx_word' id='word_1_95' title='bbox 1285 1173 1547 1231; x_wconf 86' lang='lat' dir='ltr'><strong>liberatus</strong></span> <span class='ocrx_word' id='word_1_96' title='bbox 1580 1192 1609 1230; x_wconf 88' lang='lat' dir='ltr'><strong>a</strong></span> <span class='ocrx_word' id='word_1_97' title='bbox 1639 1178 1777 1249; x_wconf 88' lang='lat' dir='ltr'><strong>lege,</strong></span> <span class='ocrx_word' id='word_1_98' title='bbox 1803 1179 1928 1249; x_wconf 88' lang='lat' dir='ltr'><strong>quia</strong></span> 
     </span>
    </p>
   </div>
   <div class='ocr_carea' id='block_1_11' title="bbox 328 1259 1931 1343">
    <p class='ocr_par' dir='ltr' id='par_1_11' title="bbox 328 1259 1931 1343">
     <span class='ocr_line' id='line_1_11' title="bbox 328 1259 1931 1343; baseline 0.009 -32"><span class='ocrx_word' id='word_1_99' title='bbox 328 1259 480 1329; x_wconf 73' lang='lat' dir='ltr'><strong>ju~to</strong></span> <span class='ocrx_word' id='word_1_100' title='bbox 513 1275 620 1315; x_wconf 89' lang='lat' dir='ltr'><strong>non</strong></span> <span class='ocrx_word' id='word_1_101' title='bbox 648 1271 735 1317; x_wconf 70' lang='lat' dir='ltr'><strong>est.</strong></span> <span class='ocrx_word' id='word_1_102' title='bbox 764 1264 960 1331; x_wconf 88' lang='lat' dir='ltr'><strong>posita.</strong></span> <span class='ocrx_word' id='word_1_103' title='bbox 1004 1262 1071 1318; x_wconf 86' lang='lat' dir='ltr'><strong>Et</strong></span> <span class='ocrx_word' id='word_1_104' title='bbox 1098 1264 1294 1321; x_wconf 83' lang='lat' dir='ltr'><strong>iterum</strong></span> <span class='ocrx_word' id='word_1_105' title='bbox 1322 1284 1335 1319; x_wconf 89' lang='lat'><strong>:</strong></span> <span class='ocrx_word' id='word_1_106' title='bbox 1362 1265 1419 1323; x_wconf 87' lang='lat' dir='ltr'><strong>Si</strong></span> <span class='ocrx_word' id='word_1_107' title='bbox 1454 1268 1661 1337; x_wconf 83' lang='lat' dir='ltr'><strong>Spiritu</strong></span> <span class='ocrx_word' id='word_1_108' title='bbox 1688 1270 1787 1325; x_wconf 86' lang='lat' dir='ltr'><strong>Dei</strong></span> <span class='ocrx_word' id='word_1_109' title='bbox 1815 1275 1931 1343; x_wconf 82' lang='lat' dir='ltr'><strong>agi-</strong></span> 
     </span>
    </p>
   </div>
   <div class='ocr_carea' id='block_1_12' title="bbox 332 1356 1931 1433">
    <p class='ocr_par' dir='ltr' id='par_1_12' title="bbox 332 1356 1931 1433">
     <span class='ocr_line' id='line_1_12' title="bbox 332 1356 1931 1433; baseline 0.011 -28"><span class='ocrx_word' id='word_1_110' title='bbox 332 1356 484 1419; x_wconf 87' lang='lat' dir='ltr'><strong>mini,</strong></span> <span class='ocrx_word' id='word_1_111' title='bbox 513 1372 619 1409; x_wconf 82' lang='lat' dir='ltr'><strong>non</strong></span> <span class='ocrx_word' id='word_1_112' title='bbox 644 1358 767 1410; x_wconf 83' lang='lat' dir='ltr'><strong>estis</strong></span> <span class='ocrx_word' id='word_1_113' title='bbox 792 1358 886 1410; x_wconf 81' lang='lat' dir='ltr'><strong>sub</strong></span> <span class='ocrx_word' id='word_1_114' title='bbox 925 1360 1035 1429; x_wconf 84' lang='lat' dir='ltr'><strong>lege</strong></span> <span class='ocrx_word' id='word_1_115' title='bbox 1066 1358 1209 1420; x_wconf 78' lang='lat' dir='ltr'><strong>(Gal.</strong></span> <span class='ocrx_word' id='word_1_116' title='bbox 1242 1377 1293 1426; x_wconf 89' lang='lat' dir='ltr'><strong>v,</strong></span> <span class='ocrx_word' id='word_1_117' title='bbox 1328 1361 1437 1433; x_wconf 79' lang='grc'><strong>18).</strong></span> <span class='ocrx_word' id='word_1_118' title='bbox 1470 1364 1583 1429; x_wconf 80' lang='lat' dir='ltr'><strong>Qua</strong></span> <span class='ocrx_word' id='word_1_119' title='bbox 1616 1380 1676 1419; x_wconf 82' lang='lat' dir='ltr'><strong>re</strong></span> <span class='ocrx_word' id='word_1_120' title='bbox 1708 1366 1931 1422; x_wconf 61' lang='lat' dir='ltr'><strong>manife—</strong></span> 
     </span>
    </p>
   </div>
   <div class='ocr_carea' id='block_1_13' title="bbox 331 1450 1930 1527">
    <p class='ocr_par' dir='ltr' id='par_1_13' title="bbox 331 1450 1930 1527">
     <span class='ocr_line' id='line_1_13' title="bbox 331 1450 1930 1527; baseline 0.008 -26"><span class='ocrx_word' id='word_1_121' title='bbox 331 1457 495 1515; x_wconf 88' lang='lat' dir='ltr'><strong>stum,</strong></span> <span class='ocrx_word' id='word_1_122' title='bbox 523 1450 648 1519; x_wconf 83' lang='lat' dir='ltr'><strong>quia</strong></span> <span class='ocrx_word' id='word_1_123' title='bbox 674 1461 854 1519; x_wconf 85' lang='lat' dir='ltr'><strong>patres</strong></span> <span class='ocrx_word' id='word_1_124' title='bbox 874 1454 1067 1516; x_wconf 90' lang='lat' dir='ltr'><strong>nostri,</strong></span> <span class='ocrx_word' id='word_1_125' title='bbox 1086 1452 1176 1522; x_wconf 90' lang='lat' dir='ltr'><strong>qui</strong></span> <span class='ocrx_word' id='word_1_126' title='bbox 1196 1453 1456 1524; x_wconf 89' lang='lat' dir='ltr'><strong>Spiritum</strong></span> <span class='ocrx_word' id='word_1_127' title='bbox 1484 1456 1577 1512; x_wconf 88' lang='lat' dir='ltr'><strong>Dei</strong></span> <span class='ocrx_word' id='word_1_128' title='bbox 1601 1456 1930 1527; x_wconf 84' lang='lat' dir='ltr'><strong>habuerunt,</strong></span> 
     </span>
    </p>
   </div>
   <div class='ocr_carea' id='block_1_14' title="bbox 333 1540 1931 1620">
    <p class='ocr_par' dir='ltr' id='par_1_14' title="bbox 333 1540 1931 1620">
     <span class='ocr_line' id='line_1_14' title="bbox 333 1540 1931 1620; baseline 0.01 -27"><span class='ocrx_word' id='word_1_129' title='bbox 333 1554 446 1595; x_wconf 88' lang='lat' dir='ltr'><strong>non</strong></span> <span class='ocrx_word' id='word_1_130' title='bbox 477 1540 700 1597; x_wconf 89' lang='lat' dir='ltr'><strong>fuerunt</strong></span> <span class='ocrx_word' id='word_1_131' title='bbox 734 1543 840 1597; x_wconf 89' lang='lat' dir='ltr'><strong>sub</strong></span> <span class='ocrx_word' id='word_1_132' title='bbox 868 1543 1006 1615; x_wconf 89' lang='lat' dir='ltr'><strong>lege.</strong></span> <span class='ocrx_word' id='word_1_133' title='bbox 1037 1543 1307 1611; x_wconf 89' lang='lat' dir='ltr'><strong>Quamdiu</strong></span> <span class='ocrx_word' id='word_1_134' title='bbox 1352 1549 1498 1603; x_wconf 88' lang='lat' dir='ltr'><strong>enim</strong></span> <span class='ocrx_word' id='word_1_135' title='bbox 1527 1550 1651 1620; x_wconf 87' lang='lat' dir='ltr'><strong>quis</strong></span> <span class='ocrx_word' id='word_1_136' title='bbox 1683 1551 1735 1605; x_wconf 91' lang='lat' dir='ltr'><strong>in</strong></span> <span class='ocrx_word' id='word_1_137' title='bbox 1768 1567 1931 1610; x_wconf 87' lang='lat' dir='ltr'><strong>carne</strong></span> 
     </span>
    </p>
   </div>
   <div class='ocr_carea' id='block_1_15' title="bbox 332 1633 1931 1709">
    <p class='ocr_par' dir='ltr' id='par_1_15' title="bbox 332 1633 1931 1709">
     <span class='ocr_line' id='line_1_15' title="bbox 332 1633 1931 1709; baseline 0.01 -22"><span class='ocrx_word' id='word_1_138' title='bbox 332 1643 439 1700; x_wconf 91' lang='lat' dir='ltr'><strong>est,</strong></span> <span class='ocrx_word' id='word_1_139' title='bbox 468 1633 520 1689; x_wconf 92' lang='lat' dir='ltr'><strong>id</strong></span> <span class='ocrx_word' id='word_1_140' title='bbox 568 1646 675 1703; x_wconf 88' lang='lat' dir='ltr'><strong>est,</strong></span> <span class='ocrx_word' id='word_1_141' title='bbox 701 1635 964 1707; x_wconf 87' lang='lat' dir='ltr'><strong>Spiritum</strong></span> <span class='ocrx_word' id='word_1_142' title='bbox 1013 1636 1109 1694; x_wconf 83' lang='lat' dir='ltr'><strong>Dei</strong></span> <span class='ocrx_word' id='word_1_143' title='bbox 1160 1654 1270 1695; x_wconf 90' lang='lat' dir='ltr'><strong>non</strong></span> <span class='ocrx_word' id='word_1_144' title='bbox 1316 1641 1511 1709; x_wconf 85' lang='lat' dir='ltr'><strong>habet,</strong></span> <span class='ocrx_word' id='word_1_145' title='bbox 1543 1643 1853 1702; x_wconf 80' lang='lat' dir='ltr'><strong>dominatur</strong></span> <span class='ocrx_word' id='word_1_146' title='bbox 1880 1648 1931 1703; x_wconf 84' lang='lat' dir='ltr'><strong>ei</strong></span> 
     </span>
    </p>
   </div>
   <div class='ocr_carea' id='block_1_16' title="bbox 334 1728 1933 1808">
    <p class='ocr_par' dir='ltr' id='par_1_16' title="bbox 334 1728 1933 1808">
     <span class='ocr_line' id='line_1_16' title="bbox 334 1728 1933 1808; baseline 0.006 -24"><span class='ocrx_word' id='word_1_147' title='bbox 334 1728 443 1784; x_wconf 76' lang='lat' dir='ltr'><strong>lex.</strong></span> <span class='ocrx_word' id='word_1_148' title='bbox 475 1728 536 1785; x_wconf 87' lang='lat' dir='ltr'><strong>Si</strong></span> <span class='ocrx_word' id='word_1_149' title='bbox 561 1739 741 1785; x_wconf 87' lang='lat' dir='ltr'><strong>autem</strong></span> <span class='ocrx_word' id='word_1_150' title='bbox 794 1730 1081 1786; x_wconf 79' lang='lat' dir='ltr'><strong>tradiderit</strong></span> <span class='ocrx_word' id='word_1_151' title='bbox 1106 1747 1167 1788; x_wconf 88' lang='lat' dir='ltr'><strong>se</strong></span> <span class='ocrx_word' id='word_1_152' title='bbox 1195 1735 1382 1805; x_wconf 69' lang='lat' dir='ltr'><strong>gratia:</strong></span> <span class='ocrx_word' id='word_1_153' title='bbox 1404 1778 1418 1803; x_wconf 95' lang='lat'><strong>,</strong></span> <span class='ocrx_word' id='word_1_154' title='bbox 1449 1738 1685 1794; x_wconf 87' lang='lat' dir='ltr'><strong>moritur</strong></span> <span class='ocrx_word' id='word_1_155' title='bbox 1722 1739 1848 1808; x_wconf 79' lang='lat' dir='ltr'><strong>legi,</strong></span> <span class='ocrx_word' id='word_1_156' title='bbox 1878 1750 1933 1797; x_wconf 90' lang='lat' dir='ltr'><strong>et</strong></span> 
     </span>
    </p>
   </div>
   <div class='ocr_carea' id='block_1_17' title="bbox 2033 628 3625 708">
    <p class='ocr_par' dir='ltr' id='par_1_17' title="bbox 2033 628 3625 708">
     <span class='ocr_line' id='line_1_17' title="bbox 2033 628 3625 708; baseline 0.013 -28"><span class='ocrx_word' id='word_1_157' title='bbox 2033 628 2260 683; x_wconf 78' lang='lat' dir='ltr'><strong>necdum</strong></span> <span class='ocrx_word' id='word_1_158' title='bbox 2290 632 2604 694; x_wconf 84' lang='lat' dir='ltr'><strong>revelatam,</strong></span> <span class='ocrx_word' id='word_1_159' title='bbox 2640 634 2911 706; x_wconf 85' lang='lat' dir='ltr'><strong>sicutjam</strong></span> <span class='ocrx_word' id='word_1_160' title='bbox 2937 638 3141 694; x_wconf 69' lang='lat' dir='ltr'><strong>dictum</strong></span> <span class='ocrx_word' id='word_1_161' title='bbox 3174 652 3277 708; x_wconf 87' lang='lat' dir='ltr'><strong>est,</strong></span> <span class='ocrx_word' id='word_1_162' title='bbox 3313 643 3399 697; x_wconf 84' lang='lat' dir='ltr'><strong>vel</strong></span> <span class='ocrx_word' id='word_1_163' title='bbox 3435 658 3625 699; x_wconf 88' lang='lat' dir='ltr'><strong>neces-</strong></span> 
     </span>
    </p>
   </div>
   <div class='ocr_carea' id='block_1_18' title="bbox 2032 722 3624 803">
    <p class='ocr_par' dir='ltr' id='par_1_18' title="bbox 2032 722 3624 803">
     <span class='ocr_line' id='line_1_18' title="bbox 2032 722 3624 803; baseline 0.01 -28"><span class='ocrx_word' id='word_1_164' title='bbox 2032 722 2190 775; x_wconf 80' lang='lat' dir='ltr'><strong>sitatu</strong></span> <span class='ocrx_word' id='word_1_165' title='bbox 2220 722 2602 781; x_wconf 67' lang='lat' dir='ltr'><strong>deduceretur.</strong></span> <span class='ocrx_word' id='word_1_166' title='bbox 2632 726 2982 786; x_wconf 78' lang='lat' dir='ltr'><strong>Providentia</strong></span> <span class='ocrx_word' id='word_1_167' title='bbox 3014 733 3196 803; x_wconf 80' lang='lat' dir='ltr'><strong>itaque</strong></span> <span class='ocrx_word' id='word_1_168' title='bbox 3223 734 3341 797; x_wconf 80' lang='lat' dir='ltr'><strong>Dei,</strong></span> <span class='ocrx_word' id='word_1_169' title='bbox 3374 744 3624 791; x_wconf 88' lang='lat' dir='ltr'><strong>sanctum</strong></span> 
     </span>
    </p>
   </div>
   <div class='ocr_carea' id='block_1_19' title="bbox 2032 817 3628 893">
    <p class='ocr_par' dir='ltr' id='par_1_19' title="bbox 2032 817 3628 893">
     <span class='ocr_line' id='line_1_19' title="bbox 2032 817 3628 893; baseline 0.01 -24"><span class='ocrx_word' id='word_1_170' title='bbox 2032 830 2095 869; x_wconf 84' lang='lat' dir='ltr'><strong>ex</strong></span> <span class='ocrx_word' id='word_1_171' title='bbox 2125 817 2368 886; x_wconf 82' lang='lat' dir='ltr'><strong>augendo</strong></span> <span class='ocrx_word' id='word_1_172' title='bbox 2391 820 2855 892; x_wconf 78' lang='lat' dir='ltr'><strong>gnbernandoqne</strong></span> <span class='ocrx_word' id='word_1_173' title='bbox 2875 838 3061 880; x_wconf 84' lang='lat' dir='ltr'><strong>semen</strong></span> <span class='ocrx_word' id='word_1_174' title='bbox 3092 827 3351 893; x_wconf 65' lang='lat' dir='ltr'><strong>Abrahae,</strong></span> <span class='ocrx_word' id='word_1_175' title='bbox 3381 837 3440 882; x_wconf 91' lang='lat' dir='ltr'><strong>ut</strong></span> <span class='ocrx_word' id='word_1_176' title='bbox 3468 843 3628 884; x_wconf 80' lang='lat' dir='ltr'><strong>seve—</strong></span> 
     </span>
    </p>
   </div>
   <div class='ocr_carea' id='block_1_20' title="bbox 2032 910 3627 990">
    <p class='ocr_par' dir='ltr' id='par_1_20' title="bbox 2032 910 3627 990">
     <span class='ocr_line' id='line_1_20' title="bbox 2032 910 3627 990; baseline 0.007 -24"><span class='ocrx_word' id='word_1_177' title='bbox 2032 910 2195 966; x_wconf 80' lang='lat' dir='ltr'><strong>ritate</strong></span> <span class='ocrx_word' id='word_1_178' title='bbox 2224 920 2281 966; x_wconf 89' lang='lat' dir='ltr'><strong>et</strong></span> <span class='ocrx_word' id='word_1_179' title='bbox 2308 924 2450 968; x_wconf 87' lang='lat' dir='ltr'><strong>metu</strong></span> <span class='ocrx_word' id='word_1_180' title='bbox 2485 914 2655 985; x_wconf 88' lang='lat' dir='ltr'><strong>legis,</strong></span> <span class='ocrx_word' id='word_1_181' title='bbox 2686 919 2834 971; x_wconf 83' lang='lat' dir='ltr'><strong>multi</strong></span> <span class='ocrx_word' id='word_1_182' title='bbox 2874 920 3336 990; x_wconf 86' lang='lat' dir='ltr'><strong>compellerentur</strong></span> <span class='ocrx_word' id='word_1_183' title='bbox 3356 922 3407 977; x_wconf 91' lang='lat' dir='ltr'><strong>in</strong></span> <span class='ocrx_word' id='word_1_184' title='bbox 3442 922 3627 990; x_wconf 88' lang='lat' dir='ltr'><strong>ﬁdem,</strong></span> 
     </span>
    </p>
   </div>
   <div class='ocr_carea' id='block_1_21' title="bbox 2032 1004 3625 1077">
    <p class='ocr_par' dir='ltr' id='par_1_21' title="bbox 2032 1004 3625 1077">
     <span class='ocr_line' id='line_1_21' title="bbox 2032 1004 3625 1077; baseline 0.008 -19"><span class='ocrx_word' id='word_1_185' title='bbox 2032 1010 2088 1058; x_wconf 88' lang='lat' dir='ltr'><strong>et</strong></span> <span class='ocrx_word' id='word_1_186' title='bbox 2129 1019 2318 1059; x_wconf 85' lang='lat' dir='ltr'><strong>semen</strong></span> <span class='ocrx_word' id='word_1_187' title='bbox 2363 1004 2649 1062; x_wconf 84' lang='lat' dir='ltr'><strong>luleiretur</strong></span> <span class='ocrx_word' id='word_1_188' title='bbox 2693 1024 2864 1077; x_wconf 83' lang='lat' dir='ltr'><strong>usque</strong></span> <span class='ocrx_word' id='word_1_189' title='bbox 2913 1011 2979 1066; x_wconf 87' lang='lat' dir='ltr'><strong>ad</strong></span> <span class='ocrx_word' id='word_1_190' title='bbox 3032 1011 3157 1068; x_wconf 89' lang='lat' dir='ltr'><strong>ﬁdei</strong></span> <span class='ocrx_word' id='word_1_191' title='bbox 3211 1016 3625 1070; x_wconf 74' lang='lat' dir='ltr'><strong>revelationem.</strong></span> 
     </span>
    </p>
   </div>
   <div class='ocr_carea' id='block_1_22' title="bbox 2032 1094 3623 1177">
    <p class='ocr_par' dir='ltr' id='par_1_22' title="bbox 2032 1094 3623 1177">
     <span class='ocr_line' id='line_1_22' title="bbox 2032 1094 3623 1177; baseline 0.008 -27"><span class='ocrx_word' id='word_1_192' title='bbox 2032 1094 2142 1151; x_wconf 71' lang='lat' dir='ltr'><strong>Lex</strong></span> <span class='ocrx_word' id='word_1_193' title='bbox 2183 1107 2353 1152; x_wconf 87' lang='lat' dir='ltr'><strong>autem</strong></span> <span class='ocrx_word' id='word_1_194' title='bbox 2389 1098 2695 1156; x_wconf 73' lang='lat' dir='ltr'><strong>subintravit</strong></span> <span class='ocrx_word' id='word_1_195' title='bbox 2719 1147 2734 1169; x_wconf 90' lang='lat'><strong>,</strong></span> <span class='ocrx_word' id='word_1_196' title='bbox 2768 1113 2822 1156; x_wconf 79' lang='lat' dir='ltr'><strong>ul</strong></span> <span class='ocrx_word' id='word_1_197' title='bbox 2850 1105 3293 1175; x_wconf 73' lang='lat' dir='ltr'><strong>multiplicaretur</strong></span> <span class='ocrx_word' id='word_1_198' title='bbox 3336 1119 3623 1177; x_wconf 83' lang='lat' dir='ltr'><strong>peccatum.</strong></span> 
     </span>
    </p>
   </div>
   <div class='ocr_carea' id='block_1_23' title="bbox 2037 1190 3632 1272">
    <p class='ocr_par' dir='ltr' id='par_1_23' title="bbox 2037 1190 3632 1272">
     <span class='ocr_line' id='line_1_23' title="bbox 2037 1190 3632 1272; baseline 0.008 -27"><span class='ocrx_word' id='word_1_199' title='bbox 2037 1190 2166 1259; x_wconf 82' lang='lat' dir='ltr'><strong>Ubi,</strong></span> <span class='ocrx_word' id='word_1_200' title='bbox 2203 1190 2407 1264; x_wconf 87' lang='lat' dir='ltr'><strong>inquit,</strong></span> <span class='ocrx_word' id='word_1_201' title='bbox 2437 1194 2841 1263; x_wconf 84' lang='lat' dir='ltr'><strong>multiplicatum</strong></span> <span class='ocrx_word' id='word_1_202' title='bbox 2875 1210 2949 1253; x_wconf 78' lang='lat' dir='ltr'><strong>est</strong></span> <span class='ocrx_word' id='word_1_203' title='bbox 2989 1211 3278 1271; x_wconf 80' lang='lat' dir='ltr'><strong>peccatum,</strong></span> <span class='ocrx_word' id='word_1_204' title='bbox 3310 1203 3632 1272; x_wconf 72' lang='lat' dir='ltr'><strong>superabun~</strong></span> 
     </span>
    </p>
   </div>
   <div class='ocr_carea' id='block_1_24' title="bbox 2033 1288 3631 1365">
    <p class='ocr_par' dir='ltr' id='par_1_24' title="bbox 2033 1288 3631 1365">
     <span class='ocr_line' id='line_1_24' title="bbox 2033 1288 3631 1365; baseline 0.007 -25"><span class='ocrx_word' id='word_1_205' title='bbox 2033 1288 2170 1340; x_wconf 79' lang='lat' dir='ltr'><strong>dut&#39;il</strong></span> <span class='ocrx_word' id='word_1_206' title='bbox 2197 1291 2369 1360; x_wconf 86' lang='lat' dir='ltr'><strong>gratia</strong></span> <span class='ocrx_word' id='word_1_207' title='bbox 2398 1289 2580 1362; x_wconf 80' lang='lat' dir='ltr'><strong>(Rom.</strong></span> <span class='ocrx_word' id='word_1_208' title='bbox 2610 1308 2659 1355; x_wconf 91' lang='lat' dir='ltr'><strong>v,</strong></span> <span class='ocrx_word' id='word_1_209' title='bbox 2690 1294 2809 1365; x_wconf 73' lang='lat'><strong>‘20).</strong></span> <span class='ocrx_word' id='word_1_210' title='bbox 2849 1293 2966 1349; x_wconf 84' lang='lat' dir='ltr'><strong>Non</strong></span> <span class='ocrx_word' id='word_1_211' title='bbox 3016 1295 3184 1359; x_wconf 84' lang='lat' dir='ltr'><strong>dixit,</strong></span> <span class='ocrx_word' id='word_1_212' title='bbox 3230 1307 3371 1361; x_wconf 81' lang='lat' dir='ltr'><strong>nata,</strong></span> <span class='ocrx_word' id='word_1_213' title='bbox 3418 1297 3514 1353; x_wconf 79' lang='lat' dir='ltr'><strong>sed</strong></span> <span class='ocrx_word' id='word_1_214' title='bbox 3544 1315 3631 1351; x_wconf 85' lang='lat' dir='ltr'><strong>su-</strong></span> 
     </span>
    </p>
   </div>
   <div class='ocr_carea' id='block_1_25' title="bbox 2030 1381 3630 1459">
    <p class='ocr_par' dir='ltr' id='par_1_25' title="bbox 2030 1381 3630 1459">
     <span class='ocr_line' id='line_1_25' title="bbox 2030 1381 3630 1459; baseline 0.008 -28"><span class='ocrx_word' id='word_1_215' title='bbox 2030 1382 2421 1450; x_wconf 78' lang='lat' dir='ltr'><strong>perabundavit.</strong></span> <span class='ocrx_word' id='word_1_216' title='bbox 2470 1381 2553 1438; x_wconf 84' lang='lat' dir='ltr'><strong>Ab</strong></span> <span class='ocrx_word' id='word_1_217' title='bbox 2597 1382 2753 1440; x_wconf 87' lang='lat' dir='ltr'><strong>initio</strong></span> <span class='ocrx_word' id='word_1_218' title='bbox 2798 1386 2942 1441; x_wconf 87' lang='lat' dir='ltr'><strong>enim</strong></span> <span class='ocrx_word' id='word_1_219' title='bbox 2988 1387 3113 1442; x_wconf 85' lang='lat' dir='ltr'><strong>data</strong></span> <span class='ocrx_word' id='word_1_220' title='bbox 3162 1397 3249 1443; x_wconf 86' lang='lat' dir='ltr'><strong>est</strong></span> <span class='ocrx_word' id='word_1_221' title='bbox 3294 1387 3630 1459; x_wconf 77' lang='lat' dir='ltr'><strong>fugientibus</strong></span> 
     </span>
    </p>
   </div>
   <div class='ocr_carea' id='block_1_26' title="bbox 2034 1474 3627 1550">
    <p class='ocr_par' dir='ltr' id='par_1_26' title="bbox 2034 1474 3627 1550">
     <span class='ocr_line' id='line_1_26' title="bbox 2034 1474 3627 1550; baseline 0.006 -22"><span class='ocrx_word' id='word_1_222' title='bbox 2034 1474 2169 1545; x_wconf 80' lang='lat' dir='ltr'><strong>legis</strong></span> <span class='ocrx_word' id='word_1_223' title='bbox 2203 1478 2483 1532; x_wconf 73' lang='lat' dir='ltr'><strong>molestias</strong></span> <span class='ocrx_word' id='word_1_224' title='bbox 2526 1486 2691 1550; x_wconf 87' lang='lat' dir='ltr'><strong>atque</strong></span> <span class='ocrx_word' id='word_1_225' title='bbox 2735 1478 3064 1537; x_wconf 88' lang='lat' dir='ltr'><strong>dominium.</strong></span> <span class='ocrx_word' id='word_1_226' title='bbox 3108 1481 3417 1538; x_wconf 79' lang='lat' dir='ltr'><strong>Abundavit</strong></span> <span class='ocrx_word' id='word_1_227' title='bbox 3446 1494 3627 1538; x_wconf 86' lang='lat' dir='ltr'><strong>autem</strong></span> 
     </span>
    </p>
   </div>
   <div class='ocr_carea' id='block_1_27' title="bbox 2035 1569 3630 1643">
    <p class='ocr_par' dir='ltr' id='par_1_27' title="bbox 2035 1569 3630 1643">
     <span class='ocr_line' id='line_1_27' title="bbox 2035 1569 3630 1643; baseline 0.006 -22"><span class='ocrx_word' id='word_1_228' title='bbox 2035 1569 2385 1640; x_wconf 84' lang='lat' dir='ltr'><strong>multiplicata</strong></span> <span class='ocrx_word' id='word_1_229' title='bbox 2434 1570 2588 1642; x_wconf 85' lang='lat' dir='ltr'><strong>lege,</strong></span> <span class='ocrx_word' id='word_1_230' title='bbox 2621 1573 3089 1643; x_wconf 85' lang='lat' dir='ltr'><strong>superabundavit</strong></span> <span class='ocrx_word' id='word_1_231' title='bbox 3135 1589 3265 1631; x_wconf 87' lang='lat' dir='ltr'><strong>vero</strong></span> <span class='ocrx_word' id='word_1_232' title='bbox 3308 1574 3363 1630; x_wconf 91' lang='lat' dir='ltr'><strong>in</strong></span> <span class='ocrx_word' id='word_1_233' title='bbox 3410 1590 3630 1631; x_wconf 88' lang='lat' dir='ltr'><strong>omnem</strong></span> 
     </span>
    </p>
   </div>
   <div class='ocr_carea' id='block_1_28' title="bbox 2033 1664 3634 1735">
    <p class='ocr_par' dir='ltr' id='par_1_28' title="bbox 2033 1664 3634 1735">
     <span class='ocr_line' id='line_1_28' title="bbox 2033 1664 3634 1735; baseline 0.004 -19"><span class='ocrx_word' id='word_1_234' title='bbox 2033 1676 2285 1730; x_wconf 80' lang='lat' dir='ltr'><strong>Carnem,</strong></span> <span class='ocrx_word' id='word_1_235' title='bbox 2316 1665 2550 1718; x_wconf 87' lang='lat' dir='ltr'><strong>revelata</strong></span> <span class='ocrx_word' id='word_1_236' title='bbox 2580 1665 2633 1720; x_wconf 93' lang='lat' dir='ltr'><strong>in</strong></span> <span class='ocrx_word' id='word_1_237' title='bbox 2665 1664 2967 1722; x_wconf 84' lang='lat' dir='ltr'><strong>Christum.</strong></span> <span class='ocrx_word' id='word_1_238' title='bbox 3013 1666 3114 1735; x_wconf 80' lang='lat' dir='ltr'><strong>Qui</strong></span> <span class='ocrx_word' id='word_1_239' title='bbox 3162 1668 3391 1723; x_wconf 88' lang='lat' dir='ltr'><strong>veniens</strong></span> <span class='ocrx_word' id='word_1_240' title='bbox 3419 1674 3634 1723; x_wconf 84' lang='lat' dir='ltr'><strong>restau-</strong></span> 
     </span>
    </p>
   </div>
   <div class='ocr_carea' id='block_1_29' title="bbox 2035 1757 3629 1830">
    <p class='ocr_par' dir='ltr' id='par_1_29' title="bbox 2035 1757 3629 1830">
     <span class='ocr_line' id='line_1_29' title="bbox 2035 1757 3629 1830; baseline 0.004 -22"><span class='ocrx_word' id='word_1_241' title='bbox 2035 1770 2178 1821; x_wconf 85' lang='lat' dir='ltr'><strong>rare,</strong></span> <span class='ocrx_word' id='word_1_242' title='bbox 2192 1772 2313 1825; x_wconf 73' lang='lat' dir='ltr'><strong>quze</strong></span> <span class='ocrx_word' id='word_1_243' title='bbox 2339 1757 2390 1810; x_wconf 90' lang='lat' dir='ltr'><strong>in</strong></span> <span class='ocrx_word' id='word_1_244' title='bbox 2407 1757 2569 1824; x_wconf 70' lang='lat' dir='ltr'><strong>caelo,</strong></span> <span class='ocrx_word' id='word_1_245' title='bbox 2587 1767 2775 1826; x_wconf 68' lang='lat' dir='ltr'><strong>etquae</strong></span> <span class='ocrx_word' id='word_1_246' title='bbox 2795 1759 2850 1813; x_wconf 90' lang='lat' dir='ltr'><strong>in</strong></span> <span class='ocrx_word' id='word_1_247' title='bbox 2870 1766 3035 1824; x_wconf 86' lang='lat' dir='ltr'><strong>terra,</strong></span> <span class='ocrx_word' id='word_1_248' title='bbox 3055 1758 3449 1830; x_wconf 86' lang='lat' dir='ltr'><strong>evangelizavit</strong></span> <span class='ocrx_word' id='word_1_249' title='bbox 3471 1760 3629 1813; x_wconf 86' lang='lat' dir='ltr'><strong>ﬁdem</strong></span> 
     </span>
    </p>
   </div>
   <div class='ocr_carea' id='block_1_30' title="bbox 334 1823 1936 1921">
    <p class='ocr_par' dir='ltr' id='par_1_30' title="bbox 334 1823 1931 1906">
     <span class='ocr_line' id='line_1_30' title="bbox 334 1823 1931 1906; baseline 0.006 -29"><span class='ocrx_word' id='word_1_250' title='bbox 334 1823 466 1879; x_wconf 84' lang='lat' dir='ltr'><strong>facit</strong></span> <span class='ocrx_word' id='word_1_251' title='bbox 498 1824 555 1880; x_wconf 91' lang='lat' dir='ltr'><strong>in</strong></span> <span class='ocrx_word' id='word_1_252' title='bbox 598 1824 694 1879; x_wconf 87' lang='lat' dir='ltr'><strong>illo</strong></span> <span class='ocrx_word' id='word_1_253' title='bbox 723 1826 897 1897; x_wconf 89' lang='lat' dir='ltr'><strong>legem</strong></span> <span class='ocrx_word' id='word_1_254' title='bbox 929 1828 1180 1899; x_wconf 86' lang='lat' dir='ltr'><strong>spiritus,</strong></span> <span class='ocrx_word' id='word_1_255' title='bbox 1213 1839 1427 1887; x_wconf 85' lang='lat' dir='ltr'><strong>mortua</strong></span> <span class='ocrx_word' id='word_1_256' title='bbox 1469 1847 1656 1899; x_wconf 86' lang='lat' dir='ltr'><strong>carne.</strong></span> <span class='ocrx_word' id='word_1_257' title='bbox 1682 1850 1802 1905; x_wconf 77' lang='lat' dir='ltr'><strong>qua:</strong></span> <span class='ocrx_word' id='word_1_258' title='bbox 1829 1835 1931 1906; x_wconf 75' lang='lat' dir='ltr'><strong>legi</strong></span> 
     </span>
    </p>
   </div>
   <div class='ocr_carea' id='block_1_31' title="bbox 2039 1823 3630 1921">
    <p class='ocr_par' dir='ltr' id='par_1_31' title="bbox 2040 1823 3630 1921">
     <span class='ocr_line' id='line_1_31' title="bbox 2040 1823 3630 1921; baseline 0.004 -21"><span class='ocrx_word' id='word_1_259' title='bbox 2040 1845 2145 1912; x_wconf 87' lang='lat' dir='ltr'><strong>his,</strong></span> <span class='ocrx_word' id='word_1_260' title='bbox 2177 1823 2265 1917; x_wconf 82' lang='lat' dir='ltr'><strong>qui</strong></span> <span class='ocrx_word' id='word_1_261' title='bbox 2307 1849 2623 1919; x_wconf 69' lang='lat' dir='ltr'><strong>prosimeet</strong></span> <span class='ocrx_word' id='word_1_262' title='bbox 2673 1823 2759 1920; x_wconf 79' lang='lat' dir='ltr'><strong>qui</strong></span> <span class='ocrx_word' id='word_1_263' title='bbox 2805 1854 2957 1921; x_wconf 84' lang='lat' dir='ltr'><strong>longe</strong></span> <span class='ocrx_word' id='word_1_264' title='bbox 2984 1849 3089 1918; x_wconf 85' lang='lat' dir='ltr'><strong>(Is.</strong></span> <span class='ocrx_word' id='word_1_265' title='bbox 3121 1823 3234 1907; x_wconf 68' lang='lat' dir='ltr'><strong>Lvit</strong></span> <span class='ocrx_word' id='word_1_266' title='bbox 3260 1894 3274 1917; x_wconf 91' lang='lat'><strong>,</strong></span> <span class='ocrx_word' id='word_1_267' title='bbox 3302 1851 3400 1914; x_wconf 74' lang='lat' dir='ltr'><strong>l9;</strong></span> <span class='ocrx_word' id='word_1_268' title='bbox 3432 1849 3630 1921; x_wconf 68' lang='lat' dir='ltr'><strong>Epiros.</strong></span> 
     </span>
    </p>
   </div>
   <div class='ocr_carea' id='block_1_32' title="bbox 337 1915 1931 1998">
    <p class='ocr_par' dir='ltr' id='par_1_32' title="bbox 337 1915 1931 1998">
     <span class='ocr_line' id='line_1_32' title="bbox 337 1915 1931 1998; baseline 0.008 -27"><span class='ocrx_word' id='word_1_269' title='bbox 337 1915 429 1971; x_wconf 89' lang='lat' dir='ltr'><strong>Dei</strong></span> <span class='ocrx_word' id='word_1_270' title='bbox 462 1917 705 1988; x_wconf 81' lang='lat' dir='ltr'><strong>subjecta</strong></span> <span class='ocrx_word' id='word_1_271' title='bbox 737 1932 861 1974; x_wconf 88' lang='lat' dir='ltr'><strong>esse</strong></span> <span class='ocrx_word' id='word_1_272' title='bbox 892 1935 998 1974; x_wconf 90' lang='lat' dir='ltr'><strong>non</strong></span> <span class='ocrx_word' id='word_1_273' title='bbox 1029 1929 1222 1990; x_wconf 84' lang='lat' dir='ltr'><strong>potest.</strong></span> <span class='ocrx_word' id='word_1_274' title='bbox 1255 1921 1412 1989; x_wconf 83' lang='lat' dir='ltr'><strong>Quod</strong></span> <span class='ocrx_word' id='word_1_275' title='bbox 1443 1926 1587 1981; x_wconf 86' lang='lat' dir='ltr'><strong>enim</strong></span> <span class='ocrx_word' id='word_1_276' title='bbox 1620 1929 1931 1998; x_wconf 80' lang='lat' dir='ltr'><strong>gerebatur.</strong></span> 
     </span>
    </p>
   </div>
   <div class='ocr_carea' id='block_1_33' title="bbox 335 2007 1932 2093">
    <p class='ocr_par' dir='ltr' id='par_1_33' title="bbox 335 2007 1932 2093">
     <span class='ocr_line' id='line_1_33' title="bbox 335 2007 1932 2093; baseline 0.009 -30"><span class='ocrx_word' id='word_1_277' title='bbox 335 2007 387 2063; x_wconf 89' lang='lat' dir='ltr'><strong>id</strong></span> <span class='ocrx_word' id='word_1_278' title='bbox 414 2010 582 2065; x_wconf 88' lang='lat' dir='ltr'><strong>etiam</strong></span> <span class='ocrx_word' id='word_1_279' title='bbox 615 2026 759 2067; x_wconf 91' lang='lat' dir='ltr'><strong>nunc</strong></span> <span class='ocrx_word' id='word_1_280' title='bbox 784 2013 999 2083; x_wconf 87' lang='lat' dir='ltr'><strong>geritur</strong></span> <span class='ocrx_word' id='word_1_281' title='bbox 1022 2058 1036 2081; x_wconf 92' lang='lat'><strong>,</strong></span> <span class='ocrx_word' id='word_1_282' title='bbox 1069 2030 1176 2070; x_wconf 91' lang='lat' dir='ltr'><strong>non</strong></span> <span class='ocrx_word' id='word_1_283' title='bbox 1205 2018 1352 2072; x_wconf 88' lang='lat' dir='ltr'><strong>enim</strong></span> <span class='ocrx_word' id='word_1_284' title='bbox 1391 2019 1515 2089; x_wconf 87' lang='lat' dir='ltr'><strong>quia</strong></span> <span class='ocrx_word' id='word_1_285' title='bbox 1550 2021 1653 2076; x_wconf 88' lang='lat' dir='ltr'><strong>snh</strong></span> <span class='ocrx_word' id='word_1_286' title='bbox 1680 2021 1797 2093; x_wconf 86' lang='lat' dir='ltr'><strong>lege</strong></span> <span class='ocrx_word' id='word_1_287' title='bbox 1826 2038 1932 2078; x_wconf 90' lang='lat' dir='ltr'><strong>non</strong></span> 
     </span>
    </p>
   </div>
   <div class='ocr_carea' id='block_1_34' title="bbox 334 2105 1937 2184">
    <p class='ocr_par' dir='ltr' id='par_1_34' title="bbox 334 2105 1937 2184">
     <span class='ocr_line' id='line_1_34' title="bbox 334 2105 1937 2184; baseline 0.009 -27"><span class='ocrx_word' id='word_1_288' title='bbox 334 2116 547 2171; x_wconf 88' lang='lat' dir='ltr'><strong>sumus,</strong></span> <span class='ocrx_word' id='word_1_289' title='bbox 579 2105 813 2160; x_wconf 84' lang='lat' dir='ltr'><strong>cessavit</strong></span> <span class='ocrx_word' id='word_1_290' title='bbox 866 2106 1178 2164; x_wconf 89' lang='lat' dir='ltr'><strong>interdictio</strong></span> <span class='ocrx_word' id='word_1_291' title='bbox 1228 2109 1318 2165; x_wconf 87' lang='lat' dir='ltr'><strong>illa</strong></span> <span class='ocrx_word' id='word_1_292' title='bbox 1363 2114 1850 2184; x_wconf 75' lang='lat' dir='ltr'><strong>concupiscenti-.n,</strong></span> <span class='ocrx_word' id='word_1_293' title='bbox 1882 2125 1937 2171; x_wconf 90' lang='lat' dir='ltr'><strong>et</strong></span> 
     </span>
    </p>
   </div>
   <div class='ocr_carea' id='block_1_35' title="bbox 334 2196 1926 2279">
    <p class='ocr_par' dir='ltr' id='par_1_35' title="bbox 334 2196 1926 2279">
     <span class='ocr_line' id='line_1_35' title="bbox 334 2196 1926 2279; baseline 0.009 -28"><span class='ocrx_word' id='word_1_294' title='bbox 334 2212 443 2251; x_wconf 83' lang='lat' dir='ltr'><strong>non</strong></span> <span class='ocrx_word' id='word_1_295' title='bbox 469 2196 642 2269; x_wconf 86' lang='lat' dir='ltr'><strong>magis</strong></span> <span class='ocrx_word' id='word_1_296' title='bbox 682 2210 837 2255; x_wconf 86' lang='lat' dir='ltr'><strong>aucta</strong></span> <span class='ocrx_word' id='word_1_297' title='bbox 864 2211 977 2266; x_wconf 87' lang='lat' dir='ltr'><strong>est;</strong></span> <span class='ocrx_word' id='word_1_298' title='bbox 1008 2202 1104 2258; x_wconf 90' lang='lat' dir='ltr'><strong>sed</strong></span> <span class='ocrx_word' id='word_1_299' title='bbox 1137 2218 1235 2259; x_wconf 91' lang='lat' dir='ltr'><strong>nos</strong></span> <span class='ocrx_word' id='word_1_300' title='bbox 1277 2204 1331 2259; x_wconf 91' lang='lat' dir='ltr'><strong>in</strong></span> <span class='ocrx_word' id='word_1_301' title='bbox 1374 2208 1667 2264; x_wconf 85' lang='lat' dir='ltr'><strong>revelatam</strong></span> <span class='ocrx_word' id='word_1_302' title='bbox 1696 2212 1926 2279; x_wconf 84' lang='lat' dir='ltr'><strong>gratiam</strong></span> 
     </span>
    </p>
   </div>
   <div class='ocr_carea' id='block_1_36' title="bbox 334 2291 1935 2375">
    <p class='ocr_par' dir='ltr' id='par_1_36' title="bbox 334 2291 1935 2375">
     <span class='ocr_line' id='line_1_36' title="bbox 334 2291 1935 2375; baseline 0.009 -31"><span class='ocrx_word' id='word_1_303' title='bbox 334 2291 718 2346; x_wconf 86' lang='lat' dir='ltr'><strong>concurrimus</strong></span> <span class='ocrx_word' id='word_1_304' title='bbox 746 2306 841 2361; x_wconf 89' lang='lat' dir='ltr'><strong>per</strong></span> <span class='ocrx_word' id='word_1_305' title='bbox 868 2292 1056 2360; x_wconf 86' lang='lat' dir='ltr'><strong>ﬁdem,</strong></span> <span class='ocrx_word' id='word_1_306' title='bbox 1086 2295 1269 2353; x_wconf 83' lang='lat' dir='ltr'><strong>cdocti</strong></span> <span class='ocrx_word' id='word_1_307' title='bbox 1300 2313 1328 2353; x_wconf 85' lang='lat' dir='ltr'><strong>a</strong></span> <span class='ocrx_word' id='word_1_308' title='bbox 1360 2299 1609 2367; x_wconf 88' lang='lat' dir='ltr'><strong>Domino,</strong></span> <span class='ocrx_word' id='word_1_309' title='bbox 1637 2318 1773 2373; x_wconf 87' lang='lat' dir='ltr'><strong>opus</strong></span> <span class='ocrx_word' id='word_1_310' title='bbox 1802 2304 1935 2375; x_wconf 79' lang='lat' dir='ltr'><strong>legis</strong></span> 
     </span>
    </p>
   </div>
   <div class='ocr_carea' id='block_1_37' title="bbox 334 2383 1935 2457">
    <p class='ocr_par' dir='ltr' id='par_1_37' title="bbox 334 2383 1935 2457">
     <span class='ocr_line' id='line_1_37' title="bbox 334 2383 1935 2457; baseline 0.008 -20"><span class='ocrx_word' id='word_1_311' title='bbox 334 2383 403 2438; x_wconf 90' lang='lat' dir='ltr'><strong>de</strong></span> <span class='ocrx_word' id='word_1_312' title='bbox 452 2383 573 2454; x_wconf 79' lang='lat' dir='ltr'><strong>ejus</strong></span> <span class='ocrx_word' id='word_1_313' title='bbox 620 2384 995 2441; x_wconf 72' lang='lat' dir='ltr'><strong>misericordia</strong></span> <span class='ocrx_word' id='word_1_314' title='bbox 1041 2392 1322 2457; x_wconf 81' lang='lat' dir='ltr'><strong>postulare</strong></span> <span class='ocrx_word' id='word_1_315' title='bbox 1349 2404 1404 2447; x_wconf 91' lang='lat' dir='ltr'><strong>et</strong></span> <span class='ocrx_word' id='word_1_316' title='bbox 1433 2392 1617 2449; x_wconf 82' lang='lat' dir='ltr'><strong>dicere</strong></span> <span class='ocrx_word' id='word_1_317' title='bbox 1647 2414 1659 2449; x_wconf 91' lang='lat'><strong>:</strong></span> <span class='ocrx_word' id='word_1_318' title='bbox 1687 2395 1805 2451; x_wconf 81' lang='lat' dir='ltr'><strong>Fiat</strong></span> <span class='ocrx_word' id='word_1_319' title='bbox 1846 2413 1935 2450; x_wconf 82' lang='lat' dir='ltr'><strong>ro—</strong></span> 
     </span>
    </p>
   </div>
   <div class='ocr_carea' id='block_1_38' title="bbox 336 2478 1931 2559">
    <p class='ocr_par' dir='ltr' id='par_1_38' title="bbox 336 2478 1931 2559">
     <span class='ocr_line' id='line_1_38' title="bbox 336 2478 1931 2559; baseline 0.006 -25"><span class='ocrx_word' id='word_1_320' title='bbox 336 2479 511 2534; x_wconf 78' lang='lat' dir='ltr'><strong>luntas</strong></span> <span class='ocrx_word' id='word_1_321' title='bbox 535 2490 626 2534; x_wconf 84' lang='lat' dir='ltr'><strong>tua</strong></span> <span class='ocrx_word' id='word_1_322' title='bbox 654 2496 671 2534; x_wconf 91' lang='lat'><strong><em>:</em></strong></span> <span class='ocrx_word' id='word_1_323' title='bbox 694 2478 785 2547; x_wconf 85' lang='lat' dir='ltr'><strong>Et,</strong></span> <span class='ocrx_word' id='word_1_324' title='bbox 812 2478 998 2536; x_wconf 81' lang='lat' dir='ltr'><strong>Libera</strong></span> <span class='ocrx_word' id='word_1_325' title='bbox 1022 2500 1116 2538; x_wconf 80' lang='lat' dir='ltr'><strong>nos</strong></span> <span class='ocrx_word' id='word_1_326' title='bbox 1134 2500 1164 2537; x_wconf 89' lang='lat' dir='ltr'><strong>a</strong></span> <span class='ocrx_word' id='word_1_327' title='bbox 1189 2488 1327 2541; x_wconf 84' lang='lat' dir='ltr'><strong>mulo</strong></span> <span class='ocrx_word' id='word_1_328' title='bbox 1351 2485 1568 2557; x_wconf 76' lang='lat' dir='ltr'><strong>(Matth.</strong></span> <span class='ocrx_word' id='word_1_329' title='bbox 1600 2505 1673 2555; x_wconf 71' lang='lat' dir='ltr'><strong>rt,</strong></span> <span class='ocrx_word' id='word_1_330' title='bbox 1706 2490 1795 2554; x_wconf 81' lang='grc'><strong>10,</strong></span> <span class='ocrx_word' id='word_1_331' title='bbox 1818 2491 1931 2559; x_wconf 73' lang='grc'><strong>13).</strong></span> 
     </span>
    </p>
   </div>
   <div class='ocr_carea' id='block_1_39' title="bbox 340 2568 1933 2650">
    <p class='ocr_par' dir='ltr' id='par_1_39' title="bbox 340 2568 1933 2650">
     <span class='ocr_line' id='line_1_39' title="bbox 340 2568 1933 2650; baseline 0.009 -26"><span class='ocrx_word' id='word_1_332' title='bbox 340 2568 425 2625; x_wconf 85' lang='grc' dir='ltr'><strong>ΙΙΙὶ</strong></span> <span class='ocrx_word' id='word_1_333' title='bbox 480 2583 664 2630; x_wconf 88' lang='lat' dir='ltr'><strong>autem</strong></span> <span class='ocrx_word' id='word_1_334' title='bbox 708 2572 761 2628; x_wconf 92' lang='lat' dir='ltr'><strong>in</strong></span> <span class='ocrx_word' id='word_1_335' title='bbox 805 2590 913 2630; x_wconf 89' lang='lat' dir='ltr'><strong>non</strong></span> <span class='ocrx_word' id='word_1_336' title='bbox 965 2577 1262 2633; x_wconf 84' lang='lat' dir='ltr'><strong>revelatam</strong></span> <span class='ocrx_word' id='word_1_337' title='bbox 1318 2595 1415 2650; x_wconf 87' lang='lat' dir='ltr'><strong>per</strong></span> <span class='ocrx_word' id='word_1_338' title='bbox 1467 2580 1713 2637; x_wconf 89' lang='lat' dir='ltr'><strong>eamdem</strong></span> <span class='ocrx_word' id='word_1_339' title='bbox 1768 2582 1933 2639; x_wconf 90' lang='lat' dir='ltr'><strong>ﬁdem</strong></span> 
     </span>
    </p>
   </div>
   <div class='ocr_carea' id='block_1_40' title="bbox 337 2669 1935 2749">
    <p class='ocr_par' dir='ltr' id='par_1_40' title="bbox 337 2669 1935 2749">
     <span class='ocr_line' id='line_1_40' title="bbox 337 2669 1935 2749; baseline 0.005 -26"><span class='ocrx_word' id='word_1_340' title='bbox 337 2669 515 2724; x_wconf 86' lang='lat' dir='ltr'><strong>coacti</strong></span> <span class='ocrx_word' id='word_1_341' title='bbox 545 2677 697 2725; x_wconf 89' lang='lat' dir='ltr'><strong>metu</strong></span> <span class='ocrx_word' id='word_1_342' title='bbox 717 2669 933 2738; x_wconf 88' lang='lat' dir='ltr'><strong>mortis,</strong></span> <span class='ocrx_word' id='word_1_343' title='bbox 960 2687 1122 2743; x_wconf 89' lang='lat' dir='ltr'><strong>quam</strong></span> <span class='ocrx_word' id='word_1_344' title='bbox 1138 2674 1385 2730; x_wconf 86' lang='lat' dir='ltr'><strong>ministra</strong></span> <span class='ocrx_word' id='word_1_345' title='bbox 1410 2675 1529 2749; x_wconf 80' lang='lat' dir='ltr'><strong>lege</strong></span> <span class='ocrx_word' id='word_1_346' title='bbox 1548 2684 1737 2747; x_wconf 88' lang='lat' dir='ltr'><strong>parato</strong></span> <span class='ocrx_word' id='word_1_347' title='bbox 1753 2678 1935 2749; x_wconf 87' lang='lat' dir='ltr'><strong>gladio</strong></span> 
     </span>
    </p>
   </div>
   <div class='ocr_carea' id='block_1_41' title="bbox 340 2762 1931 2835">
    <p class='ocr_par' dir='ltr' id='par_1_41' title="bbox 340 2762 1931 2835">
     <span class='ocr_line' id='line_1_41' title="bbox 340 2762 1931 2835; baseline 0.006 -17"><span class='ocrx_word' id='word_1_348' title='bbox 340 2762 598 2819; x_wconf 85' lang='lat' dir='ltr'><strong>intentari</strong></span> <span class='ocrx_word' id='word_1_349' title='bbox 642 2764 922 2821; x_wconf 83' lang='lat' dir='ltr'><strong>videbant.</strong></span> <span class='ocrx_word' id='word_1_350' title='bbox 964 2766 1075 2823; x_wconf 73' lang='lat' dir='ltr'><strong>Lex</strong></span> <span class='ocrx_word' id='word_1_351' title='bbox 1107 2772 1230 2823; x_wconf 85' lang='lat' dir='ltr'><strong>data</strong></span> <span class='ocrx_word' id='word_1_352' title='bbox 1262 2780 1366 2835; x_wconf 88' lang='lat' dir='ltr'><strong>est,</strong></span> <span class='ocrx_word' id='word_1_353' title='bbox 1398 2772 1575 2827; x_wconf 88' lang='lat' dir='ltr'><strong>donec</strong></span> <span class='ocrx_word' id='word_1_354' title='bbox 1606 2771 1813 2828; x_wconf 85' lang='lat' dir='ltr'><strong>veniret</strong></span> <span class='ocrx_word' id='word_1_355' title='bbox 1842 2788 1931 2827; x_wconf 84' lang='lat' dir='ltr'><strong>se-</strong></span> 
     </span>
    </p>
   </div>
   <div class='ocr_carea' id='block_1_42' title="bbox 341 2858 1932 2935">
    <p class='ocr_par' dir='ltr' id='par_1_42' title="bbox 341 2858 1932 2935">
     <span class='ocr_line' id='line_1_42' title="bbox 341 2858 1932 2935; baseline 0.006 -23"><span class='ocrx_word' id='word_1_356' title='bbox 341 2872 490 2923; x_wconf 87' lang='lat' dir='ltr'><strong>men,</strong></span> <span class='ocrx_word' id='word_1_357' title='bbox 514 2858 602 2913; x_wconf 90' lang='lat' dir='ltr'><strong>cui</strong></span> <span class='ocrx_word' id='word_1_358' title='bbox 623 2859 954 2930; x_wconf 88' lang='lat' dir='ltr'><strong>promissum</strong></span> <span class='ocrx_word' id='word_1_359' title='bbox 979 2871 1062 2916; x_wconf 85' lang='lat' dir='ltr'><strong>est</strong></span> <span class='ocrx_word' id='word_1_360' title='bbox 1085 2870 1142 2918; x_wconf 91' lang='lat' dir='ltr'><strong>et</strong></span> <span class='ocrx_word' id='word_1_361' title='bbox 1156 2863 1531 2935; x_wconf 83' lang='lat' dir='ltr'><strong>evangelizare</strong></span> <span class='ocrx_word' id='word_1_362' title='bbox 1552 2862 1735 2921; x_wconf 89' lang='lat' dir='ltr'><strong>ﬁdem.</strong></span> <span class='ocrx_word' id='word_1_363' title='bbox 1762 2871 1932 2921; x_wconf 84' lang='lat' dir='ltr'><strong>Antea</strong></span> 
     </span>
    </p>
   </div>
   <div class='ocr_carea' id='block_1_43' title="bbox 340 2952 1933 3031">
    <p class='ocr_par' dir='ltr' id='par_1_43' title="bbox 340 2952 1933 3031">
     <span class='ocr_line' id='line_1_43' title="bbox 340 2952 1933 3031; baseline 0.006 -24"><span class='ocrx_word' id='word_1_364' title='bbox 340 2966 495 3018; x_wconf 82' lang='lat' dir='ltr'><strong>vero,</strong></span> <span class='ocrx_word' id='word_1_365' title='bbox 527 2952 615 3009; x_wconf 82' lang='lat' dir='ltr'><strong>lex</strong></span> <span class='ocrx_word' id='word_1_366' title='bbox 640 2954 870 3026; x_wconf 90' lang='lat' dir='ltr'><strong>cogebat</strong></span> <span class='ocrx_word' id='word_1_367' title='bbox 896 2955 947 3009; x_wconf 93' lang='lat' dir='ltr'><strong>in</strong></span> <span class='ocrx_word' id='word_1_368' title='bbox 987 2954 1118 3023; x_wconf 89' lang='lat' dir='ltr'><strong>ﬁde;</strong></span> <span class='ocrx_word' id='word_1_369' title='bbox 1151 2960 1304 3027; x_wconf 85' lang='lat' dir='ltr'><strong>quasi</strong></span> <span class='ocrx_word' id='word_1_370' title='bbox 1334 2959 1453 3015; x_wconf 86' lang='lat' dir='ltr'><strong>sine</strong></span> <span class='ocrx_word' id='word_1_371' title='bbox 1482 2958 1600 3030; x_wconf 81' lang='lat' dir='ltr'><strong>lege</strong></span> <span class='ocrx_word' id='word_1_372' title='bbox 1628 2974 1733 3016; x_wconf 89' lang='lat' dir='ltr'><strong>non</strong></span> <span class='ocrx_word' id='word_1_373' title='bbox 1765 2963 1933 3031; x_wconf 83' lang='lat' dir='ltr'><strong>possit</strong></span> 
     </span>
    </p>
   </div>
   <div class='ocr_carea' id='block_1_44' title="bbox 340 3042 1931 3124">
    <p class='ocr_par' dir='ltr' id='par_1_44' title="bbox 340 3042 1931 3124">
     <span class='ocr_line' id='line_1_44' title="bbox 340 3042 1931 3124; baseline 0.004 -23"><span class='ocrx_word' id='word_1_374' title='bbox 340 3046 573 3115; x_wconf 79' lang='lat' dir='ltr'><strong>exprimi</strong></span> <span class='ocrx_word' id='word_1_375' title='bbox 604 3042 756 3111; x_wconf 88' lang='lat' dir='ltr'><strong>ﬁdes,</strong></span> <span class='ocrx_word' id='word_1_376' title='bbox 790 3046 856 3103; x_wconf 89' lang='lat' dir='ltr'><strong>ad</strong></span> <span class='ocrx_word' id='word_1_377' title='bbox 888 3048 1275 3119; x_wconf 75' lang='lat' dir='ltr'><strong>exquirendum</strong></span> <span class='ocrx_word' id='word_1_378' title='bbox 1303 3050 1400 3106; x_wconf 73' lang='lat' dir='ltr'><strong>Dei</strong></span> <span class='ocrx_word' id='word_1_379' title='bbox 1430 3053 1767 3124; x_wconf 89' lang='lat' dir='ltr'><strong>gratiam,eo</strong></span> <span class='ocrx_word' id='word_1_380' title='bbox 1790 3054 1931 3123; x_wconf 90' lang='lat' dir='ltr'><strong>quod</strong></span> 
     </span>
    </p>
   </div>
   <div class='ocr_carea' id='block_1_45' title="bbox 340 3141 1929 3215">
    <p class='ocr_par' dir='ltr' id='par_1_45' title="bbox 340 3141 1929 3215">
     <span class='ocr_line' id='line_1_45' title="bbox 340 3141 1929 3215; baseline 0.003 -21"><span class='ocrx_word' id='word_1_381' title='bbox 340 3146 627 3209; x_wconf 85' lang='lat' dir='ltr'><strong>peccatqu</strong></span> <span class='ocrx_word' id='word_1_382' title='bbox 676 3141 931 3197; x_wconf 87' lang='lat' dir='ltr'><strong>virtutem</strong></span> <span class='ocrx_word' id='word_1_383' title='bbox 978 3156 1086 3196; x_wconf 90' lang='lat' dir='ltr'><strong>non</strong></span> <span class='ocrx_word' id='word_1_384' title='bbox 1131 3141 1378 3199; x_wconf 86' lang='lat' dir='ltr'><strong>haberet.</strong></span> <span class='ocrx_word' id='word_1_385' title='bbox 1428 3145 1559 3199; x_wconf 88' lang='lat' dir='ltr'><strong>Data</strong></span> <span class='ocrx_word' id='word_1_386' title='bbox 1603 3160 1733 3201; x_wconf 87' lang='lat' dir='ltr'><strong>vero</strong></span> <span class='ocrx_word' id='word_1_387' title='bbox 1781 3145 1929 3215; x_wconf 85' lang='lat' dir='ltr'><strong>lege&#39;,</strong></span> 
     </span>
    </p>
   </div>
   <div class='ocr_carea' id='block_1_46' title="bbox 2037 1938 3635 2015">
    <p class='ocr_par' dir='ltr' id='par_1_46' title="bbox 2037 1938 3635 2015">
     <span class='ocr_line' id='line_1_46' title="bbox 2037 1938 3635 2015; baseline 0.003 -22"><span class='ocrx_word' id='word_1_388' title='bbox 2037 1954 2095 2002; x_wconf 89' lang='grc' dir='ltr'><strong>ιι,</strong></span> <span class='ocrx_word' id='word_1_389' title='bbox 2129 1938 2242 2012; x_wconf 75' lang='grc'><strong>17),</strong></span> <span class='ocrx_word' id='word_1_390' title='bbox 2271 1939 2323 1993; x_wconf 90' lang='lat' dir='ltr'><strong>id</strong></span> <span class='ocrx_word' id='word_1_391' title='bbox 2355 1948 2458 2007; x_wconf 88' lang='lat' dir='ltr'><strong>est,</strong></span> <span class='ocrx_word' id='word_1_392' title='bbox 2492 1942 2867 2010; x_wconf 79' lang='lat' dir='ltr'><strong>peccatoribus</strong></span> <span class='ocrx_word' id='word_1_393' title='bbox 2912 1942 3077 1999; x_wconf 84' lang='lat' dir='ltr'><strong>Israel</strong></span> <span class='ocrx_word' id='word_1_394' title='bbox 3111 1954 3164 1998; x_wconf 92' lang='lat' dir='ltr'><strong>et</strong></span> <span class='ocrx_word' id='word_1_395' title='bbox 3190 1943 3460 2015; x_wconf 88' lang='lat' dir='ltr'><strong>gentibus.</strong></span> <span class='ocrx_word' id='word_1_396' title='bbox 3494 1942 3635 1999; x_wconf 84' lang='lat' dir='ltr'><strong>Justi</strong></span> 
     </span>
    </p>
   </div>
   <div class='ocr_carea' id='block_1_47' title="bbox 2035 2031 3631 2101">
    <p class='ocr_par' dir='ltr' id='par_1_47' title="bbox 2035 2031 3631 2101">
     <span class='ocr_line' id='line_1_47' title="bbox 2035 2031 3631 2101; baseline 0.001 -14"><span class='ocrx_word' id='word_1_397' title='bbox 2035 2033 2181 2087; x_wconf 88' lang='lat' dir='ltr'><strong>enim</strong></span> <span class='ocrx_word' id='word_1_398' title='bbox 2220 2032 2384 2087; x_wconf 79' lang='lat' dir='ltr'><strong>Israel</strong></span> <span class='ocrx_word' id='word_1_399' title='bbox 2433 2048 2500 2088; x_wconf 84' lang='lat' dir='ltr'><strong>ex</strong></span> <span class='ocrx_word' id='word_1_400' title='bbox 2550 2031 2687 2101; x_wconf 87' lang='lat' dir='ltr'><strong>tide,</strong></span> <span class='ocrx_word' id='word_1_401' title='bbox 2720 2035 2771 2090; x_wconf 93' lang='lat' dir='ltr'><strong>in</strong></span> <span class='ocrx_word' id='word_1_402' title='bbox 2802 2036 3050 2091; x_wconf 87' lang='lat' dir='ltr'><strong>eamdem</strong></span> <span class='ocrx_word' id='word_1_403' title='bbox 3082 2034 3240 2091; x_wconf 88' lang='lat' dir='ltr'><strong>ﬁdem</strong></span> <span class='ocrx_word' id='word_1_404' title='bbox 3276 2036 3451 2092; x_wconf 85' lang='lat' dir='ltr'><strong>vocati</strong></span> <span class='ocrx_word' id='word_1_405' title='bbox 3484 2043 3631 2091; x_wconf 90' lang='lat' dir='ltr'><strong>sunt.</strong></span> 
     </span>
    </p>
   </div>
   <div class='ocr_carea' id='block_1_48' title="bbox 2037 2123 3637 2199">
    <p class='ocr_par' dir='ltr' id='par_1_48' title="bbox 2037 2123 3637 2199">
     <span class='ocr_line' id='line_1_48' title="bbox 2037 2123 3637 2199; baseline 0.002 -19"><span class='ocrx_word' id='word_1_406' title='bbox 2037 2123 2182 2180; x_wconf 77' lang='lat' dir='ltr'><strong>ldum</strong></span> <span class='ocrx_word' id='word_1_407' title='bbox 2215 2141 2452 2196; x_wconf 86' lang='lat' dir='ltr'><strong>namque</strong></span> <span class='ocrx_word' id='word_1_408' title='bbox 2493 2126 2720 2197; x_wconf 89' lang='lat' dir='ltr'><strong>spiritus</strong></span> <span class='ocrx_word' id='word_1_409' title='bbox 2744 2170 2759 2192; x_wconf 89' lang='lat'><strong>,</strong></span> <span class='ocrx_word' id='word_1_410' title='bbox 2791 2128 2983 2184; x_wconf 81' lang='lat' dir='ltr'><strong>eadem</strong></span> <span class='ocrx_word' id='word_1_411' title='bbox 3035 2128 3195 2194; x_wconf 89' lang='lat' dir='ltr'><strong>ﬁdes,</strong></span> <span class='ocrx_word' id='word_1_412' title='bbox 3223 2128 3416 2185; x_wconf 88' lang='lat' dir='ltr'><strong>eadem</strong></span> <span class='ocrx_word' id='word_1_413' title='bbox 3464 2128 3637 2199; x_wconf 88' lang='lat' dir='ltr'><strong>gratia</strong></span> 
     </span>
    </p>
   </div>
   <div class='ocr_carea' id='block_1_49' title="bbox 2036 2216 3637 2294">
    <p class='ocr_par' dir='ltr' id='par_1_49' title="bbox 2036 2216 3637 2294">
     <span class='ocr_line' id='line_1_49' title="bbox 2036 2216 3637 2294; baseline 0.004 -24"><span class='ocrx_word' id='word_1_414' title='bbox 2036 2232 2132 2287; x_wconf 88' lang='lat' dir='ltr'><strong>per</strong></span> <span class='ocrx_word' id='word_1_415' title='bbox 2175 2216 2456 2272; x_wconf 77' lang='lat' dir='ltr'><strong>Christum</strong></span> <span class='ocrx_word' id='word_1_416' title='bbox 2504 2233 2725 2288; x_wconf 86' lang='lat' dir='ltr'><strong>semper</strong></span> <span class='ocrx_word' id='word_1_417' title='bbox 2752 2220 2876 2275; x_wconf 84' lang='lat' dir='ltr'><strong>data</strong></span> <span class='ocrx_word' id='word_1_418' title='bbox 2907 2230 3009 2275; x_wconf 89' lang='lat' dir='ltr'><strong>est.</strong></span> <span class='ocrx_word' id='word_1_419' title='bbox 3044 2222 3288 2288; x_wconf 81' lang='lat' dir='ltr'><strong>Quorum</strong></span> <span class='ocrx_word' id='word_1_420' title='bbox 3337 2220 3637 2294; x_wconf 87' lang='lat' dir='ltr'><strong>plenitudi—</strong></span> 
     </span>
    </p>
   </div>
   <div class='ocr_carea' id='block_1_50' title="bbox 2034 2315 3636 2391">
    <p class='ocr_par' dir='ltr' id='par_1_50' title="bbox 2034 2315 3636 2391">
     <span class='ocr_line' id='line_1_50' title="bbox 2034 2315 3636 2391; baseline 0.006 -25"><span class='ocrx_word' id='word_1_421' title='bbox 2034 2328 2158 2369; x_wconf 88' lang='lat' dir='ltr'><strong>nem</strong></span> <span class='ocrx_word' id='word_1_422' title='bbox 2209 2315 2468 2380; x_wconf 88' lang='lat' dir='ltr'><strong>veniens,</strong></span> <span class='ocrx_word' id='word_1_423' title='bbox 2502 2327 2717 2373; x_wconf 87' lang='lat' dir='ltr'><strong>remoto</strong></span> <span class='ocrx_word' id='word_1_424' title='bbox 2764 2317 2901 2389; x_wconf 86' lang='lat' dir='ltr'><strong>legis</strong></span> <span class='ocrx_word' id='word_1_425' title='bbox 2949 2319 3260 2386; x_wconf 84' lang='lat' dir='ltr'><strong>velamine,</strong></span> <span class='ocrx_word' id='word_1_426' title='bbox 3301 2320 3449 2375; x_wconf 90' lang='lat' dir='ltr'><strong>omni</strong></span> <span class='ocrx_word' id='word_1_427' title='bbox 3488 2318 3636 2391; x_wconf 84' lang='lat' dir='ltr'><strong>genti</strong></span> 
     </span>
    </p>
   </div>
   <div class='ocr_carea' id='block_1_51' title="bbox 2034 2407 3639 2484">
    <p class='ocr_par' dir='ltr' id='par_1_51' title="bbox 2034 2407 3639 2484">
     <span class='ocr_line' id='line_1_51' title="bbox 2034 2407 3639 2484; baseline 0.005 -23"><span class='ocrx_word' id='word_1_428' title='bbox 2034 2407 2262 2479; x_wconf 85' lang='lat' dir='ltr'><strong>largitus</strong></span> <span class='ocrx_word' id='word_1_429' title='bbox 2298 2419 2405 2473; x_wconf 88' lang='lat' dir='ltr'><strong>est,</strong></span> <span class='ocrx_word' id='word_1_430' title='bbox 2432 2426 2551 2481; x_wconf 70' lang='lat' dir='ltr'><strong>qua:</strong></span> <span class='ocrx_word' id='word_1_431' title='bbox 2596 2411 2780 2477; x_wconf 89' lang='lat' dir='ltr'><strong>modo,</strong></span> <span class='ocrx_word' id='word_1_432' title='bbox 2810 2427 2915 2467; x_wconf 88' lang='lat' dir='ltr'><strong>non</strong></span> <span class='ocrx_word' id='word_1_433' title='bbox 2951 2428 3155 2484; x_wconf 87' lang='lat' dir='ltr'><strong>genere</strong></span> <span class='ocrx_word' id='word_1_434' title='bbox 3182 2428 3210 2467; x_wconf 73' lang='grc' dir='ltr'><strong>ε</strong></span> <span class='ocrx_word' id='word_1_435' title='bbox 3241 2412 3436 2468; x_wconf 89' lang='lat' dir='ltr'><strong>futuris</strong></span> <span class='ocrx_word' id='word_1_436' title='bbox 3473 2413 3639 2469; x_wconf 76' lang='lat' dir='ltr'><strong>diﬁe-</strong></span> 
     </span>
    </p>
   </div>
   <div class='ocr_carea' id='block_1_52' title="bbox 2035 2501 3631 2575">
    <p class='ocr_par' dir='ltr' id='par_1_52' title="bbox 2035 2501 3631 2575">
     <span class='ocr_line' id='line_1_52' title="bbox 2035 2501 3631 2575; baseline 0.003 -18"><span class='ocrx_word' id='word_1_437' title='bbox 2035 2502 2248 2557; x_wconf 88' lang='lat' dir='ltr'><strong>rebaut.</strong></span> <span class='ocrx_word' id='word_1_438' title='bbox 2295 2501 2469 2557; x_wconf 83' lang='lat' dir='ltr'><strong>Aliter</strong></span> <span class='ocrx_word' id='word_1_439' title='bbox 2496 2502 2638 2558; x_wconf 88' lang='lat' dir='ltr'><strong>enim</strong></span> <span class='ocrx_word' id='word_1_440' title='bbox 2674 2520 2963 2575; x_wconf 88' lang='lat' dir='ltr'><strong>numquam</strong></span> <span class='ocrx_word' id='word_1_441' title='bbox 3007 2504 3106 2561; x_wconf 89' lang='lat' dir='ltr'><strong>fuit</strong></span> <span class='ocrx_word' id='word_1_442' title='bbox 3149 2520 3339 2562; x_wconf 85' lang='lat' dir='ltr'><strong>semen</strong></span> <span class='ocrx_word' id='word_1_443' title='bbox 3372 2504 3631 2561; x_wconf 72' lang='lat' dir='ltr'><strong>Abrabaz.</strong></span> 
     </span>
    </p>
   </div>
   <div class='ocr_carea' id='block_1_53' title="bbox 2032 2592 3631 2668">
    <p class='ocr_par' dir='ltr' id='par_1_53' title="bbox 2032 2592 3631 2668">
     <span class='ocr_line' id='line_1_53' title="bbox 2032 2592 3631 2668; baseline 0.004 -20"><span class='ocrx_word' id='word_1_444' title='bbox 2032 2592 2191 2661; x_wconf 84' lang='lat' dir='ltr'><strong>Quod</strong></span> <span class='ocrx_word' id='word_1_445' title='bbox 2211 2595 2261 2652; x_wconf 88' lang='lat' dir='ltr'><strong>si</strong></span> <span class='ocrx_word' id='word_1_446' title='bbox 2280 2597 2565 2667; x_wconf 81' lang='lat' dir='ltr'><strong>quisquam</strong></span> <span class='ocrx_word' id='word_1_447' title='bbox 2590 2605 2788 2667; x_wconf 80' lang='lat' dir='ltr'><strong>pra-ter</strong></span> <span class='ocrx_word' id='word_1_448' title='bbox 2811 2596 2971 2653; x_wconf 88' lang='lat' dir='ltr'><strong>ﬁdem</strong></span> <span class='ocrx_word' id='word_1_449' title='bbox 2986 2598 3316 2668; x_wconf 70' lang='lat' dir='ltr'><strong>iustiﬁcatus</strong></span> <span class='ocrx_word' id='word_1_450' title='bbox 3334 2607 3419 2655; x_wconf 80' lang='lat' dir='ltr'><strong>est</strong></span> <span class='ocrx_word' id='word_1_451' title='bbox 3443 2617 3456 2653; x_wconf 87' lang='lat'><strong>:</strong></span> <span class='ocrx_word' id='word_1_452' title='bbox 3483 2600 3631 2654; x_wconf 87' lang='lat' dir='ltr'><strong>ﬁlius</strong></span> 
     </span>
    </p>
   </div>
   <div class='ocr_carea' id='block_1_54' title="bbox 2036 2690 3636 2760">
    <p class='ocr_par' dir='ltr' id='par_1_54' title="bbox 2036 2690 3636 2760">
     <span class='ocr_line' id='line_1_54' title="bbox 2036 2690 3636 2760; baseline 0.002 -14"><span class='ocrx_word' id='word_1_453' title='bbox 2036 2690 2271 2746; x_wconf 78' lang='lat' dir='ltr'><strong>Ahraba:</strong></span> <span class='ocrx_word' id='word_1_454' title='bbox 2317 2706 2425 2746; x_wconf 90' lang='lat' dir='ltr'><strong>non</strong></span> <span class='ocrx_word' id='word_1_455' title='bbox 2471 2690 2591 2745; x_wconf 91' lang='lat' dir='ltr'><strong>fuit.</strong></span> <span class='ocrx_word' id='word_1_456' title='bbox 2621 2690 2888 2760; x_wconf 88' lang='lat' dir='ltr'><strong>Quoniam</strong></span> <span class='ocrx_word' id='word_1_457' title='bbox 2932 2691 3077 2746; x_wconf 86' lang='lat' dir='ltr'><strong>ﬁlius</strong></span> <span class='ocrx_word' id='word_1_458' title='bbox 3121 2692 3355 2748; x_wconf 74' lang='lat' dir='ltr'><strong>Abrahte</strong></span> <span class='ocrx_word' id='word_1_459' title='bbox 3384 2692 3494 2748; x_wconf 91' lang='lat' dir='ltr'><strong>dici</strong></span> <span class='ocrx_word' id='word_1_460' title='bbox 3522 2708 3636 2749; x_wconf 88' lang='lat' dir='ltr'><strong>non</strong></span> 
     </span>
    </p>
   </div>
   <div class='ocr_carea' id='block_1_55' title="bbox 2035 2784 3637 2857">
    <p class='ocr_par' dir='ltr' id='par_1_55' title="bbox 2035 2784 3637 2857">
     <span class='ocr_line' id='line_1_55' title="bbox 2035 2784 3637 2857; baseline 0.002 -18"><span class='ocrx_word' id='word_1_461' title='bbox 2035 2794 2236 2855; x_wconf 86' lang='lat' dir='ltr'><strong>p0test,</strong></span> <span class='ocrx_word' id='word_1_462' title='bbox 2262 2784 2306 2839; x_wconf 90' lang='lat' dir='ltr'><strong>si</strong></span> <span class='ocrx_word' id='word_1_463' title='bbox 2353 2800 2417 2840; x_wconf 77' lang='lat' dir='ltr'><strong>ex</strong></span> <span class='ocrx_word' id='word_1_464' title='bbox 2449 2784 2593 2857; x_wconf 85' lang='lat' dir='ltr'><strong>lege,</strong></span> <span class='ocrx_word' id='word_1_465' title='bbox 2625 2793 2682 2841; x_wconf 89' lang='lat' dir='ltr'><strong>et</strong></span> <span class='ocrx_word' id='word_1_466' title='bbox 2727 2801 2834 2841; x_wconf 92' lang='lat' dir='ltr'><strong>non</strong></span> <span class='ocrx_word' id='word_1_467' title='bbox 2885 2786 3028 2841; x_wconf 84' lang='lat' dir='ltr'><strong>sicut</strong></span> <span class='ocrx_word' id='word_1_468' title='bbox 3072 2785 3346 2842; x_wconf 86' lang='lat' dir='ltr'><strong>Abraham</strong></span> <span class='ocrx_word' id='word_1_469' title='bbox 3369 2828 3384 2852; x_wconf 87' lang='lat'><strong>,</strong></span> <span class='ocrx_word' id='word_1_470' title='bbox 3412 2802 3477 2842; x_wconf 82' lang='lat' dir='ltr'><strong>es</strong></span> <span class='ocrx_word' id='word_1_471' title='bbox 3528 2787 3637 2843; x_wconf 89' lang='lat' dir='ltr'><strong>ﬁde</strong></span> 
     </span>
    </p>
   </div>
   <div class='ocr_carea' id='block_1_56' title="bbox 2029 2877 3637 2952">
    <p class='ocr_par' dir='ltr' id='par_1_56' title="bbox 2029 2877 3637 2952">
     <span class='ocr_line' id='line_1_56' title="bbox 2029 2877 3637 2952; baseline 0.003 -18"><span class='ocrx_word' id='word_1_472' title='bbox 2029 2877 2363 2949; x_wconf 70' lang='lat' dir='ltr'><strong>iustiﬁcatus</strong></span> <span class='ocrx_word' id='word_1_473' title='bbox 2393 2888 2496 2934; x_wconf 82' lang='lat' dir='ltr'><strong>est.</strong></span> <span class='ocrx_word' id='word_1_474' title='bbox 2543 2879 2625 2935; x_wconf 83' lang='lat' dir='ltr'><strong>Ab</strong></span> <span class='ocrx_word' id='word_1_475' title='bbox 2669 2879 2859 2935; x_wconf 89' lang='lat' dir='ltr'><strong>eadem</strong></span> <span class='ocrx_word' id='word_1_476' title='bbox 2894 2894 3128 2952; x_wconf 88' lang='lat' dir='ltr'><strong>namque</strong></span> <span class='ocrx_word' id='word_1_477' title='bbox 3166 2880 3402 2952; x_wconf 88' lang='lat' dir='ltr'><strong>imagine</strong></span> <span class='ocrx_word' id='word_1_478' title='bbox 3446 2881 3637 2952; x_wconf 77' lang='lat' dir='ltr'><strong>gratia:</strong></span> 
     </span>
    </p>
   </div>
   <div class='ocr_carea' id='block_1_57' title="bbox 2034 2970 3642 3041">
    <p class='ocr_par' dir='ltr' id='par_1_57' title="bbox 2034 2970 3642 3041">
     <span class='ocr_line' id='line_1_57' title="bbox 2034 2970 3642 3041; baseline 0.002 -15"><span class='ocrx_word' id='word_1_479' title='bbox 2034 2980 2089 3026; x_wconf 87' lang='lat' dir='ltr'><strong>et</strong></span> <span class='ocrx_word' id='word_1_480' title='bbox 2120 2972 2372 3041; x_wconf 84' lang='lat' dir='ltr'><strong>spiritus,</strong></span> <span class='ocrx_word' id='word_1_481' title='bbox 2406 2970 2459 3024; x_wconf 84' lang='lat' dir='ltr'><strong>in</strong></span> <span class='ocrx_word' id='word_1_482' title='bbox 2503 2970 2751 3027; x_wconf 89' lang='lat' dir='ltr'><strong>eamdem</strong></span> <span class='ocrx_word' id='word_1_483' title='bbox 2801 2974 3070 3029; x_wconf 89' lang='lat' dir='ltr'><strong>transisse</strong></span> <span class='ocrx_word' id='word_1_484' title='bbox 3114 2971 3446 3040; x_wconf 83' lang='lat' dir='ltr'><strong>Ecclesiam,</strong></span> <span class='ocrx_word' id='word_1_485' title='bbox 3478 2972 3642 3031; x_wconf 87' lang='lat' dir='ltr'><strong>docet</strong></span> 
     </span>
    </p>
   </div>
   <div class='ocr_carea' id='block_1_58' title="bbox 2037 3063 3639 3139">
    <p class='ocr_par' dir='ltr' id='par_1_58' title="bbox 2037 3063 3639 3139">
     <span class='ocr_line' id='line_1_58' title="bbox 2037 3063 3639 3139; baseline 0.002 -20"><span class='ocrx_word' id='word_1_486' title='bbox 2037 3065 2356 3135; x_wconf 83' lang='lat' dir='ltr'><strong>Apostolus,</strong></span> <span class='ocrx_word' id='word_1_487' title='bbox 2385 3063 2576 3119; x_wconf 88' lang='lat' dir='ltr'><strong>dicens</strong></span> <span class='ocrx_word' id='word_1_488' title='bbox 2603 3081 2617 3118; x_wconf 88' lang='lat'><strong>:</strong></span> <span class='ocrx_word' id='word_1_489' title='bbox 2645 3063 2761 3119; x_wconf 84' lang='lat' dir='ltr'><strong>Nos</strong></span> <span class='ocrx_word' id='word_1_490' title='bbox 2789 3074 2962 3119; x_wconf 80' lang='lat' dir='ltr'><strong>autem</strong></span> <span class='ocrx_word' id='word_1_491' title='bbox 3010 3081 3217 3133; x_wconf 85' lang='lat' dir='ltr'><strong>omnes,</strong></span> <span class='ocrx_word' id='word_1_492' title='bbox 3246 3068 3473 3120; x_wconf 72' lang='lat' dir='ltr'><strong>revelata</strong></span> <span class='ocrx_word' id='word_1_493' title='bbox 3503 3068 3639 3139; x_wconf 78' lang='lat' dir='ltr'><strong>facie</strong></span> 
     </span>
    </p>
   </div>
   <div class='ocr_carea' id='block_1_59' title="bbox 2036 3157 3641 3231">
    <p class='ocr_par' dir='ltr' id='par_1_59' title="bbox 2036 3157 3641 3231">
     <span class='ocr_line' id='line_1_59' title="bbox 2036 3157 3641 3231; baseline 0.002 -20"><span class='ocrx_word' id='word_1_494' title='bbox 2036 3158 2253 3229; x_wconf 85' lang='lat' dir='ltr'><strong>gloriam</strong></span> <span class='ocrx_word' id='word_1_495' title='bbox 2278 3157 2378 3211; x_wconf 85' lang='lat' dir='ltr'><strong>Dei</strong></span> <span class='ocrx_word' id='word_1_496' title='bbox 2407 3159 2745 3231; x_wconf 75' lang='lat' dir='ltr'><strong>speculantes,</strong></span> <span class='ocrx_word' id='word_1_497' title='bbox 2773 3159 2826 3212; x_wconf 84' lang='lat' dir='ltr'><strong>in</strong></span> <span class='ocrx_word' id='word_1_498' title='bbox 2850 3158 3082 3213; x_wconf 80' lang='lat' dir='ltr'><strong>eamdem</strong></span> <span class='ocrx_word' id='word_1_499' title='bbox 3106 3159 3384 3229; x_wconf 81' lang='lat' dir='ltr'><strong>imaginem</strong></span> <span class='ocrx_word' id='word_1_500' title='bbox 3406 3176 3641 3215; x_wconf 82' lang='lat' dir='ltr'><strong>commu-</strong></span> 
     </span>
    </p>
   </div>
   <div class='ocr_carea' id='block_1_60' title="bbox 340 3230 3637 3323">
    <p class='ocr_par' dir='ltr' id='par_1_60' title="bbox 340 3230 3637 3323">
     <span class='ocr_line' id='line_1_60' title="bbox 340 3230 3637 3323; baseline 0.004 -28"><span class='ocrx_word' id='word_1_501' title='bbox 340 3232 625 3303; x_wconf 67' lang='lat' dir='ltr'><strong>PaSSiOlles</strong></span> <span class='ocrx_word' id='word_1_502' title='bbox 650 3248 771 3304; x_wconf 63' lang='lat' dir='ltr'><strong>till-‘3</strong></span> <span class='ocrx_word' id='word_1_503' title='bbox 802 3250 899 3305; x_wconf 78' lang='grc' dir='ltr'>ρει-</span> <span class='ocrx_word' id='word_1_504' title='bbox 927 3235 1099 3305; x_wconf 74' lang='lat' dir='ltr'><strong>legem</strong></span> <span class='ocrx_word' id='word_1_505' title='bbox 1123 3246 1275 3304; x_wconf 76' lang='grc' dir='ltr'><strong>ευηῐ,</strong></span> <span class='ocrx_word' id='word_1_506' title='bbox 1295 3241 1664 3307; x_wconf 49' lang='lat' dir='ltr'><strong>Gller-ibam&quot;?</strong></span> <span class='ocrx_word' id='word_1_507' title='bbox 1689 3241 1740 3294; x_wconf 79' lang='grc' dir='ltr'><strong>Ῐη</strong></span> <span class='ocrx_word' id='word_1_508' title='bbox 1766 3257 1933 3296; x_wconf 70' lang='grc' dir='ltr'><strong>ιηϋιη·</strong></span> <span class='ocrx_word' id='word_1_509' title='bbox 1963 3230 2009 3293; x_wconf 79' lang='lat' dir='ltr'>C</span> <span class='ocrx_word' id='word_1_510' title='bbox 2040 3263 2230 3316; x_wconf 83' lang='lat' dir='ltr'><strong>tamur,</strong></span> <span class='ocrx_word' id='word_1_511' title='bbox 2260 3269 2293 3305; x_wconf 88' lang='lat' dir='ltr'><strong>a</strong></span> <span class='ocrx_word' id='word_1_512' title='bbox 2316 3230 2555 3305; x_wconf 82' lang='lat' dir='ltr'><strong>claritate</strong></span> <span class='ocrx_word' id='word_1_513' title='bbox 2582 3252 2635 3304; x_wconf 86' lang='lat' dir='ltr'><strong>in</strong></span> <span class='ocrx_word' id='word_1_514' title='bbox 2666 3251 2951 3305; x_wconf 79' lang='lat' dir='ltr'><strong>claritatem</strong></span> <span class='ocrx_word' id='word_1_515' title='bbox 2985 3250 3051 3323; x_wconf 88' lang='lat' dir='ltr'><strong>(ll</strong></span> <span class='ocrx_word' id='word_1_516' title='bbox 3078 3252 3197 3305; x_wconf 84' lang='lat' dir='ltr'><strong>Cor.</strong></span> <span class='ocrx_word' id='word_1_517' title='bbox 3233 3266 3312 3316; x_wconf 89' lang='grc' dir='ltr'>ιιι,</span> <span class='ocrx_word' id='word_1_518' title='bbox 3352 3251 3459 3322; x_wconf 77' lang='lat' dir='ltr'><strong>l8).</strong></span> <span class='ocrx_word' id='word_1_519' title='bbox 3498 3252 3637 3307; x_wconf 85' lang='lat' dir='ltr'><strong>Dicit</strong></span> 
     </span>
    </p>
   </div>
   <div class='ocr_carea' id='block_1_61' title="bbox 342 3326 1936 3399">
    <p class='ocr_par' dir='ltr' id='par_1_61' title="bbox 342 3326 1936 3399">
     <span class='ocr_line' id='line_1_61' title="bbox 342 3326 1936 3399; baseline 0.004 -17"><span class='ocrx_word' id='word_1_520' title='bbox 342 3326 457 3383; x_wconf 85' lang='lat' dir='ltr'><strong>bris</strong></span> <span class='ocrx_word' id='word_1_521' title='bbox 488 3328 709 3393; x_wconf 79' lang='lat' dir='ltr'><strong>nostris,</strong></span> <span class='ocrx_word' id='word_1_522' title='bbox 741 3336 1001 3399; x_wconf 84' lang='lat' dir='ltr'><strong>urgentes</strong></span> <span class='ocrx_word' id='word_1_523' title='bbox 1029 3330 1080 3383; x_wconf 89' lang='lat' dir='ltr'><strong>in</strong></span> <span class='ocrx_word' id='word_1_524' title='bbox 1110 3340 1393 3399; x_wconf 83' lang='lat' dir='ltr'><strong>peccatum</strong></span> <span class='ocrx_word' id='word_1_525' title='bbox 1415 3374 1431 3398; x_wconf 90' lang='lat'><strong>,</strong></span> <span class='ocrx_word' id='word_1_526' title='bbox 1462 3344 1513 3385; x_wconf 82' lang='grc' dir='ltr'><strong>ιιι</strong></span> <span class='ocrx_word' id='word_1_527' title='bbox 1564 3333 1643 3387; x_wconf 83' lang='lat' dir='ltr'><strong>vel</strong></span> <span class='ocrx_word' id='word_1_528' title='bbox 1690 3333 1936 3388; x_wconf 76' lang='lat' dir='ltr'><strong>necessi-</strong></span> 
     </span>
    </p>
   </div>
   <div class='ocr_carea' id='block_1_62' title="bbox 344 3421 1933 3497">
    <p class='ocr_par' dir='ltr' id='par_1_62' title="bbox 344 3421 1933 3497">
     <span class='ocr_line' id='line_1_62' title="bbox 344 3421 1933 3497; baseline 0.004 -22"><span class='ocrx_word' id='word_1_529' title='bbox 344 3431 487 3489; x_wconf 91' lang='lat' dir='ltr'><strong>tate,</strong></span> <span class='ocrx_word' id='word_1_530' title='bbox 521 3434 850 3492; x_wconf 87' lang='lat' dir='ltr'><strong>urgcrentur</strong></span> <span class='ocrx_word' id='word_1_531' title='bbox 896 3422 947 3477; x_wconf 92' lang='lat' dir='ltr'><strong>in</strong></span> <span class='ocrx_word' id='word_1_532' title='bbox 1002 3421 1143 3488; x_wconf 86' lang='lat' dir='ltr'><strong>lide,</strong></span> <span class='ocrx_word' id='word_1_533' title='bbox 1176 3442 1295 3495; x_wconf 66' lang='lat' dir='ltr'><strong>qum</strong></span> <span class='ocrx_word' id='word_1_534' title='bbox 1341 3425 1655 3496; x_wconf 84' lang='lat' dir='ltr'><strong>imploraret</strong></span> <span class='ocrx_word' id='word_1_535' title='bbox 1704 3428 1933 3497; x_wconf 87' lang='lat' dir='ltr'><strong>gratiam</strong></span> 
     </span>
    </p>
   </div>
   <div class='ocr_carea' id='block_1_63' title="bbox 343 3515 1937 3591">
    <p class='ocr_par' dir='ltr' id='par_1_63' title="bbox 343 3515 1937 3591">
     <span class='ocr_line' id='line_1_63' title="bbox 343 3515 1937 3591; baseline 0.003 -20"><span class='ocrx_word' id='word_1_536' title='bbox 343 3515 439 3571; x_wconf 87' lang='lat' dir='ltr'><strong>Dei</strong></span> <span class='ocrx_word' id='word_1_537' title='bbox 468 3516 522 3571; x_wconf 93' lang='lat' dir='ltr'><strong>in</strong></span> <span class='ocrx_word' id='word_1_538' title='bbox 555 3516 762 3571; x_wconf 72' lang='lat' dir='ltr'><strong>auxilio</strong></span> <span class='ocrx_word' id='word_1_539' title='bbox 793 3516 1119 3572; x_wconf 69' lang='lat' dir='ltr'><strong>tolenmtiaz.</strong></span> <span class='ocrx_word' id='word_1_540' title='bbox 1174 3518 1484 3574; x_wconf 89' lang='lat' dir='ltr'><strong>Custodiam</strong></span> <span class='ocrx_word' id='word_1_541' title='bbox 1515 3520 1755 3575; x_wconf 85' lang='lat' dir='ltr'><strong>carceris</strong></span> <span class='ocrx_word' id='word_1_542' title='bbox 1792 3520 1937 3591; x_wconf 84' lang='lat' dir='ltr'><strong>passi</strong></span> 
     </span>
    </p>
   </div>
   <div class='ocr_carea' id='block_1_64' title="bbox 342 3609 1933 3685">
    <p class='ocr_par' dir='ltr' id='par_1_64' title="bbox 342 3609 1933 3685">
     <span class='ocr_line' id='line_1_64' title="bbox 342 3609 1933 3685; baseline 0.004 -20"><span class='ocrx_word' id='word_1_543' title='bbox 342 3624 554 3675; x_wconf 88' lang='lat' dir='ltr'><strong>sumus,</strong></span> <span class='ocrx_word' id='word_1_544' title='bbox 605 3609 725 3681; x_wconf 89' lang='lat' dir='ltr'><strong>lege</strong></span> <span class='ocrx_word' id='word_1_545' title='bbox 770 3610 1016 3665; x_wconf 87' lang='lat' dir='ltr'><strong>minante</strong></span> <span class='ocrx_word' id='word_1_546' title='bbox 1059 3621 1320 3674; x_wconf 88' lang='lat' dir='ltr'><strong>mortem,</strong></span> <span class='ocrx_word' id='word_1_547' title='bbox 1373 3623 1429 3666; x_wconf 86' lang='lat' dir='ltr'><strong>et</strong></span> <span class='ocrx_word' id='word_1_548' title='bbox 1476 3612 1933 3685; x_wconf 86' lang='lat' dir='ltr'><strong>undiqueversum</strong></span> 
     </span>
    </p>
   </div>
   <div class='ocr_carea' id='block_1_65' title="bbox 343 3702 1937 3776">
    <p class='ocr_par' dir='ltr' id='par_1_65' title="bbox 343 3702 1937 3776">
     <span class='ocr_line' id='line_1_65' title="bbox 343 3702 1937 3776; baseline 0.004 -19"><span class='ocrx_word' id='word_1_549' title='bbox 343 3702 698 3774; x_wconf 89' lang='lat' dir='ltr'><strong>insuperabili</strong></span> <span class='ocrx_word' id='word_1_550' title='bbox 746 3718 902 3758; x_wconf 91' lang='lat' dir='ltr'><strong>muro</strong></span> <span class='ocrx_word' id='word_1_551' title='bbox 946 3703 1278 3761; x_wconf 84' lang='lat' dir='ltr'><strong>ambientem</strong></span> <span class='ocrx_word' id='word_1_552' title='bbox 1306 3747 1322 3772; x_wconf 95' lang='lat'><strong>,</strong></span> <span class='ocrx_word' id='word_1_553' title='bbox 1356 3708 1510 3776; x_wconf 86' lang='lat' dir='ltr'><strong>cujus</strong></span> <span class='ocrx_word' id='word_1_554' title='bbox 1538 3708 1777 3763; x_wconf 85' lang='lat' dir='ltr'><strong>ambitus</strong></span> <span class='ocrx_word' id='word_1_555' title='bbox 1820 3710 1937 3764; x_wconf 88' lang='lat' dir='ltr'><strong>sola</strong></span> 
     </span>
    </p>
   </div>
   <div class='ocr_carea' id='block_1_66' title="bbox 343 3794 1939 3871">
    <p class='ocr_par' dir='ltr' id='par_1_66' title="bbox 343 3794 1939 3871">
     <span class='ocr_line' id='line_1_66' title="bbox 343 3794 1939 3871; baseline 0.003 -20"><span class='ocrx_word' id='word_1_556' title='bbox 343 3811 447 3851; x_wconf 91' lang='lat' dir='ltr'><strong>una</strong></span> <span class='ocrx_word' id='word_1_557' title='bbox 475 3796 645 3865; x_wconf 85' lang='lat' dir='ltr'><strong>janua</strong></span> <span class='ocrx_word' id='word_1_558' title='bbox 669 3794 768 3849; x_wconf 82' lang='lat' dir='ltr'><strong>luit</strong></span> <span class='ocrx_word' id='word_1_559' title='bbox 792 3798 991 3867; x_wconf 87' lang='lat' dir='ltr'><strong>gratia.</strong></span> <span class='ocrx_word' id='word_1_560' title='bbox 1026 3796 1161 3851; x_wconf 90' lang='lat' dir='ltr'><strong>lluic</strong></span> <span class='ocrx_word' id='word_1_561' title='bbox 1191 3798 1367 3865; x_wconf 77' lang='lat' dir='ltr'><strong>ianua:</strong></span> <span class='ocrx_word' id='word_1_562' title='bbox 1398 3812 1605 3867; x_wconf 78' lang='lat' dir='ltr'><strong>cusws,</strong></span> <span class='ocrx_word' id='word_1_563' title='bbox 1636 3798 1772 3855; x_wconf 85' lang='lat' dir='ltr'><strong>ﬁdes</strong></span> <span class='ocrx_word' id='word_1_564' title='bbox 1801 3816 1939 3871; x_wconf 68' lang='lat' dir='ltr'><strong>prae-</strong></span> 
     </span>
    </p>
   </div>
   <div class='ocr_carea' id='block_1_67' title="bbox 343 3888 1937 3962">
    <p class='ocr_par' dir='ltr' id='par_1_67' title="bbox 343 3888 1937 3962">
     <span class='ocr_line' id='line_1_67' title="bbox 343 3888 1937 3962; baseline 0.003 -16"><span class='ocrx_word' id='word_1_565' title='bbox 343 3888 559 3946; x_wconf 63' lang='lat' dir='ltr'><strong>sidt-bat</strong></span> <span class='ocrx_word' id='word_1_566' title='bbox 582 3904 600 3942; x_wconf 91' lang='lat'><strong><em>:</em></strong></span> <span class='ocrx_word' id='word_1_567' title='bbox 624 3898 682 3942; x_wconf 93' lang='lat' dir='ltr'><strong>ut</strong></span> <span class='ocrx_word' id='word_1_568' title='bbox 711 3903 870 3943; x_wconf 90' lang='lat' dir='ltr'><strong>nemo</strong></span> <span class='ocrx_word' id='word_1_569' title='bbox 908 3889 1057 3944; x_wconf 89' lang='lat' dir='ltr'><strong>illum</strong></span> <span class='ocrx_word' id='word_1_570' title='bbox 1100 3904 1377 3946; x_wconf 86' lang='lat' dir='ltr'><strong>carcerem</strong></span> <span class='ocrx_word' id='word_1_571' title='bbox 1408 3891 1687 3962; x_wconf 77' lang='lat' dir='ltr'><strong>effugeret,</strong></span> <span class='ocrx_word' id='word_1_572' title='bbox 1722 3892 1823 3948; x_wconf 66' lang='lat' dir='ltr'><strong>nisi</strong></span> <span class='ocrx_word' id='word_1_573' title='bbox 1850 3893 1937 3949; x_wconf 89' lang='lat' dir='ltr'><strong>cui</strong></span> 
     </span>
    </p>
   </div>
   <div class='ocr_carea' id='block_1_68' title="bbox 346 3981 1935 4055">
    <p class='ocr_par' dir='ltr' id='par_1_68' title="bbox 346 3981 1935 4055">
     <span class='ocr_line' id='line_1_68' title="bbox 346 3981 1935 4055; baseline 0.003 -18"><span class='ocrx_word' id='word_1_574' title='bbox 346 3981 483 4038; x_wconf 88' lang='lat' dir='ltr'><strong>ﬁdes</strong></span> <span class='ocrx_word' id='word_1_575' title='bbox 509 3983 854 4053; x_wconf 67' lang='lat' dir='ltr'><strong>aperuisset;</strong></span> <span class='ocrx_word' id='word_1_576' title='bbox 887 3990 942 4036; x_wconf 88' lang='lat' dir='ltr'><strong>et</strong></span> <span class='ocrx_word' id='word_1_577' title='bbox 980 3983 1068 4052; x_wconf 91' lang='lat' dir='ltr'><strong>qui</strong></span> <span class='ocrx_word' id='word_1_578' title='bbox 1100 3982 1237 4039; x_wconf 87' lang='lat' dir='ltr'><strong>hanc</strong></span> <span class='ocrx_word' id='word_1_579' title='bbox 1276 3984 1492 4053; x_wconf 69' lang='lat' dir='ltr'><strong>ianuam</strong></span> <span class='ocrx_word' id='word_1_580' title='bbox 1524 4002 1628 4039; x_wconf 86' lang='lat' dir='ltr'><strong>non</strong></span> <span class='ocrx_word' id='word_1_581' title='bbox 1658 3986 1935 4055; x_wconf 86' lang='lat' dir='ltr'><strong>pulsaret,</strong></span> 
     </span>
    </p>
   </div>
   <div class='ocr_carea' id='block_1_69' title="bbox 344 4073 1935 4150">
    <p class='ocr_par' dir='ltr' id='par_1_69' title="bbox 344 4073 1935 4150">
     <span class='ocr_line' id='line_1_69' title="bbox 344 4073 1935 4150; baseline 0.004 -21"><span class='ocrx_word' id='word_1_582' title='bbox 344 4075 486 4129; x_wconf 86' lang='lat' dir='ltr'><strong>intra</strong></span> <span class='ocrx_word' id='word_1_583' title='bbox 516 4084 665 4146; x_wconf 88' lang='lat' dir='ltr'><strong>septa</strong></span> <span class='ocrx_word' id='word_1_584' title='bbox 692 4073 823 4143; x_wconf 66' lang='lat' dir='ltr'><strong>legis</strong></span> <span class='ocrx_word' id='word_1_585' title='bbox 846 4086 1177 4131; x_wconf 85' lang='lat' dir='ltr'><strong>moreretur.</strong></span> <span class='ocrx_word' id='word_1_586' title='bbox 1201 4076 1393 4147; x_wconf 80' lang='lat' dir='ltr'><strong>Legem</strong></span> <span class='ocrx_word' id='word_1_587' title='bbox 1421 4077 1766 4150; x_wconf 73' lang='lat' dir='ltr'><strong>paedagogum</strong></span> <span class='ocrx_word' id='word_1_588' title='bbox 1795 4079 1935 4147; x_wconf 86' lang='lat' dir='ltr'><strong>passi</strong></span> 
     </span>
    </p>
   </div>
   <div class='ocr_carea' id='block_1_70' title="bbox 344 4170 1937 4243">
    <p class='ocr_par' dir='ltr' id='par_1_70' title="bbox 344 4170 1937 4243">
     <span class='ocr_line' id='line_1_70' title="bbox 344 4170 1937 4243; baseline 0.001 -17"><span class='ocrx_word' id='word_1_589' title='bbox 344 4186 567 4236; x_wconf 82' lang='lat' dir='ltr'><strong>sumus,</strong></span> <span class='ocrx_word' id='word_1_590' title='bbox 600 4171 689 4239; x_wconf 88' lang='lat' dir='ltr'><strong>qui</strong></span> <span class='ocrx_word' id='word_1_591' title='bbox 721 4184 821 4225; x_wconf 91' lang='lat' dir='ltr'><strong>nos</strong></span> <span class='ocrx_word' id='word_1_592' title='bbox 847 4180 1065 4240; x_wconf 87' lang='lat' dir='ltr'><strong>cogeret</strong></span> <span class='ocrx_word' id='word_1_593' title='bbox 1094 4170 1315 4226; x_wconf 88' lang='lat' dir='ltr'><strong>studere</strong></span> <span class='ocrx_word' id='word_1_594' title='bbox 1347 4170 1503 4235; x_wconf 90' lang='lat' dir='ltr'><strong>ﬁdei,</strong></span> <span class='ocrx_word' id='word_1_595' title='bbox 1530 4171 1620 4241; x_wconf 91' lang='lat' dir='ltr'><strong>qui</strong></span> <span class='ocrx_word' id='word_1_596' title='bbox 1653 4187 1750 4227; x_wconf 86' lang='lat' dir='ltr'><strong>nos</strong></span> <span class='ocrx_word' id='word_1_597' title='bbox 1776 4188 1937 4243; x_wconf 69' lang='lat' dir='ltr'><strong>coge-</strong></span> 
     </span>
    </p>
   </div>
   <div class='ocr_carea' id='block_1_71' title="bbox 344 4264 1939 4336">
    <p class='ocr_par' dir='ltr' id='par_1_71' title="bbox 344 4264 1939 4336">
     <span class='ocr_line' id='line_1_71' title="bbox 344 4264 1939 4336; baseline 0 -16"><span class='ocrx_word' id='word_1_598' title='bbox 344 4265 511 4321; x_wconf 88' lang='lat' dir='ltr'><strong>retin</strong></span> <span class='ocrx_word' id='word_1_599' title='bbox 538 4265 781 4322; x_wconf 76' lang='lat' dir='ltr'><strong>Christo.</strong></span> <span class='ocrx_word' id='word_1_600' title='bbox 816 4264 958 4319; x_wconf 90' lang='lat' dir='ltr'><strong>Dicit</strong></span> <span class='ocrx_word' id='word_1_601' title='bbox 986 4264 1133 4320; x_wconf 89' lang='lat' dir='ltr'><strong>enim</strong></span> <span class='ocrx_word' id='word_1_602' title='bbox 1180 4264 1490 4334; x_wconf 80' lang='lat' dir='ltr'><strong>Apostolus,</strong></span> <span class='ocrx_word' id='word_1_603' title='bbox 1526 4275 1813 4336; x_wconf 89' lang='lat' dir='ltr'><strong>propterea</strong></span> <span class='ocrx_word' id='word_1_604' title='bbox 1845 4266 1939 4321; x_wconf 86' lang='lat' dir='ltr'><strong>da-</strong></span> 
     </span>
    </p>
   </div>
   <div class='ocr_carea' id='block_1_72' title="bbox 346 4356 1935 4427">
    <p class='ocr_par' dir='ltr' id='par_1_72' title="bbox 346 4356 1935 4427">
     <span class='ocr_line' id='line_1_72' title="bbox 346 4356 1935 4427; baseline -0.001 -14"><span class='ocrx_word' id='word_1_605' title='bbox 346 4366 457 4413; x_wconf 90' lang='lat' dir='ltr'><strong>tam</strong></span> <span class='ocrx_word' id='word_1_606' title='bbox 482 4358 681 4427; x_wconf 84' lang='lat' dir='ltr'><strong>legem,</strong></span> <span class='ocrx_word' id='word_1_607' title='bbox 709 4368 765 4412; x_wconf 90' lang='lat' dir='ltr'><strong>ut</strong></span> <span class='ocrx_word' id='word_1_608' title='bbox 787 4372 887 4412; x_wconf 89' lang='lat' dir='ltr'><strong>nos</strong></span> <span class='ocrx_word' id='word_1_609' title='bbox 906 4356 1149 4411; x_wconf 80' lang='lat' dir='ltr'><strong>custodia</strong></span> <span class='ocrx_word' id='word_1_610' title='bbox 1173 4372 1269 4411; x_wconf 86' lang='lat' dir='ltr'><strong>sua</strong></span> <span class='ocrx_word' id='word_1_611' title='bbox 1297 4357 1649 4412; x_wconf 77' lang='lat' dir='ltr'><strong>coacluderet</strong></span> <span class='ocrx_word' id='word_1_612' title='bbox 1678 4358 1728 4411; x_wconf 91' lang='lat' dir='ltr'><strong>iu</strong></span> <span class='ocrx_word' id='word_1_613' title='bbox 1754 4357 1935 4424; x_wconf 80' lang='lat' dir='ltr'><strong>tidem,</strong></span> 
     </span>
    </p>
   </div>
   <div class='ocr_carea' id='block_1_73' title="bbox 344 4449 1939 4525">
    <p class='ocr_par' dir='ltr' id='par_1_73' title="bbox 344 4449 1939 4525">
     <span class='ocr_line' id='line_1_73' title="bbox 344 4449 1939 4525; baseline 0.002 -22"><span class='ocrx_word' id='word_1_614' title='bbox 344 4462 608 4525; x_wconf 87' lang='lat' dir='ltr'><strong>quantum</strong></span> <span class='ocrx_word' id='word_1_615' title='bbox 658 4450 904 4508; x_wconf 90' lang='lat' dir='ltr'><strong>futurum</strong></span> <span class='ocrx_word' id='word_1_616' title='bbox 952 4460 1070 4506; x_wconf 89' lang='lat' dir='ltr'><strong>erat</strong></span> <span class='ocrx_word' id='word_1_617' title='bbox 1121 4450 1349 4506; x_wconf 87' lang='lat' dir='ltr'><strong>revelari</strong></span> <span class='ocrx_word' id='word_1_618' title='bbox 1379 4450 1432 4506; x_wconf 91' lang='lat' dir='ltr'><strong>iu</strong></span> <span class='ocrx_word' id='word_1_619' title='bbox 1463 4449 1706 4516; x_wconf 54' lang='lat' dir='ltr'><strong>Christo,</strong></span> <span class='ocrx_word' id='word_1_620' title='bbox 1738 4450 1828 4521; x_wconf 89' lang='lat' dir='ltr'><strong>qui</strong></span> <span class='ocrx_word' id='word_1_621' title='bbox 1858 4460 1939 4506; x_wconf 84' lang='lat' dir='ltr'><strong>est</strong></span> 
     </span>
    </p>
   </div>
   <div class='ocr_carea' id='block_1_74' title="bbox 346 4542 1938 4616">
    <p class='ocr_par' dir='ltr' id='par_1_74' title="bbox 346 4542 1938 4616">
     <span class='ocr_line' id='line_1_74' title="bbox 346 4542 1938 4616; baseline -0.002 -16"><span class='ocrx_word' id='word_1_622' title='bbox 346 4546 471 4601; x_wconf 82' lang='lat' dir='ltr'><strong>linis</strong></span> <span class='ocrx_word' id='word_1_623' title='bbox 516 4545 687 4616; x_wconf 86' lang='lat' dir='ltr'><strong>legis,</strong></span> <span class='ocrx_word' id='word_1_624' title='bbox 721 4558 827 4615; x_wconf 91' lang='lat' dir='ltr'><strong>quo</strong></span> <span class='ocrx_word' id='word_1_625' title='bbox 874 4546 1129 4598; x_wconf 76' lang='lat' dir='ltr'><strong>vixerunt</strong></span> <span class='ocrx_word' id='word_1_626' title='bbox 1157 4558 1370 4606; x_wconf 88' lang='lat' dir='ltr'><strong>omnes.</strong></span> <span class='ocrx_word' id='word_1_627' title='bbox 1399 4542 1492 4614; x_wconf 92' lang='lat' dir='ltr'><strong>qui</strong></span> <span class='ocrx_word' id='word_1_628' title='bbox 1543 4542 1701 4598; x_wconf 88' lang='lat' dir='ltr'><strong>ﬁdem</strong></span> <span class='ocrx_word' id='word_1_629' title='bbox 1749 4544 1938 4614; x_wconf 77' lang='lat' dir='ltr'><strong>gratia:</strong></span> 
     </span>
    </p>
   </div>
   <div class='ocr_carea' id='block_1_75' title="bbox 347 4628 2020 4708">
    <p class='ocr_par' dir='ltr' id='par_1_75' title="bbox 347 4628 2020 4708">
     <span class='ocr_line' id='line_1_75' title="bbox 347 4628 2020 4708; baseline -0.004 -14"><span class='ocrx_word' id='word_1_630' title='bbox 347 4639 444 4694; x_wconf 84' lang='lat' dir='ltr'><strong>Dei</strong></span> <span class='ocrx_word' id='word_1_631' title='bbox 475 4638 875 4708; x_wconf 80' lang='lat' dir='ltr'><strong>exquisierunt.</strong></span> <span class='ocrx_word' id='word_1_632' title='bbox 909 4635 1067 4691; x_wconf 80' lang='lat' dir='ltr'><strong>Prius</strong></span> <span class='ocrx_word' id='word_1_633' title='bbox 1088 4678 1102 4701; x_wconf 90' lang='lat'><strong>,</strong></span> <span class='ocrx_word' id='word_1_634' title='bbox 1129 4637 1324 4707; x_wconf 91' lang='lat' dir='ltr'><strong>inquit,</strong></span> <span class='ocrx_word' id='word_1_635' title='bbox 1356 4653 1511 4705; x_wconf 86' lang='lat' dir='ltr'><strong>quam</strong></span> <span class='ocrx_word' id='word_1_636' title='bbox 1552 4637 1742 4690; x_wconf 74' lang='lat' dir='ltr'><strong>veniret</strong></span> <span class='ocrx_word' id='word_1_637' title='bbox 1771 4636 1898 4703; x_wconf 76' lang='lat' dir='ltr'><strong>ﬁdes</strong></span> <span class='ocrx_word' id='word_1_638' title='bbox 1923 4677 1936 4699; x_wconf 92' lang='lat'><strong>,</strong></span> <span class='ocrx_word' id='word_1_639' title='bbox 1971 4628 2020 4687; x_wconf 89' lang='lat' dir='ltr'><strong>D</strong></span> 
     </span>
    </p>
   </div>
   <div class='ocr_carea' id='block_1_76' title="bbox 344 4728 1938 4803">
    <p class='ocr_par' dir='ltr' id='par_1_76' title="bbox 344 4728 1938 4803">
     <span class='ocr_line' id='line_1_76' title="bbox 344 4728 1938 4803; baseline -0.004 -16"><span class='ocrx_word' id='word_1_640' title='bbox 344 4734 452 4787; x_wconf 85' lang='lat' dir='ltr'><strong>sub</strong></span> <span class='ocrx_word' id='word_1_641' title='bbox 497 4732 620 4803; x_wconf 89' lang='lat' dir='ltr'><strong>lege</strong></span> <span class='ocrx_word' id='word_1_642' title='bbox 668 4729 1142 4790; x_wconf 73' lang='lat' dir='ltr'><strong>custodiebnmur.</strong></span> <span class='ocrx_word' id='word_1_643' title='bbox 1171 4728 1412 4785; x_wconf 90' lang='lat' dir='ltr'><strong>conclusi</strong></span> <span class='ocrx_word' id='word_1_644' title='bbox 1456 4729 1508 4784; x_wconf 90' lang='lat' dir='ltr'><strong>in</strong></span> <span class='ocrx_word' id='word_1_645' title='bbox 1560 4728 1741 4791; x_wconf 86' lang='lat' dir='ltr'><strong>ﬁdem,</strong></span> <span class='ocrx_word' id='word_1_646' title='bbox 1775 4742 1938 4797; x_wconf 88' lang='lat' dir='ltr'><strong>quam</strong></span> 
     </span>
    </p>
   </div>
   <div class='ocr_carea' id='block_1_77' title="bbox 347 4820 1945 4894">
    <p class='ocr_par' dir='ltr' id='par_1_77' title="bbox 347 4820 1945 4894">
     <span class='ocr_line' id='line_1_77' title="bbox 347 4820 1945 4894; baseline -0.006 -13"><span class='ocrx_word' id='word_1_647' title='bbox 347 4824 590 4881; x_wconf 87' lang='lat' dir='ltr'><strong>futurum</strong></span> <span class='ocrx_word' id='word_1_648' title='bbox 618 4834 737 4880; x_wconf 85' lang='lat' dir='ltr'><strong>erat</strong></span> <span class='ocrx_word' id='word_1_649' title='bbox 768 4822 1024 4878; x_wconf 82' lang='lat' dir='ltr'><strong>revelari.</strong></span> <span class='ocrx_word' id='word_1_650' title='bbox 1055 4820 1165 4876; x_wconf 75' lang='lat' dir='ltr'><strong>Lex</strong></span> <span class='ocrx_word' id='word_1_651' title='bbox 1202 4824 1376 4893; x_wconf 68' lang='lat' dir='ltr'><strong>itaque</strong></span> <span class='ocrx_word' id='word_1_652' title='bbox 1418 4820 1732 4894; x_wconf 66' lang='lat' dir='ltr'><strong>paedagogus</strong></span> <span class='ocrx_word' id='word_1_653' title='bbox 1770 4831 1945 4875; x_wconf 76' lang='lat' dir='ltr'><strong>noster</strong></span> 
     </span>
    </p>
   </div>
   <div class='ocr_carea' id='block_1_78' title="bbox 350 4911 1941 4993">
    <p class='ocr_par' dir='ltr' id='par_1_78' title="bbox 350 4911 1941 4993">
     <span class='ocr_line' id='line_1_78' title="bbox 350 4911 1941 4993; baseline -0.006 -19"><span class='ocrx_word' id='word_1_654' title='bbox 350 4921 527 4993; x_wconf 77' lang='lat' dir='ltr'><strong>fuitin</strong></span> <span class='ocrx_word' id='word_1_655' title='bbox 559 4917 766 4973; x_wconf 74' lang='lat' dir='ltr'><strong>Christo</strong></span> <span class='ocrx_word' id='word_1_656' title='bbox 806 4914 950 4988; x_wconf 83' lang='lat' dir='ltr'><strong>(Gal.</strong></span> <span class='ocrx_word' id='word_1_657' title='bbox 980 4931 1061 4981; x_wconf 89' lang='grc' dir='ltr'>ιιι,</span> <span class='ocrx_word' id='word_1_658' title='bbox 1086 4916 1181 4985; x_wconf 71' lang='lat'><strong>24)</strong></span> <span class='ocrx_word' id='word_1_659' title='bbox 1207 4934 1220 4969; x_wconf 90' lang='lat'><strong>:</strong></span> <span class='ocrx_word' id='word_1_660' title='bbox 1251 4924 1306 4969; x_wconf 93' lang='lat' dir='ltr'><strong>ut</strong></span> <span class='ocrx_word' id='word_1_661' title='bbox 1336 4930 1401 4968; x_wconf 78' lang='lat' dir='ltr'><strong>ex</strong></span> <span class='ocrx_word' id='word_1_662' title='bbox 1433 4913 1537 4967; x_wconf 91' lang='lat' dir='ltr'><strong>ﬁde</strong></span> <span class='ocrx_word' id='word_1_663' title='bbox 1557 4911 1941 4983; x_wconf 85' lang='lat' dir='ltr'><strong>justiﬁcemur.</strong></span> 
     </span>
    </p>
   </div>
   <div class='ocr_carea' id='block_1_79' title="bbox 349 5005 1945 5085">
    <p class='ocr_par' dir='ltr' id='par_1_79' title="bbox 349 5005 1945 5085">
     <span class='ocr_line' id='line_1_79' title="bbox 349 5005 1945 5085; baseline -0.009 -14"><span class='ocrx_word' id='word_1_664' title='bbox 349 5015 487 5081; x_wconf 86' lang='lat' dir='ltr'><strong>Lex,</strong></span> <span class='ocrx_word' id='word_1_665' title='bbox 520 5014 740 5085; x_wconf 85' lang='lat' dir='ltr'><strong>inquam</strong></span> <span class='ocrx_word' id='word_1_666' title='bbox 765 5054 779 5077; x_wconf 93' lang='lat'><strong>,</strong></span> <span class='ocrx_word' id='word_1_667' title='bbox 808 5021 834 5048; x_wconf 78' lang='grc' dir='ltr'>ι</span> <span class='ocrx_word' id='word_1_668' title='bbox 859 5012 989 5080; x_wconf 78' lang='lat' dir='ltr'><strong>ﬁdes</strong></span> <span class='ocrx_word' id='word_1_669' title='bbox 1018 5017 1136 5065; x_wconf 91' lang='lat' dir='ltr'><strong>erat</strong></span> <span class='ocrx_word' id='word_1_670' title='bbox 1165 5006 1611 5064; x_wconf 79' lang='lat' dir='ltr'><strong>demonstratrix.</strong></span> <span class='ocrx_word' id='word_1_671' title='bbox 1662 5007 1769 5062; x_wconf 82' lang='lat' dir='ltr'><strong>Sed</strong></span> <span class='ocrx_word' id='word_1_672' title='bbox 1800 5005 1945 5059; x_wconf 84' lang='lat' dir='ltr'><strong>dicet</strong></span> 
     </span>
    </p>
   </div>
   <div class='ocr_carea' id='block_1_80' title="bbox 350 5097 1942 5176">
    <p class='ocr_par' dir='ltr' id='par_1_80' title="bbox 350 5097 1942 5176">
     <span class='ocr_line' id='line_1_80' title="bbox 350 5097 1942 5176; baseline -0.005 -15"><span class='ocrx_word' id='word_1_673' title='bbox 350 5107 475 5176; x_wconf 87' lang='lat' dir='ltr'><strong>quis</strong></span> <span class='ocrx_word' id='word_1_674' title='bbox 505 5124 517 5161; x_wconf 94' lang='lat'><strong>:</strong></span> <span class='ocrx_word' id='word_1_675' title='bbox 544 5108 589 5160; x_wconf 89' lang='lat' dir='ltr'><strong>si</strong></span> <span class='ocrx_word' id='word_1_676' title='bbox 623 5108 673 5159; x_wconf 90' lang='lat' dir='ltr'><strong>in</strong></span> <span class='ocrx_word' id='word_1_677' title='bbox 718 5104 948 5158; x_wconf 86' lang='lat' dir='ltr'><strong>utilitate</strong></span> <span class='ocrx_word' id='word_1_678' title='bbox 978 5101 1104 5159; x_wconf 87' lang='lat' dir='ltr'><strong>ﬁdei</strong></span> <span class='ocrx_word' id='word_1_679' title='bbox 1136 5101 1258 5156; x_wconf 81' lang='lat' dir='ltr'><strong>data</strong></span> <span class='ocrx_word' id='word_1_680' title='bbox 1291 5112 1375 5156; x_wconf 90' lang='lat' dir='ltr'><strong>est</strong></span> <span class='ocrx_word' id='word_1_681' title='bbox 1412 5100 1497 5155; x_wconf 84' lang='lat' dir='ltr'><strong>lex</strong></span> <span class='ocrx_word' id='word_1_682' title='bbox 1525 5140 1540 5166; x_wconf 94' lang='lat'><strong>,</strong></span> <span class='ocrx_word' id='word_1_683' title='bbox 1584 5114 1681 5154; x_wconf 88' lang='lat' dir='ltr'><strong>cur</strong></span> <span class='ocrx_word' id='word_1_684' title='bbox 1727 5115 1832 5152; x_wconf 91' lang='lat' dir='ltr'><strong>nou</strong></span> <span class='ocrx_word' id='word_1_685' title='bbox 1876 5097 1942 5153; x_wconf 85' lang='lat' dir='ltr'><strong>ab</strong></span> 
     </span>
    </p>
   </div>
   <div class='ocr_carea' id='block_1_81' title="bbox 352 5190 1939 5270">
    <p class='ocr_par' dir='ltr' id='par_1_81' title="bbox 352 5190 1939 5270">
     <span class='ocr_line' id='line_1_81' title="bbox 352 5190 1939 5270; baseline -0.006 -14"><span class='ocrx_word' id='word_1_686' title='bbox 352 5201 566 5270; x_wconf 88' lang='lat' dir='ltr'><strong>origine</strong></span> <span class='ocrx_word' id='word_1_687' title='bbox 614 5196 839 5253; x_wconf 89' lang='lat' dir='ltr'><strong>seminis</strong></span> <span class='ocrx_word' id='word_1_688' title='bbox 888 5195 1158 5261; x_wconf 67' lang='lat' dir='ltr'><strong>Abrahae,</strong></span> <span class='ocrx_word' id='word_1_689' title='bbox 1188 5192 1456 5263; x_wconf 86' lang='lat' dir='ltr'><strong>siquidem</strong></span> <span class='ocrx_word' id='word_1_690' title='bbox 1498 5192 1625 5262; x_wconf 86' lang='lat' dir='ltr'><strong>juge</strong></span> <span class='ocrx_word' id='word_1_691' title='bbox 1668 5191 1804 5246; x_wconf 80' lang='lat' dir='ltr'><strong>fuit?</strong></span> <span class='ocrx_word' id='word_1_692' title='bbox 1832 5190 1939 5246; x_wconf 80' lang='lat' dir='ltr'><strong>Re-</strong></span> 
     </span>
    </p>
   </div>
   <div class='ocr_carea' id='block_1_82' title="bbox 351 5284 1945 5364">
    <p class='ocr_par' dir='ltr' id='par_1_82' title="bbox 351 5284 1945 5364">
     <span class='ocr_line' id='line_1_82' title="bbox 351 5284 1945 5364; baseline -0.008 -13"><span class='ocrx_word' id='word_1_693' title='bbox 351 5311 482 5351; x_wconf 80' lang='lat' dir='ltr'><strong>vera</strong></span> <span class='ocrx_word' id='word_1_694' title='bbox 510 5337 524 5363; x_wconf 94' lang='lat'><strong>,</strong></span> <span class='ocrx_word' id='word_1_695' title='bbox 570 5294 699 5364; x_wconf 88' lang='lat' dir='ltr'><strong>juge</strong></span> <span class='ocrx_word' id='word_1_696' title='bbox 746 5291 869 5347; x_wconf 89' lang='lat' dir='ltr'><strong>luit.</strong></span> <span class='ocrx_word' id='word_1_697' title='bbox 918 5289 1068 5361; x_wconf 79' lang='lat' dir='ltr'><strong>Jugis</strong></span> <span class='ocrx_word' id='word_1_698' title='bbox 1109 5298 1164 5344; x_wconf 92' lang='lat' dir='ltr'><strong>et</strong></span> <span class='ocrx_word' id='word_1_699' title='bbox 1200 5288 1370 5353; x_wconf 89' lang='lat' dir='ltr'><strong>ﬁdes,</strong></span> <span class='ocrx_word' id='word_1_700' title='bbox 1432 5296 1490 5343; x_wconf 89' lang='lat' dir='ltr'><strong>ut</strong></span> <span class='ocrx_word' id='word_1_701' title='bbox 1521 5285 1761 5355; x_wconf 83' lang='lat' dir='ltr'><strong>genitrix</strong></span> <span class='ocrx_word' id='word_1_702' title='bbox 1806 5284 1945 5339; x_wconf 87' lang='lat' dir='ltr'><strong>ﬁlio-</strong></span> 
     </span>
    </p>
   </div>
   <div class='ocr_carea' id='block_1_83' title="bbox 355 5378 1943 5456">
    <p class='ocr_par' dir='ltr' id='par_1_83' title="bbox 355 5378 1943 5456">
     <span class='ocr_line' id='line_1_83' title="bbox 355 5378 1943 5456; baseline -0.01 -9"><span class='ocrx_word' id='word_1_703' title='bbox 355 5407 478 5450; x_wconf 87' lang='lat' dir='ltr'><strong>rum</strong></span> <span class='ocrx_word' id='word_1_704' title='bbox 534 5387 787 5445; x_wconf 81' lang='lat' dir='ltr'><strong>Abrahae.</strong></span> <span class='ocrx_word' id='word_1_705' title='bbox 863 5385 1014 5456; x_wconf 85' lang='lat' dir='ltr'><strong>Jngis</strong></span> <span class='ocrx_word' id='word_1_706' title='bbox 1067 5394 1123 5439; x_wconf 92' lang='lat' dir='ltr'><strong>et</strong></span> <span class='ocrx_word' id='word_1_707' title='bbox 1179 5384 1298 5447; x_wconf 80' lang='lat' dir='ltr'><strong>lex,</strong></span> <span class='ocrx_word' id='word_1_708' title='bbox 1362 5397 1456 5449; x_wconf 88' lang='lat' dir='ltr'><strong>per</strong></span> <span class='ocrx_word' id='word_1_709' title='bbox 1512 5378 1943 5452; x_wconf 86' lang='lat' dir='ltr'><strong>dignoscentiam</strong></span> 
     </span>
    </p>
   </div>
   <div class='ocr_carea' id='block_1_84' title="bbox 354 5474 1943 5549">
    <p class='ocr_par' dir='ltr' id='par_1_84' title="bbox 354 5474 1943 5549">
     <span class='ocr_line' id='line_1_84' title="bbox 354 5474 1943 5549; baseline -0.008 -9"><span class='ocrx_word' id='word_1_710' title='bbox 354 5486 484 5541; x_wconf 90' lang='lat' dir='ltr'><strong>boui</strong></span> <span class='ocrx_word' id='word_1_711' title='bbox 540 5494 591 5538; x_wconf 88' lang='lat' dir='ltr'><strong>et</strong></span> <span class='ocrx_word' id='word_1_712' title='bbox 657 5480 809 5537; x_wconf 88' lang='lat' dir='ltr'><strong>mali.</strong></span> <span class='ocrx_word' id='word_1_713' title='bbox 872 5477 981 5536; x_wconf 83' lang='lat' dir='ltr'><strong>Sed</strong></span> <span class='ocrx_word' id='word_1_714' title='bbox 1043 5487 1163 5549; x_wconf 88' lang='lat' dir='ltr'><strong>post</strong></span> <span class='ocrx_word' id='word_1_715' title='bbox 1220 5474 1643 5546; x_wconf 75' lang='lat' dir='ltr'><strong>promissionem</strong></span> <span class='ocrx_word' id='word_1_716' title='bbox 1710 5474 1943 5529; x_wconf 86' lang='lat' dir='ltr'><strong>ﬁliorum</strong></span> 
     </span>
    </p>
   </div>
   <div class='ocr_carea' id='block_1_85' title="bbox 356 5570 1946 5646">
    <p class='ocr_par' dir='ltr' id='par_1_85' title="bbox 356 5570 1946 5646">
     <span class='ocr_line' id='line_1_85' title="bbox 356 5570 1946 5646; baseline -0.009 -9"><span class='ocrx_word' id='word_1_717' title='bbox 356 5580 613 5644; x_wconf 76' lang='lat' dir='ltr'><strong>Abraha-,</strong></span> <span class='ocrx_word' id='word_1_718' title='bbox 640 5574 1016 5646; x_wconf 85' lang='lat' dir='ltr'><strong>multiplicatis</strong></span> <span class='ocrx_word' id='word_1_719' title='bbox 1044 5575 1124 5630; x_wconf 91' lang='lat' dir='ltr'><strong>eis</strong></span> <span class='ocrx_word' id='word_1_720' title='bbox 1151 5570 1453 5630; x_wconf 87' lang='lat' dir='ltr'><strong>secundum</strong></span> <span class='ocrx_word' id='word_1_721' title='bbox 1483 5586 1731 5638; x_wconf 88' lang='lat' dir='ltr'><strong>carnem,</strong></span> <span class='ocrx_word' id='word_1_722' title='bbox 1762 5570 1946 5625; x_wconf 85' lang='lat' dir='ltr'><strong>multi-</strong></span> 
     </span>
    </p>
   </div>
   <div class='ocr_carea' id='block_1_86' title="bbox 354 5662 1945 5745">
    <p class='ocr_par' dir='ltr' id='par_1_86' title="bbox 354 5662 1945 5745">
     <span class='ocr_line' id='line_1_86' title="bbox 354 5662 1945 5745; baseline -0.007 -16"><span class='ocrx_word' id='word_1_723' title='bbox 354 5672 667 5745; x_wconf 84' lang='lat' dir='ltr'><strong>plicandum</strong></span> <span class='ocrx_word' id='word_1_724' title='bbox 695 5678 817 5726; x_wconf 87' lang='lat' dir='ltr'><strong>erat</strong></span> <span class='ocrx_word' id='word_1_725' title='bbox 840 5676 896 5725; x_wconf 89' lang='lat' dir='ltr'><strong>et</strong></span> <span class='ocrx_word' id='word_1_726' title='bbox 922 5682 1108 5725; x_wconf 87' lang='lat' dir='ltr'><strong>semen</strong></span> <span class='ocrx_word' id='word_1_727' title='bbox 1157 5664 1388 5723; x_wconf 66' lang='lat' dir='ltr'><strong>Abrahae</strong></span> <span class='ocrx_word' id='word_1_728' title='bbox 1414 5706 1427 5731; x_wconf 93' lang='lat'><strong>,</strong></span> <span class='ocrx_word' id='word_1_729' title='bbox 1458 5662 1601 5736; x_wconf 90' lang='lat' dir='ltr'><strong>quod</strong></span> <span class='ocrx_word' id='word_1_730' title='bbox 1629 5677 1738 5720; x_wconf 89' lang='lat' dir='ltr'><strong>non</strong></span> <span class='ocrx_word' id='word_1_731' title='bbox 1765 5673 1850 5719; x_wconf 90' lang='lat' dir='ltr'><strong>est</strong></span> <span class='ocrx_word' id='word_1_732' title='bbox 1877 5678 1945 5719; x_wconf 68' lang='lat' dir='ltr'><strong>ea</strong></span> 
     </span>
    </p>
   </div>
   <div class='ocr_carea' id='block_1_87' title="bbox 431 5820 663 5912">
    <p class='ocr_par' dir='ltr' id='par_1_87' title="bbox 431 5820 663 5912">
     <span class='ocr_line' id='line_1_87' title="bbox 431 5820 663 5912; baseline -0.004 -1"><span class='ocrx_word' id='word_1_733' title='bbox 431 5866 457 5894; x_wconf 84' lang='grc' dir='ltr'><strong>ιι</strong></span> <span class='ocrx_word' id='word_1_734' title='bbox 490 5820 663 5912; x_wconf 63' lang='lat' dir='ltr'><strong>Fidei.</strong></span> 
     </span>
    </p>
   </div>
   <div class='ocr_carea' id='block_1_88' title="bbox 2040 3343 3641 3414">
    <p class='ocr_par' dir='ltr' id='par_1_88' title="bbox 2040 3343 3641 3414">
     <span class='ocr_line' id='line_1_88' title="bbox 2040 3343 3641 3414; baseline -0.001 -15"><span class='ocrx_word' id='word_1_735' title='bbox 2040 3354 2097 3399; x_wconf 90' lang='lat' dir='ltr'><strong>et</strong></span> <span class='ocrx_word' id='word_1_736' title='bbox 2123 3354 2246 3399; x_wconf 88' lang='lat' dir='ltr'><strong>ante</strong></span> <span class='ocrx_word' id='word_1_737' title='bbox 2294 3344 2603 3412; x_wconf 88' lang='lat' dir='ltr'><strong>passionem</strong></span> <span class='ocrx_word' id='word_1_738' title='bbox 2649 3343 2867 3398; x_wconf 89' lang='lat' dir='ltr'><strong>Domini</strong></span> <span class='ocrx_word' id='word_1_739' title='bbox 2909 3345 3136 3413; x_wconf 84' lang='lat' dir='ltr'><strong>gloriam</strong></span> <span class='ocrx_word' id='word_1_740' title='bbox 3170 3343 3361 3411; x_wconf 87' lang='lat' dir='ltr'><strong>fuisse,</strong></span> <span class='ocrx_word' id='word_1_741' title='bbox 3392 3355 3446 3399; x_wconf 87' lang='lat' dir='ltr'><strong>et</strong></span> <span class='ocrx_word' id='word_1_742' title='bbox 3477 3354 3641 3414; x_wconf 86' lang='lat' dir='ltr'><strong>negat</strong></span> 
     </span>
    </p>
   </div>
   <div class='ocr_carea' id='block_1_89' title="bbox 2039 3434 3641 3507">
    <p class='ocr_par' dir='ltr' id='par_1_89' title="bbox 2039 3434 3641 3507">
     <span class='ocr_line' id='line_1_89' title="bbox 2039 3434 3641 3507; baseline -0.003 -13"><span class='ocrx_word' id='word_1_743' title='bbox 2039 3453 2108 3495; x_wconf 81' lang='lat' dir='ltr'><strong>ex</strong></span> <span class='ocrx_word' id='word_1_744' title='bbox 2145 3438 2263 3507; x_wconf 84' lang='lat' dir='ltr'><strong>lege</strong></span> <span class='ocrx_word' id='word_1_745' title='bbox 2302 3436 2541 3501; x_wconf 81' lang='lat' dir='ltr'><strong>excludi,</strong></span> <span class='ocrx_word' id='word_1_746' title='bbox 2572 3434 2624 3491; x_wconf 92' lang='lat' dir='ltr'><strong>id</strong></span> <span class='ocrx_word' id='word_1_747' title='bbox 2656 3444 2761 3503; x_wconf 89' lang='lat' dir='ltr'><strong>est,</strong></span> <span class='ocrx_word' id='word_1_748' title='bbox 2790 3436 3046 3506; x_wconf 70' lang='lat' dir='ltr'><strong>exprimi,</strong></span> <span class='ocrx_word' id='word_1_749' title='bbox 3077 3435 3327 3505; x_wconf 86' lang='lat' dir='ltr'><strong>produci,</strong></span> <span class='ocrx_word' id='word_1_750' title='bbox 3367 3434 3511 3491; x_wconf 88' lang='lat' dir='ltr'><strong>efﬁci</strong></span> <span class='ocrx_word' id='word_1_751' title='bbox 3542 3451 3641 3506; x_wconf 83' lang='lat' dir='ltr'><strong>po-</strong></span> 
     </span>
    </p>
   </div>
   <div class='ocr_carea' id='block_1_90' title="bbox 2040 3525 3645 3594">
    <p class='ocr_par' dir='ltr' id='par_1_90' title="bbox 2040 3525 3645 3594">
     <span class='ocr_line' id='line_1_90' title="bbox 2040 3525 3645 3594; baseline -0.002 -11"><span class='ocrx_word' id='word_1_752' title='bbox 2040 3531 2230 3585; x_wconf 89' lang='lat' dir='ltr'><strong>tuisse.</strong></span> <span class='ocrx_word' id='word_1_753' title='bbox 2280 3527 2471 3592; x_wconf 85' lang='lat' dir='ltr'><strong>Unde,</strong></span> <span class='ocrx_word' id='word_1_754' title='bbox 2506 3527 2854 3584; x_wconf 85' lang='lat' dir='ltr'><strong>manifestum</strong></span> <span class='ocrx_word' id='word_1_755' title='bbox 2893 3536 2997 3594; x_wconf 89' lang='lat' dir='ltr'><strong>est,</strong></span> <span class='ocrx_word' id='word_1_756' title='bbox 3049 3542 3114 3582; x_wconf 77' lang='lat' dir='ltr'><strong>es</strong></span> <span class='ocrx_word' id='word_1_757' title='bbox 3167 3526 3271 3581; x_wconf 88' lang='lat' dir='ltr'><strong>ﬁde</strong></span> <span class='ocrx_word' id='word_1_758' title='bbox 3303 3525 3489 3583; x_wconf 89' lang='lat' dir='ltr'><strong>fuisse.</strong></span> <span class='ocrx_word' id='word_1_759' title='bbox 3542 3525 3645 3583; x_wconf 77' lang='lat' dir='ltr'><strong>Ubi</strong></span> 
     </span>
    </p>
   </div>
   <div class='ocr_carea' id='block_1_91' title="bbox 2039 3617 3642 3694">
    <p class='ocr_par' dir='ltr' id='par_1_91' title="bbox 2039 3617 3642 3694">
     <span class='ocr_line' id='line_1_91' title="bbox 2039 3617 3642 3694; baseline -0.002 -17"><span class='ocrx_word' id='word_1_760' title='bbox 2039 3639 2181 3694; x_wconf 84' lang='lat' dir='ltr'><strong>ergo,</strong></span> <span class='ocrx_word' id='word_1_761' title='bbox 2212 3622 2408 3693; x_wconf 86' lang='lat' dir='ltr'><strong>inquit,</strong></span> <span class='ocrx_word' id='word_1_762' title='bbox 2432 3620 2711 3693; x_wconf 84' lang='lat' dir='ltr'><strong>gloriatio?</strong></span> <span class='ocrx_word' id='word_1_763' title='bbox 2741 3619 2969 3674; x_wconf 69' lang='lat' dir='ltr'><strong>Ezclusa</strong></span> <span class='ocrx_word' id='word_1_764' title='bbox 2995 3628 3085 3673; x_wconf 82' lang='lat' dir='ltr'><strong>est.</strong></span> <span class='ocrx_word' id='word_1_765' title='bbox 3126 3617 3230 3672; x_wconf 88' lang='lat' dir='ltr'><strong>Per</strong></span> <span class='ocrx_word' id='word_1_766' title='bbox 3256 3635 3413 3687; x_wconf 81' lang='lat' dir='ltr'><strong>quam</strong></span> <span class='ocrx_word' id='word_1_767' title='bbox 3438 3619 3642 3687; x_wconf 78' lang='lat' dir='ltr'><strong>legem?</strong></span> 
     </span>
    </p>
   </div>
   <div class='ocr_carea' id='block_1_92' title="bbox 2041 3709 3640 3787">
    <p class='ocr_par' dir='ltr' id='par_1_92' title="bbox 2041 3709 3640 3787">
     <span class='ocr_line' id='line_1_92' title="bbox 2041 3709 3640 3787; baseline -0.006 -15"><span class='ocrx_word' id='word_1_768' title='bbox 2041 3715 2110 3772; x_wconf 88' lang='lat' dir='ltr'><strong>Et</strong></span> <span class='ocrx_word' id='word_1_769' title='bbox 2139 3715 2387 3785; x_wconf 87' lang='lat' dir='ltr'><strong>numquid</strong></span> <span class='ocrx_word' id='word_1_770' title='bbox 2419 3714 2676 3787; x_wconf 77' lang='lat' dir='ltr'><strong>cperam?</strong></span> <span class='ocrx_word' id='word_1_771' title='bbox 2707 3711 2864 3776; x_wconf 85' lang='lat' dir='ltr'><strong>Non;</strong></span> <span class='ocrx_word' id='word_1_772' title='bbox 2891 3717 2980 3766; x_wconf 77' lang='lat' dir='ltr'><strong>sed</strong></span> <span class='ocrx_word' id='word_1_773' title='bbox 3005 3729 3098 3779; x_wconf 83' lang='lat' dir='ltr'><strong>per</strong></span> <span class='ocrx_word' id='word_1_774' title='bbox 3124 3711 3288 3782; x_wconf 77' lang='lat' dir='ltr'><strong>legem</strong></span> <span class='ocrx_word' id='word_1_775' title='bbox 3311 3709 3438 3780; x_wconf 80' lang='lat' dir='ltr'><strong>ﬁdei</strong></span> <span class='ocrx_word' id='word_1_776' title='bbox 3457 3709 3640 3781; x_wconf 85' lang='lat' dir='ltr'><strong>(Rom.</strong></span> 
     </span>
    </p>
   </div>
   <div class='ocr_carea' id='block_1_93' title="bbox 2044 3803 3643 3880">
    <p class='ocr_par' dir='ltr' id='par_1_93' title="bbox 2044 3803 3643 3880">
     <span class='ocr_line' id='line_1_93' title="bbox 2044 3803 3643 3880; baseline -0.006 -12"><span class='ocrx_word' id='word_1_777' title='bbox 2044 3828 2137 3880; x_wconf 80' lang='grc' dir='ltr'>ιιι,</span> <span class='ocrx_word' id='word_1_778' title='bbox 2186 3810 2292 3875; x_wconf 69' lang='lat'><strong>27,</strong></span> <span class='ocrx_word' id='word_1_779' title='bbox 2338 3809 2455 3879; x_wconf 68' lang='lat'><strong>28).</strong></span> <span class='ocrx_word' id='word_1_780' title='bbox 2512 3809 2653 3876; x_wconf 83' lang='lat' dir='ltr'><strong>Quid</strong></span> <span class='ocrx_word' id='word_1_781' title='bbox 2699 3808 2831 3863; x_wconf 83' lang='lat' dir='ltr'><strong>enim</strong></span> <span class='ocrx_word' id='word_1_782' title='bbox 2879 3806 3155 3878; x_wconf 82' lang='lat' dir='ltr'><strong>Scriptura</strong></span> <span class='ocrx_word' id='word_1_783' title='bbox 3203 3806 3373 3860; x_wconf 82' lang='lat' dir='ltr'><strong>dicit?</strong></span> <span class='ocrx_word' id='word_1_784' title='bbox 3412 3803 3643 3858; x_wconf 84' lang='lat' dir='ltr'><strong>Credidit</strong></span> 
     </span>
    </p>
   </div>
   <div class='ocr_carea' id='block_1_94' title="bbox 2046 3896 3639 3971">
    <p class='ocr_par' dir='ltr' id='par_1_94' title="bbox 2046 3896 3639 3971">
     <span class='ocr_line' id='line_1_94' title="bbox 2046 3896 3639 3971; baseline -0.003 -15"><span class='ocrx_word' id='word_1_785' title='bbox 2046 3902 2305 3957; x_wconf 76' lang='lat' dir='ltr'><strong>Abraham</strong></span> <span class='ocrx_word' id='word_1_786' title='bbox 2335 3901 2461 3969; x_wconf 89' lang='lat' dir='ltr'><strong>Deo,</strong></span> <span class='ocrx_word' id='word_1_787' title='bbox 2493 3912 2540 3956; x_wconf 91' lang='lat' dir='ltr'><strong>et</strong></span> <span class='ocrx_word' id='word_1_788' title='bbox 2566 3908 2859 3971; x_wconf 84' lang='lat' dir='ltr'><strong>reputatum</strong></span> <span class='ocrx_word' id='word_1_789' title='bbox 2886 3908 2962 3953; x_wconf 84' lang='lat' dir='ltr'><strong>est</strong></span> <span class='ocrx_word' id='word_1_790' title='bbox 2990 3898 3037 3951; x_wconf 88' lang='lat' dir='ltr'><strong>ei</strong></span> <span class='ocrx_word' id='word_1_791' title='bbox 3074 3899 3131 3951; x_wconf 85' lang='lat' dir='ltr'><strong>in</strong></span> <span class='ocrx_word' id='word_1_792' title='bbox 3178 3897 3429 3967; x_wconf 74' lang='lat' dir='ltr'><strong>iustitiam</strong></span> <span class='ocrx_word' id='word_1_793' title='bbox 3452 3897 3471 3969; x_wconf 93' lang='lat'><strong>(</strong></span> <span class='ocrx_word' id='word_1_794' title='bbox 3494 3896 3639 3951; x_wconf 77' lang='lat' dir='ltr'><strong>(tom.</strong></span> 
     </span>
    </p>
   </div>
   <div class='ocr_carea' id='block_1_95' title="bbox 2045 3990 3640 4067">
    <p class='ocr_par' dir='ltr' id='par_1_95' title="bbox 2045 3990 3640 4067">
     <span class='ocr_line' id='line_1_95' title="bbox 2045 3990 3640 4067; baseline -0.005 -15"><span class='ocrx_word' id='word_1_795' title='bbox 2045 4014 2116 4064; x_wconf 83' lang='lat' dir='ltr'><strong>tv,</strong></span> <span class='ocrx_word' id='word_1_796' title='bbox 2152 3997 2225 4067; x_wconf 81' lang='grc'><strong>5).</strong></span> <span class='ocrx_word' id='word_1_797' title='bbox 2277 3996 2353 4051; x_wconf 81' lang='lat' dir='ltr'><strong>Ad</strong></span> <span class='ocrx_word' id='word_1_798' title='bbox 2385 3994 2615 4067; x_wconf 87' lang='lat' dir='ltr'><strong>gloriam</strong></span> <span class='ocrx_word' id='word_1_799' title='bbox 2668 4010 2737 4049; x_wconf 78' lang='lat' dir='ltr'><strong>ex</strong></span> <span class='ocrx_word' id='word_1_800' title='bbox 2785 3991 2975 4048; x_wconf 87' lang='lat' dir='ltr'><strong>eadem</strong></span> <span class='ocrx_word' id='word_1_801' title='bbox 3025 3991 3197 4062; x_wconf 80' lang='lat' dir='ltr'><strong>gloria</strong></span> <span class='ocrx_word' id='word_1_802' title='bbox 3249 3990 3640 4045; x_wconf 87' lang='lat' dir='ltr'><strong>transivimus:</strong></span> 
     </span>
    </p>
   </div>
   <div class='ocr_carea' id='block_1_96' title="bbox 2043 4082 3646 4162">
    <p class='ocr_par' dir='ltr' id='par_1_96' title="bbox 2043 4082 3646 4162">
     <span class='ocr_line' id='line_1_96' title="bbox 2043 4082 3646 4162; baseline -0.006 -16"><span class='ocrx_word' id='word_1_803' title='bbox 2043 4104 2166 4162; x_wconf 71' lang='lat' dir='ltr'><strong>qua:</strong></span> <span class='ocrx_word' id='word_1_804' title='bbox 2217 4104 2322 4144; x_wconf 91' lang='lat' dir='ltr'><strong>non</strong></span> <span class='ocrx_word' id='word_1_805' title='bbox 2370 4087 2470 4143; x_wconf 89' lang='lat' dir='ltr'><strong>fuit</strong></span> <span class='ocrx_word' id='word_1_806' title='bbox 2514 4102 2580 4143; x_wconf 81' lang='lat' dir='ltr'><strong>ex</strong></span> <span class='ocrx_word' id='word_1_807' title='bbox 2629 4087 2770 4156; x_wconf 86' lang='lat' dir='ltr'><strong>lege.</strong></span> <span class='ocrx_word' id='word_1_808' title='bbox 2800 4086 2853 4140; x_wconf 87' lang='lat' dir='ltr'><strong>Si</strong></span> <span class='ocrx_word' id='word_1_809' title='bbox 2906 4100 2973 4140; x_wconf 82' lang='lat' dir='ltr'><strong>cx</strong></span> <span class='ocrx_word' id='word_1_810' title='bbox 3022 4084 3278 4153; x_wconf 87' lang='lat' dir='ltr'><strong>operibus</strong></span> <span class='ocrx_word' id='word_1_811' title='bbox 3309 4083 3429 4146; x_wconf 90' lang='lat' dir='ltr'><strong>fuit,</strong></span> <span class='ocrx_word' id='word_1_812' title='bbox 3480 4082 3646 4139; x_wconf 82' lang='lat' dir='ltr'><strong>habet</strong></span> 
     </span>
    </p>
   </div>
   <div class='ocr_carea' id='block_1_97' title="bbox 2044 4174 3644 4254">
    <p class='ocr_par' dir='ltr' id='par_1_97' title="bbox 2044 4174 3644 4254">
     <span class='ocr_line' id='line_1_97' title="bbox 2044 4174 3644 4254; baseline -0.005 -18"><span class='ocrx_word' id='word_1_813' title='bbox 2044 4182 2294 4254; x_wconf 89' lang='lat' dir='ltr'><strong>gloriam,</strong></span> <span class='ocrx_word' id='word_1_814' title='bbox 2327 4179 2420 4235; x_wconf 87' lang='lat' dir='ltr'><strong>sed</strong></span> <span class='ocrx_word' id='word_1_815' title='bbox 2457 4194 2561 4234; x_wconf 91' lang='lat' dir='ltr'><strong>non</strong></span> <span class='ocrx_word' id='word_1_816' title='bbox 2594 4177 2657 4232; x_wconf 89' lang='lat' dir='ltr'><strong>ad</strong></span> <span class='ocrx_word' id='word_1_817' title='bbox 2689 4177 2882 4232; x_wconf 86' lang='lat' dir='ltr'><strong>Deum.</strong></span> <span class='ocrx_word' id='word_1_818' title='bbox 2922 4174 3134 4230; x_wconf 77' lang='lat' dir='ltr'><strong>Etenim</strong></span> <span class='ocrx_word' id='word_1_819' title='bbox 3168 4174 3508 4243; x_wconf 83' lang='lat' dir='ltr'><strong>impossibile</strong></span> <span class='ocrx_word' id='word_1_820' title='bbox 3536 4184 3644 4237; x_wconf 90' lang='lat' dir='ltr'><strong>est,</strong></span> 
     </span>
    </p>
   </div>
   <div class='ocr_carea' id='block_1_98' title="bbox 2043 4264 3645 4345">
    <p class='ocr_par' dir='ltr' id='par_1_98' title="bbox 2043 4264 3645 4345">
     <span class='ocr_line' id='line_1_98' title="bbox 2043 4264 3645 4345; baseline -0.007 -13"><span class='ocrx_word' id='word_1_821' title='bbox 2043 4277 2163 4332; x_wconf 84' lang='lat' dir='ltr'><strong>sine</strong></span> <span class='ocrx_word' id='word_1_822' title='bbox 2204 4275 2376 4345; x_wconf 84' lang='lat' dir='ltr'><strong>gratia</strong></span> <span class='ocrx_word' id='word_1_823' title='bbox 2426 4271 2773 4337; x_wconf 89' lang='lat' dir='ltr'><strong>Dei,habere</strong></span> <span class='ocrx_word' id='word_1_824' title='bbox 2814 4269 3047 4334; x_wconf 85' lang='lat' dir='ltr'><strong>aliquam</strong></span> <span class='ocrx_word' id='word_1_825' title='bbox 3095 4266 3345 4337; x_wconf 84' lang='lat' dir='ltr'><strong>gloriam.</strong></span> <span class='ocrx_word' id='word_1_826' title='bbox 3393 4264 3510 4321; x_wconf 85' lang='lat' dir='ltr'><strong>Una</strong></span> <span class='ocrx_word' id='word_1_827' title='bbox 3559 4276 3645 4321; x_wconf 82' lang='lat' dir='ltr'><strong>est</strong></span> 
     </span>
    </p>
   </div>
   <div class='ocr_carea' id='block_1_99' title="bbox 2042 4358 3642 4438">
    <p class='ocr_par' dir='ltr' id='par_1_99' title="bbox 2042 4358 3642 4438">
     <span class='ocr_line' id='line_1_99' title="bbox 2042 4358 3642 4438; baseline -0.008 -13"><span class='ocrx_word' id='word_1_828' title='bbox 2042 4370 2186 4425; x_wconf 88' lang='lat' dir='ltr'><strong>enim</strong></span> <span class='ocrx_word' id='word_1_829' title='bbox 2215 4366 2413 4438; x_wconf 88' lang='lat' dir='ltr'><strong>gloria,</strong></span> <span class='ocrx_word' id='word_1_830' title='bbox 2441 4375 2497 4422; x_wconf 90' lang='lat' dir='ltr'><strong>et</strong></span> <span class='ocrx_word' id='word_1_831' title='bbox 2520 4382 2627 4420; x_wconf 90' lang='lat' dir='ltr'><strong>uno</strong></span> <span class='ocrx_word' id='word_1_832' title='bbox 2669 4378 2868 4435; x_wconf 84' lang='lat' dir='ltr'><strong>genere</strong></span> <span class='ocrx_word' id='word_1_833' title='bbox 2899 4377 3118 4430; x_wconf 82' lang='lat' dir='ltr'><strong>semper</strong></span> <span class='ocrx_word' id='word_1_834' title='bbox 3148 4360 3270 4416; x_wconf 84' lang='lat' dir='ltr'><strong>fuit.</strong></span> <span class='ocrx_word' id='word_1_835' title='bbox 3301 4358 3472 4415; x_wconf 88' lang='lat' dir='ltr'><strong>Nemo</strong></span> <span class='ocrx_word' id='word_1_836' title='bbox 3500 4360 3642 4414; x_wconf 86' lang='lat' dir='ltr'><strong>enim</strong></span> 
     </span>
    </p>
   </div>
   <div class='ocr_carea' id='block_1_100' title="bbox 2044 4452 3639 4526">
    <p class='ocr_par' dir='ltr' id='par_1_100' title="bbox 2044 4452 3639 4526">
     <span class='ocr_line' id='line_1_100' title="bbox 2044 4452 3639 4526; baseline -0.008 -9"><span class='ocrx_word' id='word_1_837' title='bbox 2044 4462 2195 4526; x_wconf 83' lang='lat' dir='ltr'><strong>vicit,</strong></span> <span class='ocrx_word' id='word_1_838' title='bbox 2226 4460 2328 4514; x_wconf 86' lang='lat' dir='ltr'><strong>nisi</strong></span> <span class='ocrx_word' id='word_1_839' title='bbox 2373 4459 2459 4514; x_wconf 89' lang='lat' dir='ltr'><strong>cui</strong></span> <span class='ocrx_word' id='word_1_840' title='bbox 2494 4458 2636 4512; x_wconf 87' lang='lat' dir='ltr'><strong>Dens</strong></span> <span class='ocrx_word' id='word_1_841' title='bbox 2671 4456 2864 4512; x_wconf 87' lang='lat' dir='ltr'><strong>vicerit</strong></span> <span class='ocrx_word' id='word_1_842' title='bbox 2889 4497 2904 4518; x_wconf 86' lang='lat'><strong>,</strong></span> <span class='ocrx_word' id='word_1_843' title='bbox 2932 4454 3078 4524; x_wconf 90' lang='lat' dir='ltr'><strong>quod</strong></span> <span class='ocrx_word' id='word_1_844' title='bbox 3110 4471 3218 4508; x_wconf 90' lang='lat' dir='ltr'><strong>non</strong></span> <span class='ocrx_word' id='word_1_845' title='bbox 3252 4463 3334 4507; x_wconf 58' lang='lat' dir='ltr'><strong>est</strong></span> <span class='ocrx_word' id='word_1_846' title='bbox 3373 4468 3439 4508; x_wconf 84' lang='lat' dir='ltr'><strong>ex</strong></span> <span class='ocrx_word' id='word_1_847' title='bbox 3482 4452 3639 4523; x_wconf 83' lang='lat' dir='ltr'><strong>lege:</strong></span> 
     </span>
    </p>
   </div>
   <div class='ocr_carea' id='block_1_101' title="bbox 2044 4545 3650 4627">
    <p class='ocr_par' dir='ltr' id='par_1_101' title="bbox 2044 4545 3650 4627">
     <span class='ocr_line' id='line_1_101' title="bbox 2044 4545 3650 4627; baseline -0.006 -20"><span class='ocrx_word' id='word_1_848' title='bbox 2044 4554 2137 4610; x_wconf 89' lang='lat' dir='ltr'><strong>sed</strong></span> <span class='ocrx_word' id='word_1_849' title='bbox 2170 4552 2259 4623; x_wconf 89' lang='lat' dir='ltr'><strong>qui</strong></span> <span class='ocrx_word' id='word_1_850' title='bbox 2289 4551 2499 4608; x_wconf 83' lang='lat' dir='ltr'><strong>fecerit.</strong></span> <span class='ocrx_word' id='word_1_851' title='bbox 2532 4550 2588 4605; x_wconf 92' lang='lat' dir='ltr'><strong>ln</strong></span> <span class='ocrx_word' id='word_1_852' title='bbox 2620 4548 2779 4604; x_wconf 88' lang='lat' dir='ltr'><strong>ﬁdem</strong></span> <span class='ocrx_word' id='word_1_853' title='bbox 2808 4562 3015 4627; x_wconf 82' lang='lat' dir='ltr'><strong>autem,</strong></span> <span class='ocrx_word' id='word_1_854' title='bbox 3046 4548 3190 4601; x_wconf 88' lang='lat' dir='ltr'><strong>Deus</strong></span> <span class='ocrx_word' id='word_1_855' title='bbox 3222 4546 3498 4601; x_wconf 85' lang='lat' dir='ltr'><strong>inﬁrmum</strong></span> <span class='ocrx_word' id='word_1_856' title='bbox 3524 4545 3650 4600; x_wconf 77' lang='lat' dir='ltr'><strong>facit</strong></span> 
     </span>
    </p>
   </div>
   <div class='ocr_carea' id='block_1_102' title="bbox 2047 4639 3645 4713">
    <p class='ocr_par' dir='ltr' id='par_1_102' title="bbox 2047 4639 3645 4713">
     <span class='ocr_line' id='line_1_102' title="bbox 2047 4639 3645 4713; baseline -0.006 -11"><span class='ocrx_word' id='word_1_857' title='bbox 2047 4647 2417 4703; x_wconf 86' lang='lat' dir='ltr'><strong>adversarium</strong></span> <span class='ocrx_word' id='word_1_858' title='bbox 2460 4653 2728 4700; x_wconf 88' lang='lat' dir='ltr'><strong>nostrum.</strong></span> <span class='ocrx_word' id='word_1_859' title='bbox 2776 4643 3075 4713; x_wconf 84' lang='lat' dir='ltr'><strong>PrOptcrea</strong></span> <span class='ocrx_word' id='word_1_860' title='bbox 3099 4684 3113 4706; x_wconf 91' lang='lat'><strong>,</strong></span> <span class='ocrx_word' id='word_1_861' title='bbox 3152 4644 3239 4712; x_wconf 78' lang='lat' dir='ltr'><strong>qui</strong></span> <span class='ocrx_word' id='word_1_862' title='bbox 3270 4639 3561 4713; x_wconf 84' lang='lat' dir='ltr'><strong>gloriatur,</strong></span> <span class='ocrx_word' id='word_1_863' title='bbox 3594 4642 3645 4694; x_wconf 82' lang='lat' dir='ltr'><strong>in</strong></span> 
     </span>
    </p>
   </div>
   <div class='ocr_carea' id='block_1_103' title="bbox 2047 4733 3647 4811">
    <p class='ocr_par' dir='ltr' id='par_1_103' title="bbox 2047 4733 3647 4811">
     <span class='ocr_line' id='line_1_103' title="bbox 2047 4733 3647 4811; baseline -0.004 -18"><span class='ocrx_word' id='word_1_864' title='bbox 2047 4739 2268 4793; x_wconf 78' lang='lat' dir='ltr'><strong>Domino</strong></span> <span class='ocrx_word' id='word_1_865' title='bbox 2297 4738 2549 4811; x_wconf 85' lang='lat' dir='ltr'><strong>glorietur</strong></span> <span class='ocrx_word' id='word_1_866' title='bbox 2575 4735 2622 4807; x_wconf 90' lang='lat' dir='ltr'><strong>(l</strong></span> <span class='ocrx_word' id='word_1_867' title='bbox 2651 4734 2770 4790; x_wconf 87' lang='lat' dir='ltr'><strong>Cor.</strong></span> <span class='ocrx_word' id='word_1_868' title='bbox 2804 4751 2843 4799; x_wconf 89' lang='grc' dir='ltr'><strong>ι,</strong></span> <span class='ocrx_word' id='word_1_869' title='bbox 2872 4734 2985 4805; x_wconf 76' lang='lat' dir='ltr'><strong>5i).</strong></span> <span class='ocrx_word' id='word_1_870' title='bbox 3019 4734 3075 4789; x_wconf 90' lang='lat' dir='ltr'><strong>Si</strong></span> <span class='ocrx_word' id='word_1_871' title='bbox 3122 4735 3267 4788; x_wconf 86' lang='lat' dir='ltr'><strong>enim</strong></span> <span class='ocrx_word' id='word_1_872' title='bbox 3300 4733 3445 4804; x_wconf 85' lang='lat' dir='ltr'><strong>quod</strong></span> <span class='ocrx_word' id='word_1_873' title='bbox 3472 4733 3647 4787; x_wconf 80' lang='lat' dir='ltr'><strong>vinei-</strong></span> 
     </span>
    </p>
   </div>
   <div class='ocr_carea' id='block_1_104' title="bbox 2047 4825 3644 4896">
    <p class='ocr_par' dir='ltr' id='par_1_104' title="bbox 2047 4825 3644 4896">
     <span class='ocr_line' id='line_1_104' title="bbox 2047 4825 3644 4896; baseline -0.004 -10"><span class='ocrx_word' id='word_1_874' title='bbox 2047 4847 2190 4895; x_wconf 88' lang='lat' dir='ltr'><strong>mus,</strong></span> <span class='ocrx_word' id='word_1_875' title='bbox 2225 4842 2467 4886; x_wconf 88' lang='lat' dir='ltr'><strong>nostrum</strong></span> <span class='ocrx_word' id='word_1_876' title='bbox 2498 4843 2605 4883; x_wconf 89' lang='lat' dir='ltr'><strong>non</strong></span> <span class='ocrx_word' id='word_1_877' title='bbox 2633 4836 2719 4884; x_wconf 90' lang='lat' dir='ltr'><strong>est</strong></span> <span class='ocrx_word' id='word_1_878' title='bbox 2745 4846 2756 4881; x_wconf 93' lang='lat'>:</span> <span class='ocrx_word' id='word_1_879' title='bbox 2784 4843 2891 4882; x_wconf 70' lang='lat' dir='ltr'><strong>nim</strong></span> <span class='ocrx_word' id='word_1_880' title='bbox 2922 4835 3003 4882; x_wconf 87' lang='lat' dir='ltr'><strong>est</strong></span> <span class='ocrx_word' id='word_1_881' title='bbox 3034 4842 3097 4881; x_wconf 74' lang='lat' dir='ltr'><strong>ex</strong></span> <span class='ocrx_word' id='word_1_882' title='bbox 3126 4827 3384 4896; x_wconf 84' lang='lat' dir='ltr'><strong>operibus</strong></span> <span class='ocrx_word' id='word_1_883' title='bbox 3404 4867 3419 4891; x_wconf 94' lang='lat'><strong>,</strong></span> <span class='ocrx_word' id='word_1_884' title='bbox 3448 4825 3545 4880; x_wconf 89' lang='lat' dir='ltr'><strong>sed</strong></span> <span class='ocrx_word' id='word_1_885' title='bbox 3577 4842 3644 4879; x_wconf 83' lang='lat' dir='ltr'><strong>ex</strong></span> 
     </span>
    </p>
   </div>
   <div class='ocr_carea' id='block_1_105' title="bbox 2045 4915 3646 4991">
    <p class='ocr_par' dir='ltr' id='par_1_105' title="bbox 2045 4915 3646 4991">
     <span class='ocr_line' id='line_1_105' title="bbox 2045 4915 3646 4991; baseline -0.004 -14"><span class='ocrx_word' id='word_1_886' title='bbox 2045 4922 2173 4978; x_wconf 90' lang='lat' dir='ltr'><strong>ﬁde.</strong></span> <span class='ocrx_word' id='word_1_887' title='bbox 2206 4922 2349 4977; x_wconf 83' lang='lat' dir='ltr'><strong>Nihil</strong></span> <span class='ocrx_word' id='word_1_888' title='bbox 2381 4929 2467 4976; x_wconf 90' lang='lat' dir='ltr'><strong>est</strong></span> <span class='ocrx_word' id='word_1_889' title='bbox 2505 4920 2673 4991; x_wconf 91' lang='lat' dir='ltr'><strong>igitur</strong></span> <span class='ocrx_word' id='word_1_890' title='bbox 2699 4918 2840 4988; x_wconf 91' lang='lat' dir='ltr'><strong>quod</strong></span> <span class='ocrx_word' id='word_1_891' title='bbox 2865 4934 2932 4973; x_wconf 78' lang='lat' dir='ltr'><strong>ex</strong></span> <span class='ocrx_word' id='word_1_892' title='bbox 2969 4918 3126 4971; x_wconf 85' lang='lat' dir='ltr'><strong>nobis</strong></span> <span class='ocrx_word' id='word_1_893' title='bbox 3149 4918 3466 4988; x_wconf 85' lang='lat' dir='ltr'><strong>gloriemur.</strong></span> <span class='ocrx_word' id='word_1_894' title='bbox 3500 4915 3646 4971; x_wconf 86' lang='lat' dir='ltr'><strong>Nihil</strong></span> 
     </span>
    </p>
   </div>
   <div class='ocr_carea' id='block_1_106' title="bbox 2047 5011 3644 5084">
    <p class='ocr_par' dir='ltr' id='par_1_106' title="bbox 2047 5011 3644 5084">
     <span class='ocr_line' id='line_1_106' title="bbox 2047 5011 3644 5084; baseline -0.004 -13"><span class='ocrx_word' id='word_1_895' title='bbox 2047 5019 2190 5071; x_wconf 90' lang='lat' dir='ltr'><strong>enim</strong></span> <span class='ocrx_word' id='word_1_896' title='bbox 2224 5017 2489 5070; x_wconf 86' lang='lat' dir='ltr'><strong>habemus</strong></span> <span class='ocrx_word' id='word_1_897' title='bbox 2509 5056 2521 5078; x_wconf 84' lang='lat'><strong>,</strong></span> <span class='ocrx_word' id='word_1_898' title='bbox 2556 5014 2700 5084; x_wconf 87' lang='lat' dir='ltr'><strong>quod</strong></span> <span class='ocrx_word' id='word_1_899' title='bbox 2730 5028 2838 5067; x_wconf 87' lang='lat' dir='ltr'><strong>non</strong></span> <span class='ocrx_word' id='word_1_900' title='bbox 2884 5013 3214 5081; x_wconf 84' lang='lat' dir='ltr'><strong>accepimus.</strong></span> <span class='ocrx_word' id='word_1_901' title='bbox 3249 5011 3304 5067; x_wconf 91' lang='lat' dir='ltr'><strong>Si</strong></span> <span class='ocrx_word' id='word_1_902' title='bbox 3336 5026 3549 5076; x_wconf 88' lang='lat' dir='ltr'><strong>sumus,</strong></span> <span class='ocrx_word' id='word_1_903' title='bbox 3577 5026 3644 5065; x_wconf 75' lang='lat' dir='ltr'><strong>ex</strong></span> 
     </span>
    </p>
   </div>
   <div class='ocr_carea' id='block_1_107' title="bbox 2050 5100 3639 5176">
    <p class='ocr_par' dir='ltr' id='par_1_107' title="bbox 2050 5100 3639 5176">
     <span class='ocr_line' id='line_1_107' title="bbox 2050 5100 3639 5176; baseline -0.004 -13"><span class='ocrx_word' id='word_1_904' title='bbox 2050 5108 2161 5163; x_wconf 89' lang='lat' dir='ltr'><strong>Deo</strong></span> <span class='ocrx_word' id='word_1_905' title='bbox 2206 5122 2398 5163; x_wconf 87' lang='lat' dir='ltr'><strong>sumus</strong></span> <span class='ocrx_word' id='word_1_906' title='bbox 2437 5124 2452 5160; x_wconf 88' lang='lat'><strong>:</strong></span> <span class='ocrx_word' id='word_1_907' title='bbox 2494 5114 2552 5160; x_wconf 91' lang='lat' dir='ltr'><strong>ut</strong></span> <span class='ocrx_word' id='word_1_908' title='bbox 2583 5103 2899 5176; x_wconf 84' lang='lat' dir='ltr'><strong>magnitudo</strong></span> <span class='ocrx_word' id='word_1_909' title='bbox 2924 5103 3141 5157; x_wconf 88' lang='lat' dir='ltr'><strong>virtutis</strong></span> <span class='ocrx_word' id='word_1_910' title='bbox 3186 5100 3256 5157; x_wconf 89' lang='lat' dir='ltr'><strong>sit</strong></span> <span class='ocrx_word' id='word_1_911' title='bbox 3289 5104 3404 5171; x_wconf 90' lang='lat' dir='ltr'><strong>Dei,</strong></span> <span class='ocrx_word' id='word_1_912' title='bbox 3446 5114 3639 5158; x_wconf 91' lang='lat' dir='ltr'><strong>etnon</strong></span> 
     </span>
    </p>
   </div>
   <div class='ocr_carea' id='block_1_108' title="bbox 2050 5193 3641 5267">
    <p class='ocr_par' dir='ltr' id='par_1_108' title="bbox 2050 5193 3641 5267">
     <span class='ocr_line' id='line_1_108' title="bbox 2050 5193 3641 5267; baseline -0.004 -12"><span class='ocrx_word' id='word_1_913' title='bbox 2050 5214 2114 5255; x_wconf 77' lang='lat' dir='ltr'><strong>ex</strong></span> <span class='ocrx_word' id='word_1_914' title='bbox 2142 5200 2318 5255; x_wconf 88' lang='lat' dir='ltr'><strong>nobis.</strong></span> <span class='ocrx_word' id='word_1_915' title='bbox 2344 5200 2515 5255; x_wconf 84' lang='lat' dir='ltr'><strong>Omne</strong></span> <span class='ocrx_word' id='word_1_916' title='bbox 2539 5212 2677 5267; x_wconf 84' lang='lat' dir='ltr'><strong>Opus</strong></span> <span class='ocrx_word' id='word_1_917' title='bbox 2700 5208 2974 5259; x_wconf 88' lang='lat' dir='ltr'><strong>nostrum,</strong></span> <span class='ocrx_word' id='word_1_918' title='bbox 3001 5193 3138 5248; x_wconf 85' lang='lat' dir='ltr'><strong>ﬁdes</strong></span> <span class='ocrx_word' id='word_1_919' title='bbox 3162 5202 3265 5249; x_wconf 81' lang='lat' dir='ltr'><strong>est.</strong></span> <span class='ocrx_word' id='word_1_920' title='bbox 3289 5193 3419 5262; x_wconf 74' lang='lat' dir='ltr'><strong>Qum</strong></span> <span class='ocrx_word' id='word_1_921' title='bbox 3440 5202 3641 5263; x_wconf 84' lang='lat' dir='ltr'><strong>quanta</strong></span> 
     </span>
    </p>
   </div>
   <div class='ocr_carea' id='block_1_109' title="bbox 2050 5286 3641 5359">
    <p class='ocr_par' dir='ltr' id='par_1_109' title="bbox 2050 5286 3641 5359">
     <span class='ocr_line' id='line_1_109' title="bbox 2050 5286 3641 5359; baseline -0.004 -12"><span class='ocrx_word' id='word_1_922' title='bbox 2050 5291 2234 5358; x_wconf 77' lang='lat' dir='ltr'><strong>fuerit,</strong></span> <span class='ocrx_word' id='word_1_923' title='bbox 2266 5300 2472 5347; x_wconf 86' lang='lat' dir='ltr'><strong>tantum</strong></span> <span class='ocrx_word' id='word_1_924' title='bbox 2520 5292 2661 5345; x_wconf 89' lang='lat' dir='ltr'><strong>Deus</strong></span> <span class='ocrx_word' id='word_1_925' title='bbox 2705 5296 2961 5359; x_wconf 82' lang='lat' dir='ltr'><strong>operatur</strong></span> <span class='ocrx_word' id='word_1_926' title='bbox 2988 5287 3041 5342; x_wconf 88' lang='lat' dir='ltr'><strong>in</strong></span> <span class='ocrx_word' id='word_1_927' title='bbox 3072 5288 3247 5343; x_wconf 90' lang='lat' dir='ltr'><strong>nobis.</strong></span> <span class='ocrx_word' id='word_1_928' title='bbox 3288 5286 3420 5340; x_wconf 77' lang='lat' dir='ltr'><strong>Cum</strong></span> <span class='ocrx_word' id='word_1_929' title='bbox 3455 5289 3507 5339; x_wconf 90' lang='lat' dir='ltr'><strong>iu</strong></span> <span class='ocrx_word' id='word_1_930' title='bbox 3540 5287 3641 5341; x_wconf 88' lang='lat' dir='ltr'><strong>hoc</strong></span> 
     </span>
    </p>
   </div>
   <div class='ocr_carea' id='block_1_110' title="bbox 2050 5379 3639 5458">
    <p class='ocr_par' dir='ltr' id='par_1_110' title="bbox 2050 5379 3639 5458">
     <span class='ocr_line' id='line_1_110' title="bbox 2050 5379 3639 5458; baseline -0.004 -18"><span class='ocrx_word' id='word_1_931' title='bbox 2050 5387 2310 5458; x_wconf 85' lang='lat' dir='ltr'><strong>gloriatur</strong></span> <span class='ocrx_word' id='word_1_932' title='bbox 2360 5384 2617 5441; x_wconf 86' lang='lat' dir='ltr'><strong>Salomon</strong></span> <span class='ocrx_word' id='word_1_933' title='bbox 2673 5382 2841 5437; x_wconf 77' lang='lat' dir='ltr'><strong>fuisse</strong></span> <span class='ocrx_word' id='word_1_934' title='bbox 2889 5396 2996 5435; x_wconf 91' lang='lat' dir='ltr'><strong>non</strong></span> <span class='ocrx_word' id='word_1_935' title='bbox 3039 5396 3103 5436; x_wconf 79' lang='lat' dir='ltr'><strong>ex</strong></span> <span class='ocrx_word' id='word_1_936' title='bbox 3152 5380 3407 5442; x_wconf 78' lang='lat' dir='ltr'><strong>homine;</strong></span> <span class='ocrx_word' id='word_1_937' title='bbox 3440 5379 3537 5436; x_wconf 86' lang='lat' dir='ltr'><strong>sed</strong></span> <span class='ocrx_word' id='word_1_938' title='bbox 3571 5393 3639 5434; x_wconf 77' lang='lat' dir='ltr'><strong>ex</strong></span> 
     </span>
    </p>
   </div>
   <div class='ocr_carea' id='block_1_111' title="bbox 2052 5471 3641 5536">
    <p class='ocr_par' dir='ltr' id='par_1_111' title="bbox 2052 5471 3641 5536">
     <span class='ocr_line' id='line_1_111' title="bbox 2052 5471 3641 5536; baseline -0.006 -2"><span class='ocrx_word' id='word_1_939' title='bbox 2052 5478 2148 5534; x_wconf 92' lang='lat' dir='ltr'><strong>Dei</strong></span> <span class='ocrx_word' id='word_1_940' title='bbox 2196 5479 2344 5534; x_wconf 89' lang='lat' dir='ltr'><strong>dono</strong></span> <span class='ocrx_word' id='word_1_941' title='bbox 2392 5493 2511 5533; x_wconf 89' lang='lat' dir='ltr'><strong>esse</strong></span> <span class='ocrx_word' id='word_1_942' title='bbox 2556 5475 2791 5531; x_wconf 87' lang='lat' dir='ltr'><strong>hominis</strong></span> <span class='ocrx_word' id='word_1_943' title='bbox 2826 5471 3357 5531; x_wconf 86' lang='lat' dir='ltr'><strong>continentia:Cum</strong></span> <span class='ocrx_word' id='word_1_944' title='bbox 3386 5472 3641 5536; x_wconf 78' lang='lat' dir='ltr'><strong>scivi,in-</strong></span> 
     </span>
    </p>
   </div>
   <div class='ocr_carea' id='block_1_112' title="bbox 2054 5563 3647 5642">
    <p class='ocr_par' dir='ltr' id='par_1_112' title="bbox 2054 5563 3647 5642">
     <span class='ocr_line' id='line_1_112' title="bbox 2054 5563 3647 5642; baseline -0.004 -16"><span class='ocrx_word' id='word_1_945' title='bbox 2054 5573 2196 5642; x_wconf 91' lang='lat' dir='ltr'><strong>quit,</strong></span> <span class='ocrx_word' id='word_1_946' title='bbox 2227 5571 2351 5641; x_wconf 83' lang='lat' dir='ltr'><strong>quia</strong></span> <span class='ocrx_word' id='word_1_947' title='bbox 2379 5569 2530 5624; x_wconf 87' lang='lat' dir='ltr'><strong>aliter</strong></span> <span class='ocrx_word' id='word_1_948' title='bbox 2554 5584 2655 5623; x_wconf 86' lang='lat' dir='ltr'><strong>non</strong></span> <span class='ocrx_word' id='word_1_949' title='bbox 2678 5585 2887 5640; x_wconf 79' lang='lat' dir='ltr'><strong>possunt</strong></span> <span class='ocrx_word' id='word_1_950' title='bbox 2921 5582 3028 5624; x_wconf 81' lang='lat' dir='ltr'><strong>esse</strong></span> <span class='ocrx_word' id='word_1_951' title='bbox 3054 5567 3346 5632; x_wconf 84' lang='lat' dir='ltr'><strong>continens,</strong></span> <span class='ocrx_word' id='word_1_952' title='bbox 3377 5567 3481 5619; x_wconf 85' lang='lat' dir='ltr'><strong>nisi</strong></span> <span class='ocrx_word' id='word_1_953' title='bbox 3509 5563 3647 5619; x_wconf 81' lang='lat' dir='ltr'><strong>Deus</strong></span> 
     </span>
    </p>
   </div>
   <div class='ocr_carea' id='block_1_113' title="bbox 2054 5656 3645 5733">
    <p class='ocr_par' dir='ltr' id='par_1_113' title="bbox 2054 5656 3645 5733">
     <span class='ocr_line' id='line_1_113' title="bbox 2054 5656 3645 5733; baseline -0.004 -16"><span class='ocrx_word' id='word_1_954' title='bbox 2054 5662 2269 5719; x_wconf 86' lang='lat' dir='ltr'><strong>dederit.</strong></span> <span class='ocrx_word' id='word_1_955' title='bbox 2311 5660 2379 5716; x_wconf 83' lang='lat' dir='ltr'><strong>Et</strong></span> <span class='ocrx_word' id='word_1_956' title='bbox 2403 5661 2504 5717; x_wconf 77' lang='lat' dir='ltr'><strong>hoc</strong></span> <span class='ocrx_word' id='word_1_957' title='bbox 2531 5662 2699 5733; x_wconf 83' lang='lat' dir='ltr'><strong>ipsum</strong></span> <span class='ocrx_word' id='word_1_958' title='bbox 2733 5671 2844 5714; x_wconf 88' lang='lat' dir='ltr'><strong>crat</strong></span> <span class='ocrx_word' id='word_1_959' title='bbox 2883 5661 3169 5732; x_wconf 73' lang='lat' dir='ltr'><strong>sapientiw,</strong></span> <span class='ocrx_word' id='word_1_960' title='bbox 3193 5661 3344 5725; x_wconf 79' lang='lat' dir='ltr'><strong>scire,</strong></span> <span class='ocrx_word' id='word_1_961' title='bbox 3368 5657 3518 5728; x_wconf 83' lang='lat' dir='ltr'><strong>cujus</strong></span> <span class='ocrx_word' id='word_1_962' title='bbox 3547 5656 3645 5711; x_wconf 77' lang='lat' dir='ltr'><strong>hoc</strong></span> 
     </span>
    </p>
   </div>
  </div>
