4180 6452
375 267 452 326 ιθ
1521 271 1727 328 LIBER
1769 270 1858 328 DE
1899 270 2177 331 SEPTEM
2207 271 2530 332 REGULIS.
3601 271 3674 327 '50

376 389 488 440 ruri
525 385 742 440 Abrahae
762 386 898 460 patri
917 394 1030 452 tuo,
1053 393 1102 439 ct
1130 383 1482 458 multiplicabo
1507 402 1680 441 semen
1702 395 1844 441 tamn
1869 386 1972 441 sic-
2003 392 2054 452 Α
2081 390 2206 463 quia
2255 391 2493 445 animum
2542 405 2648 447 non
2697 390 2915 450 miscuit
2946 390 3215 446 voluntati
3264 390 3380 447 Dei.
3417 388 3685 460 Displicet

373 495 438 537 ιιι
466 485 643 538 stellas
671 485 813 551 coeli,
837 494 886 542 ct
915 485 1047 540 dabo
1069 484 1158 540 tibi
1189 495 1234 536 ct
1255 483 1438 538 semini
1467 495 1554 537 tuo
1585 500 1758 539 omnes
1802 492 1974 559 gentes

373 585 531 632 terra
549 618 564 638 ,
597 593 691 648 pro
713 593 774 633 eo
799 577 940 654 quod
967 579 1166 632 audivit
1202 577 1463 632 Abraham
1490 587 1631 648 pater
1657 587 1777 632 tuus
1804 594 1976 633 rorem

374 683 546 723 meum
571 667 726 742 (Cen.
760 685 922 738 xxvi,
944 672 1093 742 5-5).
1130 672 1267 726 Ecce
1310 672 1582 726 ﬁrmatum
1615 679 1700 726 est
1728 672 1974 726 debitum

374 760 637 817 Abrahtc.
673 762 790 820 Non
836 765 980 820 enim
1023 765 1202 844 potuit
1235 779 1332 836 per
1359 763 1592 820 liberum
1649 765 1970 833 arbitrium,

374 865 502 925 post
548 864 782 914 mortem
811 858 1098 921 amittere,
1132 856 1274 929 quod
1313 857 1469 913 vivus
1514 866 1825 922 meruerat;
1876 873 1976 913 no-

373 947 599 1004 luerunt
618 959 800 1006 autem
830 961 1023 1019 gemes
1045 952 1293 1007 credere.
1319 951 1459 1021 Quid
1490 951 1651 1007 faciet
1676 951 1972 1015 Abraham.

370 1049 462 1097 eui
493 1041 765 1098 debetur?
803 1042 1083 1114 quomodo
1134 1043 1369 1116 accipiet
1413 1043 1538 1098 ﬁdci
1571 1055 1622 1099 et
1656 1043 1974 1100 tcntationis

367 1150 488 1190 sua:
518 1136 766 1192 debitum
788 1179 803 1204 ,
838 1137 992 1208 cujus
1024 1136 1228 1193 debere
1274 1137 1388 1193 Deo
1432 1152 1659 1193 securus
1691 1137 1828 1192 luit?
1869 1135 1972 1192 Cui

371 1230 418 1283 si
451 1229 662 1286 dictum
704 1239 793 1287 est
825 1249 839 1285 :
885 1231 1029 1286 Dabo
1055 1232 1194 1304 quod
1223 1233 1437 1304 promisi
1469 1274 1484 1297 ,
1515 1240 1562 1286 et
1593 1231 1806 1286 reddam
1832 1232 1973 1303 quod

370 1324 543 1390 iuraui
567 1324 758 1396 (lbid.,
793 1323 852 1398 4)
885 1347 900 1380 ;
933 1325 980 1380 si
1009 1325 1278 1382 voluerint
1307 1334 1528 1398 gentes,
1555 1342 1662 1381 non
1680 1325 1932 1381 crederet
1953 1366 1970 1393 ,

369 1416 470 1472 sed
509 1425 853 1489 exSpectaret
882 1418 1190 1476 fortuitum.
1224 1419 1282 1476 Si
1312 1419 1629 1479 conditione
1661 1433 1797 1490 opus
1840 1429 1925 1472 cst
1953 1460 1970 1484 ,

369 1525 495 1565 cum
526 1513 781 1583 cperario
805 1529 931 1570 esse
954 1513 1118 1570 debet
1143 1555 1159 1584 ,
1190 1529 1297 1570 non
1321 1529 1442 1568 cum
1473 1513 1745 1570 mercede.
1769 1514 1974 1582 Opera-

371 1602 488 1657 rius
516 1605 664 1658 enim
694 1613 881 1674 potest
912 1607 1050 1662 velle
1076 1607 1326 1677 accipere
1357 1617 1448 1661 aut
1471 1607 1618 1662 nolle
1639 1650 1654 1674 ,
1687 1623 1792 1661 non
1825 1622 1970 1660 mcr-

367 1712 464 1750 ces
515 1696 667 1752 reddi
716 1708 808 1753 aut
854 1715 958 1754 non
1005 1699 1183 1756 reddi.
1235 1701 1436 1757 Omnes
1485 1704 1631 1755 enim
1681 1712 1874 1770 gentes
1915 1703 1968 1756 in

2081 484 2193 552 illi,
2225 485 2367 558 quod
2402 486 2546 541 Deus
2575 485 2761 542 voluit.
2795 484 3006 544 Etenim
3037 485 3319 540 voluntate
3353 486 3529 538 malus
3556 494 3636 537 est
3659 524 3673 548 ,

2077 580 2170 650 qui
2194 580 2520 637 necessitate
2549 580 2724 636 bonus
2751 589 2857 635 est.
2888 579 2994 633 Lex
3039 579 3189 650 operi
3225 578 3673 647 ll‘l'lpetlilllt‘lllllm

2075 680 2192 738 est,
2224 687 2328 725 non
2359 672 2644 728 voluntati.
2677 670 2792 726 Non
2821 681 2908 726 est
2950 670 3276 741 conjunctus
3327 670 3470 736 Deo,
3501 673 3592 740 qui
3626 673 3674 728 si

2079 764 2206 819 mali
2228 779 2383 836 poena
2411 779 2517 819 non
2543 775 2686 820 esset
2711 806 2727 830 ,
2755 765 2952 818 malum
2972 773 3308 833 sequeretur.
3343 762 3455 818 Nec
3485 765 3677 818 Volun—

2078 865 2240 912 tatem
2273 856 2365 911 Dei
2409 856 2537 912 facit
2568 897 2584 923 ,
2635 858 2722 927 qui
2775 856 2940 929 gemit
2971 854 3114 921 quod
3146 871 3253 908 non
3283 869 3438 908 suam
3486 855 3674 912 faciat.

2077 953 2192 1008 Non
2241 963 2321 1008 est
2355 951 2703 1017 misericors,
2754 950 2846 1023 qui
2893 951 3050 1006 timet
3091 964 3215 1005 esse
3265 949 3527 1004 crudelis.
3559 950 3674 1006 Sub

2076 1048 2193 1118 lege
2223 1057 2301 1102 est
2322 1089 2336 1114 ,
2369 1061 2556 1103 scrvus
2585 1055 2689 1100 est.
2736 1045 2854 1100 Non
2887 1046 3085 1102 furtum
3125 1045 3238 1101 odit
3268 1085 3283 1110 ,
3315 1044 3412 1100 sed
3457 1057 3669 1113 lienam

2075 1143 2287 1197 metuit.
2335 1140 2570 1201 Furetur
2607 1151 2792 1195 autem
2837 1155 3063 1196 necesse
3104 1147 3218 1208 est,
3277 1155 3570 1209 persuasus
3617 1149 3676 1197 et

2074 1236 2272 1295 victus.
2319 1233 2413 1303 qui
2454 1233 2694 1289 carnalis
2729 1242 2816 1288 est
2845 1234 2946 1287 sub
2989 1233 3192 1287 virtute
3231 1233 3465 1305 peccati,
3498 1231 3673 1301 Spiri-

2077 1339 2188 1383 tum
2219 1328 2313 1382 Dei
2345 1343 2449 1382 non
2475 1327 2704 1382 habens.
2727 1325 2829 1396 Qui
2856 1334 3036 1384 autem
3062 1334 3209 1379 amat
3239 1325 3465 1388 bonum,
3497 1323 3676 1394 imago

2076 1421 2169 1477 Dei
2193 1431 2273 1475 est
2299 1463 2311 1481 .
2347 1419 2452 1476 ﬁde
2494 1419 2772 1474 Dominica
2801 1419 2970 1481 vivit,
3013 1427 3068 1471 et
3093 1420 3255 1472 Intres
3279 1459 3294 1482 ,
3319 1419 3435 1490 jam
3465 1431 3567 1470 non
3594 1426 3672 1472 est

2073 1517 2281 1569 ancilla!
2311 1513 2450 1584 ﬁlius
2471 1511 2614 1588 (Gul.
2639 1528 2692 1567 ιν
2720 1554 2733 1575 ,
2759 1511 2846 1578 50,
2874 1512 2967 1583 51)
2998 1552 3014 1574 ,
3053 1511 3144 1581 qui
3179 1513 3391 1579 accepit
3413 1510 3586 1581 legem
3615 1509 3672 1566 in

2077 1610 2300 1670 timore;
2335 1605 2422 1659 scd
2453 1605 2648 1670 libr-rte,
2687 1605 2983 1660 secundum
3009 1601 3194 1670 Isaac,
3221 1604 3312 1672 qui
3345 1621 3445 1656 non
3474 1605 3674 1673 arrepit

2077 1702 2332 1770 Spiritum
2372 1701 2629 1753 serritn.’is
2680 1701 2731 1753 in
2771 1700 2954 1752 timore
2981 1715 3000 1752 :
3026 1697 3117 1751 sed
3159 1697 3486 1768 adeptionem
3531 1695 3667 1764 ﬁlio-

369 1790 679 1846 mercedem
709 1791 832 1847 ﬁdei
864 1794 1006 1850 datm
1035 1803 1160 1849 sunt
1183 1795 1445 1860 Abrahte,
1471 1797 1612 1852 sicut
1632 1797 1770 1850 Deus
1796 1797 1926 1851 dicit
1951 1815 1964 1852 :
2003 1797 2044 1856 Β
2070 1812 2186 1850 runt
2215 1840 2230 1866 ,
2263 1797 2570 1851 clamantem
2601 1795 2736 1848 Abba
2763 1805 2910 1867 pater
2937 1792 3114 1863 (llont.
3142 1807 3234 1845 vm
3255 1834 3269 1856 ,
3304 1791 3413 1858 lii).
3444 1790 3545 1859 Qui
3579 1791 3667 1844 di-

374 1878 574 1935 Hcrces
603 1892 694 1936 tua
721 1885 884 1940 multa
909 1895 986 1939 est
1030 1884 1205 1960 (Gen.
1235 1903 1326 1955 xv,
1364 1888 1450 1960 ι).
1481 1888 1599 1944 Non
1627 1890 1773 1944 enim
1804 1890 1847 1944 si
1883 1889 1964 1946 lu-

369 1976 476 2030 turi
527 1986 750 2044 essent,
796 1987 851 2034 et
901 1995 1008 2034 non
1060 1979 1183 2056 quia
1239 1981 1402 2036 futuri
1455 1993 1643 2047 erant,
1697 1982 1964 2056 promisit.

368 2066 504 2136 Quia
537 2083 646 2124 non
673 2077 894 2143 propter
918 2070 1080 2128 ﬁdem
1105 2073 1370 2138 Abrahzn,
1399 2073 1600 2145 placuit
1625 2073 1768 2142 Deo,
1791 2074 1968 2129 salvas

370 2161 495 2220 fore
541 2179 737 2221 omnes
786 2177 1025 2238 gentes:
1071 2183 1208 2240 quas
1255 2185 1360 2224 non
1419 2169 1582 2223 modo
1629 2177 1758 2224 ante
1804 2168 1966 2223 ﬁdem

369 2255 630 2326 Abrahae,
647 2261 745 2315 sed
771 2271 905 2317 ante
917 2261 1102 2318 mundi
1115 2263 1564 2320 constitutionem
1582 2261 1844 2335 possedit.
1859 2259 1967 2319 Sed

366 2352 624 2422 quzesivit
651 2351 902 2423 ﬁdelem,
936 2354 1025 2410 cui
1055 2353 1106 2412 id
1133 2354 1397 2421 donaret,
1429 2371 1498 2411 ex
1537 2371 1646 2429 quo
1673 2366 1850 2416 esset,
1878 2355 1966 2407 cui

370 2443 422 2497 id
453 2442 692 2499 futurum
719 2457 1004 2501 statuerat.
1033 2447 1312 2502 Abraham
1341 2464 1475 2516 ergo
1501 2463 1609 2503 non
1645 2446 1698 2508 id
1723 2446 1922 2501 meruit
1947 2487 1964 2512 ,

370 2549 430 2592 ut
454 2547 645 2592 essent
665 2581 679 2604 ,
709 2539 800 2608 qui
833 2539 998 2595 l‘uturi
1029 2551 1225 2607 erant,
1253 2557 1390 2610 quos
1441 2541 1582 2595 Deus
1612 2541 1883 2610 elegerat,
1913 2548 1969 2593 et

367 2630 689 2686 conformes
722 2631 978 2704 imaginis
1002 2633 1098 2687 ﬁlii
1128 2632 1212 2688 sui
1236 2633 1444 2688 futuros
1466 2648 1589 2688 esse
1623 2630 1966 2703 praeviderat.

368 2726 430 2782 In
459 2725 661 2784 Genesi
694 2743 930 2802 namque
963 2729 1032 2786 de
1064 2730 1404 2802 pratscientia
1443 2730 1533 2784 Dei
1564 2743 1756 2783 omnes
1774 2736 1970 2802 gentes

369 2819 607 2876 Abrahze
661 2824 960 2892 promissas
993 2863 1009 2888 ,
1061 2821 1345 2892 Scriptura
1389 2830 1658 2888 testatur,
1711 2821 1898 2876 dicens
1950 2838 1966 2876 :

371 2915 634 2967 Abraham
665 2923 834 2968 autrm
861 2915 994 2986 ﬁcus
1019 2916 1136 2983 ﬁrt,
1168 2925 1215 2968 et
1235 2916 1333 2968 erit
1359 2918 1410 2968 in
1433 2925 1629 2987 genam
1661 2930 1897 2984 magnam
1920 2923 1969 2968 et

370 3007 586 3060 multam
615 3019 658 3061 et
681 3007 1044 3062 benedicentur
1071 3009 1126 3062 in
1158 3025 1218 3062 eo
1245 3026 1418 3062 omnes
1441 3019 1614 3082 gentes
1647 3018 1791 3062 trrm
1808 3007 1962 3078 (Cen.

370 3113 495 3152 xxvr
519 3141 531 3160 .
567 3099 682 3171 16).
713 3099 931 3154 Sciebat
961 3102 1126 3154 etiam
1173 3103 1297 3174 quia
1337 3100 1662 3171 disponcbat
1689 3099 1964 3162 Abraham

2070 1891 2187 1962 ligit
2227 1889 2395 1958 Deum
2419 1931 2431 1949 ,
2464 1906 2569 1942 non
2602 1889 2757 1942 timet
2804 1889 3095 1942 serviliter.
3129 1885 3402 1954 Scriptum
3436 1893 3518 1938 cst
3547 1925 3562 1949 ,
3597 1885 3664 1938 li-

2071 1999 2194 2041 mor
2243 1985 2389 2038 enim
2431 1981 2678 2050 servilis,
2715 1995 2840 2034 cum
2871 1979 2996 2033 odio
3044 1990 3125 2034 cst
3171 1976 3492 2048 disciplinac.
3544 1974 3670 2031 Filii

2071 2087 2252 2132 autem
2279 2089 2402 2132 cum
2438 2076 2648 2130 honore
2679 2074 2865 2144 patris.
2898 2072 3054 2127 Aliud
3087 2083 3168 2127 est
3189 2073 3380 2126 timere
3408 2087 3474 2124 ex
3509 2069 3664 2140 lege,

2070 2170 2212 2225 aliud
2264 2185 2361 2242 pro
2416 2168 2768 2223 veni-ratione
2841 2166 3141 2222 tremenda!
3191 2165 3284 2218 Dei
3340 2161 3668 2234 majcSIatis.

2072 2264 2348 2336 Ejusmodi
2373 2262 2588 2321 similes
2614 2273 2740 2323 sunt
2771 2263 2906 2334 patri
2933 2277 3062 2323 suo.
3093 2260 3185 2331 qui
3215 2260 3268 2313 in
3296 2258 3451 2314 cmlis
3478 2275 3489 2310 :
3516 2271 3667 2311 com-

2070 2358 2352 2415 memorati
2393 2367 2449 2412 et
2479 2358 2623 2411 docti
2651 2365 2835 2413 amant
2861 2355 3065 2411 bonum
3091 2398 3105 2424 ,
3154 2353 3390 2408 oderunt
3436 2351 3662 2406 malum.

2068 2450 2199 2507 Sine
2223 2451 2342 2523 lege
2372 2463 2496 2507 sunt
2524 2493 2538 2510 .
2562 2449 2719 2504 liberi
2750 2459 2869 2502 sunt
2905 2491 2919 2513 ,
2951 2448 3051 2518 ipsi
3077 2447 3326 2520 promissi
3355 2453 3482 2498 sunt
3508 2461 3520 2496 :
3554 2457 3664 2497 non

2073 2543 2175 2616 ipsi
2201 2544 2399 2598 dicitur
2428 2563 2441 2598 :
2477 2543 2536 2597 Si
2565 2559 2643 2605 me
2671 2542 2970 2607 audieritis,
2998 2548 3177 2612 potest
3201 2539 3401 2594 etenim
3432 2537 3620 2593 audire
3646 2553 3662 2591 :

2072 2636 2328 2710 numquid
2382 2636 2674 2693 conveniet
2725 2636 2775 2689 in
2820 2651 2978 2698 cum,
3026 2648 3186 2704 quem
3231 2632 3373 2686 Deus
3419 2630 3661 2686 nondum

2072 2729 2322 2801 praevidit
2366 2731 2717 2786 auditurum?
2772 2727 2840 2782 Et
2883 2727 3016 2797 justi
3061 2725 3318 2797 quidem,
3353 2741 3478 2796 quos
3524 2723 3663 2779 Deus

2070 2823 2296 2896 prtcsciit
2313 2823 2330 2894 (
2348 2822 2512 2885 lbid.,
2536 2821 2654 2887 9.9),
2674 2829 2804 2873 sunt
2827 2821 2877 2875 in
2905 2824 3004 2880 ista
3029 2819 3168 2891 lcgc.
3187 2817 3392 2870 Dicitur
3414 2825 3469 2868 et
3495 2816 3658 2884 ipsis:

2069 2919 2114 2972 si
2138 2935 2218 2970 me
2245 2916 2538 2980 audieritis;
2566 2915 2661 2968 sed
2683 2915 2783 2968 alia
2813 2928 2998 2976 eausa,
3034 2927 3138 2966 non
3158 2912 3280 2982 quia
3305 2920 3529 2982 possunt
3554 2922 3663 2963 non

2069 3013 2260 3066 audire
2290 3027 2302 3062 :
2335 3009 2431 3063 scd
2465 3019 2522 3062 ut
2566 3023 2781 3077 semper
2824 3004 3046 3060 solliciti
3075 3005 3185 3059 sint
3207 3019 3317 3057 sum
3361 3003 3573 3060 salutis.
3605 3009 3662 3056 ct

2070 3103 2206 3159 ccrti
2236 3104 2420 3159 exitus
2445 3101 2549 3156 sui.
2586 3101 2699 3154 Non
2729 3100 2874 3154 enim
2911 3112 3142 3153 securus
3175 3107 3258 3150 cst
3291 3097 3666 3165 unusquisque

367 3192 496 3246 liliis
514 3192 630 3246 suis
652 3233 669 3258 ,
702 3200 757 3245 et
782 3192 966 3246 domui
998 3206 1113 3246 sua:
1138 3204 1252 3260 post
1287 3206 1348 3247 se
1373 3233 1386 3256 ,
1425 3203 1481 3248 ut
1512 3191 1820 3254 custodiuit
1853 3192 1965 3246 vias
1992 3191 2034 3252 C
2069 3213 2132 3254 cx
2167 3212 2393 3252 numero
2414 3212 2473 3250 se
2502 3210 2624 3250 e~se
2657 3193 3033 3264 [ll‘ll‘St‘ilttrllm
3063 3234 3076 3255 ,
3111 3191 3376 3257 Apostolo
3408 3191 3662 3244 dicente:

367 3284 623 3352 Domini,
657 3286 834 3340 lacere
857 3285 1125 3356 justitiam
1150 3285 1486 3352 etjudieinm
1508 3327 1522 3351 ,
1548 3294 1608 3338 ut
1635 3283 1964 3355 superducat

364 3380 510 3436 Deus
542 3381 593 3435 in
630 3381 904 3436 Abraham
932 3396 1294 3454 qu:rcumque
1331 3380 1544 3436 locutus
1573 3390 1658 3433 cst
1699 3380 1765 3434 ad
1810 3395 1954 3433 eum.

361 3472 672 3529 [uenimus
697 3483 879 3530 autem
920 3485 975 3528 et
1014 3473 1390 3541 conditiones,
1425 3484 1516 3530 ut:
1552 3475 1612 3530 Si
1657 3492 1737 3526 me
1775 3476 1959 3533 (iudico

358 3568 474 3622 ritis
501 3610 516 3634 ,
549 3579 597 3622 ct
627 3566 908 3625 volueritis.
938 3568 1046 3624 Ubi
1079 3571 1421 3643 prtescicntia
1453 3569 1547 3624 Dei
1574 3613 1586 3631 .
1615 3569 1702 3625 tibi
1735 3570 1963 3626 ﬁrmitas

358 3665 743 3738 promissionis
817 3666 869 3720 in
928 3664 1246 3733 huiusmodi
1301 3665 1748 3724 conditionibus?
1815 3667 1960 3723 Dixit

356 3763 526 3817 etiam
559 3763 878 3838 Apostolus,
915 3771 1207 3834 propterea
1234 3778 1300 3818 ex
1333 3763 1458 3828 lide,
1487 3773 1540 3819 et
1572 3780 1678 3816 non
1709 3780 1772 3816 ex
1803 3763 1953 3833 lege,

353 3855 542 3909 datam
573 3869 695 3911 esse
721 3855 1184 3926 promissionem,
1215 3865 1271 3910 ut
1315 3856 1468 3926 ﬁrma
1510 3866 1639 3912 esset
1681 3858 1956 3926 promissio

352 3945 533 4020 (Rom.
561 3962 643 4013 tv,
672 3943 781 4018 Ιϐ).
811 3943 940 4012 Leto,
975 3947 1176 4018 inquit,
1210 3947 1346 4000 iram
1373 3962 1655 4021 aperatur;
1689 3947 1774 4001 ubi
1799 3948 1955 4001 etiam

350 4058 458 4098 non
478 4052 556 4098 est
575 4042 660 4098 lex
679 4081 698 4109 ,
731 4057 892 4114 neque
920 4043 1259 4116 transgressio
1290 4038 1486 4111 (Ibid,
1510 4042 1626 4113 15).
1655 4041 1953 4110 Propterea

350 4150 419 4192 ex
453 4135 558 4191 ﬁde
589 4144 650 4190 ut
677 4133 976 4190 secundum
1021 4135 1256 4204 gratiam
1306 4135 1458 4203 ﬁrma
1500 4146 1633 4189 esset
1679 4134 1954 4208 promissio

350 4233 493 4288 omni
521 4233 722 4288 semini.
757 4232 925 4290 ltecte
951 4275 966 4301 ,
989 4244 1046 4286 ιιι
1073 4231 1226 4304 [irata
1251 4241 1382 4286 esset
1413 4231 1706 4300 promissio.
1737 4229 1954 4298 Adjecit

349 4327 496 4383 enim
521 4366 540 4394 ,
581 4326 874 4380 conditione
912 4334 1116 4379 nonest
1153 4323 1328 4396 ﬁrma.
1359 4321 1508 4378 Satis
1534 4325 1684 4378 enim
1727 4323 1949 4380 stultum

346 4431 435 4476 est
461 4419 715 4484 credere,
751 4419 806 4473 in
851 4425 1024 4473 totum
1068 4431 1270 4490 corpus
1318 4416 1642 4480 convenire,
1676 4413 1820 4486 quod
1866 4414 1952 4470 bi-

345 4513 552 4586 partito
577 4510 795 4582 corpori
823 4510 1043 4566 dicitur.
1093 4509 1245 4563 Absit
1275 4517 1329 4565 ut
1363 4509 1449 4564 his
1478 4507 1623 4563 dicat
1666 4508 1806 4563 Deus
1838 4525 1852 4561 :
1885 4507 1948 4564 Si

2070 3291 2154 3346 Ne
2184 3292 2292 3361 ipse
2336 3289 2584 3355 reprobus
2605 3289 2728 3358 [iam
2760 3287 2802 3358 (l
2846 3285 2967 3340 Cor.
3014 3301 3094 3348 ιιι,
3127 3284 3244 3354 27).
3277 3282 3392 3338 Non
3421 3293 3501 3336 cst
3528 3295 3660 3350 ergo

2067 3385 2177 3441 illis
2203 3425 2218 3448 ,
2251 3385 2345 3437 irze
2376 3382 2648 3449 operalrix
2695 3380 2794 3437 ista
2825 3381 2939 3444 lex,
2972 3377 3069 3432 sed
3119 3376 3243 3431 ﬁdei
3294 3374 3613 3430 exercitium
3641 3413 3661 3442 ,

2064 3498 2172 3551 quo
2197 3479 2400 3552 jugitcr
2434 3479 2524 3532 Dei
2547 3482 2775 3544 gratiam
2799 3482 3046 3549 qmeraut
3069 3471 3376 3526 laborantes
3403 3509 3419 3534 ,
3446 3477 3505 3522 ut
3538 3483 3660 3540 per-

2065 3573 2273 3634 liciatttr
2293 3571 2436 3645 quod
2472 3574 2525 3625 in
2560 3570 2668 3623 illis
2701 3569 2842 3625 Dens
2869 3566 3118 3638 pra-vidit
3146 3607 3160 3628 ,
3188 3574 3241 3618 cl
3277 3564 3344 3617 de
3377 3562 3546 3616 libero
3569 3577 3659 3616 ar-

2065 3667 2224 3721 bitrio
2256 3667 2456 3724 fuerint
2482 3667 2533 3718 iit
2559 3665 2726 3719 vitam
2745 3659 3017 3719 destinati.
3043 3656 3190 3710 Alias
3220 3653 3552 3725 itnpossilaiYc
3575 3661 3661 3708 cst

2062 3776 2166 3814 non
2197 3757 2386 3814 audire
2432 3773 2588 3821 cum,
2633 3771 2793 3824 quem
2828 3753 2974 3808 Deus
3018 3751 3328 3806 auditurum
3372 3747 3655 3820 przcvidit,

2060 3855 2312 3928 promisit
2341 3897 2358 3921 ,
2382 3855 2605 3924 iuravit.
2636 3851 2694 3908 lu
2721 3869 2882 3922 quam
2913 3863 3043 3903 vero
3077 3858 3286 3918 partem
3321 3847 3402 3901 lex
3438 3846 3656 3914 proprie

2055 3949 2382 4012 Conveniat,
2431 3948 2556 4001 licet
2607 3946 2697 4000 uni
2751 3944 2914 3999 detur
2965 3942 3220 4014 corpori,
3279 3939 3541 3993 Dominus
3599 3938 3652 3993 in

2059 4041 2347 4114 Evangelia
2376 4039 2622 4098 declarat
2648 4079 2661 4102 ,
2680 4038 2870 4093 dicens
2897 4033 3210 4108 Apostolis:
3255 4033 3318 4088 Si
3339 4033 3446 4086 Iure
3474 4032 3615 4086 scitis
3633 4070 3651 4098 ,

2053 4137 2182 4196 beati
2211 4136 2334 4190 estis
2374 4135 2418 4188 si
2440 4134 2662 4201 feceritis
2689 4149 2768 4186 ca.
2814 4129 2936 4183 Non
2975 4131 3038 4182 de
3064 4129 3300 4182 erunibus
3322 4127 3438 4180 dico
3461 4125 3597 4179 vobis
3630 4139 3652 4180 :

2053 4229 2169 4303 Ego
2189 4231 2330 4298 scio,
2353 4246 2480 4301 quos
2502 4226 2631 4300 elegi
2653 4224 2838 4301 (Joan.
2870 4239 2995 4287 xui,
3029 4223 3116 4287 l7,
3162 4220 3274 4290 18).
3309 4220 3492 4289 Magna
3522 4219 3652 4274 bre-

2051 4328 2189 4383 vitas
2212 4322 2549 4381 ostendentis
2577 4336 2740 4376 unum
2765 4330 2961 4384 corpus
2979 4328 3032 4370 et
3057 4313 3386 4382 separantis.
3414 4311 3472 4368 Si
3500 4311 3646 4367 enim

2050 4418 2256 4472 diceret
2291 4433 2306 4474 :
2340 4415 2454 4471 Non
2504 4412 2574 4469 de
2617 4411 2868 4470 omnibus
2896 4408 3050 4462 vobis
3084 4407 3205 4460 dico
3237 4421 3252 4474 ;
3283 4412 3410 4468 aut.
3441 4417 3548 4458 non
3581 4401 3654 4458 de

2050 4507 2307 4565 omnibus
2335 4505 2461 4562 dico
2484 4547 2498 4568 ,
2551 4522 2655 4559 non
2697 4501 3015 4557 ostenderet
3044 4515 3209 4553 nmtm
3244 4511 3462 4568 Corpus.
3493 4495 3652 4551 Nunc

345 4583 427 4663 ine
443 4605 717 4662 audieritis
734 4646 748 4670 ,
768 4619 905 4675 quos
926 4602 1136 4660 sciebat
1154 4601 1437 4657 audituros
1455 4643 1470 4670 ,
1495 4617 1634 4673 quos
1655 4611 1946 4673 antequam
1974 4583 2028 4644 Ῑ)
2053 4612 2235 4660 autem
2263 4616 2364 4654 non
2392 4599 2457 4651 de
2484 4595 2718 4651 omnibus
2739 4595 2856 4648 diro
2899 4609 2918 4647 :
2957 4591 3195 4646 ostendit
3225 4591 3350 4660 quia
3383 4599 3435 4643 et
3465 4588 3508 4642 si
3541 4603 3648 4642 non

341 4697 587 4766 faceret,
634 4705 860 4755 noverat
918 4697 973 4752 in
1022 4695 1262 4768 imagine
1319 4693 1416 4753 Dei
1469 4704 1950 4765 perseveraturos,

338 4811 482 4868 quos
508 4803 567 4850 ct
595 4793 862 4864 promisit.
898 4789 1016 4846 Non
1044 4788 1279 4844 estdata
1311 4787 1590 4851 conditio.
1625 4787 1677 4842 id
1709 4797 1794 4844 est
1824 4789 1910 4843 ιρι
1931 4830 1947 4854 ,

341 4891 448 4948 nisi
480 4889 662 4961 impiis
690 4899 744 4944 et
775 4886 1157 4965 peccatoribus
1189 4901 1201 4940 :
1231 4896 1287 4940 ut
1316 4893 1412 4940 aut
1441 4885 1507 4939 ad
1539 4885 1772 4956 gratiam
1815 4901 1947 4942 eon-

339 4986 552 5058 fugiant
580 5027 597 5057 ,
625 4993 718 5039 aut
750 4983 952 5053 justius
997 4980 1289 5052 puniantur
1315 5021 1330 5043 ,
1363 4980 1408 5033 si
1453 4981 1660 5038 irritam
1694 4979 1943 5035 fecerint.

342 5079 414 5136 Ut
438 5078 569 5149 quid
598 5077 680 5132 lex
711 5076 776 5129 ad
807 5078 1018 5146 justus,
1049 5073 1247 5144 quibus
1266 5072 1350 5127 lex
1374 5089 1479 5126 non
1505 5081 1587 5126 cst
1611 5072 1784 5143 posita
1813 5115 1826 5137 ,
1852 5073 1942 5144 qui

337 5171 584 5246 propitio
613 5170 724 5226 Deo
749 5170 921 5239 legem
965 5168 1088 5224 sine
1117 5167 1238 5242 lege
1265 5166 1511 5232 faciunt,
1543 5167 1632 5240 qui
1663 5169 1938 5236 serviunt,

335 5265 467 5340 quid
513 5263 581 5318 ad
633 5264 926 5335 imaginem
957 5270 1014 5316 et
1059 5260 1471 5316 similitudinem
1519 5262 1611 5315 l‘wi
1645 5271 1699 5316 ct
1738 5261 1938 5318 Christi

334 5359 559 5425 vivunt,
591 5357 682 5429 qui
710 5356 952 5412 volentes
980 5396 995 5420 ,
1027 5354 1153 5410 honi
1185 5354 1355 5407 sunt?
1385 5355 1486 5422 Qui
1516 5358 1658 5408 cnim
1687 5356 1790 5410 sub
1822 5357 1939 5428 lege

337 5462 420 5508 est
447 5492 464 5516 ,
495 5460 642 5503 metu
672 5449 899 5512 martis,
928 5459 1034 5501 non
1067 5454 1152 5499 est
1181 5445 1330 5509 talis,
1359 5446 1696 5511 misericors,
1727 5463 1830 5501 non
1854 5456 1942 5503 cst

331 5544 513 5613 imago
539 5541 654 5597 Dei.
686 5539 953 5612 Displicet
975 5537 1054 5594 illi
1086 5537 1171 5594 lex
1197 5537 1322 5593 :sed
1351 5539 1503 5594 timet
1524 5539 1805 5597 ultricem.
1837 5555 1940 5597 nec

335 5634 605 5706 perlicere
634 5642 844 5704 poteSt;
876 5631 1021 5702 quod
1052 5644 1159 5685 non
1193 5639 1344 5695 voto,
1370 5630 1466 5685 sed
1492 5633 1818 5686 necessitate
1859 5631 1939 5686 fa-

333 5729 590 5785 ciendum
624 5735 797 5798 putat.
828 5723 1102 5781 Tradatur
1142 5738 1367 5780 necesse
1407 5732 1491 5780 est
1513 5766 1527 5786 .
1561 5727 1795 5796 propria:
1839 5741 1934 5780 vo-

334 5821 562 5886 luntati;
627 5828 688 5875 ut
743 5817 996 5876 voluntas
1047 5816 1290 5888 profecto
1345 5818 1628 5892 przcmium
1670 5819 1933 5892 recipiat,

2050 4697 2120 4751 de
2148 4694 2422 4756 omnibus,
2455 4691 2525 4747 de
2551 4690 2662 4745 illis
2708 4699 2890 4743 tamen
2940 4686 3097 4740 dixit.
3131 4687 3282 4738 Sicut
3308 4683 3429 4755 quis
3458 4685 3597 4738 dicat
3628 4724 3646 4750 ,

2049 4803 2159 4842 non
2185 4786 2255 4842 de
2286 4794 2399 4842 toto
2431 4792 2482 4838 te
2508 4783 2618 4837 dixi
2645 4824 2660 4849 ,
2691 4779 2802 4835 duo
2835 4780 2978 4834 enim
3018 4791 3246 4845 corpora
3295 4777 3457 4828 mixta
3497 4783 3647 4842 sntit,

2048 4881 2193 4936 velut
2223 4892 2410 4942 unum,
2441 4885 2495 4931 et
2541 4876 2594 4928 in
2626 4886 2946 4936 commune,
2974 4885 3138 4924 unum
3169 4885 3367 4940 corpus
3396 4867 3648 4922 laudatur

2047 4983 2141 5029 aut
2167 4974 2494 5044 increpatur.
2531 4969 2683 5026 SECIH
2716 4969 2768 5021 in
2801 4965 3013 5029 Exodo,
3047 4980 3170 5018 cum
3204 4963 3420 5032 quidam
3453 4975 3644 5016 cutura

2047 5069 2272 5121 vetitum
2298 5111 2312 5133 ,
2342 5063 2593 5120 Salibatis
2639 5062 2837 5116 (exisstti
2871 5070 2926 5111 ιιι
2965 5071 3165 5111 mantia
3217 5059 3500 5125 colligeret
3528 5095 3540 5117 ,
3571 5055 3649 5110 ait

2046 5163 2189 5217 Deus
2219 5160 2384 5232 Moysi
2416 5175 2433 5212 ;
2469 5159 2746 5225 Quousque
2777 5171 2879 5208 non
2910 5152 3060 5208 vultis
3091 5151 3272 5202 nndirc
3297 5149 3454 5222 lcgcm
3481 5165 3642 5202 uicani

2049 5253 2244 5328 (lt'a'od.
2283 5267 2392 5316 xvi,
2425 5250 2552 5316 1'0)?
2578 5265 2700 5300 cum
2736 5247 2951 5315 Moyses
2983 5258 3202 5311 semper
3233 5239 3646 5308 andirtit.Quttl

2045 5349 2112 5403 de
2142 5349 2229 5403 illa
2257 5347 2372 5415 lege
2396 5345 2645 5408 dicimus,
2680 5357 2798 5410 quae
2831 5350 3018 5409 aperte
3051 5337 3398 5406 promissioni
3432 5336 3645 5390 videtur

2042 5442 2296 5497 adversa?
2316 5439 2586 5507 Scriptum
2612 5447 2690 5493 est
2722 5437 2954 5490 iulsaia:
2983 5436 3041 5489 Si
3061 5450 3135 5486 me
3165 5433 3413 5493 audisses,
3445 5429 3636 5498 Israel,

2041 5545 2172 5590 esset
2197 5535 2329 5588 sicut
2354 5548 2510 5587 arena
2545 5533 2701 5585 maris
2723 5544 2966 5584 numerus
2995 5536 3109 5579 tuus
3131 5523 3269 5596 (lsa.
3292 5539 3452 5578 λιιι-ιιι
3479 5565 3494 5584 .
3523 5524 3638 5594 18).

2045 5629 2189 5683 Ecce
2235 5629 2548 5694 increpatur
2579 5623 2782 5689 lsracl,
2828 5621 2968 5694 quod
3001 5621 3130 5674 vitio
3170 5634 3269 5672 suo
3320 5633 3423 5670 non
3479 5616 3646 5671 lin-rit

2044 5721 2218 5778 factus
2239 5725 2557 5776 sicutarcna
2589 5719 2774 5774 matis.
2803 5716 3061 5787 Superest
3090 5712 3418 5779 intelligere,
3447 5708 3570 5780 quia
3591 5709 3636 5762 si

2043 5831 2260 5889 semper
2313 5830 2418 5871 non
2447 5814 2722 5882 audierit,
2765 5827 2984 5884 semper
3017 5825 3074 5866 ea
3089 5809 3244 5870 ianus
3273 5808 3395 5864 erit.
3429 5805 3497 5859 Et
3540 5804 3630 5867 ubi
