4180 6460
582 291 647 347 at
1974 287 2271 345 'l‘lCthNll
2313 291 2473 348 AFBI
3816 301 3891 358 δέ

585 409 810 465 firmitas
839 406 1259 479 promissionum
1284 406 1308 458 t
1332 405 1441 463 Sed
1472 405 1576 461 hoc
1607 404 1666 461 flt
1693 448 1707 471 ,
1742 407 1865 477 quia
1900 407 2053 478 prius
2078 422 2181 464 νο·
2208 411 2262 472 Α
2284 407 2553 465 Iudicium
2604 410 2818 466 Domini
2869 414 2939 467 ad
2967 412 3192 480 Iudam,
3250 426 3303 469 ut
3334 416 3553 471 uindicet
3599 418 3654 472 in
3682 417 3847 474 Iacob
3873 462 3891 489 ,

585 503 767 559 lumus
820 501 1165 573 intelligere,
1204 517 1366 573 quam
1416 500 1644 557 credere
1678 510 1738 556 et
1782 500 1942 557 fidem
1987 503 2181 558 rationi

582 598 881 669 sitltjieere.
915 596 973 653 Si
1018 605 1202 652 autem
1234 594 1525 651 credamus
1560 593 1877 650 omnimodo
1906 595 1979 649 ita
2024 594 2139 651 ﬁeri
2169 639 2183 664 ,

583 702 641 747 ut
674 694 813 747 Deus
846 691 1084 761 juravit,
1113 690 1265 746 dabit
1306 690 1573 745 rationem
1609 687 1765 743 fides.
1800 688 1974 756 Quam
2025 689 2185 759 perfi-

584 787 712 842 dum
733 796 819 842 est
850 786 1060 841 ratione
1086 800 1333 857 quzrrere
1353 828 1369 848 ,
1397 796 1449 840 et
1483 783 1839 853 intelligimus
1872 783 2186 840 firmitatem

584 879 849 949 majorem
886 892 1008 932 esse
1050 876 1517 948 promissionum,
1554 891 1715 945 quam
1759 885 2010 948 putamus
2040 877 2188 932 infir-

585 975 852 1029 mitatem.
885 972 1156 1028 Hocenim
1187 972 1391 1025 dictum
1426 989 1439 1025 :
1466 972 1526 1026 Si
1554 971 1780 1025 audisset
1812 969 2011 1036 Israel,
2040 986 2191 1026 cont-

586 1051 913 1124 memoratio
958 1078 1044 1123 est
1065 1065 1294 1136 justiti-ac
1324 1065 1455 1130 Dei,
1482 1075 1537 1120 et
1566 1066 1913 1121 confirmatio
1960 1065 2189 1135 promis-

586 1164 823 1225 sionum,
843 1160 1206 1231 dispositione
1238 1160 1329 1214 Dei
1354 1160 1616 1231 quosdam
1639 1157 1812 1214 factos
1835 1157 1902 1213 ad
1936 1167 2189 1225 mortem,

587 1258 852 1328 quosdam
906 1272 1033 1311 vero
1073 1255 1140 1310 ad
1189 1255 1380 1310 vitam.
1441 1253 1775 1325 Propterea,
1823 1254 2193 1325 praisentibus

589 1352 756 1416 dixit,
806 1349 870 1405 Si
904 1367 983 1405 nte
1018 1350 1295 1405 audissetis
1327 1365 1345 1404 :
1384 1359 1442 1403 ιιι
1467 1347 1819 1404 manifestum
1845 1348 2029 1415 fieret,
2067 1348 2193 1419 quia

587 1459 727 1517 quos
753 1444 1048 1515 promisit,
1085 1453 1145 1500 ut
1187 1459 1410 1499 arenam
1444 1442 1657 1498 futuros
1678 1485 1692 1508 ,
1734 1442 1860 1498 ideo
1901 1442 2154 1512 promisit
2176 1482 2192 1509 ,

590 1543 716 1611 quia
747 1540 997 1611 praevidit
1028 1540 1333 1595 audituros.
1362 1538 1507 1595 Ante
1532 1537 1820 1594 Dominum
1837 1538 1982 1594 enim
2009 1536 2197 1593 Chris-

592 1642 728 1699 tum,
762 1649 883 1689 cum
919 1634 1024 1690 hoc
1063 1634 1266 1690 dictum
1321 1643 1436 1698 est,
1466 1642 1493 1671 ³
1548 1649 1826 1705 numquam
1878 1632 1977 1689 fttit
2024 1649 2197 1689 semen

591 1724 832 1789 Abrahae.
868 1729 994 1781 sicut
1021 1743 1180 1782 arena
1212 1728 1417 1781 maris?
1453 1725 1607 1794 Quod
1639 1726 1875 1797 probare
1900 1724 2056 1781 facile
2087 1735 2193 1780 est.

2286 504 2568 558 secundum
2600 506 2706 559 vias
2735 508 2866 578 ejus,
2902 516 2948 560 et
2974 509 3255 561 secundum
3295 508 3472 564 studia
3500 514 3612 585 ejus
3645 514 3897 567 retribuet

2287 598 2334 650 ei
2358 596 2506 667 (Ose.
2544 613 2636 659 ιιιι,
2674 596 2735 667 2)
2770 616 2781 648 :
2817 599 2938 668 quia
2973 600 3023 653 in
3057 609 3214 654 utero
3252 602 3627 670 supplantavit
3668 604 3892 661 fratrem

2290 702 2446 746 suum
2472 733 2488 758 ,
2536 698 2593 746 et
2637 692 2688 745 in
2724 691 3002 748 laboribus
3034 695 3148 748 suis
3196 694 3431 750 invaluit
3468 696 3535 751 ad
3579 697 3749 753 Deum
3774 743 3789 766 ,
3838 709 3897 755 et

2292 786 2517 841 invaluit
2545 802 2666 841 cum
2708 787 2907 857 angelo
2940 829 2953 849 .
2992 798 3184 857 potens
3215 787 3391 844 factus
3424 800 3508 845 est
3551 789 3703 859 (Gen.
3745 808 3896 861 xxv,

2290 880 2396 946 25;
2432 880 2579 934 Rom.
2610 896 2660 935 ιι
2692 924 2705 946 ,
2736 879 2844 952 l0).
2879 881 2936 937 Si
2968 892 3145 938 autem
3169 893 3410 948 Constat,
3446 883 3500 941 in
3531 885 3702 943 Iacob
3726 888 3898 943 dilec—

2294 980 2405 1027 tmn
2436 987 2856 1028 consummasse
2883 1016 2897 1039 ,
2933 989 3038 1030 non
3086 987 3173 1033 est
3202 978 3345 1035 idem
3390 981 3479 1051 qui
3524 981 3577 1035 in
3612 980 3896 1036 laboribus

2295 1069 2521 1125 invaluit
2552 1068 2615 1123 ad
2646 1068 2814 1122 Dt-um
2848 1079 2903 1125 et
2952 1075 3332 1141 supplantator
3357 1116 3372 1141 ,
3420 1074 3515 1129 sed
3548 1074 3659 1129 duo
3688 1074 3741 1129 itt
3787 1091 3896 1130 uno

2295 1178 2547 1233 corpore.
2592 1162 2785 1231 Figura
2825 1172 2909 1217 est
2938 1167 3082 1221 enim
3113 1166 3348 1235 duplicis
3379 1169 3607 1223 seminis
3637 1167 3894 1234 Abraltm,

2296 1256 2347 1311 id
2396 1266 2481 1311 est
2523 1256 2753 1313 duorum
2791 1260 3113 1328 populorum
3148 1260 3200 1314 iu
3235 1276 3345 1315 uno
3382 1269 3543 1316 utero
3572 1260 3762 1316 matris
3795 1261 3898 1317 Ec-

2296 1350 2474 1406 clesia:
2506 1352 2848 1408 luctantium.
2900 1351 3049 1408 Unus
3088 1363 3171 1407 est
3196 1398 3210 1418 ,
3241 1354 3537 1409 secundum
3571 1354 3896 1410 electionem

2296 1444 2364 1499 de
2407 1447 2749 1512 priescientia
2781 1445 3012 1501 dilectus
3066 1464 3080 1502 :
3129 1446 3284 1503 Alter
3322 1448 3592 1503 electione
3638 1462 3752 1503 suae
3797 1462 3899 1503 vo-

2299 1536 2550 1601 luntatis,
2583 1539 2821 1611 iniquus.
2854 1538 3026 1595 Iacob
3046 1550 3227 1594 autem
3260 1549 3314 1595 et
3345 1541 3487 1596 Esau
3512 1584 3527 1607 ,
3558 1539 3611 1595 in
3641 1556 3751 1596 uno
3772 1549 3903 1597 sunt

2299 1644 2561 1703 corpore,
2609 1649 2674 1688 ex
2718 1649 2825 1688 uno
2868 1636 3094 1690 semine.
3152 1634 3259 1691 Sed
3301 1636 3446 1705 quod
3479 1636 3761 1707 perspicue
3790 1636 3903 1691 duo

2302 1727 2569 1794 procreati
2604 1738 2728 1783 sunt
2758 1746 2771 1782 :
2804 1730 3055 1785 ostensio
3083 1738 3167 1785 est
3197 1731 3426 1785 duorum
3459 1731 3799 1801 populorum.
3830 1730 3902 1787 Et

593 1817 840 1876 Primum
866 1862 882 1887 ,
916 1823 1042 1893 quia
1090 1823 1143 1876 in
1177 1820 1392 1877 Christo
1421 1822 1673 1892 promisit
1719 1822 1862 1878 hanc
1889 1820 2197 1876 moltitudi-
2232 1819 2275 1879 Β
2306 1835 2372 1876 ne
2403 1822 2524 1891 quis
2568 1833 2821 1895 putaret,
2854 1825 2929 1880 ita
2964 1828 3250 1896 perspicue
3300 1826 3417 1881 fore
3448 1836 3733 1895 separatos
3763 1827 3904 1881 duos

596 1932 721 1971 nem
748 1934 760 1969 :
796 1914 921 1971 Non
938 1916 995 1970 in
1032 1916 1310 1971 seminibus
1338 1916 1556 1987 quasiin
1588 1917 1765 1971 multis
1798 1960 1812 1980 ,
1842 1916 1934 1971 sed
1961 1918 2111 1988 quasi
2147 1916 2203 1970 in

599 2026 701 2065 uno
722 2051 739 2078 ,
775 2019 822 2064 et
867 2010 1048 2064 semini
1089 2018 1204 2073 tuo,
1231 2008 1370 2079 quod
1396 2017 1473 2063 est
1499 2006 1735 2064 Christus
1777 2005 1922 2078 (Gal.
1954 2022 2013 2063 ιιι
2040 2050 2054 2074 ,
2086 2006 2198 2076 l6).

596 2105 808 2159 Deinde
835 2144 853 2171 ,
907 2103 1034 2175 quia
1086 2116 1278 2157 omnes
1314 2114 1509 2172 gentes
1560 2101 1859 2172 promisit,
1901 2100 2047 2171 quod
2077 2110 2205 2155 ante

602 2194 867 2252 Christum
914 2196 1032 2252 fieri
1058 2211 1166 2252 non
1216 2197 1408 2266 potuit.
1442 2194 1511 2251 Et
1536 2196 1582 2250 si
1625 2194 1726 2250 fuit
1756 2204 1884 2249 ante
1912 2194 2205 2249 Dominum

603 2307 865 2348 numerus
892 2292 1121 2346 filiorum
1152 2290 1320 2346 Israel
1352 2291 1496 2346 sicut
1521 2304 1684 2347 arena
1719 2290 1887 2344 maris
1916 2306 1929 2342 :
1960 2288 2055 2345 sed
2083 2303 2204 2343 cum

602 2385 754 2440 falsis
784 2385 1073 2451 fratribus,
1102 2383 1198 2455 qui
1219 2400 1329 2440 non
1352 2395 1479 2439 sunt
1502 2383 1597 2438 lilii
1619 2383 1876 2439 Abrahae.
1895 2381 2013 2437 Non
2035 2382 2205 2448 enim,

601 2481 728 2552 quia
758 2494 949 2535 omnes
991 2495 1058 2535 ex
1098 2478 1378 2535 Abraham
1409 2520 1426 2547 ,
1465 2492 1661 2534 omnes
1698 2476 1795 2533 filii
1819 2476 2082 2542 Abrahae;
2115 2488 2208 2531 aut

602 2575 729 2645 quia
762 2573 926 2628 Israel
951 2616 965 2638 ,
1001 2587 1194 2629 omnes
1222 2572 1413 2628 lsrael.
1445 2572 1599 2629 Sicut
1627 2569 1961 2640 Apostolus,
1995 2585 2116 2624 cunt
2147 2586 2209 2625 se

608 2666 891 2721 Anathetna
918 2674 1246 2738 optaretesse
1265 2684 1361 2739 pro
1377 2663 1544 2720 Israel
1561 2662 1737 2737 (Rom.
1763 2677 1838 2728 ιι,
1867 2662 1950 2730 5),
1979 2676 2207 2732 quorum

608 2772 755 2817 esset
782 2762 1015 2815 filiorum
1045 2761 1274 2829 adoptio
1313 2769 1370 2815 et
1400 2768 1726 2815 testamenta
1756 2799 1770 2821 ,
1800 2756 2077 2822 ostendit,
2102 2770 2208 2810 non

608 2870 733 2911 esse
759 2856 1066 2926 cujttsntodi
1096 2856 1241 2911 tilios
1264 2854 1503 2910 Abraha:
1523 2895 1538 2921 ,
1568 2855 1662 2909 sed
1699 2853 1768 2909 de
1796 2856 1991 2911 affectu
2021 2866 2211 2908 carna-

613 2948 680 3004 lis
710 2947 1131 3004 necessitudinis
1158 2948 1374 3015 dolere,
1408 2948 1554 3020 quod
1588 2963 1652 3003 ex
1683 2950 1803 3019 ipso
1835 2963 2068 3004 numero
2103 2963 2208 3020 non

611 3052 814 3099 essent.
854 3043 968 3098 Non
993 3044 1134 3110 quod
1164 3044 1460 3113 promissio
1495 3041 1587 3099 Dei
1615 3043 1954 3109 excidisset,
1988 3019 2209 3097 dicens-1

616 3136 742 3193 Non
773 3152 941 3193 tamen
970 3138 1161 3194 excidit
1190 3155 1358 3193 sermo
1393 3136 1521 3201 Dei,
1572 3155 1673 3192 non
1705 3137 1839 3192 enim
1876 3152 2052 3191 omnes
2076 3177 2091 3201 ,
2124 3136 2213 3207 qui

2308 1913 2537 1983 populos
2568 1932 2580 1965 :
2614 1926 2893 1971 ostensum
2926 1928 3005 1972 est
3035 1960 3050 1984 ,
3093 1917 3286 1972 ambos
3319 1919 3369 1971 in
3398 1932 3506 1972 uno
3549 1932 3776 1987 corpore
3820 1915 3903 1970 fit-

2307 2014 2454 2060 turos
2516 2007 2570 2061 in
2599 2007 2773 2064 Iacob
2794 2052 2810 2074 ,
2841 2012 2931 2081 qui
2962 2020 3017 2064 et
3044 2008 3278 2066 dilectus
3310 2019 3534 2065 vocatus
3561 2018 3681 2073 est.
3712 2019 3765 2066 et
3797 2008 3906 2065 fra-r

2304 2102 2407 2155 tris
2432 2101 2809 2172 supplatttator
2847 2117 3163 2175 expressus.
3199 2104 3385 2174 Itaque
3414 2104 3466 2157 in
3498 2104 3709 2158 duobus
3735 2116 3907 2173 quan-

2309 2196 2442 2250 titas
2502 2212 2763 2267 expressa
2848 2210 2973 2266 est,
3040 2214 3146 2255 non
3219 2199 3452 2265 qualitas
3522 2198 3906 2267 separationis.

2310 2290 2588 2346 (la-terum
2612 2334 2625 2356 ,
2655 2294 2816 2349 atnbo
2850 2295 2941 2364 qui
2990 2295 3228 2365 srparati
3279 2304 3408 2349 sunt
3453 2294 3506 2349 in
3564 2309 3670 2349 uno
3700 2293 3907 2360 futuri,

2310 2391 2599 2456 antequam
2628 2385 2975 2453 dividuntur,
3005 2388 3213 2442 ostensi
3240 2397 3388 2442 sunt.
3424 2386 3490 2441 Et
3520 2386 3701 2453 Isaac,
3727 2386 3865 2440 venit
3891 2426 3907 2450 ,

2309 2480 2521 2550 inquit,
2550 2486 2711 2552 frater
2736 2490 2856 2534 tuus
2881 2498 2998 2535 cum
3025 2479 3147 2536 dolo
3169 2525 3181 2546 ,
3210 2490 3259 2535 et
3284 2482 3481 2551 accepit
3511 2481 3913 2535 benedictionem

2313 2582 2453 2627 luant
2482 2573 2635 2647 (Gen.
2673 2591 2851 2642 xxvn,
2881 2576 2997 2644 35).
3042 2575 3156 2631 Nisi
3189 2577 3260 2631 ita
3305 2575 3503 2631 loeutiu
3538 2577 3764 2646 mystica
3797 2575 3909 2643 sit,

2313 2668 2547 2723 breviter
2593 2669 2934 2724 ostendentis
2982 2670 3092 2725 duo
3142 2671 3337 2725 inuno
3385 2684 3615 2739 corpore
3666 2687 3680 2725 :
3734 2683 3913 2724 nonne

2312 2775 2500 2818 contra
2530 2765 2793 2819 rationem
2818 2776 2903 2819 eat
2925 2807 2939 2829 ,
2974 2774 3031 2817 ut
3061 2764 3497 2820 benedictionem
3523 2764 3576 2817 in
3601 2763 3913 2833 proximum

2315 2860 2505 2918 dolose
2535 2865 2853 2930 acceperit,
2886 2862 3174 2934 Scriptura
3198 2863 3417 2918 dicente
3460 2878 3474 2916 :
3511 2861 3615 2929 Qui
3641 2878 3745 2915 non
3767 2865 3918 2931 jura-

2314 2956 2383 3010 tn‘t
2407 2959 2642 3028 proxima
2670 2956 2723 3010 in
2771 2955 2892 3011 dolo
2914 2974 2933 3025 ;
2962 2958 3060 3011 iste
3088 2959 3305 3029 accipiet
3330 2955 3735 3010 benedictionem
3760 2973 3791 3009 a
3809 2953 3916 3010 Do-

2316 3050 2455 3103 mino
2484 3048 2658 3117 (I’snl.
2709 3065 2835 3103 χλιιι
2864 3092 2879 3116 ,
2926 3050 3031 3121 I)?
3076 3050 3376 3119 Numquam
3422 3058 3603 3105 autem
3630 3048 3830 3116 Iacob,
3862 3049 3916 3104 id

2315 3151 2400 3195 est
2432 3141 2671 3196 Ecclesia
2702 3142 2845 3195 venit
2877 3139 2943 3195 ad
2979 3140 3412 3195 benedictionem
3439 3182 3454 3205 ,
3486 3155 3591 3194 non
3620 3141 3918 3195 comitante

614 3244 735 3289 sunt
765 3251 828 3288 ea:
855 3233 1057 3300 Israel,
1085 3234 1139 3287 lii
1170 3242 1287 3288 sunt
1310 3232 1514 3298 Israel,
1543 3248 1705 3304 neque
1750 3232 1874 3305 quia
1902 3241 2022 3286 sunt
2048 3247 2218 3286 semen
2246 3224 2292 3287 C
2324 3232 2452 3288 dolo
2476 3277 2489 3296 .
2541 3233 2592 3288 id
2624 3243 2711 3289 est
2734 3276 2747 3299 ,
2780 3233 2935 3288 falsis
2974 3233 3253 3288 fratribus.
3285 3233 3391 3289 Sed
3426 3249 3533 3287 non
3555 3274 3570 3299 ,
3602 3234 3730 3304 quia
3762 3233 3921 3289 inno-

618 3325 861 3389 Abralur,
887 3342 1061 3381 omnes
1103 3326 1203 3394 ﬁlii
1228 3336 1347 3381 sunt
1372 3342 1390 3379 :
1417 3326 1507 3380 sed
1549 3327 1600 3378 in
1643 3322 1798 3378 Isaac
1836 3324 2099 3378 vocabitur
2128 3324 2217 3377 tibi

615 3436 787 3476 semen
819 3437 838 3474 :
864 3420 919 3473 id
946 3429 1020 3473 est
1049 3460 1067 3486 ,
1093 3437 1196 3474 non
1222 3421 1311 3491 qui
1355 3429 1471 3473 sunt
1513 3419 1610 3487 ﬁlii
1637 3420 1806 3472 carnis
1826 3459 1841 3483 ,
1871 3418 1926 3473 lii
1965 3428 2080 3472 sunt
2121 3418 2220 3488 ﬁlii

618 3512 716 3567 Dei
750 3528 768 3566 :
793 3513 886 3566 sed
904 3512 1001 3579 ﬁlii
1031 3512 1387 3581 promissionis
1414 3511 1728 3584 deputantur
1744 3511 1796 3564 in
1827 3526 1997 3565 semen
2028 3508 2216 3580 (Ibid.,

619 3604 761 3675 6-8).
797 3605 937 3675 Ergo
967 3606 1018 3659 in
1051 3604 1269 3675 antiqua
1303 3603 1650 3659 multitudine
1705 3618 1815 3659 non
1859 3603 1959 3658 fuit
1988 3602 2218 3658 Abrahae

621 3714 812 3754 semen
844 3715 856 3750 :
885 3698 983 3752 nisi
1016 3697 1154 3762 illis,
1187 3698 1276 3766 qui
1309 3696 1608 3753 secundum
1656 3696 1806 3752 Isaac
1836 3696 1960 3751 fidei
2003 3706 2058 3750 et
2090 3712 2218 3766 pro-

624 3789 901 3846 missionis
932 3789 1025 3844 filii
1058 3799 1234 3845 erant.
1282 3791 1458 3846 Etiam
1488 3789 1592 3845 hoc
1620 3788 1934 3859 exemplum
1968 3788 2170 3844 inducit
2203 3804 2217 3841 :

589 3868 596 3897 ‘
624 3885 684 3941 Si
711 3887 867 3956 fuerit
895 3900 1138 3940 numerus
1164 3884 1392 3956 ﬁliorum
1424 3882 1596 3940 Israel
1614 3926 1629 3948 ,
1662 3885 1795 3939 sicut
1826 3900 1986 3938 arena
2015 3885 2172 3936 maris
2203 3900 2221 3937 :

620 3980 858 4049 reliquid:
888 3978 1273 4043 liberabuntur,
1321 3977 1371 4032 id
1413 3986 1519 4041 est,
1551 3978 1814 4048 exiguum
1844 3974 1975 4047 (Isa.
2009 3991 2069 4041 Χ,
2112 3974 2218 4030 1‘2:

626 4070 745 4126 οδε.
778 4088 817 4139 t,
854 4072 965 4141 l0).
1010 4071 1116 4135 Et,
1146 4073 1250 4127 nisi
1277 4071 1530 4125 Dominus
1572 4068 1786 4125 sabaoth
1815 4068 2103 4142 reliquisset
2132 4086 2223 4123 no—

622 4166 699 4220 bis
727 4183 935 4230 semen,
971 4168 1105 4220 sicut
1154 4165 1384 4222 Sodoma
1426 4181 1652 4220 essemus
1700 4163 1839 4234 (Isa.
1874 4179 1921 4227 t,
1962 4161 2044 4234 9).
2086 4162 2223 4229 Ipsa:

623 4261 867 4330 reliquiae
919 4260 1142 4317 fuerunt
1172 4275 1359 4314 semen
1390 4257 1625 4315 Abrahae
1654 4273 1671 4312 :
1699 4271 1769 4311 ne
1794 4257 1974 4311 omnis
1999 4255 2183 4310 ιιιάειιει
2206 4300 2219 4324 ,

626 4365 685 4411 ιιι
717 4355 951 4410 Sodoma
980 4363 1146 4410 esset.
1179 4354 1387 4408 lterum
1431 4368 1553 4409 cum
1585 4359 1898 4417 assereret,
1932 4365 2223 4420 numquam

628 4449 795 4505 Deum
820 4448 1195 4503 lltlfl‘edllztlem
1224 4461 1377 4501 suam
1404 4446 1700 4517 reliquisse
1728 4462 1742 4499 :
1772 4442 1870 4499 sed
1894 4445 2035 4499 sicut
2062 4444 2112 4496 in
2126 4443 2224 4496 ad-

628 4557 792 4601 ventu
833 4543 1065 4609 Domini,
1122 4559 1240 4612 pars
1268 4539 1436 4597 Israel
1463 4540 1607 4597 δαιιά
1635 4544 1774 4613 facta
1805 4548 1880 4595 est
1920 4554 1941 4594 :
1972 4538 2047 4593 ita
2083 4554 2227 4593 sctu-

2322 3331 2499 3385 ccntia
2533 3340 2586 3385 et
2615 3330 2774 3384 dolus
2797 3330 2956 3384 simul
2990 3328 3215 3385 veniunt
3246 3330 3310 3383 ad
3340 3329 3774 3385 benedictionem
3802 3372 3818 3397 ,
3848 3332 3923 3386 si-

2324 3426 2433 3477 tttul
2487 3423 2885 3477 benedicuntur
2935 3440 2949 3475 :
3003 3422 3131 3492 quia
3180 3422 3270 3493 qui
3317 3430 3478 3494 potest
3508 3439 3718 3494 capere,
3747 3424 3919 3495 capiat

2323 3515 2539 3586 (Manli.
2571 3532 2659 3571 xix
2681 3559 2694 3580 ,
2722 3516 2835 3585 lit),
2861 3525 2916 3571 et
2935 3530 3099 3570 tntum
3114 3530 3301 3571 semen
3329 3530 3426 3586 pro
3447 3515 3711 3584 qualitate
3735 3524 3917 3581 teme,

2324 3608 2590 3678 provenit.
2629 3608 2743 3662 Non
2798 3616 2883 3663 est
2905 3616 3098 3672 autem
3130 3606 3504 3673 contrarium,
3546 3607 3688 3678 quod
3718 3607 3918 3661 malum

2323 3703 2551 3759 fratrum
2602 3702 2821 3758 videtur
2872 3702 3258 3772 supplantasse
3282 3745 3296 3768 ,
3346 3701 3468 3770 quia
3504 3718 3608 3755 non
3639 3699 3773 3756 dixit
3806 3718 3818 3752 :
3853 3682 3919 3754 In

2324 3809 2468 3852 utero
2489 3796 2846 3866 supplantavit
2878 3793 3041 3861 Esau,
3073 3794 3170 3851 sed
3212 3794 3425 3864 fratrem
3444 3810 3613 3848 suum.
3645 3792 3787 3848 Esau
3818 3808 3917 3847 au-

2326 3900 2431 3947 tem
2463 3934 2477 3957 ,
2514 3891 2710 3959 ubique
2741 3892 2954 3958 signum
2996 3897 3110 3953 est,
3143 3899 3198 3943 et
3228 3902 3427 3942 nomen
3460 3886 3726 3941 malorum
3764 3902 3777 3938 :
3824 3884 3918 3939 .la-

2324 3986 2428 4042 θυι)
2481 3988 2660 4039 autem
2688 4029 2701 4049 ,
2738 3994 3090 4054 utrorumque
3138 4000 3152 4037 :
3199 3982 3291 4037 illa
3328 3981 3539 4036 ratione
3566 4023 3580 4047 ,
3611 3979 3753 4051 quod
3795 3995 3920 4049 pars

2325 4080 2467 4135 mala
2491 4079 2713 4131 simulet
2738 4092 2797 4131 se
2827 4076 2994 4131 Iacob
3025 4120 3036 4139 ,
3062 4085 3118 4131 et
3144 4078 3262 4131 sine
3287 4077 3452 4133 dubio
3479 4118 3494 4143 ,
3522 4090 3633 4131 uno
3664 4077 3919 4130 nomine:

2327 4190 2451 4245 pars
2482 4186 2661 4226 autem
2695 4173 2864 4231 bona.
2897 4188 3003 4227 non
3031 4183 3212 4240 potest
3240 4187 3297 4226 se
3337 4171 3597 4225 simulare
3627 4170 3790 4226 Εειιιι.
3828 4170 3924 4224 Est

2330 4267 2433 4322 hoc
2464 4280 2659 4321 nomen
2690 4265 2954 4319 malorum
2989 4274 3193 4318 tantum
3223 4282 3234 4317 :
3270 4263 3398 4318 illud
3421 4277 3555 4318 vero
3585 4262 3916 4333 bipartitum.

2328 4358 2599 4416 Ctrtermn
2631 4358 2695 4412 de
2724 4358 2895 4413 libero
2925 4357 3154 4413 arbitrio
3178 4399 3189 4421 ,
3231 4372 3330 4413 nec
3356 4356 3523 4412 Iacob
3547 4370 3713 4411 omne
3739 4370 3922 4411 semen

2329 4452 2530 4509 bonum
2558 4493 2572 4515 ,
2605 4466 2703 4507 nec
2753 4451 2895 4506 Esau
2952 4465 3115 4507 omne
3157 4451 3356 4505 malum
3391 4491 3404 4514 ,
3452 4449 3547 4505 sed
3597 4465 3663 4505 ex
3696 4458 3924 4519 utroque

2332 4554 2644 4615 utrumque.
2674 4544 2749 4599 Ex
2784 4544 3053 4599 Abraham
3079 4546 3152 4599 ita
3180 4544 3498 4613 bipartitum
3526 4558 3712 4598 semen
3739 4554 3926 4598 osten-

629 4655 727 4709 per
757 4640 945 4693 fuisse.
980 4637 1141 4705 Quid,
1189 4637 1365 4707 inquit
1389 4678 1404 4701 ,
1445 4637 1571 4690 dicit
1618 4650 1928 4702 responsum
1957 4631 2229 4687 diuinum?
2257 4628 2306 4686 D
2332 4657 2451 4695 sum
2485 4648 2590 4696 est.
2623 4640 2816 4695 Natum
2858 4649 2943 4695 est
2984 4655 3146 4694 unum
3178 4655 3239 4695 ex
3265 4639 3459 4694 ancilla
3489 4640 3541 4693 in
3580 4639 3749 4710 ﬁgura
3774 4637 3923 4709 (Gal.

631 4732 839 4803 Reliqui
871 4729 994 4785 mihi
1020 4740 1211 4798 septem
1258 4728 1425 4784 millia
1456 4731 1706 4796 rivorum,
1743 4730 1830 4802 qui
1859 4745 1960 4782 non
1986 4742 2229 4781 curvave-

628 4835 749 4880 runt
774 4841 907 4896 genu
952 4836 1071 4878 ante
1103 4822 1271 4878 Bahal
1327 4824 1415 4895 (Ill
1447 4823 1580 4897 Reg.
1618 4838 1751 4881 xvut
1777 4864 1793 4890 ,
1827 4823 1930 4887 i9;
1960 4821 2110 4877 Rom.
2141 4836 2192 4874 ιιι
2216 4864 2231 4887 ,

628 4919 710 4989 4).
744 4920 835 4973 Sic
866 4934 1009 4973 nunc
1044 4919 1290 4987 reliquias
1336 4920 1639 4974 secundum
1687 4918 2016 4972 electionem
2068 4918 2232 4969 salva:

630 5013 786 5069 factze
835 5024 1001 5077 sunt,
1048 5012 1280 5067 dicendo
1325 5029 1337 5067 :
1383 5012 1442 5068 Si
1493 5029 1637 5067 nunc
1684 5012 1737 5066 in
1786 5010 1890 5065 hoc
1939 5018 2225 5077 tempore:

630 5105 871 5160 ostendit
897 5114 953 5160 et
980 5118 1106 5160 ante
1132 5108 1212 5159 sic
1241 5105 1439 5161 fat-tum
1469 5107 1521 5161 iu
1547 5105 1747 5169 Israel,
1782 5115 1840 5159 ut
1871 5104 2145 5173 reliquiae,
2178 5106 2228 5158 id

635 5210 715 5255 est
741 5243 753 5262 ,
785 5199 1054 5253 modicum
1085 5198 1294 5253 salvum
1340 5199 1514 5253 fieret.
1547 5198 1603 5255 Si
1649 5210 1828 5253 autem
1856 5241 1869 5263 ,
1918 5213 2018 5253 nec
2048 5198 2183 5254 fides
2212 5242 2226 5265 ,

637 5307 735 5348 nec
756 5296 895 5348 ratio
923 5295 1211 5361 persuadet
1243 5296 1363 5351 fidei
1384 5337 1396 5354 .
1432 5297 1524 5365 qui
1559 5297 1861 5364 promissos
1886 5293 2059 5351 fuerat
2084 5338 2096 5359 ,
2119 5294 2231 5348 (lic-

635 5396 746 5441 tum
780 5402 903 5443 esse
959 5404 971 5439 :
1023 5386 1083 5442 Si
1122 5404 1201 5441 me
1221 5388 1477 5455 audisses,
1525 5387 1725 5454 Israel;
1758 5397 1885 5442 esset
1915 5390 2045 5441 sicut
2075 5403 2232 5440 arena

638 5489 798 5541 maris
845 5504 1087 5542 numerus
1112 5498 1231 5541 tuus
1276 5486 1413 5560 (Isa.
1442 5505 1603 5545 XLVIII
1631 5532 1644 5553 ,
1676 5487 1785 5560 18).
1819 5489 1885 5543 Et
1903 5488 2071 5543 Iacob
2096 5530 2108 5551 ,
2141 5489 2231 5557 qui

638 5588 931 5651 antequam
974 5590 1290 5637 nasceretur
1318 5623 1333 5645 ,
1366 5580 1522 5637 datus
1550 5590 1637 5637 est
1668 5600 1680 5636 :
1713 5581 1855 5637 idem
1890 5583 2066 5638 libero
2093 5583 2237 5636 arbi-

637 5674 742 5731 trio
772 5672 1117 5746 postmodum
1165 5676 1488 5747 reprobatus
1529 5686 1633 5734 est.
1681 5676 1838 5733 Sicut
1860 5677 2003 5734 Osee
2052 5677 2232 5734 dicit:

786 5868 1075 5937 Numquis.

2332 4750 2385 4789 tv
2410 4779 2425 4803 ,
2461 4732 2554 4807 :2)
2670 4744 2725 4787 ιιι
2755 4734 3136 4790 ostenderetur
3176 4733 3340 4788 etiam
3381 4748 3569 4789 servos
3611 4732 3820 4789 futuros
3858 4750 3926 4790 cx

2330 4828 2603 4882 Abt-aliain
2635 4873 2649 4893 ,
2667 4827 2962 4883 etreccssit
2989 4843 3110 4882 cum
3130 4840 3227 4881 sua
3258 4839 3451 4883 matre.
3478 4825 3771 4900 Postquam
3798 4843 3926 4883 vero

2330 4923 2557 4976 recessit
2584 4964 2597 4986 ,
2634 4924 2915 4976 inventum
2947 4932 3031 4976 est
3062 4922 3114 4974 in
3143 4919 3368 4975 alterius
3398 4921 3609 4977 semine
3630 4963 3647 4987 ,
3674 4924 3817 4989 quod
3845 4929 3929 4977 est

2332 5030 2398 5071 ex
2438 5016 2638 5082 libera,
2678 5017 2820 5087 quod
2849 5026 3019 5070 estex
3067 5013 3609 5086 lsrae1,quiaccepit
3657 5014 3829 5085 legem
3873 5017 3925 5071 in

2340 5124 2522 5167 monte
2544 5112 2698 5179 Sina,
2716 5112 2857 5181 quod
2874 5122 2955 5167 est
2970 5110 3112 5179 Agar
3135 5109 3191 5165 in
3214 5111 3477 5164 servitute
3499 5122 3790 5179 generatis.
3812 5107 3927 5166 illic

2338 5212 2393 5266 in
2427 5212 2617 5266 eodem
2648 5211 2852 5282 populo
2882 5210 3179 5265 secandum
3210 5207 3362 5262 Isaac
3397 5224 3461 5262 ex
3496 5208 3663 5262 libera
3696 5210 3928 5274 promis-

2338 5306 2506 5360 sionis
2539 5305 2651 5368 lilii,
2685 5304 2737 5357 id
2769 5314 2873 5369 est,
2913 5305 3087 5359 sancti
3122 5316 3171 5357 et
3227 5302 3417 5356 fideles
3461 5301 3612 5355 inulti
3660 5302 3929 5370 procreati

2336 5408 2483 5454 sunt.
2516 5398 2797 5466 Separatis
2827 5398 3008 5465 itaque
3040 5414 3069 5451 a
3100 5394 3452 5450 credentibus
3485 5393 3668 5463 figuris
3696 5392 3932 5448 lsraelct

2339 5495 2524 5560 Esau,
2578 5495 2771 5549 inuno
2822 5495 3020 5563 populo
3067 5500 3235 5545 totum
3289 5488 3626 5559 postmodum
3658 5486 3927 5557 provenit.

2341 5584 2457 5641 lllie
2484 5588 2549 5641 ab
2574 5587 2789 5656 migine
2809 5594 3094 5655 utrumque
3112 5591 3494 5637 testamentum
3524 5585 3666 5648 Agar
3684 5587 3740 5633 et
3763 5578 3929 5642 Isaac;

2340 5678 2436 5736 sed
2460 5696 2556 5751 pro
2586 5689 2830 5750 tempore
2851 5675 3085 5734 alterum
3114 5676 3212 5732 sub
3232 5675 3458 5730 alterius
3480 5674 3698 5728 nomine
3721 5670 3936 5728 delituit
