4180 6424
554 306 626 369 35
1944 304 2241 365 'l‘lCllONll
2280 303 2444 364 AFRI
3786 306 3858 366 36

554 428 760 501 pulum,
800 434 845 480 et
891 441 983 495 ego
1011 441 1100 480 ero
1128 424 1268 480 vobis
1306 426 1360 479 in
1389 420 1578 490 Deum,
1610 433 1656 480 et
1683 424 1943 479 mandabo
1977 439 2064 479 vos
2093 440 2154 479 ex
2181 422 2227 486 Α
2331 421 2589 479 Eremum
2640 423 2870 495 tlguratn
2925 422 3096 479 fuisse
3142 422 3329 494 populi
3377 422 3619 492 deserti,
3669 422 3723 479 in
3749 439 3860 495 quo

558 520 796 575 omnibus
835 517 1179 573 immunditiis
1224 518 1402 572 rostris
1454 514 1671 588 (Ezech.
1700 531 1885 585 XXXVI,
1922 516 2003 583 i7,
2034 510 2151 585 28).

557 614 792 685 Attingit.
819 616 1084 682 speciem,
1130 628 1237 670 non
1280 622 1463 670 tamen
1494 614 1809 685 relinquens
1839 625 2051 685 genus:
2092 608 2155 665 Et

556 708 745 765 t-ocabo
770 712 1019 775 triticum,
1054 720 1098 762 et
1132 706 1491 780 multiplicabo
1518 705 1652 762 illud
1685 724 1704 763 :
1742 718 1790 763 et
1818 721 1919 762 non
1950 705 2081 760 dabo
2103 706 2158 760 its

557 822 645 861 vos
673 810 883 878 famem,
927 812 975 858 et
1020 803 1381 873 multiplicabo
1411 807 1636 876 fructum
1677 802 1826 875 ligni,
1860 808 1907 857 et
1927 817 2041 873 qutc
2064 817 2157 855 na-

551 908 763 952 scuntur
788 898 839 950 in
882 913 1011 967 agro
1056 912 1071 949 :
1106 906 1160 950 ut
1208 912 1311 951 non
1335 895 1607 964 accipiatis
1649 898 1788 950 ultra
1820 891 2157 967 opprobrium

557 991 744 1061 famis,
791 991 847 1044 in
891 990 1214 1055 nationibus,
1269 999 1314 1044 et
1358 988 1762 1045 reminiscentini
1808 988 1916 1041 vias
1968 995 2158 1041 uestras

558 1088 832 1156 pessimus,
864 1086 1203 1158 cogitationes
1230 1094 1425 1140 vestras
1446 1100 1552 1139 non
1573 1082 1751 1150 bonas,
1781 1093 1831 1139 et
1854 1098 1955 1139 non
1978 1084 2160 1139 odietis

557 1198 644 1236 cas
675 1191 796 1235 ante
839 1183 1029 1252 faclem
1079 1195 1261 1236 eorum
1305 1180 1360 1236 in
1399 1178 1755 1247 iniquitatibus
1778 1179 1981 1247 vestris,
2029 1180 2160 1233 etin

557 1275 1024 1330 abominationibus
1067 1289 1268 1330 eorum.
1323 1268 1447 1330 Non
1479 1281 1692 1345 propter
1721 1286 1829 1338 vos,
1876 1289 1968 1345 ego
1998 1272 2157 1343 facio,

559 1369 686 1423 dicit
711 1364 989 1423 Dominus.
1032 1365 1231 1423 Notum
1276 1378 1349 1423 est
1389 1367 1552 1431 vobis,
1587 1362 1969 1439 confundimint
1995 1376 2042 1420 et
2079 1379 2161 1421 re-

557 1465 817 1520 vertimini
864 1465 930 1519 de
973 1464 1068 1519 viis
1126 1464 1342 1529 vestris,
1390 1462 1576 1519 domus
1628 1460 1816 1517 Israel.
1861 1460 1988 1518 IIa:c
2036 1461 2161 1515 dicit

558 1560 766 1615 Adonai
795 1556 1051 1613 Dominus
1082 1576 1100 1612 :
1138 1556 1197 1611 In
1227 1558 1331 1624 die,
1363 1572 1465 1627 qua
1494 1556 1751 1610 mandabo
1780 1570 1868 1609 ros
1895 1555 1957 1609 ab
1992 1553 2159 1609 omni-

554 1653 650 1709 bus
688 1653 1047 1719 iniquitatibus
1074 1652 1276 1715 uestris,
1308 1662 1356 1708 et
1388 1652 1637 1707 inebriari
1666 1652 1859 1722 faciam
1882 1651 2117 1706 civitates
2141 1692 2156 1719 ,

555 1748 611 1802 in
635 1749 804 1823 ﬁgura
844 1758 993 1802 terra
1015 1745 1202 1813 ludio,
1236 1760 1351 1817 qua!
1377 1746 1524 1801 bellis
1558 1756 1753 1799 vastata
1786 1744 1985 1809 fuerat,
2018 1742 2157 1798 cole-

2265 512 2515 573 Ecclesia
2570 531 2714 572 nunc
2758 530 2923 582 esse,
2958 512 3344 571 manifestatur
3378 533 3392 571 :
3421 522 3478 572 et
3514 513 3663 584 quod
3691 512 3856 572 iidem

2263 609 2389 664 mali
2423 610 2671 682 quamvis
2703 624 2808 665 una
2830 624 2951 667 cum
2980 606 3182 683 populo
3214 608 3308 665 Dei
3332 622 3398 665 es
3420 606 3677 681 gentibus
3702 623 3860 666 revo-

2260 718 2454 760 centur
2502 706 2554 760 in
2604 710 2806 761 terram
2844 704 3033 775 lsrsel,
3085 714 3267 761 tamen
3316 704 3370 759 in
3404 714 3549 762 terra
3584 720 3691 761 non
3719 704 3854 762 sint.

2272 797 2397 856 Vivo
2415 816 2527 874 ego,
2545 796 2962 869 dicitDaminus,
2985 802 3030 858 si
3043 802 3353 875 respondero
3374 799 3537 870 vobis,
3556 800 3861 857 et'siascen-

2262 890 2396 949 derit
2444 894 2499 949 in
2538 913 2627 950 cor
2665 904 2888 953 uestrum
2918 895 3037 961 hoc,
3079 908 3125 953 et
3147 913 3250 952 non
3280 898 3397 965 erit,
3427 897 3859 970 quemadmodum

2263 982 2434 1043 dicitis
2461 1004 2567 1043 vos.
2606 987 2815 1044 Erimus
2855 991 2986 1044 sicut
3016 1000 3213 1063 gentes,
3255 1000 3304 1047 et
3335 990 3469 1046 sicut
3496 989 3661 1047 tribus
3681 1000 3858 1058 terra’,

2263 1092 2320 1137 ut
2362 1080 2646 1139 serviamus
2694 1082 2851 1143 lignis
2888 1095 2936 1140 et
2973 1083 3263 1158 lapidibus.
3298 1083 3429 1140 Viro
3456 1101 3575 1158 ego,
3603 1084 3729 1141 dicit
3753 1082 3861 1141 Do-

2266 1176 2454 1245 minus,
2485 1178 2583 1233 nisi
2603 1177 2657 1231 in
2687 1194 2849 1231 manu
2881 1177 3005 1251 forti
3035 1186 3081 1233 et
3112 1176 3321 1233 brachio
3346 1176 3567 1247 excelso,
3596 1184 3644 1235 et
3682 1178 3737 1234 in
3777 1178 3861 1235 ira

2263 1267 2431 1340 elfusa
2456 1272 2680 1347 regnabo
2710 1288 2865 1344 super
2894 1291 3000 1342 ros,
3033 1285 3082 1331 et
3103 1273 3327 1330 educam
3366 1290 3454 1332 vos
3482 1272 3549 1330 de
3580 1273 3789 1349 populis
3810 1283 3859 1329 et

2263 1368 2511 1439 recipiam
2542 1384 2629 1423 ros
2654 1369 2721 1425 de
2748 1370 3062 1441 regionibus,
3092 1370 3146 1425 in
3171 1372 3359 1443 quibus
3399 1370 3622 1444 dispersi
3660 1371 3779 1427 estis
3805 1370 3861 1425 in

2264 1477 2422 1515 manu
2442 1461 2569 1531 forti
2598 1472 2645 1516 et
2669 1460 2880 1518 brachio
2902 1463 3193 1532 excelso,et
3214 1465 3295 1519 ira
3310 1462 3498 1534 elusa,
3528 1475 3577 1521 et
3600 1464 3860 1521 adducam

2266 1572 2353 1610 vos
2381 1553 2435 1610 in
2463 1554 2718 1611 desertum
2752 1557 3083 1630 populorum,
3119 1569 3169 1614 et
3210 1556 3487 1629 disputabo
3513 1558 3584 1613 ad
3602 1548 3700 1614 'oos
3727 1557 3860 1630 facie

2263 1644 2335 1701 ad
2359 1646 2543 1717 [aciem
2577 1667 2594 1705 :
2621 1649 3057 1719 quemadmodum
3088 1652 3350 1725 disputavi
3369 1652 3441 1707 ad
3471 1662 3644 1726 patres
3670 1662 3860 1709 vestros

2266 1741 2318 1796 in
2338 1736 2539 1798 deserto
2566 1752 2717 1799 terra:
2743 1742 2987 1818 .Eggpti,
3017 1747 3092 1799 sic
3108 1746 3362 1818 judicabo
3390 1762 3497 1810 vos,
3530 1746 3657 1801 dicit
3680 1739 3861 1802 Domi-

560 1850 667 1907 tur,
709 1851 921 1912 propter
970 1844 1107 1910 quod
1153 1841 1249 1910 fuit
1290 1841 1636 1894 exterminata
1676 1838 1770 1894 sub
1801 1838 1965 1891 oculis
1993 1836 2159 1891 omnis
2190 1840 2238 1903 Β
2265 1850 2385 1902 nus,
2413 1845 2461 1890 et
2485 1834 2715 1906 redigam
2746 1855 2832 1891 ros
2873 1834 2968 1892 sub
2998 1839 3139 1911 uirga
3164 1855 3297 1904 mea,
3330 1848 3379 1895 et
3425 1838 3670 1894 inducam
3696 1855 3781 1894 vos
3806 1838 3859 1893 in

561 1936 941 2005 pra’tcreuntis.
968 1933 1031 1986 Et
1051 1934 1245 1997 dicent,
1267 1931 1429 1987 Terra
1449 1931 1566 1995 illa,
1588 1946 1701 2002 qua'
1728 1936 1893 2001 fuerat
1914 1930 2160 1985 extermi-

562 2039 703 2089 nata,
735 2034 874 2099 facta
897 2038 969 2083 est
988 2030 1121 2081 sicut
1152 2026 1329 2082 hortus
1358 2026 1697 2093 deliciarum,
1731 2035 1777 2079 et
1808 2026 2038 2079 civitates
2068 2021 2159 2076 de-

558 2134 710 2177 serto:
733 2134 778 2176 et
803 2124 1158 2176 exterminatis
1180 2129 1227 2174 et
1261 2120 1541 2185 demolitre,
1562 2122 1774 2174 munita:
1799 2118 2159 2172 consederunt.

557 2216 625 2271 Et
652 2221 813 2272 scient
838 2228 1035 2291 gentes,
1068 2232 1397 2286 qnwcttmqtse
1438 2215 1701 2269 derelictio
1732 2216 1925 2287 fuerint
1956 2216 2020 2284 oin
2062 2210 2163 2267 cir—

557 2317 697 2368 cuitu
746 2325 936 2379 vestro,
980 2313 1224 2385 quoniam
1271 2327 1364 2383 ego
1395 2327 1511 2365 sum
1560 2310 1835 2365 Dominus.
1873 2308 2162 2379 Λίάὲρεαυὶ

558 2408 854 2474 demolitus,
879 2418 924 2462 et
952 2407 1183 2479 plantaoi
1207 2405 1576 2459 exterminatus
1611 2422 1621 2455 :
1655 2406 1775 2475 quia
1795 2421 1887 2475 ego
1912 2400 2163 2459 Dominus

557 2504 758 2558 locutus
791 2519 905 2556 sum
937 2514 983 2555 et
1015 2503 1113 2575 feci
1143 2500 1308 2573 (ibid.
1340 2501 1432 2565 29,
1474 2498 1588 2569 58).

632 2598 930 2666 Apostolus
954 2611 1171 2667 quoque
1203 2598 1451 2662 ingressu
1480 2592 1651 2649 lacttb
1682 2592 2009 2662 promissum
2041 2605 2165 2646 esse

556 2691 844 2746 introitum
877 2690 1121 2759 gentium
1159 2731 1173 2755 ,
1208 2689 1288 2744 sic
1322 2694 1714 2759 interpretatur
1744 2688 1954 2749 dicens,
1990 2684 2165 2739 Donec

554 2783 825 2856 plenitudo
864 2783 1094 2853 gentium
1141 2782 1326 2849 intret,
1379 2795 1427 2837 et
1460 2785 1535 2835 sic
1575 2781 1741 2834 omnis
1793 2776 1960 2833 Israel
1992 2778 2164 2832 salva-

559 2878 719 2942 bitur,
755 2877 882 2931 sicut
914 2877 1167 2946 scriptum
1195 2886 1264 2931 est
1291 2893 1308 2930 :
1347 2873 1529 2931 Veniet
1556 2892 1588 2929 a
1614 2874 1770 2939 Sion,
1800 2872 1885 2942 qui
1910 2870 2087 2926 liberet
2115 2880 2162 2923 et

557 2975 765 3042 auferat
814 2971 1101 3043 impietates
1157 2970 1219 3024 ab
1271 2969 1436 3023 Iacob
1481 2967 1660 3042 (Rom.
1697 2983 1775 3034 ut,
1803 2966 1900 3031 ‘25,
1931 2965 2048 3037 ‘26).
2096 2962 2163 3019 Et

556 3062 754 3119 eodem
781 3075 985 3133 genere
1033 3064 1327 3118 locutionis
1378 3061 1519 3117 redit
1551 3063 1603 3117 in
1630 3061 1893 3131 Speciem,
1927 3060 2158 3114 dicens:

561 3157 863 3215 Secundum
909 3155 1247 3227 Evangetium
1290 3156 1496 3228 quidem
1547 3155 1749 3210 inimici
1802 3162 2012 3227 propter
2048 3168 2155 3208 ros.

2268 1935 2292 1964 ο
2327 1943 2563 1995 numero,
2609 1940 2656 1984 et
2688 1929 2876 2005 eligant
2925 1931 3112 2001 impios
3161 1932 3226 1986 de
3264 1932 3408 1988 vobis
3436 1942 3485 1988 et
3523 1932 3810 1988 desertores
3841 1946 3861 1987 :

2265 2021 2509 2087 quoniam
2536 2039 2601 2078 ex
2634 2024 3088 2097 transmigratione
3110 2044 3286 2082 coruus
3315 2026 3531 2082 educant
3570 2045 3679 2094 eos,
3712 2039 3760 2083 et
3805 2028 3860 2083 iu

2266 2123 2457 2170 terram
2503 2113 2674 2172 Israel
2704 2136 2803 2171 non
2846 2119 3132 2187 intrabunt,
3163 2132 3207 2174 et
3239 2121 3578 2193 cognoscetis,
3600 2124 3736 2194 quia
3766 2136 3860 2193 ego

2266 2225 2382 2265 sum
2412 2206 2665 2267 Dominus
2693 2208 2909 2279 (Ezech.
2950 2230 3040 2279 xx,
3077 2210 3289 2286 5|,38).

2337 2300 2474 2359 Item
2507 2302 2584 2359 illi
2615 2307 2914 2376 cztptititati
2941 2308 3206 2363 montium
3229 2307 3395 2366 Israel
3429 2310 3695 2381 promittit
3720 2308 3864 2369 Deus

2266 2394 2594 2465 ultertzutem,
2628 2410 2682 2455 et
2711 2402 3219 2474 multiplicatioucm
3253 2408 3576 2478 populorum
3609 2424 3780 2482 usque
3806 2408 3861 2465 iu

2267 2492 2428 2578 ﬂ‘ttem
2460 2514 2469 2548 :
2514 2498 2792 2565 Quoniam,
2852 2497 3050 2571 inquit,
3091 2500 3345 2556 dederunt
3377 2514 3563 2557 terram
3597 2516 3738 2558 tuam
3765 2504 3865 2559 sibi

2262 2587 2319 2642 in
2351 2594 2727 2661 possessionem
2759 2612 2874 2648 cum
2893 2594 3223 2670 jucunditate
3248 2598 3618 2655 inhonorantes
3637 2601 3863 2669 animos,

2264 2692 2422 2753 atque
2448 2687 2920 2743 exterminarerunt
2952 2692 3003 2745 in
3029 2694 3403 2748 vastationem:
3431 2706 3727 2766 prOpterea,
3747 2712 3866 2766 pra-

2268 2774 2421 2845 pheta
2450 2795 2603 2849 super
2634 2790 2821 2835 terram
2851 2779 3040 2847 Israel,
3071 2795 3118 2838 et
3138 2785 3222 2841 dic
3256 2787 3511 2841 montibus
3536 2798 3587 2843 et
3625 2789 3862 2857 collibus,

2264 2877 2309 2921 et
2340 2869 2461 2922 rivis
2493 2883 2538 2923 et
2570 2872 2863 2927 nemoribus
2890 2891 2906 2927 :
2936 2872 3066 2929 IIarc
3111 2876 3237 2931 dicit
3264 2871 3521 2934 Dominus
3555 2895 3574 2935 :
3604 2878 3733 2935 Ecce
3771 2895 3866 2954 ego

2264 2965 2317 3017 in
2345 2964 2452 3017 zelo
2480 2981 2612 3033 meo,
2651 2975 2699 3019 et
2724 2966 2775 3021 in
2807 2967 2885 3021 ira
2908 2984 3021 3022 mea
3058 2970 3262 3026 locutus
3302 2988 3437 3042 sum,
3468 2984 3681 3043 propter
3725 2972 3867 3047 quod

2262 3057 2601 3130 opprobrium
2630 3063 2859 3134 gentium
2901 3064 3139 3137 portatis.
3168 3062 3305 3121 Ecce
3323 3078 3417 3141 ego
3446 3069 3622 3124 lrrabo
3653 3086 3866 3124 manuus

2263 3166 2427 3205 meam
2454 3169 2611 3220 super
2641 3155 2897 3225 nationes,
2921 3173 3036 3228 qua:
3061 3168 3179 3213 sunt
3211 3160 3265 3215 in
3310 3161 3534 3217 circuitu
3560 3174 3747 3218 oestro.
3793 3160 3867 3217 Hi

555 3252 694 3311 Item
723 3254 780 3309 in
822 3251 1114 3309 Ezechiele
1144 3253 1335 3321 incipit
1361 3252 1431 3308 ob
1459 3250 1669 3322 specie,
1702 3266 1823 3321 quin
1866 3247 2162 3305 conveniat
2186 3245 2232 3310 C
2265 3249 2515 3319 iniuriam
2536 3266 2683 3306 suam
2714 3252 2971 3324 accipient
3001 3255 3195 3312 :vestri
3220 3266 3390 3311 autem
3423 3266 3643 3327 montes,
3673 3252 3865 3327 Israel,

556 3358 614 3407 et
638 3351 691 3404 iu
722 3364 917 3420 genus,
958 3354 1015 3403 et
1054 3347 1174 3402 ﬁnit
1198 3348 1252 3402 in
1283 3346 1400 3403 solo
1428 3360 1653 3417 genere,
1701 3342 2017 3408 ostendens,
2052 3352 2162 3397 ter-

557 3461 675 3503 rant
724 3453 941 3516 patrum
991 3442 1182 3500 mundi
1227 3457 1351 3500 esse
1397 3439 1836 3512 possessionem:
1874 3435 1999 3493 Iltec
2037 3437 2161 3490 dicit

560 3537 818 3594 Dominus
846 3556 863 3593 :
894 3534 1032 3593 Ecce
1072 3554 1168 3611 ego
1200 3538 1456 3607 accipiam
1505 3551 1707 3590 omnem
1752 3533 1962 3587 domum
1992 3528 2164 3586 Israel

560 3635 628 3689 de
656 3632 821 3689 medio
855 3634 1106 3707 gentium,
1141 3632 1195 3685 in
1234 3648 1363 3699 quas
1394 3628 1611 3702 ingressi
1639 3637 1761 3683 sunt
1791 3627 1922 3694 illic,
1957 3637 2004 3681 et
2041 3641 2161 3680 cou-

557 3728 785 3799 gregabo
811 3743 895 3782 eos
934 3727 997 3779 ab
1046 3725 1283 3780 omnibus
1313 3724 1400 3797 qui
1423 3733 1541 3778 sunt
1570 3723 1623 3776 in
1651 3720 1873 3775 circuitu
1895 3736 2092 3785 eorum,
2117 3726 2164 3773 et

560 3819 806 3873 inducant
842 3838 928 3874 eos
960 3821 1012 3873 in
1050 3830 1239 3876 terram
1288 3817 1458 3873 Israel
1482 3861 1495 3884 ,
1539 3826 1585 3870 et
1628 3817 1865 3886 princeps
1913 3831 2047 3868 unus
2071 3812 2165 3867 erit

562 3933 759 3971 eorum.
796 3913 863 3969 Et
916 3933 1021 3969 non
1073 3924 1225 3969 erunt
1276 3914 1418 3969 ultra
1457 3917 1507 3967 in
1535 3912 1667 3966 duas
1692 3920 1890 3982 gentes,
1924 3926 2013 3964 nec
2039 3908 2165 3963 divi-

562 4011 750 4064 dentur
775 4009 915 4062 ultra
941 4008 993 4061 in
1024 4006 1130 4062 duo
1159 4024 1317 4077 regna
1343 4024 1359 4062 :
1390 4023 1453 4060 ne
1472 4008 1885 4059 contaminemur
1910 4002 2085 4057 adhuc
2109 4002 2163 4057 in

563 4102 857 4159 simulacris
905 4102 1033 4156 suis.
1094 4100 1157 4155 Et
1190 4101 1417 4157 liberabo
1446 4116 1532 4153 cos
1560 4098 1624 4152 ab
1656 4098 1892 4153 omnibus
1919 4096 2166 4168 iniquita-

565 4198 699 4252 tibus
729 4212 927 4263 eorum,
959 4195 1144 4265 quibus
1172 4204 1511 4267 peccaverunt
1549 4189 1601 4245 in
1644 4192 1738 4257 eis,
1782 4200 1831 4244 et
1870 4190 2164 4246 emundabo

562 4308 668 4356 eos,
697 4299 748 4345 et
769 4299 919 4344 erunt
936 4288 1060 4342 mihi
1090 4289 1145 4342 in
1166 4288 1442 4361 populum,
1472 4295 1518 4337 et
1548 4302 1641 4357 ego
1666 4279 1919 4338 Dominus
1940 4298 2031 4337 ero
2059 4282 2166 4337 illis

563 4387 616 4439 in
650 4381 818 4439 Deum
860 4384 1082 4456 (Ezech.
1115 4397 1320 4448 xxxv“,
1349 4380 1566 4451 2|,23).

640 4482 841 4549 Aperte
891 4480 1085 4534 transit
1134 4480 1187 4534 in
1220 4492 1393 4549 genus
1429 4494 1440 4530 :
1483 4472 1551 4529 Iit
1580 4490 1758 4531 servus
1804 4490 1945 4529 meus
1999 4472 2166 4528 David

567 4572 806 4643 princeps
835 4571 888 4624 in
920 4569 1088 4625 medio
1118 4586 1296 4623 eorum
1325 4568 1443 4637 erit,
1500 4562 1691 4623 Pastor
1735 4585 1869 4622 unus
1911 4567 2163 4635 omnium,

2264 3356 2414 3394 uuam
2453 3350 2504 3397 et
2534 3343 2761 3414 fructum
2802 3356 3023 3401 oestrum
3062 3348 3388 3403 manducabit
3429 3349 3655 3421 populus
3701 3368 3865 3420 meus,

2263 3434 2353 3502 qui
2389 3434 2777 3506 appropinquat
2806 3437 2996 3492 uenire.
3043 3437 3181 3505 Quia
3205 3454 3319 3494 ecce
3346 3454 3438 3512 ego
3478 3455 3634 3512 super
3659 3457 3769 3509 eos,
3819 3450 3868 3496 et

2264 3526 2524 3590 cotemini.
2580 3538 2625 3581 et
2666 3530 3044 3585 seminabimini
3073 3548 3091 3585 :
3129 3543 3176 3587 et
3204 3532 3567 3606 multiplicabo
3596 3552 3753 3606 super
3779 3550 3867 3591 stos

2264 3629 2425 3675 totam
2464 3621 2673 3674 donmm
2718 3620 2890 3677 Israel
2932 3641 3094 3696 usque
3130 3626 3184 3680 in
3214 3626 3394 3697 ﬁnem,
3425 3638 3471 3681 et
3502 3626 3867 3684 habitabantur

2265 3714 2591 3781 civitates,“
2620 3732 2734 3785 qua!
2756 3717 3005 3771 desolato:
3030 3729 3197 3784 erant,
3221 3720 3617 3785 cedi/imbuatur
3646 3716 3861 3793 (Ezech.

2268 3822 2457 3875 xxxvs,
2496 3807 2672 3880 5,10).
2710 3809 2845 3864 Item
2877 3811 2989 3866 illic
3014 3816 3159 3869 velut
3182 3814 3236 3869 in
3262 3816 3555 3872 novissima
3588 3831 3867 3874 resurrcco

2268 3902 2440 3968 tione,
2461 3902 2634 3975 prima
2664 3902 3002 3973 signiﬁcatur
3030 3926 3041 3961 :
3076 3905 3303 3966 Locutus
3323 3919 3421 3976 est,
3450 3908 3644 3981 inquit,
3662 3911 3734 3965 ad
3761 3928 3863 3980 me,

2264 3996 2482 4051 dicens:
2507 3992 2615 4051 Fili
2638 3995 2883 4061 hominis,
2901 4016 3019 4054 ossa
3037 4000 3166 4066 haec,
3194 4003 3357 4057 omnis
3379 4004 3564 4058 domus
3588 3998 3757 4059 Israel
3767 4016 3862 4061 est.

2266 4089 2381 4162 Ipsi
2413 4090 2598 4144 dicunt
2625 4106 2643 4144 :
2671 4090 2833 4146 Arida
2863 4096 3002 4164 facta
3024 4104 3143 4151 sunt
3167 4112 3288 4151 ossa
3312 4106 3513 4162 nostra,
3531 4096 3724 4151 interiit
3748 4114 3865 4165 spes

2269 4201 2467 4258 nostra,
2501 4191 2897 4260 exspirarimus.
2929 4188 3217 4267 Pr0pterea
3237 4192 3486 4264 propheta
3512 4193 3704 4248 etalio:
3740 4192 3867 4247 Ilaec

2269 4284 2397 4339 dicit
2421 4281 2677 4341 Dominus
2703 4303 2720 4342 :
2768 4286 2899 4344 Ecce
2926 4303 3019 4360 ego
3047 4289 3281 4362 aperiam
3324 4299 3651 4345 monumenta
3674 4300 3861 4355 vestra,

2269 4386 2317 4433 et
2344 4378 2555 4433 educam
2581 4396 2666 4435 vos
2709 4381 2772 4436 de
2812 4383 3161 4443 monumentis
3184 4381 3363 4440 uestris
3386 4426 3399 4452 ,
3428 4394 3474 4439 et
3507 4384 3749 4439 inducam
3777 4400 3866 4441 vos

2269 4474 2323 4527 in
2369 4485 2556 4530 terram
2608 4472 2796 4543 Israel,
2831 4487 2879 4531 et
2908 4478 3106 4545 scietis,
3136 4478 3260 4552 quia
3298 4495 3393 4550 ego
3430 4474 3708 4543 Dominus,
3748 4494 3867 4533 cum

2268 4572 2497 4639 aperiam
2524 4570 2762 4639 sepulcra
2791 4584 2980 4639 vestra,
3009 4583 3059 4628 et
3085 4574 3303 4631 educam
3332 4573 3398 4629 de
3419 4574 3756 4630 monumentis
3774 4590 3867 4646 po-

566 4664 731 4733 quiin
770 4663 1037 4735 praceptis
1066 4662 1194 4720 meis
1222 4661 1582 4726 ambulabunt,
1616 4672 1666 4717 et
1694 4662 1904 4735 judicia
1933 4678 2042 4717 mea
2076 4678 2167 4717 cu-
2196 4649 2247 4713 Ῑ)
2271 4667 2455 4739 pulum
2497 4681 2688 4733 meum,
2726 4677 2775 4721 ct
2812 4666 2945 4722 dabo
2978 4668 3223 4739 spiritum
3265 4684 3437 4724 meum
3471 4668 3527 4725 iu
3566 4683 3677 4735 vos,
3725 4677 3771 4722 et
3793 4666 3868 4722 tti-

565 4756 813 4824 stodient,
835 4767 883 4812 et
899 4759 1086 4829 facient
1103 4775 1185 4825 ea,
1205 4766 1252 4811 et
1270 4755 1627 4813 inhabitabant
1646 4757 1697 4811 in
1716 4768 1855 4811 terra
1881 4773 1998 4825 sua,
2013 4773 2168 4829 quant

567 4866 661 4922 ego
679 4850 797 4905 dedi
827 4866 971 4905 servo
999 4866 1109 4905 meo
1137 4848 1323 4918 Iacob,
1365 4850 1453 4906 ubi
1480 4850 1835 4906 habitaverunt
1868 4863 2041 4923 patres
2081 4869 2169 4908 eo—

567 4959 701 5008 rum,
735 4953 785 4999 et
818 4942 1118 4999 habitabant
1155 4944 1207 4999 in
1235 4961 1293 4998 ea
1323 4945 1453 5017 ipsi,
1504 4954 1554 4998 ct
1588 4943 1759 4999 David
1805 4959 1983 4999 servus
2022 4962 2169 5002 meus

567 5041 805 5113 princeps
849 5055 1030 5093 eorum
1077 5038 1129 5092 in
1175 5036 1395 5105 siccata,
1450 5048 1497 5091 et
1549 5038 1822 5111 disponam
1876 5039 1983 5093 illis
2013 5047 2167 5094 testa-

568 5144 790 5188 mentum
821 5134 979 5204 pacis,
1012 5140 1059 5186 et
1089 5142 1445 5187 testamentum
1482 5142 1728 5185 retentum
1757 5134 1851 5185 erit
1879 5149 1997 5185 cum
2032 5132 2160 5187 illis.

567 5222 637 5280 Et
685 5236 873 5296 ponam
919 5239 1099 5279 sancta
1127 5234 1236 5279 mea
1270 5224 1321 5277 in
1346 5223 1516 5278 medio
1541 5241 1720 5278 eorum
1750 5224 1801 5278 in
1848 5228 2073 5291 sa'cuta,
2114 5235 2160 5279 et

564 5321 664 5375 erit
686 5321 933 5375 habitatio
956 5336 1068 5374 mea
1098 5320 1149 5373 in
1177 5318 1304 5388 illis,
1322 5329 1369 5373 et
1386 5335 1473 5373 ero
1495 5317 1604 5371 illis
1626 5315 1805 5373 Deus:
1830 5329 1877 5373 et
1895 5320 1995 5390 ipsi
2014 5328 2163 5375 erunt

564 5412 696 5468 mihi
731 5412 981 5486 populus.
1016 5411 1079 5466 Et
1099 5413 1256 5467 scient
1284 5422 1480 5484 gentes,
1500 5412 1622 5482 quia
1648 5429 1737 5485 ego
1763 5429 1873 5466 sum
1911 5410 2165 5470 Dominus

568 5507 653 5576 qui
677 5508 943 5575 sancti/ica
957 5523 1061 5570 eos,
1090 5506 1214 5560 dum
1245 5516 1366 5561 sunt
1387 5516 1567 5561 sancta
1590 5507 1645 5560 in
1667 5508 1837 5561 medio
1858 5523 2054 5576 eorum,
2079 5509 2164 5563 di-

566 5602 634 5654 cit
664 5598 919 5655 Dominas
940 5594 1515 5674 (Ibid.,ﬂ,28).ltem
1545 5600 1657 5657 illic
1681 5598 1925 5672 egressui
1958 5603 2167 5674 diSper-

565 5696 738 5752 slonis
767 5692 965 5763 tsrsel,
990 5698 1237 5770 gentium
1268 5696 1468 5755 inserit
1489 5691 1809 5754 adventum.

646 5884 669 5923 ι
708 5879 776 5939 In
796 5878 1016 5941 vinculis
1043 5878 1251 5956 foderis
1285 5878 1442 5954 Vulg.
1474 5878 1530 5941 in
1560 5878 1759 5940 Eseclt.
1790 5892 1881 5951 xx,
1913 5877 2003 5937 67.

2271 4762 2391 4815 retis
2430 4776 2449 4815 :
2475 4770 2522 4816 et
2550 4777 2741 4831 ponam
2773 4776 2859 4816 vos
2900 4778 3055 4835 super
3086 4772 3277 4819 terram
3303 4772 3553 4832 vestram,
3606 4770 3653 4815 et
3696 4759 3867 4817 scietis

2267 4854 2385 4923 quia
2416 4870 2511 4927 ego
2539 4870 2653 4907 sum
2688 4852 2945 4911 Dominus
2965 4853 3184 4928 (Ezech.
3224 4870 3429 4924 sum,
3460 4851 3671 4925 μμ).

2341 4943 2616 5019 Numquid
2663 4947 2971 5017 perspicue,
3006 4962 3130 5003 cum
3178 4944 3693 5013 resurrexeriuars,
3736 4955 3868 5002 tunc

2266 5039 2505 5095 sciemus
2536 5040 2849 5109 Dmninum,
2872 5051 2925 5097 et
2955 5055 3061 5096 non
3088 5052 3397 5107 nunc,cutn
3420 5038 3863 5112 perbaptismum

2269 5132 2648 5202 resurgimus?
2688 5134 2795 5187 Aut
2843 5134 3044 5190 mortui
3089 5143 3348 5205 poterunt
3400 5130 3585 5190 dicere
3630 5148 3643 5185 :
3703 5127 3867 5188 Arida

2269 5231 2409 5298 facta
2447 5237 2565 5281 sunt
2607 5212 2727 5282 osia
2765 5236 2939 5283 nostra
2960 5225 3151 5300 (Ibid.,
3185 5226 3295 5299 Η),
3321 5234 3381 5282 ut
3411 5226 3610 5283 merito
3636 5225 3865 5282 mortuis

2267 5325 2321 5380 id
2355 5324 2681 5397 promiSSum
2715 5337 2837 5380 esse
2863 5325 3193 5382 credamus?
3216 5324 3357 5395 Quid
3388 5324 3532 5380 enim
3562 5329 3646 5379 est
3683 5331 3867 5377 sacta-

2268 5421 2459 5486 menti,
2492 5435 2560 5475 ne
2591 5419 2644 5475 in
2676 5417 2990 5491 ambiguum
3023 5418 3260 5487 veniret,
3290 5412 3503 5490 aperuit
3532 5415 3698 5471 Deus.
3728 5408 3864 5471 Nam

2267 5512 2337 5570 de
2373 5513 2670 5570 novissima
2711 5514 2893 5570 carnis
2927 5512 3349 5580 resurrectione,
3390 5508 3665 5568 neminem
3708 5506 3866 5565 Chri-

2269 5609 2511 5665 stianum
2542 5608 2821 5666 credimus
2849 5606 3124 5667 dubitare.
3156 5606 3228 5665 Et
3272 5604 3538 5664 Dominus
3564 5600 3864 5663 secundum

2270 5699 2538 5760 Joannem
2585 5702 2686 5759 has
2734 5703 3175 5761 resurrectiones
3237 5696 3547 5758 manifestat
3575 5741 3590 5769 ,
3636 5696 3863 5755 dicens:
