4180 6446
358 316 422 382 ιι
1504 320 1706 380 LIBER
1749 312 1833 376 υε
1874 318 2150 377 SEPTEM
2190 317 2503 382 BEGULIS.
3581 330 3651 386 42

355 441 457 508 ﬁlii
503 441 789 496 testamenti
831 442 951 510 mei,
1002 443 1179 516 gladio
1224 444 1412 500 cadent
1461 444 1518 499 in
1560 462 1620 499 ea
1662 460 1779 500 cum
1827 443 1953 510 ipsis
1980 443 2111 504 Ain
2155 452 2366 516 stupore
2413 444 2624 509 mentis,
2674 442 2943 513 stupebant
2989 453 3036 499 et
3067 444 3314 501 timebunt
3361 447 3415 502 in
3443 448 3654 505 interitu

358 534 577 606 (Ezech.
634 553 759 592 xxx.
812 536 954 608 διὸ).
1014 537 1127 593 lloe
1172 551 1356 594 autem
1415 538 1614 594 factum
1663 547 1782 605 est,
1833 551 1957 591 cum

361 641 483 698 post
532 629 806 685 excidium
855 631 1257 686 descenderent
1301 631 1355 684 iu
1397 629 1717 702 Egyptum,
1767 639 1824 684 et
1866 643 1961 684 oc-

360 723 680 778 ciderentur
720 724 833 779 illic
873 739 902 776 a
944 723 1450 779 Nabuchodonosor
1489 722 1788 779 secundum
1834 721 1958 776 llic—

363 817 552 872 rcmisc
592 816 1084 886 propltetationem.
1127 815 1249 872 Fiet
1287 827 1470 872 autem
1514 827 1565 872 et
1605 814 1955 887 generaliter,

363 909 666 982 novissimo
714 909 827 975 die,
876 909 1095 981 quando
1148 925 1272 964 cum
1321 909 1592 983 Egyptiis
1645 909 1739 963 lllii
1789 916 1956 964 testa-

357 1011 530 1058 menti
560 1003 894 1074 ceciderim,
924 1004 1307 1077 Egyptiorum
1340 1021 1493 1062 tuorc
1525 1005 1788 1060 viventes.
1824 1004 1955 1060 item

359 1107 460 1163 per
491 1094 834 1151 Ezecltielem
867 1097 1104 1152 minatur
1130 1097 1275 1154 Deus
1302 1098 1414 1169 regi
1443 1095 1823 1168 Egyptiorum
1849 1136 1863 1159 ,
1902 1101 1959 1148 et

358 1191 480 1259 eius
511 1193 879 1263 multitudini,
912 1193 1057 1265 quod
1082 1204 1271 1250 essent
1300 1193 1577 1249 terribiles
1609 1194 1662 1247 in
1690 1201 1911 1245 sanctos
1937 1230 1953 1254 ,

360 1284 503 1339 inter
526 1285 888 1342 circumcisus
915 1287 1159 1355 deputati
1197 1304 1211 1339 :
1242 1286 1516 1354 quodnon
1541 1285 1820 1349 convenit,
1847 1283 1953 1338 nisi

355 1375 413 1432 in
445 1391 542 1433 eos
569 1419 584 1443 ,
615 1379 704 1449 qui
733 1379 838 1434 silii
863 1379 1283 1435 circumcisione
1307 1419 1322 1444 ,
1357 1377 1408 1433 id
1445 1386 1532 1434 est
1553 1419 1568 1445 ,
1597 1378 1766 1431 sacris
1795 1375 1951 1429 blan-

357 1469 600 1526 diuntur.
642 1472 908 1539 Quoniam
949 1475 1114 1545 igitur
1142 1473 1296 1529 dedit
1322 1474 1573 1528 timorem
1605 1486 1760 1525 suum
1789 1484 1957 1541 super

359 1572 565 1618 terram
607 1562 732 1619 vita-
775 1581 790 1618 :
829 1573 893 1620 ut
927 1564 1194 1620 dormiret
1236 1565 1288 1618 iu
1327 1565 1506 1619 medio
1550 1563 1956 1618 incircumcisu-

357 1669 476 1710 rum
509 1656 823 1712 vulneratus
850 1657 1030 1728 gladio
1061 1657 1302 1722 Pharao,
1345 1667 1402 1714 et
1442 1657 1618 1712 omnis
1664 1653 1954 1710 multitudo

356 1747 476 1818 ejus
503 1765 632 1804 cum
664 1749 783 1819 ipso
805 1791 821 1816 ,
862 1752 996 1807 dicit
1039 1751 1320 1806 Dominus.
1363 1749 1431 1806 Et
1461 1751 1571 1804 illic
1599 1765 1628 1802 a
1658 1762 1860 1819 genere
1884 1747 1950 1802 ad

2061 548 2170 602 tuo,
2200 548 2246 592 et
2272 540 2599 610 ingemiscant
2624 559 2779 611 super
2807 552 2874 605 te,
2903 553 2947 596 et
2969 544 3215 612 accipient
3237 543 3652 601 lamentationem

2060 637 2106 682 tt
2136 632 2299 686 dicent
2325 633 2419 686 tibi
2447 650 2467 687 :
2497 633 2766 702 Quomodo
2794 636 3053 690 destructa
3084 646 3157 692 est
3203 638 3266 691 de
3304 640 3439 692 mari
3476 641 3655 696 ciritus

2057 723 2151 777 illa
2176 723 2478 793 laudabilis,
2505 743 2621 796 qua:
2647 729 2786 784 dedit
2812 729 3047 784 timorem
3073 746 3224 785 suum
3244 732 3480 786 onmibus
3505 733 3658 788 inha-

2058 815 2337 872 bitantibus
2381 818 2437 873 in
2467 835 2526 874 ea
2548 821 2574 875 .’
2597 830 2644 876 ct
2669 822 2914 878 timebunt
2952 826 3137 881 insula:
3164 841 3229 881 ex
3254 827 3338 880 die
3365 828 3532 883 ruina
3558 839 3660 885 tua

2059 907 2276 976 (Eucti.
2312 927 2472 979 xxvt,
2506 913 2694 981 15—18,
2724 932 2824 970 sec.
2857 915 2996 972 LXX
3023 917 3041 987 )
3071 936 3084 971 :
3117 918 3197 974 Ad
3222 921 3498 976 clamorem
3523 925 3658 980 vocis

2059 1011 2181 1070 tuor,
2213 1005 2583 1076 gubernatores
2613 1008 2688 1064 tui
2712 1011 2893 1066 timore
2924 1013 3200 1081 timebunt,
3228 1025 3277 1070 et
3307 1015 3570 1072 discedent
3595 1021 3660 1075 de

2057 1096 2270 1152 nauibus
2300 1115 2473 1156 omnes
2499 1102 2717 1175 remiges
2737 1105 2813 1158 tui
2842 1114 2892 1160 et
2921 1116 3144 1162 uectores
3172 1118 3221 1162 et
3253 1121 3473 1178 proreta:
3500 1114 3660 1168 maris

2057 1203 2211 1252 super
2235 1201 2420 1245 terram
2460 1195 2670 1249 stabunt
2689 1238 2704 1262 ,
2749 1207 2795 1251 et
2824 1194 3096 1253 ulnlabunt
3125 1217 3278 1270 super
3306 1214 3356 1257 te
3383 1220 3502 1258 voce
3526 1221 3657 1274 sua,

2057 1287 2105 1332 el
2131 1279 2430 1338 clamabunt
2476 1302 2631 1356 super
2658 1296 2707 1342 te
2735 1305 2968 1344 amarum
2986 1330 3001 1356 ,
3035 1301 3084 1345 et
3109 1293 3369 1362 imponent
3396 1311 3548 1364 super
3574 1314 3661 1349 ca-

2057 1383 2150 1443 put
2174 1393 2322 1430 suunt
2349 1388 2567 1441 terram.
2596 1390 2646 1436 et
2693 1384 2911 1438 cinerem
2934 1395 3179 1447 sternent.
3213 1396 3260 1439 et
3294 1390 3546 1458 accipient
3572 1407 3660 1445 su-

2059 1484 2151 1536 per
2174 1479 2222 1524 te
2251 1471 2669 1530 lamentationem
2711 1477 2959 1546 ﬁliorum.
2987 1477 3269 1534 (amentum
3294 1479 3448 1537 Soor.
3479 1484 3658 1552 Quou-

2055 1571 2165 1616 tum
2190 1564 2426 1620 inuenisti
2455 1569 2704 1623 mercedis
2733 1571 2796 1624 de
2820 1570 2993 1625 mari.’
3023 1570 3239 1627 Satiasti
3283 1586 3454 1644 gentes
3482 1577 3662 1630 multi-

2055 1654 2238 1708 tudine
2281 1666 2370 1710 tua
2399 1698 2414 1720 ,
2440 1669 2487 1711 et
2513 1675 2546 1712 a
2591 1660 2953 1714 commixtione
2980 1672 3068 1715 ttta
3115 1661 3440 1731 locupletasti
3485 1683 3660 1722 omnes

2057 1763 2200 1817 rega
2228 1758 2401 1804 terrtc.
2431 1749 2589 1807 Nunc
2609 1761 2778 1806 autem
2802 1755 3101 1808 cantristata
3129 1772 3180 1810 es
3207 1758 3258 1810 in
3279 1760 3430 1824 mari,
3455 1760 3508 1813 in
3539 1777 3658 1832 pro-

356 1844 596 1914 speciem
627 1862 643 1899 :
680 1841 806 1899 ﬂare
819 1846 957 1924 Adicit
983 1843 1234 1900 Dominus
1261 1861 1277 1900 :
1303 1843 1700 1915 Circumjaciam
1725 1853 1771 1896 te
1791 1858 1951 1908 super
1979 1831 2028 1891 B
2055 1837 2216 1905 fando
2244 1858 2393 1912 aqua:
2433 1845 2731 1924 commixtio
2778 1856 2900 1915 tua,
2935 1855 2981 1902 et
3011 1851 3178 1903 omnis
3197 1831 3547 1924 congregatio
3569 1861 3659 1908 tua

357 1949 546 1994 terram
574 1916 884 2009 populortint
911 1943 1190 1996 multorum
1233 1952 1282 1995 et
1310 1939 1581 1995 extraham
1617 1947 1668 1992 te
1707 1939 1760 1990 in
1798 1938 1951 1991 homo

357 2049 488 2099 meo,
537 2041 587 2087 et
631 2035 902 2089 extendant
943 2044 991 2088 te
1035 2051 1189 2105 super
1218 2034 1388 2102 campi
1429 2032 1543 2086 tui:
1573 2040 1620 2086 et
1649 2031 1952 2084 constituant

353 2143 509 2196 super
552 2138 600 2182 te
644 2143 820 2181 omnes
857 2143 974 2181 aves
1005 2128 1142 2200 casti,
1190 2137 1238 2180 et
1275 2127 1515 2180 saturabo
1559 2141 1730 2180 omnes
1769 2124 1953 2177 bestias

354 2220 606 2275 universa:
645 2228 798 2274 terra
823 2235 844 2275 :
881 2230 928 2275 et
956 2219 1087 2274 dabo
1118 2237 1296 2274 carnes
1325 2229 1441 2273 tuas
1465 2233 1619 2290 super
1649 2227 1863 2280 montes,
1905 2224 1954 2269 et

352 2313 595 2368 saturabo
625 2314 874 2386 sanguine
911 2324 1002 2369 tuo
1027 2315 1206 2381 colles,
1245 2323 1291 2368 et
1323 2313 1563 2384 rigabitui
1607 2323 1744 2367 terra
1764 2310 1825 2363 ab
1846 2309 1951 2376 his,

352 2424 469 2479 qua:
503 2408 568 2463 de
607 2420 656 2462 te
699 2408 1012 2478 procedunt;
1052 2426 1084 2462 a
1120 2408 1452 2463 multitudine
1493 2417 1580 2462 tua
1614 2407 1669 2460 in
1700 2403 1954 2459 moralibus

355 2515 530 2572 uepres
561 2501 786 2571 implebo
813 2504 905 2558 abs
932 2515 1004 2568 te,
1032 2515 1082 2558 et
1110 2503 1402 2574 cooperiam
1423 2503 1604 2560 ctutum
1625 2516 1740 2554 cum
1761 2497 1956 2564 ωιὶητ

353 2595 548 2665 gueris,
565 2603 613 2648 et
633 2596 914 2649 obscurabo
934 2604 1076 2654 astra
1097 2598 1234 2668 ejus,
1255 2595 1415 2651 solem
1432 2595 1483 2650 in
1508 2593 1640 2648 nube
1660 2599 1950 2665 conlegam,

354 2693 402 2740 et
428 2687 568 2741 lunas
594 2704 696 2742 non
721 2687 908 2742 lucebit
937 2689 1112 2745 lumen
1140 2691 1273 2761 ejus.
1310 2686 1497 2741 Omnia
1524 2701 1641 2758 quia
1666 2684 1836 2738 lucent
1865 2682 1951 2737 lu-

357 2782 490 2836 mine
512 2781 566 2835 in
591 2781 719 2835 caelo
738 2780 1168 2846 obscurabuntur,
1191 2790 1240 2835 et
1262 2781 1398 2834 dabo
1419 2780 1655 2836 tenebras
1674 2793 1828 2848 super
1849 2784 1954 2830 tero

351 2891 465 2928 rant
499 2885 672 2938 tuam,
718 2875 844 2928 dicit
891 2873 1165 2930 Dominus.
1195 2873 1381 2944 Juugit
1418 2873 1656 2946 speciem
1688 2887 1701 2924 :
1733 2867 1800 2923 Et
1829 2884 1954 2922 exa-

349 2969 568 3040 sperabo
587 2983 678 3022 cor
703 2968 1012 3038 populorum
1036 2967 1316 3023 multorum
1340 2981 1360 3019 :
1386 2983 1502 3020 cum
1528 2964 1716 3019 ducam
1740 2960 1954 3025 captivi-

355 3072 509 3118 tatem
538 3073 681 3118 tuam
706 3065 760 3117 in
786 3064 1039 3131 notiones,
1078 3064 1133 3118 in
1162 3071 1371 3124 terram,
1412 3076 1566 3130 quam
1604 3074 1704 3112 non
1742 3070 1954 3109 noueras

352 3156 571 3224 (Ezech.
601 3169 780 3219 xxstt,
812 3156 956 3226 4-8).
1002 3155 1229 3210 Excedit
1261 3153 1498 3223 speciem
1535 3169 1548 3204 :
1581 3149 1650 3207 Et
1677 3146 1948 3204 contrista-

2055 1933 2305 1987 inmedio
2347 1935 2444 1988 tui.
2491 1920 2798 1992 Ceciderunt
2837 1955 3010 1994 omnes
3053 1945 3272 2012 remiges
3298 1920 3437 2000 vlui:
3484 1962 3660 2002 omnes

2054 2029 2141 2097 qui
2169 2029 2456 2085 inhabitant
2482 2032 2686 2087 insulas
2713 2036 3004 2089 contristati
3042 2047 3160 2090 sunt
3204 2055 3360 2106 super
3385 2049 3434 2093 te
3460 2083 3473 2104 ,
3501 2052 3548 2094 et
3577 2060 3656 2096 re-

2055 2122 2214 2194 miges
2236 2138 2411 2176 eorum
2438 2127 2620 2179 mentis
2637 2128 2950 2182 alienatione
2971 2138 3301 2198 stupuerunt,
3335 2141 3381 2187 et
3400 2134 3658 2204 lacruma-

2057 2222 2139 2266 tus
2161 2225 2235 2268 est
2255 2217 2426 2270 vultus
2440 2233 2616 2271 eorum
2639 2235 2790 2289 super
2809 2231 2875 2273 te.
2896 2220 3210 2276 Mercatores
3225 2241 3408 2280 eorum
3420 2226 3480 2279 de
3491 2229 3657 2301 gratio

2056 2310 2150 2363 bus
2173 2310 2516 2365 exsibilabunt
2548 2320 2595 2365 te
2617 2330 2635 2367 :
2663 2315 2885 2385 perditio
2911 2320 3051 2386 facta
3077 2334 3150 2384 es,
3178 2320 3315 2371 ultra
3342 2336 3444 2375 non
3471 2321 3571 2376 eris
3601 2324 3656 2379 in

2053 2411 2324 2468 a’ternum,
2372 2405 2497 2460 dicit
2543 2403 2798 2462 Dominus
2845 2406 3063 2480 (Ezech.
3094 2426 3275 2478 xsvtt,
3308 2412 3512 2478 28-56.
3546 2432 3652 2470 sec.

2054 2492 2243 2568 LXX).
2275 2494 2294 2570 ]
2327 2496 2593 2569 Numquid
2623 2498 2674 2551 iu
2700 2513 2862 2554 unam
2892 2502 3122 2556 insulam
3154 2505 3504 2567 conveniunt.
3537 2523 3656 2576 qun

2056 2588 2198 2643 dicta
2228 2605 2352 2644 sum
2384 2609 2396 2645 :
2429 2601 2521 2646 aut
2547 2593 2659 2647 sola
2694 2595 2867 2662 potuit
2897 2594 3232 2664 locupletare
3262 2610 3451 2652 omnes
3497 2614 3656 2670 reges

2057 2684 2261 2739 terrm?
2308 2684 2414 2740 Sed
2481 2686 2658 2756 aliqua
2709 2687 3226 2756 rclittquituuslncis
3283 2693 3654 2758 amtortunis:

2056 2777 2252 2846 quibus
2281 2779 2383 2833 etsi
2414 2780 2644 2834 strictim
2677 2780 2955 2847 dicuntur,
2987 2782 3161 2836 vtderi
3204 2795 3447 2852 possunt.
3480 2785 3657 2858 Tyrus

2055 2871 2309 2940 bipartito
2340 2881 2446 2937 σει,
2474 2871 2612 2927 sicut
2641 2888 2734 2942 per
2763 2872 2954 2929 lsaiatu
2977 2874 3197 2941 dicitur,
3228 2879 3315 2946 qui
3341 2889 3461 2947 post
3491 2879 3655 2934 multa

2055 2963 2258 3034 speciei
2287 2975 2338 3018 et
2369 2963 2610 3034 generis,
2645 2965 2748 3020 hoc
2775 2982 2988 3038 quoque
3017 2969 3248 3037 adjecit,
3278 2971 3462 3027 dicens
3496 2990 3509 3027 :
3543 2971 3658 3026 Erit

2056 3067 2170 3128 post
2194 3061 2521 3133 septuaginta
2550 3077 2714 3114 annos
2753 3060 2925 3132 Tyrus
2945 3103 2959 3127 ,
2988 3063 3121 3116 sicut
3147 3064 3404 3117 canticum
3430 3067 3657 3135 fornica-

2056 3152 2166 3205 riaz.
2216 3151 2404 3220 Accipe
2457 3153 2707 3206 citharam
2745 3154 3066 3226 angularem,
3117 3155 3298 3208 civitas
3337 3157 3652 3226 fornicaria,

353 3248 550 3303 buntur
602 3263 761 3320 super
819 3259 867 3304 te
908 3247 1087 3305 multo
1137 3247 1397 3308 nationes,
1443 3254 1494 3301 et
1544 3260 1688 3319 reges
1733 3261 1945 3308 earum,
1977 3221 2025 3288 ϐ
2057 3243 2214 3297 oblita
2258 3245 2379 3297 bene
2417 3244 2761 3309 citharizare,
2808 3247 2974 3300 multa
3024 3248 3226 3302 cantica
3275 3261 3426 3304 cauta
3455 3266 3474 3304 .'
3501 3261 3556 3305 ut
3583 3251 3658 3303 tui

354 3341 539 3394 mentis
568 3340 881 3395 alienatione
901 3340 1198 3411 stupebuut,
1222 3353 1338 3396 cum
1361 3337 1548 3393 volabit
1575 3338 1781 3410 gladius
1808 3355 1951 3392 meus

351 3450 509 3502 super
555 3432 713 3502 facies
765 3449 966 3498 eorum,
1016 3433 1072 3488 in
1118 3431 1288 3487 medio
1334 3448 1511 3487 eorum
1566 3433 1664 3486 erit
1715 3429 1786 3484 ad
1837 3430 1951 3487 rai-

353 3541 474 3579 nam
524 3539 589 3578 ex
632 3525 716 3578 dic
757 3526 925 3579 ruina:
963 3532 1086 3580 tum.
1141 3525 1300 3579 Redit
1340 3524 1407 3579 ad
1457 3525 1695 3594 speciem
1746 3539 1759 3576 :
1809 3523 1953 3592 Quo—

350 3621 492 3674 niani
535 3618 643 3673 hac
689 3619 814 3672 dicit
861 3617 1164 3673 Dominus:
1212 3615 1434 3673 Gladius
1480 3617 1615 3690 regis
1667 3614 1953 3687 Babylonis

351 3713 488 3767 t'enit
527 3713 616 3765 tibi
664 3712 718 3764 in
771 3711 961 3786 gladiis
1009 3711 1300 3784 gigantum,
1343 3721 1391 3766 et
1426 3709 1667 3782 dejiciam
1713 3709 1952 3763 uirtutem

351 3814 516 3870 tuam,
551 3814 712 3872 pestes
739 3821 770 3857 a
801 3802 1096 3859 nationibus
1125 3819 1329 3869 manes,
1362 3815 1408 3855 et
1439 3801 1660 3872 pendent
1687 3811 1951 3858 contume-

351 3896 475 3953 liam
503 3895 751 3970 ιεῃςριὶ,
782 3907 832 3952 et
874 3909 1163 3952 conteretur
1212 3896 1377 3950 omnis
1425 3897 1583 3950 uirtus
1613 3896 1744 3966 ejus.
1778 3893 1832 3948 lu
1859 3906 1954 3963 gc-

350 4006 456 4047 nus
482 4010 497 4044 ε
527 3988 597 4045 Et
621 3989 832 4063 perdam
859 3990 1031 4044 omnia
1054 4004 1239 4059 pccora
1253 4004 1389 4059 aqua
1412 3989 1572 4040 multa
1597 4004 1615 4040 :
1645 3996 1815 4042 etnon
1843 3996 1954 4039 tur-

351 4086 490 4141 babit
510 4101 628 4140 eam
653 4101 743 4157 pes
771 4084 994 4138 hominis
1021 4084 1181 4148 ultra,
1211 4092 1257 4137 et
1288 4081 1554 4152 uestigium
1584 4095 1824 4150 pecorum
1851 4095 1953 4134 non

349 4178 572 4233 arlcabit
619 4195 750 4233 eam.
779 4175 929 4232 Tunc
974 4179 1288 4248 requiescent
1334 4191 1484 4246 aqua:
1529 4189 1737 4242 eorum,
1782 4184 1828 4229 et
1852 4175 1950 4246 μα.

349 4276 492 4329 mina
519 4288 718 4338 eorum,
751 4282 803 4326 ut
832 4269 1005 4326 oleum
1035 4271 1310 4333 habebunt,
1342 4269 1464 4322 dicit
1499 4267 1750 4320 Dominus
1782 4263 1950 4336 (lbid.

349 4367 534 4436 9-H).
583 4367 810 4435 Species
839 4379 855 4418 :
887 4359 956 4416 Et
999 4362 1135 4416 dabo
1165 4359 1458 4435 Egyplum
1487 4361 1539 4412 in
1568 4360 1862 4424 interitum,
1904 4367 1955 4413 et

347 4458 668 4517 desolztbitar
715 4468 856 4513 terra
897 4472 1014 4511 cum
1071 4455 1392 4527 plenitudine
1433 4472 1553 4518 sua,
1583 4465 1630 4508 et
1659 4454 1954 4526 dispergant

348 4569 524 4609 crimes
551 4551 894 4605 inhabitantes
915 4552 969 4605 in
987 4567 1047 4603 ea
1069 4548 1262 4618 (lbid.,
1290 4549 1397 4619 15).
1419 4548 1604 4602 Gentis
1631 4565 1645 4601 :
1681 4544 1744 4599 Et
1771 4547 1950 4608 scient,

345 4647 471 4717 quia
500 4660 594 4717 ego
627 4641 881 4697 Dominus
907 4657 1041 4695 sum.
1077 4640 1346 4710 Operiam,
1376 4640 1568 4709 inquit,
1591 4639 1794 4700 coelum,
1833 4654 1948 4692 cum

346 4738 696 4806 exstingueris
728 4751 746 4790 :
777 4746 824 4789 et
872 4734 1151 4788 obscurabo
1193 4741 1343 4788 astra
1373 4734 1521 4803 ejus,
1548 4732 1707 4788 solem
1734 4732 1786 4786 in
1818 4732 1950 4785 nube

344 4845 622 4905 conlegam
649 4842 693 4883 et
723 4830 861 4884 luna:
888 4845 988 4883 non
1021 4827 1204 4881 lucebit
1235 4829 1406 4881 lumen
1435 4829 1567 4900 ejus.
1593 4824 1813 4891 "Omnia,
1834 4842 1950 4896 quoe

344 4923 523 4978 lucent
546 4922 740 4976 lurnine
762 4922 816 4975 in
846 4923 974 4975 calo
1003 4920 1414 4974 obscurabuntur
1441 4936 1598 4988 super
1628 4934 1676 4972 te
1699 4935 1719 4973 :
1741 4929 1787 4972 et
1817 4919 1949 4972 dabo

344 5012 585 5071 tenebras
611 5030 763 5083 super
793 5024 984 5066 terram
1011 5021 1153 5064 tuam
1185 5015 1202 5078 (
1232 5011 1420 5065 Ezeclt.
1458 5026 1625 5073 stult,
1661 5010 1715 5074 7,
1744 5008 1823 5080 8).
1849 5009 1868 5083 [
1890 5011 1945 5064 lu

341 5110 604 5180 passione
634 5107 883 5170 Domini,
928 5121 1037 5160 non
1076 5105 1128 5158 itt
1163 5118 1309 5161 terra
1337 5104 1554 5177 Egypli
1588 5114 1796 5157 tantum
1837 5105 1952 5160 luc-

345 5213 476 5259 runt
527 5202 768 5256 tenebrae
802 5218 814 5252 :
848 5199 942 5256 sed
994 5201 1048 5255 in
1104 5209 1219 5256 toto
1265 5200 1422 5255 orbe.
1455 5197 1560 5255 Sed
1614 5213 1746 5264 nec,
1794 5207 1949 5267 Capta

345 5295 610 5368 Egypto,
640 5293 1042 5365 obstupuerunt
1083 5307 1294 5365 gentes,
1325 5303 1708 5363 exspectantes
1738 5294 1950 5349 ruinam

343 5405 504 5446 suam
537 5403 604 5445 ex
650 5389 739 5442 die
778 5387 948 5442 ruina:
990 5387 1130 5455 ejus.
1161 5387 1292 5442 Nam
1334 5393 1390 5440 et
1414 5385 1484 5442 de
1529 5385 1668 5441 Soor
1695 5387 1774 5442 sic
1818 5386 1951 5441 scri-

344 5493 500 5555 ptum
523 5493 602 5538 cst
631 5500 644 5536 :
675 5480 800 5535 lla'c
823 5481 950 5534 dicit
981 5480 1228 5536 Dominus
1256 5481 1326 5534 ad
1356 5479 1492 5534 Socr
1523 5495 1542 5533 :
1576 5479 1784 5544 Nonne,
1815 5498 1846 5533 a
1868 5481 1952 5533 die

346 5579 519 5632 ruitur
546 5585 668 5640 tuae,
697 5575 753 5628 in
799 5575 992 5647 gemitu
1045 5577 1448 5635 vulneratorum,
1481 5575 1606 5626 dum
1629 5573 1954 5641 interﬁciun-

345 5683 430 5728 tur
457 5672 661 5745 gladio,
689 5669 742 5722 in
773 5669 942 5723 medio
972 5670 1047 5722 tui
1072 5669 1521 5722 commorebuntur
1546 5666 1752 5730 insula,
1783 5678 1827 5721 et
1848 5668 1957 5722 clis-

344 5767 527 5821 cedent
575 5782 609 5819 a
637 5763 843 5818 sedibus
868 5764 974 5818 suis
1015 5779 1190 5817 omnes
1221 5762 1481 5834 principes
1524 5763 1704 5826 maris,
1734 5774 1779 5815 et
1808 5761 1957 5828 aufe-

377 5870 459 5916 ent
488 5861 674 5914 m.'tras
696 5867 742 5912 et
773 5867 962 5910 uestem
991 5857 1194 5910 aurium
1231 5872 1442 5910 suarum
1468 5872 1487 5910 .'
1519 5855 1874 5924 dispoliubunt
1901 5872 1954 5912 se

640 5954 918 6014 l'nuot.
958 5951 1188 6013 XVIII.

2053 3338 2466 3391 commemoratio
2518 3338 2631 3405 ﬁat.
2689 3336 2753 3392 Et
2803 3339 2898 3392 erit
2927 3348 3042 3408 post
3089 3342 3414 3411 septuaginta
3456 3360 3652 3409 annos,

2054 3429 2418 3495 respectionem
2451 3430 2602 3498 faciet
2647 3426 2791 3484 Deus
2818 3430 2962 3502 Tyri,
2995 3442 3044 3486 et
3066 3433 3250 3486 iterum
3280 3435 3574 3490 restituetur
3601 3438 3654 3490 in

2052 3523 2320 3590 antiquum
2372 3519 2392 3590 (
2421 3517 2531 3575 lsa.
2577 3537 2741 3586 XXIII,
2773 3522 2937 3578 15·ιῖ
3041 3523 3052 3594 |
3081 3523 3346 3596 Numquid
3392 3527 3654 3582 credibile

2055 3622 2158 3678 est,
2203 3613 2450 3667 universa
2481 3629 2644 3683 regna
2677 3627 2968 3679 terrarum,
3001 3616 3076 3686 Ὗ)
3090 3633 3207 3670 rum
3238 3620 3453 3674 venisse
3480 3635 3650 3693 uego-

2058 3704 2223 3760 tiandi
2251 3706 2453 3762 causa?
2479 3707 2632 3772 Quod
2660 3708 2705 3762 si
2738 3708 2996 3774 veniant;
3035 3725 3155 3777 qua:
3184 3712 3418 3778 utilitas,
3458 3713 3656 3783 pra-di—

2055 3800 2200 3855 xisse
2227 3797 2402 3854 latura
2430 3800 2578 3872 Tyro
2603 3803 2930 3858 commercia
2961 3805 3216 3862 omnibus
3259 3807 3442 3877 regnis
3472 3818 3652 3872 terrm,

2054 3894 2100 3948 si
2133 3910 2240 3948 non
2269 3892 2440 3966 Tyrus
2461 3936 2476 3960 ,
2506 3895 2748 3951 Ecclesia
2795 3907 2912 3962 est,
2958 3898 3010 3952 in
3042 3915 3146 3968 qua
3177 3916 3339 3955 omne
3384 3911 3648 3956 terrarum

2055 3986 2329 4056 negotium
2358 3997 2443 4044 est
2467 3997 2685 4043 a-terna:
2711 3989 2872 4044 vitaz?
2903 3991 3160 4058 Sequitur
3202 3994 3347 4048 enim
3379 4005 3434 4047 et
3463 4001 3650 4050 osten—

2052 4077 2153 4140 dit,
2183 4077 2327 4147 quod
2353 4080 2422 4132 sit
2452 4079 2571 4148 ejus
2603 4081 2903 4149 negotium,
2935 4081 3125 4136 dicens
3152 4099 3165 4135 :
3199 4083 3267 4136 Et
3296 4086 3394 4138 erit
3423 4089 3654 4157 negotia-

2057 4170 2127 4223 tio
2152 4171 2263 4242 ejus
2291 4181 2338 4224 et
2367 4185 2559 4225 merces
2584 4181 2763 4224 sancta
2794 4168 3020 4225 Domino
3056 4172 3190 4245 (lsa.
3232 4191 3393 4241 xxttl,
3428 4177 3652 4246 i547).

2055 4261 2171 4321 Νοιι
2200 4266 2344 4322 enim
2372 4264 2426 4319 in
2460 4265 2566 4320 illis
2604 4266 2888 4337 Colligitur
2917 4285 2928 4318 :
2956 4267 3053 4321 sed
3103 4268 3215 4322 illis
3239 4311 3251 4330 .
3280 4271 3372 4338 qui
3408 4271 3656 4325 habitant

2054 4357 2107 4413 in
2135 4371 2428 4429 compecto
2459 4356 2697 4413 Domini.
2735 4359 2917 4416 Omnis
2944 4363 3222 4434 negotiatio
3258 4366 3395 4438 ejus,
3424 4369 3574 4419 cdere
3603 4376 3651 4419 et

2055 4450 2222 4505 bibere
2245 4462 2294 4504 et
2319 4452 2525 4521 repleri,
2555 4452 2610 4505 in
2634 4453 2837 4523 signum
2868 4455 3130 4507 aleatorio:
3158 4455 3212 4507 in
3243 4469 3516 4528 conspecta
3543 4456 3651 4510 Do-

2056 4543 2184 4597 mini
2214 4540 2376 4613 (Ibitl.
2413 4542 2526 4614 l8}.
2561 4543 2619 4600 Si
2658 4560 2786 4613 ergo
2829 4545 3127 4616 negatiatio
3151 4549 3292 4615 ejus,
3319 4562 3506 4604 sancta
3545 4549 3649 4604 Do~

1976 4619 2030 4680 Ῑ)
2057 4640 2202 4692 mino
2233 4657 2244 4691 :
2276 4638 2552 4705 quomodo
2596 4649 2778 4708 potest
2819 4643 3076 4696 omnibus
3119 4660 3243 4698 esse
3287 4647 3507 4715 regnis,
3547 4648 3652 4701 nisi

2054 4735 2248 4804 ubique
2290 4733 2459 4791 fuerit
2506 4734 2606 4788 ista
2655 4734 2873 4804 Tyrus?
2922 4736 3180 4807 Sequitur
3229 4742 3373 4793 enim
3423 4753 3649 4810 aperte,

2052 4825 2295 4880 ostendit
2331 4826 2458 4896 quid
2492 4826 2563 4880 sit
2589 4825 2786 4897 Tyrus,
2821 4827 3012 4882 dicens
3039 4844 3052 4879 :
3080 4825 3213 4882 Ecce
3249 4829 3505 4885 Dominus
3535 4850 3650 4886 cor-

2051 4929 2252 4989 rumpet
2280 4919 2455 4972 orbem
2490 4929 2765 4983 terrarum,
2803 4931 2849 4972 ct
2881 4921 3096 4973 t'aslttbll
3131 4922 3304 4987 illum,
3347 4935 3398 4978 et
3440 4928 3649 4980 nudabit

2051 5013 2238 5083 facient
2267 5014 2379 5073 eius
2411 5029 2428 5065 :
2457 5012 2714 5083 disperget
2744 5030 2849 5073 eos.
2877 5016 2964 5084 qui
2987 5015 3272 5068 inhabitant
3303 5017 3355 5069 in
3377 5034 3456 5080 eo,
3482 5029 3529 5071 et
3555 5021 3650 5072 erit

2052 5108 2272 5176 populus
2317 5107 2450 5160 sicut
2488 5110 2727 5160 sacerdos
2761 5106 2894 5177 (lsa.
2931 5124 3091 5170 xxiv,
3132 5111 3267 5177 l-li).
3301 5110 3458 5182 [Nam
3503 5111 3650 5166 illius

2051 5201 2224 5263 orltis,
2255 5200 2415 5265 cujus
2446 5198 2746 5269 negotiatio
2793 5211 2981 5254 sancta
3029 5201 3293 5254 Domino?
3339 5212 3384 5253 et
3425 5204 3650 5270 [atuulus

2051 5295 2182 5348 sicut
2211 5290 2465 5346 Dominus
2495 5303 2543 5345 et
2570 5291 2772 5361 [amula
2810 5292 2940 5346 sicut
2973 5293 3183 5346 domina
3212 5295 3230 5364 1
3256 5291 3318 5344 Et
3344 5300 3438 5345 erit
3469 5310 3647 5347 emens

2055 5386 2187 5441 sicut
2218 5395 2265 5439 et
2293 5385 2510 5439 t-cndens
2538 5400 2557 5438 :
2580 5395 2627 5437 et
2649 5385 2736 5454 qui
2768 5385 2933 5447 debet,
2963 5386 3093 5439 sicut
3119 5387 3207 5438 ille
3228 5386 3310 5439 cui
3337 5385 3582 5450 debetur;
3601 5400 3650 5442 et

2057 5479 2146 5548 qui
2175 5481 2407 5546 fluitent.
2432 5477 2564 5529 sicut
2592 5478 2680 5529 ille
2709 5477 2792 5546 qui
2828 5483 3105 5545 [azneratnr
3135 5493 3152 5528 .·
3176 5479 3294 5543 quia
3321 5479 3652 5549 corruptions

2057 5583 2414 5640 corrumpetur
2440 5581 2597 5633 terra,
2642 5576 2692 5624 'ct
2731 5571 3018 5623 oastabitur
3059 5571 3344 5623 uastatione
3379 5583 3534 5623 terra.
3577 5572 3651 5626 0s

2058 5668 2192 5720 enim
2227 5664 2434 5719 Domini
2459 5666 2686 5719 locutum
2712 5677 2785 5718 est
2813 5664 2942 5717 hcce.
2972 5662 3183 5717 Planrit
3226 5674 3381 5728 terra,
3406 5675 3649 5718 curvatas

2060 5772 2136 5814 est
2159 5760 2295 5813 orbis
2327 5770 2495 5822 terrtr,
2519 5756 2830 5822 planxerunt
2856 5758 2950 5808 alti
2979 5769 3144 5810 terra'.
3179 5755 3248 5809 Te
3280 5774 3337 5809 ra
3368 5770 3533 5810 autem
3563 5762 3644 5826 {a-

2060 5854 2204 5908 cinus
2239 5853 2471 5915 admisit,
2499 5862 2704 5922 propter
2735 5866 2841 5916 eos,
2872 5852 2958 5918 qui
2988 5848 3275 5904 inhabitant
3304 5867 3355 5902 III
3398 5865 3454 5900 ca
3481 5865 3497 5902 .'
3527 5849 3648 5917 quia

3111 5941 3150 6002 2
