4180 6502
426 317 502 376 '53
1581 319 1784 376 LIBER
1827 319 1912 376 DE
1950 315 2228 380 SEPI‘EM
2266 319 2586 381 REGULIS.
3655 333 3722 388 54

423 449 457 490 a
510 442 858 492 mortuorum
907 435 1324 506 voluptatibv:s..
1358 437 1501 491 Idem
1548 435 1620 492 ιο
1667 436 1788 492 dies
1833 438 2028 507 quibus
2060 446 2108 503 Α
2135 438 2522 495 abscondendo
2549 443 2921 512 qumrentibus
2948 443 3244 516 gratiorem
3273 443 3482 504 faceret
3518 445 3722 503 verita.

426 528 726 585 mamlucat
769 541 823 584 et
863 530 995 585 bibit
1049 529 1289 586 Ecclesia
1341 546 1461 587 cum
1515 531 1743 584 Doinino
1793 544 1912 600 post
1944 549 2025 587 rc-

427 626 836 679 Surrectinncm
885 623 955 678 40
1007 625 1134 679 anni
1186 632 1314 678 sunt
1356 624 1553 694 quibus
1610 637 1725 678 erat
1781 625 2024 680 Ecclesia

428 716 772 773 manducans
801 727 856 772 et
881 716 1074 786 bibens
1120 717 1224 773 sub
1254 717 1584 774 Salomone.
1623 731 1755 786 pare
1789 716 2026 788 undique

428 827 650 867 versum
707 811 1014 882 protuuda,
1065 820 1347 880 premente
1403 820 1582 865 tamen
1630 827 1724 865 eos
1775 809 2027 878 bipertito

430 907 770 965 Salomone:
804 908 946 963 sicut
975 907 1166 962 eadem
1201 906 1441 962 Ecclcia
1487 906 1659 960 dicit:
1696 903 1856 958 Pater
1898 920 2028 959 unus

431 1002 689 1071 Oppressit
716 999 913 1070 nostlll
943 999 1071 1070 Reg.
1105 1016 1201 1060 xu.
1231 997 1728 1070 50).Quadragintn
1761 996 1901 1060 dies,
1931 994 2028 1050 fuit

427 1107 570 1163 aqua
600 1095 654 1148 in
683 1103 824 1148 statu
863 1110 999 1156 suo,
1032 1103 1086 1149 et
1119 1093 1337 1148 totidem
1369 1092 1565 1148 deiecit
1594 1110 1608 1145 :
1640 1101 1696 1144 ut
1729 1092 1811 1146 bis
1849 1102 1902 1145 et
1931 1090 2026 1146 de-

428 1183 595 1241 iectio
615 1201 773 1257 aqua:
803 1187 871 1242 t0
893 1201 1102 1250 mense,
1126 1185 1177 1240 id
1199 1191 1303 1245 est.
1329 1185 1576 1256 perfecto
1609 1193 1854 1252 tempore
1876 1197 2027 1236 rom-

429 1278 691 1348 pleretnr.
718 1276 827 1335 Sed
855 1280 905 1332 in
936 1293 1156 1348 genere,
1184 1294 1294 1332 non
1326 1278 1395 1332 ita
1420 1286 1524 1340 est,
1550 1287 1605 1330 ιιι
1636 1275 1867 1348 quodam
1891 1286 2025 1331 tem-

430 1386 564 1442 pore
595 1371 912 1437 invalescat,
930 1379 987 1426 et
1003 1371 1205 1426 deinde
1225 1369 1460 1426 deﬁciat.
1489 1369 1758 1438 Quoniam
1781 1377 2024 1438 tempore

428 1476 543 1534 quo
574 1463 800 1519 nitescit
843 1465 1156 1526 carnaliter,
1205 1464 1398 1519 eodem
1428 1461 1614 1517 deﬁcit
1649 1461 2021 1536 sptritualiter,

431 1568 494 1614 ιιι
530 1561 646 1628 ipsa
692 1559 855 1614 elatio
897 1559 968 1613 sit
1008 1557 1278 1622 deiectio,
1331 1574 1502 1628 usque
1534 1559 1660 1611 dum
1716 1556 2024 1628 perﬁciatur

435 1661 670 1722 tetnpns.
712 1651 800 1707 Sic
842 1650 1074 1705 mundus
1115 1665 1348 1722 regnans
1399 1652 1620 1721 ponitur
1657 1646 1759 1704 sub
1796 1647 2023 1719 pedibus

433 1741 696 1798 Ecclesia:
725 1743 818 1798 lilii
851 1743 1105 1797 hominis.
1138 1742 1238 1811 Qui
1285 1753 1408 1797 sunt
1449 1743 1629 1812 itaque
1669 1740 1742 1796 40
1767 1741 1904 1807 dies,
1931 1754 2021 1794 ex-

2131 545 2272 597 tent;
2303 535 2396 591 sed
2453 538 2636 604 etiam,
2686 549 2742 591 ut
2788 546 2957 592 totum
3004 541 3135 595 illud
3185 553 3420 613 tempus,
3445 537 3590 597 diem
3641 545 3725 596 vel

2131 627 2321 682 horam
2351 644 2474 685 esse
2511 642 2860 686 monstraret.
2903 634 3099 689 lgtntem
3136 638 3316 707 itaque
3344 636 3501 700 hora,
3536 636 3592 691 id
3617 644 3724 703 est,

2131 733 2394 791 tempore,
2427 726 2526 778 ista
2560 724 2896 780 observanda
2933 730 3209 782 mandavit
3243 751 3254 780 :
3291 731 3385 787 sed
3427 743 3719 802 antequam

2131 819 2424 872 reveletur.
2467 818 2669 874 Eadem
2709 821 2925 888 quidem
2971 823 3099 876 born
3145 824 3297 879 z'sed
3347 825 3400 881 in
3429 842 3530 894 qttzt
3566 835 3722 894 parte

2128 909 2301 974 borze,
2326 915 2538 968 ratione
2559 916 2890 985 agnoscitur.
2919 917 3220 988 Aliquoties
3248 929 3431 976 autem
3456 937 3564 974 non
3591 929 3719 976 sunt

2127 1005 2604 1076 rec-opitulatione;
2656 1006 2986 1073 ltttjusmuli,
3035 1011 3128 1063 scd
3163 1011 3357 1065 iuturus
3401 1013 3718 1068 similitudi-

2127 1113 2248 1160 nes.
2291 1100 2432 1155 sicut
2464 1100 2724 1156 Dominus
2753 1102 2884 1156 dicit
2929 1123 2940 1156 :
2990 1103 3116 1158 Cum
3146 1103 3408 1166 videritis,
3437 1105 3575 1176 quod
3605 1105 3719 1160 dic-

2127 1201 2234 1246 tum
2259 1204 2334 1246 est
2375 1211 2467 1264 per
2496 1191 2762 1249 Danielem
2791 1196 3096 1268 prap/ietum
3117 1238 3131 1261 ,
3166 1207 3288 1252 tunc
3323 1198 3410 1270 qui
3442 1201 3495 1252 in
3533 1197 3722 1253 Indica

2124 1294 2264 1350 sunt,
2285 1287 2483 1358 fugient
2509 1287 2562 1341 in
2580 1299 2773 1341 montes
2798 1288 3014 1359 (Matth.
3051 1305 3196 1351 xxiv,
3223 1291 3309 1354 15;
3345 1289 3478 1344 Dan.
3509 1290 3719 1360 “.27).

2126 1377 2196 1434 Et
2219 1378 2423 1434 inducit
2452 1379 2632 1434 linem.
2656 1381 2807 1448 Quod
2838 1391 3018 1437 autem
3044 1383 3228 1438 Daniel
3258 1385 3394 1438 dixit
3419 1402 3430 1436 :
3463 1382 3520 1438 in
3544 1383 3722 1440 Alrica

2124 1472 2328 1542 geritur
2378 1489 2552 1544 neque
2597 1474 2786 1529 eodem
2835 1483 3078 1545 tempore
3120 1474 3261 1532 linis.
3321 1477 3426 1534 Sed
3469 1479 3724 1548 quoniam

2126 1565 2255 1621 licet
2289 1581 2395 1620 non
2419 1567 2472 1622 in
2503 1582 2570 1621 eo
2591 1577 2771 1622 tamen
2802 1569 2959 1624 titulo
3009 1569 3248 1625 futurum
3279 1581 3385 1627 est.
3422 1570 3716 1641 Propterea

2124 1668 2251 1715 tunc
2281 1659 2434 1727 dixit,
2466 1661 2519 1716 id
2550 1672 2654 1727 est,
2681 1676 2801 1716 cum
2830 1663 3081 1719 similiter
3106 1655 3304 1719 larium
3331 1665 3489 1720 iuerit
3518 1682 3615 1736 per
3635 1680 3724 1721 or-

2126 1755 2287 1810 bem:
2321 1753 2467 1824 quod
2509 1767 2592 1810 est
2623 1753 2882 1811 discessio
2921 1765 2976 1811 et
3016 1759 3274 1813 revelatio
3320 1759 3553 1811 hominis
3601 1773 3728 1826 pec-

429 1835 593 1890 solvit
640 1848 855 1903 peccata
886 1834 1018 1890 luda
1039 1875 1055 1902 ,
1088 1846 1142 1890 et
1185 1833 1349 1889 Israel
1384 1834 1515 1894 149.
1547 1832 1697 1904 quod
1737 1839 1821 1888 est
1851 1843 2016 1884 uiuum

2125 1851 2247 1905 cati.
2279 1847 2391 1905 Hoc
2413 1865 2618 1921 genere
2643 1849 2938 1906 locutionis
2964 1851 3094 1906 dicit
3121 1852 3353 1921 Spiritus
3381 1851 3436 1906 in
3468 1850 3723 1908 Psalmis.

427 1942 596 2000 atque
626 1929 786 1984 idem.
826 1928 894 1985 Et
927 1931 962 1985 7
988 1945 1175 1984 mense
1205 1928 1347 1982 sedit
1375 1930 1510 1982 Area
1531 1967 1546 1990 ,
1583 1925 1722 1980 idem
1758 1937 1972 1993 tempus
2003 1939 2016 1976 :

428 2021 497 2080 Et
523 2022 812 2078 detieiebat
846 2038 983 2092 aqua
1017 2037 1188 2092 u~que
1216 2022 1267 2075 in
1299 2020 1364 2076 to
1404 2035 1683 2086 mensem,
1718 2020 1859 2074 idem
1887 2029 2024 2074 tem-

429 2133 552 2192 pus.
587 2119 763 2174 Evivit
789 2117 857 2173 de
884 2132 1008 2172 arca
1037 2114 1101 2171 l2
1128 2131 1314 2170 mense
1343 2113 1497 2185 (Gen.
1527 2129 1620 2178 ut,
1670 2112 1781 2184 li).
1818 2113 1914 2166 llic
1940 2119 2028 2167 est

427 2227 606 2268 annus
633 2212 899 2267 libertatis
931 2211 1140 2266 Ποιηῦηί
1169 2209 1538 2280 acceptabilis.
1567 2208 1687 2277 Quo
1726 2208 2023 2278 completo,

429 2303 863 2361 maniiesmbitur
913 2301 1194 2369 Ecclesia,
1239 2301 1422 2357 mundi
1477 2301 1840 2373 pertransisse
1884 2298 2028 2354 dilu-

430 2400 600 2454 vium.
631 2397 979 2467 Unaquaeque
1003 2411 1127 2468 pars
1156 2396 1317 2466 hujus
1349 2396 1506 2460 anni,
1538 2392 1680 2449 idem
1713 2405 1888 2446 anuus
1917 2398 2021 2446 est.

429 2492 600 2562 Quale
635 2491 681 2546 si
713 2490 959 2557 diceret,
991 2491 1126 2546 exiit
1162 2491 1232 2546 de.
1280 2491 1418 2545 Arca
1450 2487 1867 2560 quadragesimo
1892 2484 1979 2541 die
2007 2529 2021 2554 ,

430 2595 524 2641 aut
549 2599 738 2642 mense
759 2584 794 2640 7
823 2592 917 2640 aut
949 2585 1032 2641 10.

1023 2674 1302 2732 ΠΕΟΙΣΙΑ
1348 2672 1435 2731 Vl.

936 2766 1017 2821 De
1055 2765 1519 2839 Ilecopitulatione.

505 2863 1003 2936 Recapitulationes
1049 2871 1178 2917 sunt
1206 2863 1324 2914 isne
1351 2872 1532 2930 partes
1561 2859 1630 2914 :tb
1665 2857 1820 2914 initio
1856 2873 2026 2930 usque

431 2959 486 3015 itt
527 2958 691 3014 linem
717 2976 731 3010 ;
763 2958 904 3011 sicut
930 2954 1100 3010 Adam
1128 2969 1298 3025 usque
1322 2953 1528 3017 Enoclt,
1555 2952 1606 3008 id
1638 2964 1740 3019 est,
1768 2952 2026 3009 Ecclesiae

433 3051 872 3118 translationem,
900 3062 1110 3122 septem
1134 3047 1537 3119 generationes,
1562 3047 1702 3116 quod
1730 3054 1834 3110 cst.
1861 3061 2026 3102 omne

432 3155 664 3216 tempus.
714 3145 923 3200 Rursus
953 3144 1022 3197 ab
1066 3141 1236 3198 Adam
1269 3155 1436 3212 usque
1484 3141 1550 3194 ad
1596 3139 1744 3202 Noe,
1796 3141 1848 3195 id
1896 3150 1980 3196 est
2008 3180 2025 3207 ,

2127 1941 2260 1998 Cum
2283 1946 2583 2001 conrertsrit
2613 1943 2867 2000 Dominus
2897 1947 3243 2014 captivitatem
3287 1945 3451 2002 Sion:
3483 1949 3612 2019 facti
3638 1963 3728 2000 stt-

2127 2053 2242 2091 ntas
2268 2033 2402 2091 velut
2433 2035 2685 2092 consolati
2705 2056 2719 2092 :
2755 2035 2899 2093 Tum:
2923 2036 3174 2109 repletam
3194 2050 3272 2094 est
3299 2041 3494 2112 gaudio
3523 2057 3578 2093 os
3605 2057 3723 2094 nos-

2126 2140 2285 2196 trum,
2317 2139 2363 2184 et
2388 2129 2572 2202 lingua
2598 2141 2775 2185 nostra
2815 2130 3180 2187 exsultatione.
3220 2130 3366 2189 Tunc
3393 2135 3565 2188 dit-ent
3592 2138 3727 2190 inter

2126 2233 2320 2296 gentes,
2351 2225 2698 2294 magni/iacvit
2729 2220 2983 2280 Dominus
3010 2225 3181 2297 facere
3207 2245 3326 2283 cum
3345 2227 3475 2282 illis.
3513 2226 3726 2302 Magni-

2125 2314 2298 2388 ﬁraoit
2330 2313 2584 2372 Dominus
2604 2321 2775 2387 [risere
2795 2319 3060 2374 nobiscum
3080 2339 3100 2376 .°
3127 2323 3255 2393 facti
3290 2339 3465 2376 sumas
3492 2325 3722 2380 (retantcs

2126 2405 2303 2478 (Psal.
2335 2425 2508 2472 cxsv,
2546 2407 2679 2480 t—3).
2716 2411 2958 2466 Dicenda
2992 2428 3120 2466 vero
3150 2431 3162 2464 :
3196 2412 3323 2467 Cum
3348 2419 3584 2470 averterit
3614 2417 3723 2470 Do-

2124 2501 2296 2556 minus
2324 2503 2668 2571 coptiritatem
2691 2503 2856 2559 Sion:
2876 2515 3004 2560 tunc
3023 2507 3282 2562 dixerunt
3315 2518 3338 2546 ⁸
3371 2509 3721 2581 ingentibus.

2127 2591 2286 2649 Nam:
2324 2604 2535 2664 auertet,
2576 2597 2770 2668 inquit.
2797 2593 2949 2653 Tunc
2977 2598 3163 2655 dicent
3200 2599 3256 2655 itt
3300 2601 3570 2670 gentibus.
3615 2601 3726 2658 Nos

2126 2687 2271 2743 enim
2301 2699 2517 2758 gentes,
2547 2705 2782 2762 quorum
2808 2691 3178 2761 captivitatem
3209 2693 3423 2749 avertit.
3465 2691 3610 2750 Sicut
3657 2697 3721 2750 il-

2127 2781 2302 2834 lorum
2329 2781 2380 2834 in
2406 2780 2651 2851 figuram,
2683 2789 2897 2853 tempus
2920 2781 3180 2840 habemus
3208 2783 3490 2842 dicentes:
3518 2785 3724 2861 Hagni-

2126 2875 2299 2945 ﬁtavit
2328 2873 2582 2931 Dominus
2614 2880 2782 2948 facere
2820 2893 2937 2932 cum
2958 2877 3052 2940 eis,
3083 2879 3434 2950 magniﬁcaoit
3467 2876 3723 2935 Dominus

2127 2969 2298 3036 facere
2359 2966 2641 3022 nobiscum.
2709 2963 2788 3023 De
2851 2968 3208 3024 similitudine
3273 2970 3453 3040 itaque
3512 2979 3726 3039 tempus

2126 3074 2284 3113 suum
2306 3070 2361 3116 et
2388 3069 2656 3125 nostrum,
2682 3075 2847 3114 unum
2876 3058 3006 3115 fecit
3031 3059 3306 3132 etinnxit,
3324 3061 3512 3118 dit-ens
3538 3079 3551 3115 :
3581 3056 3726 3117 Tutu:

2127 3151 2296 3206 dicent
2321 3154 2374 3206 in
2399 3152 2659 3225 gentibus,
2683 3148 2733 3208 id
2758 3164 2866 3216 est,
2884 3165 3007 3206 cum
3029 3155 3282 3208 similiter
3301 3151 3554 3224 gentibus
3585 3155 3728 3210 iece—

429 3240 826 3310 reparatinncm
849 3278 865 3301 ,
898 3236 1085 3291 decem
1115 3233 1534 3305 generationes,
1560 3231 1702 3303 quod
1743 3244 1828 3287 Cal
1858 3246 2019 3286 omne

2125 3245 2214 3299 rit.
2240 3243 2354 3300 Nec
2385 3243 2517 3299 illud
2543 3236 2977 3316 praetereundum
3004 3255 3154 3316 puto,
3179 3247 3321 3316 quod
3356 3247 3584 3315 spiritus
3608 3261 3728 3304 sine

432 3340 646 3399 tempus
671 3347 686 3384 :
715 3339 770 3384 et
796 3343 824 3382 a
855 3326 969 3384 Noe
1005 3341 1178 3396 usque
1206 3327 1275 3380 ad
1303 3325 1575 3380 Abraham
1618 3323 1810 3380 decem
1856 3339 2022 3394 gene—

429 3425 692 3480 rationes.
728 3420 860 3477 Nam
885 3428 942 3477 et
982 3431 1198 3476 centum
1227 3421 1354 3473 anni
1379 3460 1395 3484 ,
1427 3418 1624 3488 quibus
1667 3418 1735 3471 ab
1764 3418 1906 3473 Area
1945 3416 2024 3472 ta-

429 3517 640 3575 britata
668 3525 777 3584 est,
806 3529 970 3571 onme
1015 3524 1227 3584 tempus
1253 3522 1335 3567 est
1363 3528 1470 3582 quo
1513 3510 1756 3566 l-Tct-lesia
1793 3509 2025 3567 fabrica-

429 3621 542 3682 tur,
575 3622 630 3669 et
657 3625 727 3667 eo
749 3621 1016 3681 tempore,
1040 3610 1094 3665 in
1124 3607 1328 3663 diluvio
1354 3603 1708 3675 pereuntibus
1728 3605 2020 3672 universis,

427 3707 783 3780 gubernatur.
826 3703 980 3774 Quod
1032 3701 1396 3773 prudentibus
1439 3699 1653 3770 plenius
1696 3700 2024 3770 investigan-

429 3802 558 3858 dum
586 3800 711 3856 data
738 3800 821 3855 Via
851 3798 1227 3868 relinquimus.
1255 3795 1526 3867 Quoniam
1557 3811 1626 3850 ne
1653 3797 1808 3864 copia
1837 3794 2025 3867 Scrip-

431 3907 566 3951 turm
596 3887 1005 3964 interpretando
1034 3891 1213 3957 foret;
1259 3891 1470 3960 séngula
1517 3891 1894 3960 persequenda
1922 3931 1935 3954 ,
1969 3897 2025 3944 et

428 4001 492 4045 ea
510 4002 632 4058 quae
653 3986 799 4040 hunc
827 3982 1160 4039 intellectum
1192 3980 1332 4036 forte
1351 3979 1665 4050 impediunt,
1691 3981 2022 4036 removenda

428 4097 536 4137 non
553 4080 880 4152 putavimus,
897 4079 1007 4134 alio
1023 4089 1397 4146 pr0perantes.
1420 4075 1565 4131 Inter
1587 4076 1802 4146 regulas
1825 4075 2024 4145 quibus

427 4179 652 4247 spiritus
690 4176 809 4244 lege
835 4173 1066 4244 signavit
1093 4189 1106 4226 :
1140 4187 1250 4242 quo
1277 4169 1500 4226 luminis
1526 4171 1606 4224 via
1634 4169 2020 4234 custodiretur,

428 4267 675 4325 nonnihil
703 4266 942 4322 custodit
972 4265 1424 4336 recapitulutinne
1449 4264 1688 4336 sigillum
1716 4279 1779 4320 ea
1811 4262 2024 4318 subtili-

428 4371 559 4423 tate,
594 4369 652 4416 ut
692 4357 1027 4417 continuatio
1058 4358 1234 4429 magis
1262 4358 1590 4412 narrationis
1613 4399 1629 4424 ,
1660 4371 1822 4429 quant
1873 4372 2027 4411 reca—

425 4453 680 4527 pitulatiu
706 4452 974 4508 videatur.
1009 4449 1314 4522 Aliquotics
1357 4449 1500 4506 enim
1546 4451 1626 4505 sic
1657 4449 2022 4518 recapitulat:

424 4545 580 4603 Tunc
611 4546 698 4600 illa
732 4545 887 4602 hora.
917 4543 1013 4600 illo
1041 4539 1156 4608 die,
1182 4557 1250 4596 eo
1281 4552 1526 4610 tempore
1553 4559 1566 4595 :
1593 4542 1734 4597 sicut
1765 4542 2026 4596 Dominus

427 4640 671 4708 loquitur
702 4638 756 4694 in
788 4634 1106 4709 Evangelia,
1135 4636 1324 4692 dicens
1349 4653 1362 4690 :
1393 4631 1492 4688 Die
1515 4650 1618 4706 qua
1645 4634 1801 4688 exivit
1822 4631 1954 4688 Latlt
1985 4651 2018 4686 ιι
2048 4627 2097 4688 D
2126 4637 2229 4704 Qui
2271 4646 2441 4691 autem
2480 4635 2608 4690 dicit
2653 4649 2672 4689 :

428 4729 714 4799 Sodomis,
765 4729 902 4800 pluit
939 4732 1110 4802 ignem
1147 4729 1212 4784 de
1264 4727 1393 4784 calo
1418 4772 1432 4792 ,
1479 4738 1528 4781 et
1577 4725 1803 4797 perdidit
1849 4743 2024 4781 omnes

359 4817 366 4823 ’
429 4825 587 4900 (Gen.
619 4841 732 4892 ιιι,
753 4825 871 4894 ει).
896 4822 1210 4880 Secundum
1243 4822 1380 4887 lucc,
1407 4831 1556 4901 erant
1582 4820 1693 4875 dies
1727 4819 1826 4887 [iiii
1852 4819 2017 4873 fronti-

429 4922 509 4978 nis
537 4918 753 4994 (Matth.
804 4933 960 4983 xstv,
999 4914 1116 4982 37),
1147 4915 1364 4985 quando
1410 4913 1741 4969 revelabitur
1772 4913 1862 4966 illa
1901 4925 2019 4979 ora,

428 5014 514 5085 qui
544 5011 645 5067 erit
668 5011 724 5067 in
761 5019 914 5074 tecto,
941 5017 995 5064 et
1022 5024 1146 5064 vasa
1171 5010 1286 5082 ejus
1313 5006 1370 5062 in
1395 5005 1550 5060 domo
1569 5047 1585 5074 ,
1614 5022 1719 5060 non
1744 5001 2021 5059 descendat

431 5104 612 5159 tollere
635 5117 717 5168 ea,
746 5113 797 5157 et
816 5102 904 5170 qui
923 5102 978 5154 in
1015 5114 1141 5173 agro
1168 5095 1409 5154 similiter
1439 5115 1543 5152 non
1579 5105 1860 5151 revertatur
1887 5105 2023 5149 retro

433 5195 650 5268 (Matth.
684 5211 810 5259 snt,
858 5191 1104 5261 15,16).
1148 5193 1456 5248 Meminerit
1496 5193 1688 5246 uxoris
1715 5190 1815 5245 Lot
1860 5188 2016 5262 (Luc.

430 5306 563 5354 xm,
593 5290 710 5362 32).
746 5287 1019 5360 Numquid
1051 5289 1142 5343 illa
1194 5291 1350 5353 hora,
1381 5303 1485 5357 qua
1513 5285 1782 5342 Dominus
1808 5286 2019 5342 revela-

433 5395 523 5440 tus
551 5382 714 5440 iuerit
753 5382 990 5438 adventu
1031 5397 1154 5448 suo,
1180 5397 1288 5438 non
1314 5380 1472 5437 debet
1517 5381 1640 5450 quis
1679 5383 1925 5438 converti
1955 5381 2024 5438 ad

431 5495 518 5548 ea,
542 5494 663 5549 qme
689 5493 789 5534 sua
829 5487 980 5544 sunt,
1009 5487 1065 5532 et
1089 5478 1275 5532 uxoris
1313 5477 1418 5533 Lot
1457 5478 1792 5540 meminisse,
1820 5487 1876 5533 et
1914 5492 2022 5532 non

435 5587 727 5644 antequam
760 5572 1072 5628 reveletur?
1099 5572 1360 5626 Dominus
1389 5579 1571 5626 autem
1610 5569 1706 5626 illa
1739 5573 1892 5638 hora,
1916 5586 2024 5643 qua

435 5664 709 5722 revelatus
732 5663 922 5731 fuerit,
945 5665 1111 5736 jussit
1138 5664 1239 5722 ista
1269 5664 1548 5721 observari
1575 5681 1591 5719 :
1622 5680 1730 5721 non
1759 5663 1938 5721 solum
1969 5674 2026 5721 ut

507 5858 535 5890 ι
559 5845 895 5924 Lugeutlbus
925 5863 979 5907 γ.
1020 5863 1070 5905 c.

2125 3337 2401 3409 mysteriis
2449 3334 2538 3394 vel
2561 3337 2815 3408 allegoria
2855 3335 3002 3390 aliud
3045 3337 3270 3407 intelligi
3315 3337 3505 3392 voluit.
3547 3334 3726 3407 Super

2123 3427 2386 3484 Joannem
2419 3427 2578 3484 multi
2613 3427 3112 3498 Pseudopropbetm
3141 3429 3464 3499 prodierunt
3491 3430 3545 3482 in
3579 3431 3725 3487 hunc

2125 3521 2405 3578 mundum.
2434 3521 2489 3577 lu
2523 3522 2628 3577 isto
2654 3522 2965 3593 cognoscite
2990 3522 3212 3587 spiritus
3239 3520 3354 3577 Dei.
3403 3521 3584 3576 Omnis
3611 3524 3724 3594 spl-

2125 3617 2254 3670 ritus
2276 3614 2365 3686 qui
2399 3612 2548 3669 solvit
2586 3613 2790 3676 Iesum,
2837 3621 2891 3667 et
2930 3622 3082 3684 negat
3107 3615 3163 3668 in
3204 3630 3360 3668 carne
3398 3614 3626 3680 venisse,
3659 3614 3726 3670 de

2125 3708 2236 3766 Deo
2265 3727 2366 3765 non
2391 3718 2489 3778 est,
2511 3707 2608 3764 sed
2640 3708 2724 3762 hic
2750 3709 2813 3762 de
2844 3706 3159 3763 Antichristo
3185 3717 3280 3761 est.
3315 3707 3469 3776 Quod
3501 3708 3722 3764 audistis

2125 3804 2369 3870 quoniam
2398 3803 2564 3869 venit,
2607 3809 2654 3855 et
2705 3817 2842 3855 nunc
2888 3800 2945 3854 in
2990 3801 3086 3856 ista
3138 3801 3332 3855 mando
3379 3818 3604 3872 presens
3646 3812 3724 3856 est

2128 3896 2171 3969 (ι
2195 3894 2353 3952 Joan.
2384 3894 2458 3964 tv,
2481 3895 2562 3956 3i.
2585 3893 2855 3965 Numquid
2880 3894 3058 3947 omnis
3084 3895 3174 3964 qui
3204 3910 3313 3948 non
3344 3907 3503 3965 negot
3532 3893 3718 3950 .lcsum

2127 3989 2180 4045 in
2226 4003 2390 4044 carne
2420 3989 2653 4055 venisse,
2682 3983 2946 4057 Spiritum
2979 3985 3072 4040 Del
3104 3985 3305 4041 habet?
3327 3983 3434 4042 Sed
3464 3985 3602 4042 banc
3628 4001 3726 4042 ue-

2123 4084 2422 4155 gatiouem,
2457 4082 2510 4136 in
2540 4095 2708 4154 opere
2730 4095 2835 4134 non
2865 4081 2916 4134 in
2944 4094 3075 4134 voce
3097 4095 3242 4144 esse,
3277 4089 3332 4134 et
3362 4094 3724 4149 umnnqnem-

2126 4191 2232 4246 que
2263 4191 2369 4229 nun
2406 4189 2470 4229 ex
2520 4172 2900 4245 professione,
2942 4170 3038 4225 sed
3083 4185 3151 4226 ex
3198 4169 3461 4227 fruetibus
3491 4172 3723 4243 intelligi

2124 4268 2366 4325 debere:
2396 4263 2451 4322 in
2481 4265 2629 4321 omni
2671 4263 2908 4334 Epistula
2947 4279 3050 4332 qua
3082 4276 3189 4318 non
3219 4263 3323 4318 nisi
3350 4266 3419 4319 de
3453 4262 3723 4318 fructibus

2126 4360 2284 4418 bonis
2326 4367 2381 4415 et
2408 4358 2566 4414 mohs
2601 4357 2842 4429 scripsit,
2887 4355 3158 4412 subtiliter
3195 4348 3454 4411 amttonet
3479 4398 3494 4423 ,
3526 4357 3720 4413 eodem

2124 4467 2324 4526 genere
2355 4451 2685 4517 locutionis,
2719 4450 2864 4505 sicut
2898 4447 3068 4504 dicit:
3103 4446 3168 4502 In
3227 4449 3327 4501 ialo
3367 4449 3722 4520 cognoscimus

2126 4561 2268 4612 eam,
2299 4543 2349 4598 si
2373 4552 2630 4615 praecepta
2664 4546 2778 4613 ejus
2815 4542 3164 4596 custodiamus
3196 4539 3242 4611 (l
3268 4541 3429 4596 Jaan.
3459 4555 3518 4604 tl,
3549 4543 3604 4606 3,
3638 4538 3715 4614 ι).

2725 4633 2980 4701 Quoniam
3010 4635 3222 4705 cognovi
3247 4647 3364 4686 eum
3392 4641 3442 4686 et
3475 4633 3722 4687 mandata

2127 4732 2240 4802 ejus
2267 4747 2372 4784 non
2394 4738 2584 4795 servat,
2615 4724 2839 4781 utenda:
2861 4734 2956 4782 est.
2986 4724 3257 4795 Numquid
3281 4741 3346 4782 es
3381 4723 3723 4797 professione

2126 4822 2261 4878 dixit
2293 4820 2521 4891 intelligi
2563 4823 2782 4875 fratrem
2825 4820 2918 4890 qui
2947 4818 3113 4875 Deum
3159 4820 3371 4888 nescit,
3421 4828 3475 4874 et
3513 4835 3619 4874 non
3651 4835 3719 4874 ex

2126 4915 2421 4986 operibus?
2448 4912 2515 4968 Et
2551 4913 2638 4984 qui
2668 4912 2856 4966 dixerit
2879 4954 2892 4975 ,
2938 4913 3182 4983 quoniam
3209 4910 3382 4983 diligit
3419 4911 3618 4977 Deum,
3668 4921 3726 4968 et

2124 5015 2339 5084 fratrem
2376 5023 2526 5062 suum
2556 5005 2662 5060 odit
2692 5021 2711 5059 :
2751 5003 2976 5058 mendos:
3018 5011 3092 5058 est
3127 5003 3171 5075 (l
3194 5001 3354 5058 Jaan.
3402 5020 3484 5071 tv,
3512 5004 3626 5070 20).
3658 5001 3721 5060 Si

2121 5108 2268 5161 enim
2299 5113 2356 5158 ut
2381 5103 2533 5164 dicit,
2562 5100 2738 5170 diligit
2775 5099 2944 5154 Deum
2971 5116 2984 5151 :
3016 5097 3209 5152 doceat
3234 5096 3510 5168 operibus,
3533 5100 3718 5154 δαείω.

2123 5210 2236 5256 rest
2262 5199 2398 5264 Deo,
2427 5195 2613 5268 diligat
2642 5195 2808 5249 Deum
2838 5193 2890 5247 in
2927 5190 3113 5246 fratre.
3145 5191 3202 5246 Si
3239 5191 3411 5247 credit
3435 5189 3716 5247 Chrismm

2125 5295 2464 5349 incarnatum
2490 5307 2506 5357 ;
2535 5289 2777 5361 quiescat
2805 5284 2960 5343 odire
2987 5284 3231 5340 membra
3259 5282 3480 5340 Christi.
3517 5283 3572 5338 Si
3600 5300 3721 5340 crc—

2121 5385 2202 5441 dit
2230 5384 2467 5441 Verbum
2514 5396 2734 5438 carnem
2785 5379 2982 5434 factum
3024 5395 3039 5430 :
3087 5376 3217 5448 quid
3265 5377 3609 5448 persequitur
3655 5379 3711 5432 in

2123 5495 2312 5546 carne,
2356 5474 2574 5532 Verbum
2613 5492 2734 5530 caro
2765 5469 3160 5548 [αιἰιιηιμοαιι.
3208 5488 3248 5534 t,
3288 5472 3398 5541 id).
3429 5471 3567 5540 Quid
3596 5485 3720 5541 pcr-

2125 5573 2374 5643 sequitur
2416 5569 2643 5628 verbum
2701 5569 2753 5623 in
2795 5569 2995 5623 carne?
3026 5565 3179 5633 Quod
3228 5564 3365 5621 dixit
3408 5563 3714 5620 Dominus:

2130 5665 2394 5737 Quamdiu
2431 5667 2622 5739 fecistis
2650 5667 2739 5721 ani
2769 5681 2832 5720 ex
2855 5662 3099 5734 fratribus
3133 5661 3262 5718 meis
3302 5660 3527 5717 minimis
3554 5662 3608 5715 in
3635 5675 3718 5715 me
