4180 6446
537 220 613 281 58

537 445 691 487 retur
720 437 920 490 malum
950 438 1005 493 in
1032 435 1232 496 Christi
1264 459 1451 513 carne,
1484 445 1536 503 id
1567 459 1668 516 est,
1708 451 1759 506 in
1789 454 1963 509 servis
1988 458 2134 524 ejus,

534 527 794 594 quoniam
826 529 1085 587 Dominus
1114 542 1171 589 et
1215 535 1482 606 Ecclesia,
1511 556 1616 597 una
1646 558 1779 599 caro
1804 554 1909 601 est.
1946 545 2000 600 lu
2032 563 2136 617 qua

532 633 696 674 carne
732 622 775 674 si
814 623 987 679 credit
1017 641 1143 681 esse
1176 628 1452 687 hominem
1480 652 1493 688 :
1521 652 1620 691 cur
1651 654 1760 693 nou
1795 639 1972 710 diligit
1995 682 2010 705 ,
2042 651 2137 696 aut

529 713 674 780 quod
698 715 979 772 crudelius
1023 732 1146 786 est,
1178 737 1276 777 cur
1315 726 1427 781 odit
1458 769 1474 794 ,
1523 730 1667 786 sicut
1700 732 1961 801 scriptum
2006 744 2132 791 est:

531 803 637 871 Qui
657 822 761 860 non
788 806 959 880 diligit
977 813 1212 881 fratrem,
1238 827 1501 884 permanet
1524 820 1578 875 in
1602 831 1765 878 morte
1788 822 1833 897 (l
1858 824 2019 879 Joan.
2048 841 2129 895 ut,

529 896 641 968 ii).
675 899 762 963 Et,
791 904 882 973 qui
929 909 1145 974 fratrem
1184 926 1338 964 suam
1366 912 1506 980 odit,
1535 896 1807 973 homicida
1833 930 1909 973 est
1936 918 2125 991 (Ibid,

527 990 642 1057 Η).
702 994 858 1048 Aliud
920 998 1093 1068 majus
1149 1003 1453 1060 evidentius
1500 1008 1711 1077 signum
1762 990 2127 1083 cognoscendi

528 1084 847 1144 Antichristi
880 1108 988 1146 non
1016 1109 1141 1150 esse
1168 1096 1325 1166 dixit,
1356 1116 1518 1169 quam
1546 1106 1634 1173 qui
1665 1119 1821 1177 negat
1856 1110 1910 1163 in
1937 1126 2125 1179 carne,

524 1174 669 1233 idem
693 1180 808 1235 odit
836 1181 1099 1241 fratrem?
1126 1187 1254 1243 Tale
1278 1202 1457 1247 autem
1484 1196 1628 1266 quod
1658 1174 1793 1254 dicit
1820 1217 1833 1254 :
1867 1174 2125 1270 Quoniam

522 1272 613 1342 qui
659 1278 919 1344 negaverit
967 1278 1230 1337 Christum
1277 1286 1330 1340 in
1379 1304 1536 1342 carne
1560 1332 1575 1355 ,
1620 1292 1687 1346 de
1739 1292 1849 1348 Deo
1900 1312 2004 1351 non
2050 1307 2127 1353 est

520 1362 586 1435 (ll
619 1365 777 1422 Joau.
812 1369 981 1443 xm):
1013 1377 1206 1445 quale,
1252 1363 1423 1436 Nemo
1458 1394 1622 1453 potest
1651 1388 1825 1445 dicere
1868 1388 2121 1447 Dominus

516 1454 707 1526 Iesus,
758 1462 858 1517 ni.i
904 1467 958 1520 in
1002 1466 1206 1536 Spiritu
1246 1484 1423 1529 sancto
1466 1476 1513 1548 (Ι
1552 1477 1675 1534 Cor.
1730 1495 1831 1547 sit,
1863 1483 1921 1553 5)
1950 1501 1965 1539 :
1994 1499 2120 1540 cum

518 1551 676 1603 multi
726 1554 910 1610 dicant
957 1554 1246 1615 Duninum
1291 1563 1477 1621 .Iesntn
1505 1607 1520 1630 ,
1572 1569 1690 1639 ipso
1729 1551 2115 1632 conti-stante:

518 1640 643 1696 Non
694 1660 866 1703 oinnes
913 1652 1002 1722 qui
1047 1653 1177 1708 mihi
1224 1658 1435 1723 dicunt,
1473 1659 1720 1734 Dom.'ne,
1756 1666 2005 1739 Domine,
2036 1672 2117 1727 in-

517 1734 745 1791 troibant
772 1739 825 1791 ia
849 1756 1064 1813 regnum
1089 1748 1183 1801 cae!
1202 1765 1333 1803 ‘rum
1357 1750 1571 1820 (Matth.
1603 1772 1699 1822 vn,
1722 1757 1839 1829 2!).
1867 1759 1975 1817 Sed
1993 1734 2112 1820 hoc
2142 1765 2191 1825 B
2216 1781 2480 1836 spersuni,
2524 1791 2628 1829 non
2679 1779 2775 1853 erit

517 1827 635 1853 In..-
681 1834 700 1853 Δ
762 1850 777 1853 -
820 1846 833 1853 ι
877 1836 892 1853 ι
1166 1845 1176 1853 ·
1523 1850 1551 1853 "
1734 1852 1737 1853 ⁷

514 1827 639 1886 loco
668 1834 991 1906 Apostolus,
1040 1845 1292 1898 neminem
1319 1863 1467 1919 posse
1497 1850 1671 1906 dicere
1711 1852 1991 1912 Dominum
2019 1859 2114 1915 Je-

511 1941 627 1980 sum
668 1927 945 2001 Christum,
979 1935 1085 1990 nisi
1130 1940 1183 1992 in
1214 1938 1416 2011 Spiritu
1444 1955 1624 2000 sancto
1654 1951 1953 2008 Secundum
1979 1969 2109 2009 con-

510 2020 798 2079 scientiam
825 2023 960 2081 dixit
991 2026 1034 2100 (ι
1064 2029 1185 2086 Cor.
1218 2047 1315 2099 xit,
1342 2032 1425 2106 5).
1457 2040 1756 2095 secundum
1792 2043 2107 2103 interiorem

512 2108 812 2180 hominem,
863 2134 970 2175 non
1016 2125 1317 2181 secundum
1364 2130 1536 2184 solam
1580 2134 1999 2207 professionem,
2050 2151 2107 2195 ιιι

506 2207 821 2265 ostenderet
869 2212 996 2280 illis,
1041 2220 1132 2287 qui
1163 2218 1351 2274 dicunt
1392 2221 1680 2282 Dominum
1709 2226 1879 2286 Jusuu
1906 2272 1921 2297 ,
1969 2233 2105 2291 nihil

505 2297 685 2354 minus
732 2302 935 2359 habere
978 2310 1048 2361 ab
1080 2311 1203 2375 bis,
1236 2315 1326 2383 qui
1371 2314 1762 2376 charismatum
1809 2327 2103 2396 generibus

501 2394 865 2451 extolluntur.
925 2398 1034 2455 Sed
1096 2419 1260 2459 unum
1310 2417 1472 2480 atque
1526 2416 1779 2471 eumdem
1836 2418 2099 2490 Spiritum

498 2488 781 2554 possidere
809 2506 1052 2563 onmem,
1096 2500 1187 2568 qui
1233 2499 1520 2557 Dominum
1552 2504 1739 2562 Jesum
1779 2488 2097 2578 crediderit,

498 2578 643 2634 idem
676 2585 937 2653 operibus
974 2588 1276 2647 credidisse
1321 2600 1729 2655 monstraverit.
1782 2601 1982 2669 Nemo,
2015 2604 2101 2659 iti-

497 2676 635 2742 quit,
667 2686 832 2744 potest
861 2678 1033 2735 dicere
1082 2680 1359 2740 Dominum
1403 2686 1605 2757 Iesum,
1635 2693 1737 2747 nisi
1787 2696 1839 2749 in
1891 2695 2097 2769 Spiritu

491 2776 673 2820 sancto
697 2782 715 2821 :
739 2763 1032 2827 Divisiones
1053 2787 1223 2830 autem
1254 2789 1371 2835 sunt
1398 2780 1789 2853 charismatum,
1815 2789 1950 2843 idem
1976 2806 2097 2846 vero

490 2859 723 2923 spiritus.
772 2859 843 2916 Et
888 2863 1168 2924 divisiones
1210 2873 1609 2931 ministeriorum
1652 2890 1773 2934 sunt
1812 2899 1828 2937 :
1867 2891 1919 2938 et
1958 2885 2093 2940 ident

490 2947 748 3009 Dominus
775 2955 965 3023 (Ibid,
985 2958 1040 3028 4,
1071 2961 1151 3033 5).
1179 2963 1407 3024 Solvere
1428 2980 1609 3027 autem
1640 2971 1852 3042 Jesum,
1875 2990 1956 3033 est
1981 2981 2087 3036 non

488 3043 667 3100 facere
697 3051 835 3118 quod
866 3050 1051 3107 Jcsum
1080 3053 1273 3113 fecisse
1300 3063 1613 3127 conﬁtetur,
1642 3068 1779 3121 sicut
1811 3068 1952 3123 idem
1981 3071 2088 3128 Do-

488 3138 669 3195 minus
698 3141 829 3197 dicit
858 3163 872 3200 :
905 3146 1005 3211 Qui
1040 3147 1249 3206 solverit
1274 3169 1433 3209 unum
1462 3173 1527 3212 ex
1555 3160 1812 3215 mandatis
1843 3164 1953 3217 istis
1987 3167 2084 3219 mi-

483 3231 657 3296 nimis,
682 3242 735 3287 et
766 3236 837 3288 sic
877 3237 1109 3296 docuerit
1146 3243 1414 3311 homines,
1455 3252 1698 3307 minimus
1740 3255 2006 3311 vocabitur
2031 3260 2085 3314 in

483 3337 640 3394 regno
663 3324 906 3383 calorum
933 3329 1152 3403 (Matth.
1188 3352 1240 3400 ι’,
1272 3336 1388 3409 20).
1414 3341 1480 3395 Ει
1502 3342 1630 3411 quid
1656 3344 1727 3398 sit
1751 3345 1980 3413 solt-crit,
2013 3367 2081 3406 ex

477 3424 947 3487 Consequcnlibus
976 3430 1173 3498 aperit,
1206 3430 1395 3489 dicens
1420 3452 1437 3489 :
1478 3436 1582 3504 Qui
1609 3448 1777 3494 autem
1805 3445 2004 3512 fecerit,
2032 3454 2082 3500 et

476 3508 551 3563 sic
573 3509 829 3569 docuerit.
861 3516 1011 3572 lianc
1045 3534 1178 3592 ergo
1226 3529 1605 3597 negationem,
1653 3547 1883 3602 opermn
1928 3551 2074 3605 esse,

476 3617 583 3658 non
614 3606 763 3661 Vocis
787 3649 803 3672 ,
836 3617 893 3666 et
933 3610 1139 3668 Paulus
1180 3620 1462 3686 apostolus
1505 3622 1792 3681 continuat
1835 3626 2027 3685 dicens
2058 3648 2072 3686 :

474 3691 756 3755 Dominum
777 3704 913 3758 scire
937 3710 1268 3778 conﬁtentur,
1287 3716 1441 3785 factis
1452 3729 1629 3772 autem
1656 3732 1844 3791 negant
1874 3724 2005 3791 (Tit.
2031 3741 2068 3793 t,

468 3788 581 3861 16).
629 3791 696 3846 Ει
743 3793 940 3851 iterum
968 3817 982 3852 :
1015 3801 1254 3859 habentes
1282 3812 1505 3878 formam
1550 3788 1756 3883 pietatis
1777 3819 2071 3883 ,.oirtutem

467 3892 638 3938 autem
668 3889 777 3960 ejus
805 3902 1050 3961 negantes
1082 3896 1147 3968 (ll
1182 3896 1313 3954 Tim.
1345 3916 1399 3955 tn
1421 3944 1436 3967 ,
1467 3903 1542 3969 5).
1584 3906 1696 3963 Iloc
1740 3923 1909 3966 sensu
1937 3912 2071 3969 dicit

466 3975 730 4045 quosdam
769 3981 997 4050 fratres,
1031 3988 1307 4046 Christum
1338 4008 1445 4050 non
1476 4012 1609 4054 voce
1636 4014 1823 4058 sancte
1869 4008 2071 4075 prtcdi-

463 4083 592 4124 care
620 4111 635 4136 ,
665 4073 758 4128 sed
800 4076 986 4133 corde.
1027 4080 1158 4137 Nam
1192 4100 1324 4141 voce
1352 4102 1541 4146 sancte
1569 4094 1887 4163 pra-dicant.
1922 4098 2068 4156 Con-

463 4165 635 4215 sentit
677 4163 911 4237 denique
954 4174 1324 4239 praedii-alieni
1355 4196 1546 4238 eorum
1572 4227 1589 4251 ,
1634 4196 1690 4241 et
1719 4192 1940 4248 mandat
1968 4209 2065 4249 au-

462 4250 588 4315 diri,
623 4256 854 4315 dicens:
886 4261 1026 4329 Quid
1064 4264 1274 4324 interest
1300 4272 1407 4328 sive
1439 4290 1528 4345 per
1554 4279 1911 4349 occasionem,
1958 4288 2065 4342 sive

458 4361 551 4417 per
595 4348 857 4407 ceritatem
887 4352 1125 4414 Christus
1164 4366 1505 4421 annuntictur
1536 4368 1802 4443 (Philipp.
1857 4391 1909 4445 I,
1945 4379 2056 4451 18).

459 4441 744 4497 Dominum
776 4448 921 4501 enim
950 4448 1227 4509 Christum
1250 4458 1617 4516 Antirhristus
1648 4480 1755 4520 non
1778 4479 1926 4534 voto,
1956 4474 2053 4527 sed

455 4532 743 4591 occasione
759 4539 1035 4606 prmdicat.
1057 4541 1182 4598 Alio
1214 4549 1465 4616 lcndens,
1494 4568 1591 4621 per
1616 4554 1820 4612 libristi
1854 4577 2051 4618 nomen
2086 4546 2132 4605 Ι)

454 4622 800 4693 ingreditur:
831 4648 939 4701 quo
966 4635 1070 4691 sibi
1116 4638 1256 4695 viain
1306 4652 1539 4712 slcrnat,
1585 4666 1692 4719 qtto
1737 4653 1841 4708 sub
1861 4654 2056 4714 Christi

453 4719 694 4783 nomine,
721 4725 895 4780 ventri
924 4739 1127 4795 pareat,
1151 4742 1207 4786 et
1237 4731 1321 4789 his
1338 4736 1505 4809 (quod
1531 4749 1689 4812 turpe
1717 4748 2048 4822 estdicere),

449 4812 757 4869 sanctitatis
793 4827 851 4873 et
882 4820 1247 4892 simplicitatis
1282 4845 1481 4886 nomen
1507 4833 1964 4911 imponat,signis
1985 4853 2042 4899 et

446 4906 708 4977 prodigiis
748 4910 1120 4971 cuniculorum
1145 4934 1308 4989 opera
1343 4920 1617 4982 Clni~tmn
1667 4946 1791 4987 esse
1828 4948 2048 4992 asseve-

444 5000 750 5067 rans.Quos
766 5006 965 5061 saiubri
987 5013 1239 5068 cautione
1259 5016 1429 5073 vitare
1452 5020 1711 5078 admonet
1742 5030 2040 5098 Apostolus

636 5066 639 5067 ν
1174 5066 1179 5067 ,
1216 5066 1233 5068 _
1294 5066 1429 5073 η--
1452 5066 1711 5078 ---πω-ν.
1742 5066 2032 5098 ..γυναι-ιη

342 5066 347 5072 ⁸
441 5087 659 5146 dicens:
680 5092 1197 5159 Filiisabstinctet'os
1218 5110 1559 5167 asimulacris
1579 5114 1797 5187 (lloan.
1833 5137 1887 5189 ν,
1915 5120 2032 5194 21).

1020 5194 1302 5255 ιιεςυιΑ
1346 5202 1438 5259 \'ll

822 5282 898 5338 De
921 5285 1141 5344 diabolo
1171 5300 1227 5345 et
1255 5309 1485 5364 corpore
1511 5300 1650 5372 ejus.

434 5363 565 5421 Loci
609 5371 716 5424 duo
746 5372 1018 5446 illustrati,
1046 5378 1207 5439 Isaia:
1226 5402 1346 5457 cap.
1382 5407 1495 5459 xtv,
1518 5394 1585 5449 Et
1614 5396 1807 5455 Ezech.
1830 5418 2025 5463 xst'ltt.

502 5460 583 5517 De
610 5463 831 5522 diabolo
847 5482 897 5524 et
924 5486 1158 5544 corpore
1183 5480 1303 5547 ejus
1335 5483 1577 5543 breviter
1608 5494 1781 5549 videri
1816 5508 2022 5567 potest,

424 5552 476 5603 si
511 5553 563 5607 id
597 5558 739 5623 quod
778 5559 849 5615 de
880 5562 1116 5622 Domino
1166 5582 1221 5626 et
1251 5576 1370 5644 ejus
1416 5595 1649 5652 corpore
1679 5588 1881 5645 dictum
1916 5603 2021 5657 est,

1282 5632 1299 5644 ,
1488 5632 1648 5652 Ὗ---
1679 5632 1881 5645 ...-......
1917 5632 2021 5657 υ...

423 5632 479 5697 id
502 5661 717 5719 quoque
740 5653 1089 5715 observetur.
1119 5654 1406 5726 Transito:
1440 5690 1676 5748 namque
1700 5696 1729 5735 ει
1755 5689 1937 5755 capite
1953 5688 2021 5742 ad

421 5748 644 5808 corpus,
666 5746 859 5803 eadem
888 5753 1106 5811 ratione
1128 5756 1485 5835 dignoscitur,
1518 5768 1656 5827 sicut
1690 5784 1787 5847 per
1817 5773 2015 5837 Isaiam

1934 249 2237 310 TICIIONII
2271 254 2437 315 ΛΡΜ

531 338 879 408 credentibus,
911 345 1042 400 mitti
1066 347 1262 417 fecistis
1290 351 1515 423 (blatta.
1546 373 1672 426 xxv,
1704 358 1800 432 40)
1828 377 1841 415 :
1874 376 1981 417 non
2008 378 2139 434 ope-

3773 281 3850 349 56

2167 368 2215 427 Α
2242 367 2312 424 de
2338 384 2462 436 rege
2488 372 2782 449 Babylonis
2801 380 3032 451 dicitur:
3050 387 3326 457 Quomodo
3342 397 3526 454 recidit
3547 398 3757 471 Lucifer
3776 404 3843 463 de

2244 460 2394 527 uelo,
2422 482 2580 524 mane
2597 473 2773 529 oriens
2798 475 2825 531 ἵ
2844 481 3095 538 contritus
3127 496 3204 539 est
3225 487 3277 542 in
3304 499 3440 546 terra
3480 495 3566 563 qui
3606 497 3842 555 mitteba-

2239 563 2324 609 tur
2339 556 2409 609 ad
2442 575 2619 618 oumes
2656 578 2834 636 gen‘es
2851 568 2879 622 .’
2904 568 2985 626 Tu
3000 584 3169 629 autem
3190 577 3371 635 dixisti
3399 582 3454 637 in
3500 586 3676 641 animo
3698 600 3786 644 tuo
3812 610 3835 644 ,ο

2238 645 2305 703 1η
2336 649 2521 708 calum
2568 659 2866 728 ascendam,
2895 679 3052 736 super
3091 668 3271 727 stellas
3302 672 3397 730 Dei
3440 693 3629 748 ponant
3656 683 3833 739 sedens

2237 757 2423 810 meam,
2455 746 2640 803 sedebo
2668 751 2719 805 in
2742 766 2912 809 mou‘e
2928 759 3036 812 alto
3059 777 3214 829 super
3238 746 3583 825 moutesﬁaltos
3607 771 3659 826 in
3681 774 3831 842 aqui-

2234 832 2424 901 lonem,
2474 844 2751 899 ascendam
2795 864 2951 920 super
2980 852 3158 919 nubes,
3184 873 3275 913 ero
3322 860 3511 918 similis
3537 863 3603 918 Al
3626 868 3827 927 mimo.

2236 923 2291 980 Ν
2295 944 2323 978 u
2330 944 2394 981 nc
2412 941 2581 988 autem
2601 936 2672 989 ad
2683 937 2876 1008 inferos
2897 943 3208 1003 descendisti
3228 952 3283 1006 iu
3296 955 3638 1023 fundamenta
3657 968 3827 1020 terra.

2230 1028 2280 1073 et
2307 1024 2397 1093 qui
2419 1025 2635 1084 uiderint
2655 1041 2724 1097 te,
2754 1036 3074 1096 mirabuntur
3119 1060 3276 1114 super
3307 1057 3374 1113 :e,
3404 1059 3453 1103 et
3476 1052 3648 1108 dicent
3678 1070 3698 1109 :
3739 1054 3827 1113 hic

2229 1125 2307 1167 est
2332 1114 2507 1181 homo.
2549 1125 2641 1194 qui
2667 1129 2887 1184 concitat
2922 1142 3135 1197 terram.
3174 1150 3337 1195 rueret
3379 1160 3543 1217 reges,
3573 1150 3660 1207 aui
3682 1152 3831 1223 possit

2232 1205 2408 1261 orbem
2438 1218 2590 1267 terra:
2618 1227 2779 1271 talum
2837 1223 3115 1282 desertum.
3148 1228 3344 1289 Civitas
3366 1205 3535 1292 auieut
3573 1240 3829 1299 destruxit

2226 1297 2577 1367 abductosque
2596 1325 2697 1364 non
2714 1310 2886 1368 soluit.
2915 1316 3104 1377 Omnes
3128 1339 3272 1396 reges
3319 1332 3550 1399 gentium
3596 1297 3825 1392 dormis;

2226 1404 2341 1445 rant
2366 1396 2419 1449 in
2442 1394 2659 1467 honore,
2684 1405 2739 1459 in
2756 1403 2914 1463 domo
2937 1429 3054 1468 sua.
3087 1414 3165 1470 Tu
3186 1394 3359 1473 autem
3382 1424 3644 1496 projectus
3683 1443 3738 1483 es
3763 1428 3822 1486 in

2224 1493 2420 1543 montes
2444 1488 2583 1546 velut
2600 1506 2853 1557 mortuus.
2879 1503 3204 1565 abantiuatus
3225 1530 3341 1567 cum
3355 1517 3593 1574 omnibus
3620 1522 3712 1593 qui
3731 1538 3813 1578 re-

2222 1577 2460 1638 ciderunt
2480 1584 2536 1639 in
2563 1585 2777 1646 desertis
2798 1594 3057 1664 gladio,e.'
3078 1602 3453 1664 descenderunt
3486 1612 3557 1666 ad
3599 1577 3692 1687 inf.
3706 1631 3815 1673 ros.

3621 1667 3669 1687 ,1
3707 1667 3815 1673 η--

2227 1667 2498 1734 Quomodo
2547 1684 2731 1737 reuisti
2755 1701 2775 1740 :
2814 1687 2952 1742 sicut
2989 1695 3342 1753 restituentuttt
3394 1708 3647 1775 sanguine
3687 1724 3819 1765 eou-

2815 1786 3085 1853 mnndtnn,
3115 1792 3188 1844 ita
3225 1810 3318 1851 nec
3346 1804 3402 1851 tu
3430 1800 3535 1855 eris
3565 1805 3814 1875 mundus,

2213 1861 2340 1928 quia
2369 1874 2559 1921 terram
2580 1885 2746 1926 meam
2762 1876 3059 1948 perdidisti,
3079 1895 3129 1939 et
3149 1887 3346 1957 plebem
3366 1908 3529 1947 meam
3552 1897 3808 1957 occidisti.

2214 1948 2341 2008 Non
2368 1957 2471 2011 eris
2516 1961 2567 2015 in
2616 1973 2867 2022 a'ternum
2925 1981 3127 2047 tempus
3178 1995 3349 2037 semen
3388 2002 3625 2057 mquam,
3654 2008 3808 2062 para,

2210 2044 2349 2112 filios
2399 2060 2515 2106 tuos
2548 2054 2797 2127 interﬁce,
2828 2044 3092 2132 peccatum
3114 2074 3283 2142 patris
3304 2078 3380 2131 tui
3408 2094 3511 2135 non
3538 2094 3812 2158 resurgant

2215 2136 2265 2158 ι.
2336 2142 2348 2154 .
2684 2151 2768 2158 μ·
2835 2157 2840 2158 κ

2212 2136 2367 2210 (leui.
2410 2161 2524 2213 xix,
2565 2150 2651 2215 12,
2680 2151 2799 2226 22).
2829 2157 2885 2210 In
2938 2136 3126 2230 regem
3172 2165 3487 2240 Babylonis,
3535 2136 3809 2238 ctunitics

2206 2248 2385 2302 reges,
2413 2250 2470 2293 et
2496 2244 2675 2297 ouinis
2698 2250 2933 2318 populus
2964 2255 3323 2327 significatus,
3351 2280 3520 2321 unum
3550 2268 3699 2325 enim
3721 2279 3807 2329 est

2205 2338 2425 2397 corpus.
2485 2332 2776 2404 Quomodo,
2829 2340 3032 2413 ittquit,
3060 2350 3247 2406 recidit
3295 2353 3359 2409 de
3412 2359 3539 2412 mlo
3591 2361 3799 2434 lucifer,

2203 2433 2358 2475 mane
2381 2423 2576 2493 oriens,
2607 2437 2906 2501 confractus
2948 2446 3002 2492 in
3028 2450 3167 2496 terra
3198 2462 3219 2499 :
3243 2449 3332 2515 qui
3364 2452 3586 2508 mittitur
3603 2454 3675 2510 ad
3692 2473 3802 2513 am-

2203 2525 2293 2563 nes
2317 2518 2525 2583 genres?
2546 2516 2628 2573 Tu
2648 2533 2820 2578 autem
2856 2529 3037 2586 dixisti
3059 2533 3111 2589 in
3138 2539 3314 2594 animo
3342 2550 3432 2597 tuo
3457 2561 3478 2601 :
3504 2542 3573 2603 In
3615 2551 3799 2607 caluit:

2202 2608 2499 2674 ascendam,
2524 2628 2681 2683 super
2707 2618 2884 2675 stellas
2904 2621 3003 2679 Dei
3035 2644 3224 2698 ponam
3253 2634 3426 2688 sedem
3444 2652 3631 2694 meam.
3663 2641 3791 2699 Dia-

2201 2696 2358 2755 bolus
2390 2702 2492 2758 hoc
2511 2707 2612 2761 sibi
2638 2714 2926 2779 promittit.
2969 2696 3085 2776 Non
3114 2726 3258 2781 enim
3283 2741 3471 2799 sperat
3502 2734 3791 2795 retinendo

2196 2791 2250 2847 itt
2275 2795 2474 2852 omium
2500 2816 2660 2868 posse
2686 2809 3009 2879 ascendere,
3036 2816 3129 2883 qui
3162 2834 3233 2875 ne
3270 2820 3624 2895 dejiceretur,
3657 2832 3793 2889 resi-

2194 2898 2342 2945 stere
2369 2907 2476 2947 non
2496 2896 2684 2953 valuit.
2705 2900 2877 2959 Multo
2898 2909 3070 2980 magis
3097 2911 3202 2968 ista
3231 2914 3396 2972 homo
3422 2934 3651 2992 sperare
3678 2941 3789 2984 non

2194 2992 2373 3051 potest
2404 3004 2417 3039 :
2446 2998 2501 3041 et
2541 3000 2721 3049 tamen
2772 2998 3048 3058 hominem
3103 3021 3223 3063 esse
3263 3010 3342 3067 sic
3369 3011 3500 3070 dicit
3539 3015 3685 3074 :Hie
3711 3029 3788 3078 est

2193 3075 2347 3130 homo
2371 3081 2460 3149 qui
2479 3084 2662 3141 incitat
2698 3098 2911 3147 terram.
2946 3095 3053 3153 Sed
3095 3114 3293 3169 prmter
3322 3105 3460 3164 hanc
3491 3114 3784 3185 rationem,

2113 3157 2159 3222 C
2189 3182 2350 3238 quam
2382 3189 2565 3245 neque
2595 3178 2868 3252 diabolus,
2900 3157 3287 3261 tthue'homo

2188 3276 2250 3317 se
2273 3279 2433 3334 posse
2463 3270 2516 3323 in
2550 3276 2750 3331 eretum
2795 3284 3126 3354 ascendere,
3171 3302 3229 3347 et
3258 3307 3426 3365 super
3463 3300 3654 3357 stellas
3686 3303 3783 3361 Dei

2183 3360 2406 3429 sedens,
2438 3365 2674 3425 similem
2729 3388 2791 3429 se
2840 3378 2951 3434 Deo
2981 3382 3121 3448 fieri,
3156 3360 3467 3464 etans-ipsa
3497 3394 3781 3471 Scriptura

2181 3452 2333 3507 aliud
2358 3455 2741 3526 inqttirendttttt
2766 3469 3047 3530 admonet.
3073 3476 3207 3535 Nam
3231 3483 3276 3538 si
3304 3486 3356 3539 in
3374 3452 3584 3545 'ctelum
3603 3452 3660 3547 ert
3687 3508 3783 3550 su-

2182 3559 2278 3612 pra
2303 3548 2495 3604 stellas
2522 3552 2617 3608 Dei
2638 3556 2769 3614 dicit
2789 3577 2849 3616 se
2867 3567 3053 3623 sedem
3076 3585 3230 3628 suam
3261 3576 3567 3646 positurum
3601 3599 3617 3637 :
3645 3602 3782 3657 quo-

2181 3637 2343 3692 modo
2368 3640 2420 3693 itt
2448 3657 2636 3703 monte
2663 3655 2777 3706 allo
2827 3658 3063 3729 sedebit,
3117 3676 3209 3718 aut
3239 3637 3407 3740 super
3451 3637 3679 3734 tuontrs.
3721 3680 3775 3736 in

2178 3730 2496 3803 aquilonem
2532 3742 2615 3796 vel
2650 3744 2701 3798 in
2746 3750 2984 3807 nubibus
3008 3764 3067 3809 ut
3093 3758 3289 3818 similis
3337 3762 3409 3819 sit
3440 3766 3725 3827 Altissimo
3752 3772 3778 3829 ἲ

2174 3838 2285 3879 non
2327 3828 2475 3884 enim
2510 3831 2839 3896 Altissimus
2892 3844 2945 3899 iu
3007 3848 3317 3921 lmjusmodi
3362 3857 3530 3915 habet
3558 3863 3772 3925 sedem.

2172 3918 2408 3989 Caelum,
2427 3924 2728 3987 Ecclesium
2752 3933 2883 3992 dicit
2908 3954 2923 3991 :
2954 3918 3098 3997 sicut
3130 3950 3466 4015 procedente
3489 3952 3770 4028 Scriptura

2170 4014 2503 4075 videbimus.
2564 4022 2644 4080 De
2696 4027 2799 4083 hoc
2827 4032 2969 4087 caelo
3010 4014 3157 4092 cadit
3209 4042 3401 4099 lucifer
3446 4051 3766 4107 matutinus.

2167 4107 2389 4167 Lucifer
2412 4116 2557 4170 enim
2590 4117 2887 4189 bipertitus
2917 4139 3001 4182 est
3026 4147 3041 4181 :
3075 4132 3219 4190 sicut
3264 4134 3526 4196 Dominus
3551 4144 3682 4200 dit-it
3711 4147 3765 4201 in

2167 4206 2496 4278 Apocalypsi
2531 4210 2598 4267 de
2620 4226 2679 4268 se
2706 4228 2759 4271 et
2791 4218 2860 4275 de
2886 4234 2987 4276 suo
3012 4240 3248 4295 corpore.
3282 4251 3296 4286 :
3328 4230 3444 4303 Ego
3462 4254 3575 4293 sum
3612 4239 3767 4297 radix

2162 4307 2211 4352 et
2238 4316 2402 4369 genus
2426 4302 2617 4373 David,
2645 4319 2694 4363 et
2723 4313 2878 4367 stella
2906 4318 3179 4389 splendida
3218 4302 3492 4395 matutina,
3543 4349 3766 4405 sponsus

2160 4400 2210 4444 rt
2230 4408 2422 4458 sponsa
2438 4396 2623 4469 (Apoc.
2652 4417 2787 4469 ιλιι,
2806 4406 2919 4478 l6).
2944 4410 3075 4468 item
3112 4414 3223 4472 illic
3253 4418 3385 4487 :Qui
3409 4396 3761 4489 ricerii,dabo

2159 4484 2240 4537 illi
2260 4488 2464 4542 stellam
2514 4495 2820 4552 matutinum
2853 4502 3042 4575 (Apoc.
3078 4524 3151 4572 tt,
3178 4484 3321 4584 28)
3348 4514 3402 4569 id
3433 4528 3543 4583 est,
3576 4484 3634 4574 tit
3687 4522 3762 4577 sit

2158 4578 2318 4632 stella
2374 4585 2639 4640 matutina
2701 4591 2842 4646 sicut
2891 4594 3165 4667 Christus,
3197 4621 3358 4674 quem
3416 4612 3755 4683 accepimus.

2158 4668 2290 4724 Pars
2317 4688 2451 4742 ergo
2483 4676 2695 4747 lucifer,
2723 4683 2775 4737 id
2802 4695 2909 4753 est,
2929 4690 3222 4751 adversum
3246 4712 3468 4773 corpus,
3500 4707 3646 4776 quod
3670 4716 3758 4766 est

2152 4761 2423 4829 diabolus,
2459 4783 2641 4839 reges,
2667 4786 2724 4829 et
2771 4781 3027 4847 repulus,
3055 4787 3205 4844 cadit
3231 4793 3299 4845 de
3340 4800 3505 4861 calo,
3536 4806 3590 4853 et
3614 4814 3753 4856 con-

2151 4854 2410 4927 fringitur
2439 4860 2491 4915 iu
2522 4872 2690 4922 terra.
2711 4868 2812 4927 llis
2838 4876 3042 4945 regulis
3068 4881 3195 4936 dicit
3221 4884 3534 4956 Sapientia:
3559 4893 3753 4953 Audite

2146 4963 2269 5020 ergo
2296 4968 2439 5022 reges
2465 4968 2512 5009 ct
2538 4957 2817 5033 intelligite
2843 4982 2863 5020 :
2894 4967 3075 5026 discite
3092 4978 3301 5047 judiccs
3340 4981 3526 5050 finium
3570 4998 3741 5054 terra.

2149 5042 2367 5109 pra’betc
2385 5063 2571 5115 aures,
2597 5055 2691 5118 qui
2713 5059 2985 5116 continetis
3015 5042 3417 5141 multitudinem,
3449 5088 3500 5131 et
3530 5081 3746 5150 placetis

2144 5133 2285 5187 vobis
2342 5138 2397 5192 in
2444 5141 2610 5198 turbis
2663 5148 2931 5207 nationum
2974 5162 3264 5227 :quoniam
3314 5165 3441 5223 data
3486 5186 3561 5227 est
3604 5175 3746 5232 tabis

2142 5236 2369 5293 potestas
2415 5248 2447 5283 a
2480 5230 2701 5291 Domino
2727 5251 2817 5302 ,et
2867 5246 3031 5303 virtus
3082 5252 3144 5306 ab
3190 5254 3495 5330 Altissimo,‘
3540 5268 3629 5336 qui
3656 5268 3742 5324 iu-

2141 5324 2417 5393 terrogabit
2467 5344 2623 5395 opera
2674 5344 2864 5401 vestra,
2918 5352 2967 5394 ct
3014 5348 3347 5417 cogitationes
3400 5361 3732 5422 scrutabitur.

2143 5412 2426 5482 Quoniam,
2471 5437 2587 5473 cum
2625 5429 2803 5483 essetis
2840 5433 3064 5490 ministri
3106 5443 3250 5513 rrgm'
3273 5446 3435 5511 illius,
3468 5468 3571 5506 non
3600 5469 3738 5514 recte

2126 5509 2428 5579 judicastis,
2477 5533 2638 5587 neque
2685 5529 2981 5584 custodistis
3024 5509 3183 5605 legem
3236 5539 3391 5613 (Sap.
3426 5509 3514 5608 γιι,
3562 5548 3617 5611 2.
3650 5552 3729 5622 5).

3075 5601 3089 5605 ,
3240 5601 3252 5609 .
3338 5601 3349 5613 .
3502 5601 3513 5608 -
3571 5601 3617 5611 κ-
3653 5601 3728 5622 v.—

2132 5601 2244 5658 Rex
2276 5619 2408 5676 ergo
2439 5609 2726 5684 Balixlonis
2759 5628 2933 5677 totum
2958 5640 3157 5695 corpus
3188 5643 3272 5687 est
3301 5651 3316 5687 :
3346 5639 3440 5692 sed
3477 5658 3574 5707 pro
3597 5643 3731 5702 locis

2128 5694 2498 5768 intelligimus,
2550 5706 2603 5758 in
2652 5724 2815 5777 quam
2865 5726 3075 5783 partem
3127 5729 3374 5795 corporis
3410 5733 3721 5791 conveniat.

2126 5782 2322 5844 Cecidit
2367 5793 2432 5848 de
2474 5797 2600 5851 ςωιο
2641 5782 2933 5874 [κάτει-,ιιι
2970 5821 3133 5869 omne
3158 5782 3357 5889 corpus
3384 5782 3723 5892 potestatiu-
