4180 6426
315 321 384 380 31
1469 314 1681 375 LIBER
1720 314 1807 371 DE
1845 311 2122 372 SEPTEM
2164 313 2480 374 REGULIS.
3541 308 3612 372 58

313 433 526 491 venire.
557 436 625 490 ln
652 434 835 492 caelum
865 433 1179 500 ascendam,
1213 449 1368 504 super
1391 431 1568 489 stellas
1597 430 1694 486 Dei
1722 447 1910 500 ponam
1938 429 1988 490 Α
2017 430 2068 483 id
2099 440 2180 485 est
2201 471 2216 496 ,
2259 429 2505 487 adversm
2555 432 2694 502 parti
2741 446 2850 487 non
2881 432 3054 487 oritur
3082 449 3096 487 :
3128 433 3267 486 sicut
3298 430 3456 488 iidem
3485 447 3610 488 cum

308 529 483 583 sedem
514 545 701 594 meam,
730 529 1000 595 similiter,
1032 535 1091 582 It
1115 538 1278 598 eaput
1311 544 1324 580 :
1357 525 1611 597 majores,
1644 526 1732 594 qui
1770 525 1908 580 stel-

314 621 493 676 larum
546 623 664 687 Dei,
717 621 769 676 id
817 631 922 684 est,
975 633 1289 677 sanctorum
1321 619 1908 674 dominumdominth

310 715 444 769 dum
489 726 702 786 putant,
750 732 871 772 eum
931 718 1175 787 ipsorum
1238 717 1480 772 minores
1536 713 1906 776 dominentur,

313 811 457 863 sicut
494 811 760 879 scriptum
802 818 887 868 est
920 828 934 864 :
970 810 1146 884 Major
1164 811 1346 866 serviet
1369 809 1554 864 minori
1586 807 1736 878 (Gen.
1775 822 1905 872 xxv,

310 901 448 972 ‘25).
500 902 636 956 llttie
689 905 851 967 Esau,
902 903 953 958 id
1003 914 1118 969 est,
1170 906 1429 958 lratrilins
1459 903 1637 964 atatis,
1670 901 1750 955 sic
1777 901 1908 955 dicit

311 991 577 1050 Dom‘nue
607 1011 704 1065 per
728 996 959 1052 Aluliam
1008 995 1329 1067 prophetam
1365 1015 1377 1048 :
1412 994 1668 1050 Exaltans
1705 993 1908 1047 habita-

307 1087 498 1141 tionem
541 1107 706 1150 suam,
756 1091 935 1144 dicens
973 1091 1026 1144 in
1067 1089 1220 1145 corde
1257 1106 1350 1144 suo
1381 1105 1400 1144 :
1433 1088 1559 1157 Quis
1590 1105 1670 1142 me
1694 1086 1908 1142 deducet

305 1180 378 1234 ad
422 1183 626 1235 terras?
678 1183 741 1237 Si
767 1182 1026 1237 excitatus
1073 1184 1235 1253 {ueris
1281 1183 1412 1237 sicut
1448 1182 1646 1251 aquila,
1689 1190 1736 1235 et
1775 1183 1906 1234 inter

309 1274 487 1329 stellas
516 1292 677 1345 ponas
704 1276 879 1328 nidum
909 1284 1071 1339 tuum,
1103 1276 1225 1329 inde
1250 1285 1296 1328 te
1321 1273 1608 1337 detraham,
1649 1273 1773 1326 dicit
1804 1271 1907 1326 Do-

309 1365 483 1419 minus
515 1366 668 1437 (Abd.
701 1382 741 1433 I,
765 1367 822 1432 5,
845 1366 921 1440 4).
949 1368 1150 1423 Scdebo
1175 1369 1226 1420 in
1259 1379 1427 1421 monte
1449 1369 1558 1420 alto
1580 1381 1736 1433 super
1762 1381 1908 1419 tuon-

309 1468 384 1511 tes
431 1461 586 1523 altos,
640 1463 694 1512 in
738 1461 1052 1530 aquilonem,
1099 1461 1374 1513 ascendam
1413 1475 1565 1532 super
1595 1457 1774 1521 nubes,
1816 1471 1905 1510 ero

302 1551 489 1605 similis
515 1553 814 1623 Altissinto(
841 1552 950 1607 lsa.
980 1568 1087 1616 διν,
1123 1553 1189 1608 l3
1209 1551 1251 1623 ).
1294 1551 1449 1608 Mons
1478 1554 1642 1616 altus,
1676 1549 1905 1620 populus

305 1653 390 1698 cst
417 1645 710 1713 superbus.
756 1645 966 1700 Montes
999 1645 1118 1710 alti,
1162 1645 1361 1716 singuli
1403 1646 1622 1714 quique,
1654 1643 1744 1713 qui
1773 1644 1905 1696 adu-

306 1739 419 1793 Itati
453 1750 692 1792 IntnIchII
727 1737 954 1805 faciunt,
988 1739 1039 1792 id
1069 1748 1175 1805 est,
1206 1752 1408 1807 cmpos
1435 1735 1659 1791 diaboli.
1706 1734 1904 1788 Multos

301 1831 452 1886 enim
499 1846 621 1886 esse
651 1839 866 1886 montes
897 1831 1092 1898 malos,
1130 1832 1264 1886 dicit
1292 1833 1571 1902 Scriptura
1606 1847 1620 1882 :
1653 1827 1898 1898 Transfc-
1930 1826 1976 1886 Β
2003 1829 2142 1884 sicut
2174 1846 2269 1900 per
2300 1832 2637 1889 licet-luctum
2674 1835 2813 1891 Soor
2845 1837 3112 1906 increpat,
3145 1836 3334 1891 dicens
3374 1853 3388 1890 :

301 1934 482 1978 rentur
509 1934 704 1979 montes
729 1929 784 1979 in
810 1926 964 1982 corde
1003 1927 1158 1980 utaris
1184 1925 1356 1995 (Psal.
1391 1941 1516 1988 xcv,
1549 1925 1626 1993 5).
1659 1923 1750 1978 Ite:
1770 1939 1856 1978 um
1885 1941 1897 1974 :

305 2012 673 2070 Fundamenta
690 2020 936 2071 montium
954 2019 1254 2072 conturbata
1265 2032 1402 2078 sunt.
1429 2029 1474 2071 et
1496 2027 1744 2070 τοηηηοιη
1755 2027 1898 2078 sunt,

301 2109 550 2175 quoniam
571 2111 735 2164 iratus
759 2120 832 2165 est
859 2109 994 2165 Deus
1017 2111 1192 2183 (Psal.
1220 2129 1274 2166 xx
1291 2127 1348 2174 ll,
1370 2110 1448 2181 8).
1469 2109 1601 2166 Nam
1631 2120 1684 2164 cl
1703 2124 1902 2178 Corpus

304 2200 547 2266 Domini,
569 2205 619 2258 id
649 2214 753 2270 est,
782 2205 1048 2270 Ecclesia,
1070 2222 1224 2261 Inous
1247 2206 1441 2260 dicitur
1465 2224 1479 2258 :
1505 2216 1559 2260 et
1584 2206 1778 2276 singuli
1808 2205 1899 2273 qui

306 2293 570 2364 Ecclesia,
599 2296 800 2352 faciunt
828 2298 1214 2365 ttiontes,t~icut
1235 2299 1494 2363 scriptum
1516 2309 1598 2353 est
1627 2313 1641 2350 :
1676 2297 1784 2368 ligo
1805 2314 1902 2350 au-

305 2401 402 2446 lcnI
417 2396 721 2447 constitutus
732 2410 843 2447 sum
858 2411 948 2448 rex
957 2395 1020 2448 ab
1035 2411 1112 2455 eo.
1130 2413 1280 2464 super
1296 2395 1420 2449 Sion
1437 2406 1654 2447 montem
1668 2403 1901 2447 sanctum

304 2487 435 2557 ejus,
465 2488 783 2540 annuntians
807 2487 1026 2555 imperta
1052 2490 1162 2561 ejus
1183 2485 1354 2558 (Psul.
1384 2501 1448 2550 ll,
1472 2485 1547 2558 6).
1571 2485 1639 2540 Et
1663 2486 1858 2540 iterum
1884 2505 1895 2539 :

308 2575 532 2633 Perdant
554 2582 788 2650 Assyrios
811 2581 864 2634 in
890 2592 1027 2636 terra
1043 2597 1176 2646 utea,
1206 2581 1321 2635 etin
1341 2581 1593 2634 montibus
1620 2581 1741 2634 meis
1761 2578 1896 2650 (Isa.

308 2687 419 2735 HV,
443 2673 559 2743 9.5).
587 2675 648 2729 Et
673 2676 868 2730 iterum
895 2676 1229 2744 :Suscipiant
1251 2684 1445 2729 ntoutes
1477 2691 1653 2745 pacem
1681 2675 1895 2746 papula,

303 2775 354 2821 ct
381 2768 533 2822 colles
550 2768 809 2838 justitiam
838 2767 1011 2838 (Psal.
1039 2785 1183 2833 LXXI,
1207 2768 1240 2824 ὅ
1259 2773 1298 2836 ).
1329 2769 1394 2823 Et
1420 2769 1614 2823 iterum
1646 2785 1661 2819 :
1698 2767 1899 2821 Montes

301 2860 634 2915 exsultabant
678 2863 812 2915 relttt
862 2863 1066 2927 arietes,
1113 2871 1161 2917 et
1205 2862 1359 2916 colles
1399 2862 1533 2916 velut
1570 2862 1692 2936 agni
1729 2863 1897 2914 ovium

306 2950 497 3024 (Psal.
539 2968 694 3019 CXIII,
725 2955 805 3024 4).
857 2955 996 3010 Deus
1019 2955 1073 3010 in
1109 2967 1294 3009 monte
1321 2954 1450 3008 Sion
1486 2954 1651 3009 habet
1684 2953 1894 3018 sedem,

300 3057 355 3100 et
389 3047 440 3098 in
488 3048 761 3101 montibus
803 3047 992 3112 Israel,
1038 3058 1089 3103 et
1141 3048 1193 3101 in
1244 3048 1476 3102 nubibus
1506 3047 1706 3101 sanctis
1735 3049 1892 3100 Suis:

300 3137 446 3206 quod
476 3147 558 3192 est
607 3139 872 3196 Ecclesia.
923 3139 1193 3210 Scriptum
1241 3149 1322 3194 est
1372 3159 1384 3193 :
1433 3138 1629 3193 Timent
1673 3156 1706 3191 a
1761 3138 1897 3207 facie

2013 524 2067 578 in
2086 523 2347 591 judicium
2374 529 2642 593 venerint,
2661 525 2844 581 dicent
2871 545 2883 580 ε
2907 525 3139 581 Justitits
3166 528 3334 580 lumen
3356 543 3457 582 non
3476 527 3610 582 lusit

2011 618 2154 672 nobis
2170 618 2328 689 (Sep.
2356 634 2409 683 ν,
2435 621 2512 686 6).
2539 618 2880 674 Timentibus
2897 629 3078 674 autem
3106 617 3412 681 Dominum.
3444 620 3610 674 oritur

2012 708 2339 783 Soljustitia:
2353 727 2371 765 :
2385 723 2430 765 et
2446 713 2638 766 sanitas
2661 712 2712 764 in
2735 711 2916 783 pennis
2930 713 3063 783 ejus,
3083 712 3218 764 sicut
3247 713 3506 779 scriptum
3525 720 3612 766 est

2011 802 2268 874 (Halaclt.
2305 820 2379 870 Iv,
2422 806 2499 876 2).
2541 806 2694 860 Malis
2729 819 2862 858 Vero
2913 806 3141 860 meridie
3172 821 3274 860 nos
3305 816 3384 860 est
3419 821 3432 859 :
3464 805 3608 861 sient

2009 899 2271 966 scriptum
2301 907 2427 952 est:
2471 895 2610 951 Dum
2647 899 2901 952 sustinent
2933 898 3033 970 ipsi
3075 898 3267 961 lumen,
3304 902 3455 968 facttc
3486 905 3608 952 sunt

2008 985 2112 1042 illis
2151 991 2387 1051 tenebrtc.
2439 990 2692 1063 fulgorem
2733 989 2952 1044 obscura
3000 999 3148 1044 nocte
3171 989 3560 1044 ambulaverunt
3587 1029 3604 1055 ,

2006 1082 2290 1154 palpabunt
2325 1084 2459 1137 sicut
2488 1100 2654 1139 caseus
2692 1086 2964 1156 parietem,
2994 1094 3039 1139 et
3063 1086 3146 1139 cui
3171 1100 3274 1138 non
3297 1095 3415 1138 sunt
3442 1084 3603 1149 oculi,

2006 1177 2286 1249 palpabunt
2318 1187 2366 1232 et
2393 1181 2578 1234 cadent
2605 1180 2836 1244 meridie,
2891 1181 3042 1248 quasi
3071 1181 3241 1235 media
3270 1189 3416 1234 nocte
3443 1183 3461 1250 (
3489 1178 3600 1234 lsa.

2009 1286 2117 1332 Lts,
2151 1270 2207 1336 9,
2243 1271 2329 1339 10,
2358 1287 2461 1327 sec.
2509 1270 2697 1342 LXX).
2733 1272 2933 1327 lterum
2973 1291 2984 1326 :
3025 1273 3236 1327 Occidet
3263 1274 3342 1326 sol
3369 1273 3601 1338 meridie,

2007 1373 2056 1419 ct
2080 1366 2406 1423 tenebricabit
2430 1385 2583 1442 super
2615 1383 2752 1425 terra
2775 1372 2884 1424 dies
2910 1371 3120 1425 luminis
3151 1373 3167 1437 (
3197 1369 3351 1424 Amos
3377 1385 3492 1432 \‘ltl,
3521 1367 3600 1439 9).

2005 1457 2204 1514 lterum
2237 1477 2250 1514 :
2279 1459 2567 1527 Propterea
2602 1480 2705 1518 nos:
2753 1465 2850 1518 erit
2889 1466 3030 1518 vobis
3061 1465 3126 1518 de
3154 1466 3365 1529 uisione,
3387 1473 3434 1517 et
3465 1476 3603 1519 tene-

2007 1550 2111 1605 bra:
2156 1553 2294 1609 vobis
2346 1565 2493 1608 erurtt
2543 1571 2606 1610 etc
2653 1556 2985 1621 divinatione,
3031 1568 3080 1611 et
3117 1559 3314 1611 occidet
3339 1559 3417 1611 sol
3447 1573 3599 1630 super

2005 1644 2302 1716 prapltetas,
2335 1657 2382 1701 et
2410 1647 2700 1703 obscurabit
2725 1666 2879 1718 super
2906 1667 2991 1705 eos
3021 1651 3128 1704 dies
3161 1651 3371 1705 luminis
3409 1649 3597 1719 (.lliclt.

2007 1751 2084 1801 In,
2121 1735 2202 1810 ϐ).
2237 1739 2372 1794 lluic
2419 1740 2617 1810 papula
2665 1758 2729 1796 ex
2779 1745 2984 1798 Austro
3025 1745 3387 1798 comminatur
3433 1744 3601 1809 Deus,

3431 1835 3468 1890 S
3475 1835 3602 1906 piri-

2005 1933 2085 1976 ηις
2127 1925 2304 1978 Austri
2331 1928 2565 1981 contrivit
2616 1936 2664 1982 te
2710 1927 2934 1999 (Ezeclt.
2990 1945 3156 1994 κείνη,
3202 1929 3328 1999 16).
3374 1927 3423 1984 Is
3453 1928 3599 1983 enim

2006 2015 2352 2088 confringere
2384 2021 2682 2089 permittit,
2735 2020 2922 2077 dicens
2954 2041 2966 2075 :
2999 2020 3256 2092 Exsurge,
3301 2021 3516 2091 Aquilo,
3552 2029 3602 2075 el

2007 2109 2137 2175 veni,
2168 2113 2351 2166 Auster
2379 2129 2391 2164 :
2420 2115 2583 2185 per/la
2603 2113 2804 2168 [tortum
2827 2125 2993 2178 lttttlll,
3019 2126 3064 2167 et
3089 2115 3313 2184 deﬂuent
3340 2121 3600 2184 unguenta

2006 2217 2115 2254 mea
2148 2203 2322 2270 (Cant.
2354 2221 2426 2267 ιν,
2459 2205 2561 2278 t6).
2594 2209 2931 2278 lixsurgcutc
2951 2208 3098 2261 enim
3124 2223 3352 2278 nequam
3379 2206 3597 2276 spiritu,

2007 2297 2211 2350 resistit
2242 2297 2480 2366 Spiritus
2507 2311 2750 2365 sanctus,
2781 2303 2872 2371 qui
2901 2302 3112 2356 Domini
3141 2306 3354 2355 hortum
3384 2299 3600 2371 perﬂat,

2004 2399 2057 2439 et
2085 2389 2360 2444 eliciuntur
2389 2401 2666 2466 unguenta,
2720 2393 2772 2449 id
2802 2403 2910 2458 est,
2960 2394 3098 2448 odor
3125 2395 3410 2448 suavitatis
3439 2391 3598 2447 utier-

2005 2486 2112 2534 tttr.
2163 2482 2227 2536 Et
2274 2498 2369 2553 per
2402 2485 2769 2552 Elecbieletn,
2822 2486 2964 2542 idem
3011 2501 3078 2542 cx
3127 2485 3376 2556 reliquiis
3415 2486 3602 2556 populi

2004 2576 2131 2628 Inali
2160 2577 2238 2631 sic
2263 2577 2398 2632 dcit
2430 2582 2592 2643 Deus,
2630 2580 2889 2636 adducere
2933 2598 3086 2654 super
3120 2581 3368 2652 populum
3407 2596 3595 2645 suum,

2006 2679 2212 2734 partem
2245 2669 2488 2739 ejusdem
2521 2673 2731 2742 populi,
2763 2673 2910 2741 quod
2937 2686 3022 2728 est
3051 2673 3366 2745 mysterium
3393 2673 3600 2726 facino-

2003 2757 2082 2812 Iis
2112 2778 2124 2813 :
2157 2757 2295 2815 Ecce
2346 2778 2440 2833 ego
2477 2780 2634 2835 super
2677 2773 2725 2817 te
2761 2761 2908 2838 Cog,
2961 2764 3246 2834 principem
3298 2763 3510 2817 Mo:oclt
3551 2770 3600 2815 et

2002 2848 2163 2906 Tobel
2195 2869 2212 2906 :
2243 2861 2293 2908 et
2318 2858 2636 2927 congregabo
2674 2867 2741 2923 te,
2771 2868 2818 2911 et
2846 2857 3108 2911 adducam
3153 2866 3221 2919 te,
3263 2865 3310 2910 ct
3337 2873 3526 2929 ponam
3550 2865 3600 2910 te

2000 2961 2032 2996 a
2062 2946 2339 3001 notissimo
2379 2950 2655 3018 Aquilone,
2705 2959 2755 3004 et
2798 2951 3052 3004 adducam
3101 2967 3254 3020 super
3280 2959 3328 3004 te
3373 2958 3598 3004 montem

2001 3037 2169 3093 Israel
2193 3056 2212 3094 :
2234 3051 2280 3094 et
2309 3043 2522 3113 perdam
2551 3060 2730 3097 arcqu
2759 3043 2823 3099 de
2855 3059 3007 3096 manu
3036 3053 3123 3097 tua
3143 3045 3375 3109 sinistra,
3419 3051 3469 3096 et
3510 3058 3600 3095 sa-

1999 3135 2151 3203 gittas
2180 3150 2293 3191 tuas
2322 3137 2388 3190 de
2417 3155 2572 3192 manu
2597 3137 2830 3202 dextera,
2855 3148 2901 3192 et
2934 3138 3175 3207 dejiciarn
3205 3146 3254 3192 te
3281 3154 3435 3211 super
3451 3153 3599 3190 mon-

301 3227 513 3284 Domini
560 3233 727 3286 omnis
779 3244 916 3286 terra
1023 3235 1263 3302 quoniam
1312 3233 1544 3302 exsurgit
1584 3231 1648 3284 de
1677 3228 1896 3284 nubibus
1924 3223 1971 3288 C
2002 3237 2074 3284 les
2103 3229 2271 3286 I..rael
2300 3232 2519 3306 (Ezeclt.
2556 3250 2739 3300 χχιιι,
2779 3234 2918 3298 1-4).
2972 3234 3084 3288 lloc
3132 3245 3314 3288 autem
3365 3232 3596 3303 geritur,

295 3325 490 3377 sanctis
511 3322 686 3397 (Psal.
708 3340 876 3390 sun,
919 3325 998 3396 8).
1037 3324 1260 3390 lterum,
1292 3324 1509 3378 nubibus
1532 3324 1806 3389 mandabo,
1837 3338 1902 3374 ηε

293 3416 480 3485 pluant
501 3433 657 3484 super
685 3433 798 3470 eam
821 3417 1030 3474 imbrem
1060 3416 1193 3489 (Isa.
1229 3433 1285 3481 ν,
1342 3417 1419 3488 b).
1453 3415 1659 3471 lterum
1690 3433 1706 3471 τ
1741 3414 1895 3469 Nim-

295 3510 392 3566 bus
409 3520 461 3566 et
492 3510 649 3565 nubes
669 3512 721 3565 in
751 3512 968 3566 circuitu
996 3514 1108 3585 ejus
1133 3511 1152 3584 (
1179 3509 1326 3566 Psal.
1368 3525 1510 3577 seu,
1542 3509 1620 3581 εἰ).
1659 3511 1726 3564 Et
1752 3507 1894 3578 quod

293 3601 349 3658 in
384 3613 569 3659 monte
611 3605 741 3661 Sion
783 3605 1016 3673 habitet,
1061 3610 1142 3660 sic
1169 3606 1301 3659 dicit
1345 3622 1358 3658 :
1392 3603 1742 3675 Coguoscetis,
1772 3608 1894 3672 quia

295 3717 390 3773 ego
417 3717 532 3756 sun.
558 3699 812 3754 Doininns
846 3698 980 3755 Dens
1004 3710 1182 3764 vester,
1225 3698 1465 3753 habitans
1493 3700 1545 3752 in
1567 3697 1694 3754 Sion
1723 3707 1895 3751 monte

294 3806 471 3849 sancto
501 3811 612 3849 meo
640 3791 859 3866 (Ezeclt.
918 3809 1078 3858 xxxv,
1129 3792 1202 3864 5).
1241 3792 1309 3847 Et
1342 3792 1594 3846 diabolus
1623 3792 1676 3845 in
1709 3799 1892 3846 mente

295 3888 472 3950 sedet,
516 3888 610 3942 δρᾶ
638 3888 782 3950 Seir,
812 3889 902 3959 qui
930 3897 1013 3944 est
1041 3887 1206 3952 Esau,
1244 3889 1292 3941 id
1324 3898 1426 3951 cst,
1458 3887 1684 3942 fratrum
1717 3886 1893 3942 malo-

294 3997 414 4037 rum
450 3999 461 4034 :
494 3998 653 4052 quem
685 3991 922 4037 montem
947 3984 1086 4037 licus
1119 3984 1358 4051 increpat
1391 3997 1486 4052 per
1519 3982 1886 4048 Ezecltielem,

290 4083 347 4128 et
376 4073 511 4128 dicit
539 4077 589 4128 iu
620 4075 805 4131 la-titia
839 4076 1111 4131 universa:
1141 4088 1298 4130 terrm.
1324 4075 1718 4138 dt:StIl:|ltlrltItt,
1746 4076 1888 4144 quod

291 4167 581 4222 adversum
604 4166 768 4222 Israel
798 4167 1113 4224 inimicitias
1136 4181 1410 4223 exerceat.
1445 4168 1563 4234 Ipse
1591 4178 1676 4224 est
1705 4184 1887 4233 mons,

291 4258 394 4329 ipsi
429 4271 644 4314 montes
673 4260 980 4330 Aquilonis.
1015 4261 1071 4314 In
1101 4261 1182 4315 Itis
1205 4260 1456 4316 diubulus
1487 4261 1669 4327 sedet;
1695 4274 1744 4317 et
1783 4277 1885 4315 nu-

290 4353 437 4406 bium
468 4355 590 4408 cmli
619 4354 783 4407 veluti
828 4356 1164 4409 dominatur.
1225 4356 1520 4413 Hactenus.
1572 4373 1624 4408 se
1669 4356 1886 4410 similent

289 4445 415 4498 dicit
439 4443 693 4499 altiuimo
721 4443 858 4517 (Isa.
891 4462 1000 4511 λιν,
1038 4447 1149 4518 Μ).
1182 4449 1307 4501 lina:
1327 4457 1452 4501 sunt
1479 4460 1664 4519 partes
1696 4453 1746 4502 in
1781 4448 1885 4503 Ec-

287 4539 476 4604 clesia,
510 4538 684 4592 Austri
707 4549 756 4591 et
797 4539 1086 4609 Aquilonis,
1120 4539 1170 4592 id
1197 4547 1305 4602 est,
1339 4539 1724 4595 Meridiautret
1749 4540 1884 4610 Sep.

2001 3339 2029 3378 a
2065 3325 2316 3392 paSsiune
2348 3326 2561 3380 Domini
2595 3345 2606 3378 :
2641 3326 3001 3396 quoadusque
3043 3328 3108 3380 de
3136 3326 3320 3382 medio
3347 3325 3595 3397 ejusdem

1999 3416 2248 3485 mystcrii
2296 3417 2554 3472 facinoris
2597 3417 2848 3473 diicedat
2879 3418 3147 3482 Ecclesia,
3179 3435 3299 3487 qua:
3327 3418 3593 3484 detineat,

1999 3511 2140 3562 utin
2185 3518 2436 3581 tempore
2473 3528 2574 3566 suo
2622 3513 2911 3581 detcgatur
2951 3512 3226 3581 impietas,
3273 3513 3418 3568 sicut
3466 3512 3599 3567 dicit

1999 3602 2291 3671 Apostolus
2334 3601 2447 3656 :Et
2496 3621 2630 3658 nunc
2673 3605 2800 3674 quid
2841 3604 3089 3667 detinent,
3137 3605 3299 3669 scitis,
3333 3605 3468 3658 utin
3498 3620 3593 3658 suo

1994 3707 2222 3764 tempore
2244 3697 2509 3770 delegatur
2539 3714 2558 3751 :
2588 3698 2893 3770 Mysterium
2923 3700 3054 3753 enim
3082 3699 3185 3766 iam
3226 3716 3364 3753 nunc
3411 3716 3593 3772 opera-

1993 3801 2077 3844 tur
2100 3793 2388 3862 iniquitatis
2416 3809 2434 3846 :
2459 3802 2683 3858 tantum,
2719 3805 2772 3846 ut
2809 3795 2896 3862 qui
2927 3794 3160 3848 detinens
3195 3795 3386 3848 detinet
3413 3797 3588 3860 modo,

1991 3884 2153 3939 donec
2197 3888 2260 3939 de
2308 3888 2476 3940 medio
2519 3887 2632 3954 ﬁnt.
2690 3886 2753 3940 Et
2797 3899 2918 3941 tunc
2943 3888 3254 3942 revelabitur
3283 3890 3374 3942 ille
3399 3889 3590 3952 impius

1991 3978 2074 4049 (ll
2102 3978 2281 4034 Thess.
2319 3996 2377 4046 II,
2415 3981 2578 4053 6-8).
2614 3980 2680 4036 Et
2718 3983 2768 4034 in
2803 3980 3075 4038 llieremia
3107 3981 3364 4048 legimus,
3399 3997 3590 4051 pecca-

1993 4084 2137 4127 tores
2161 4074 2325 4129 Israel
2349 4076 2401 4128 in
2427 4075 2700 4142 Aquilone
2721 4077 3042 4140 convenire,
3075 4075 3306 4129 Domino
3327 4074 3544 4130 dicente
3572 4091 3586 4129 :

2000 4168 2143 4222 Vade
2186 4181 2232 4221 et
2281 4169 2388 4240 lege
2429 4185 2689 4222 sennones
2734 4171 2861 4223 istos
2904 4172 2972 4221 nd
3003 4169 3341 4234 Aquilonem.
3375 4178 3423 4222 et
3453 4169 3536 4222 dic
3570 4183 3591 4223 :

1988 4260 2296 4315 Convertere
2316 4263 2385 4314 ad
2408 4278 2506 4324 Ine,
2536 4261 2721 4314 domus
2746 4260 2932 4325 Israel,
2952 4263 3076 4314 dicit
3101 4259 3350 4314 Dominus
3369 4260 3585 4329 (Jerem.

1988 4370 2067 4418 III,
2101 4357 2180 4424 5).
2226 4355 2582 4410 Meridiauutn
2625 4371 2755 4410 vero
2787 4372 2911 4422 pars
2941 4367 3026 4410 est
3061 4354 3312 4419 Domini;
3363 4355 3502 4409 sicut
3533 4362 3590 4407 t-t

1989 4447 2041 4500 in
2071 4449 2174 4502 .IolI
2213 4449 2479 4516 scriptum
2509 4458 2594 4503 est
2627 4465 2641 4503 :
2687 4449 2728 4501 A
2778 4449 3068 4502 meridiana
3113 4459 3258 4516 parte
3283 4447 3590 4516 germinubit

1986 4540 2057 4593 ibi
2083 4542 2183 4594 ritu
2232 4541 2393 4611 (Job.
2426 4557 2496 4598 st.
2535 4543 2594 4594 17
2699 4541 2896 4608 Aquilo
2937 4539 3140 4596 diaboli
3173 4560 3186 4593 ;
3219 4539 3462 4610 Uttaque
3493 4555 3590 4594 :ttt-

288 4632 660 4684 tentrionalis.
714 4629 768 4683 lu
816 4643 969 4699 parte
1013 4632 1336 4693 meridiana,
1387 4631 1648 4686 Dominus
1679 4644 1878 4686 manet.
1911 4609 1962 4671 ί)
1991 4640 2096 4683 tetu
2133 4646 2278 4699 pars,
2312 4633 2362 4684 in
2393 4641 2506 4684 toto
2531 4631 2757 4684 mundo.
2790 4630 3102 4693 Ascentlmn,
3144 4631 3340 4699 inquit,
3383 4623 3540 4686 nubes
3571 4647 3591 4686 :

287 4721 564 4794 Scriptum
607 4732 690 4777 est
719 4741 731 4775 :
765 4722 864 4778 Ubi
913 4728 1102 4794 pascis,
1153 4725 1237 4778 ubi
1278 4741 1452 4778 manes
1489 4727 1540 4779 in
1598 4725 1882 4780 meridiano

287 4812 482 4885 (Cant.
533 4832 572 4882 ι,
615 4812 713 4887 6)?
763 4817 1018 4872 Diabolus
1049 4833 1203 4882 vero,
1247 4819 1299 4871 in
1331 4819 1688 4886 Aquilonem,
1740 4820 1884 4874 sicut

288 4907 430 4961 Deus
458 4908 590 4961 dicit
630 4909 832 4977 populo
859 4923 962 4964 suo
1004 4928 1020 4964 :
1050 4907 1210 4963 Illum
1239 4926 1515 4982 persequar
1544 4911 1606 4964 ob
1631 4913 1884 4979 Aquilone

285 5015 316 5050 a
339 4998 498 5063 nobis,
533 5009 578 5053 et
604 5001 859 5073 expellam
884 5002 1032 5056 illum
1051 5003 1102 5056 in
1127 5011 1263 5056 terra
1288 5003 1399 5056 sine
1427 5020 1582 5072 aqua,
1615 5005 1665 5058 id
1695 5018 1798 5069 ρει,
1829 5006 1880 5059 in

285 5109 454 5158 suus;
505 5103 557 5147 et
603 5094 944 5148 externtinabo
993 5097 1180 5164 {aciem
1228 5097 1339 5166 cjus
1387 5099 1442 5149 in
1473 5113 1612 5150 mare
1641 5101 1881 5166 primunt,

285 5199 337 5240 et
372 5187 658 5260 posteriora
683 5191 796 5261 ejus
841 5190 893 5242 in
922 5204 1063 5242 mare
1109 5190 1460 5254 novissimum,
1506 5191 1650 5260 quod
1700 5201 1780 5244 est
1833 5191 1883 5244 in

283 5283 523 5353 populos
566 5283 775 5351 primos
804 5291 858 5336 et
891 5283 1224 5337 novissimos
1269 5281 1428 5354 (.loel.
1458 5298 1533 5349 st,
1571 5283 1680 5352 10).
1711 5284 1886 5338 lIISIar

285 5374 570 5438 Beelesim,
616 5373 914 5429 [ειη-ἱρείης
958 5385 1041 5430 est
1091 5376 1194 5430 iste
1234 5376 1507 5443 mundus,
1557 5378 1608 5430 in
1659 5394 1767 5444 quo
1791 5377 1883 5433 Sol

285 5467 495 5530 oriens,
531 5481 636 5518 non
681 5466 784 5520 nisi
817 5482 914 5534 per
950 5466 1231 5534 Austrum,
1279 5469 1329 5522 id
1377 5481 1484 5535 cst,
1517 5471 1879 5524 meridianum

287 5559 392 5612 iter
433 5558 634 5622 nubet;
682 5569 741 5613 et
781 5558 1010 5614 decursa
1065 5559 1307 5615 Australi
1366 5574 1541 5630 parte,
1591 5563 1883 5618 invisibilis

291 5655 434 5706 vadit
459 5653 512 5706 in
558 5653 736 5707 locum
770 5668 927 5706 suum
960 5655 1199 5710 rediens.
1233 5656 1322 5710 Sic
1350 5668 1404 5710 et
1439 5657 1698 5710 Dominus
1744 5657 1883 5712 Deus

289 5755 476 5800 noster
503 5744 666 5800 Jesus
709 5743 998 5807 Christus.
1046 5746 1138 5800 Sol
1187 5757 1425 5825 a-teruns
1475 5759 1686 5818 partem
1729 5765 1880 5804 suam

293 5835 589 5909 percurrit,
613 5831 758 5897 unde
778 5841 835 5894 et
853 5834 1214 5898 meridianum
1237 5849 1416 5898 mest.
1439 5830 1696 5912 Aquiloni
1730 5855 1880 5908 γεω,

1988 4740 2077 4776 ero
2103 4723 2286 4776 similis
2315 4722 2601 4777 Altissimo.
2637 4722 2687 4776 Ν
2695 4740 2792 4775 nnc
2821 4733 2990 4776 autem
3012 4725 3081 4776 nd
3098 4723 3295 4793 inferos
3316 4723 3590 4779 desceudcs

1987 4815 2040 4868 in
2096 4817 2434 4886 fundamenta
2486 4826 2654 4870 terret.
2712 4817 2816 4882 Qui
2862 4817 3088 4870 riderint
3133 4827 3213 4878 te,
3268 4818 3588 4873 mirabuntur

1985 4923 2146 4974 super
2165 4921 2230 4972 te,
2263 4919 2310 4961 et
2336 4910 2550 4962 dicent:
2589 4908 2690 4962 Hic
2734 4920 2808 4963 est
2838 4911 2989 4964 homo
3009 4912 3098 4975 qui
3129 4914 3350 4965 concitat
3371 4923 3583 4978 terram,

1985 5012 2265 5054 coniuraret
2290 5017 2454 5072 reges,
2478 5002 2567 5069 qui
2591 5002 2732 5066 ponit
2753 5003 2925 5055 orbem
2949 5013 3100 5057 terra:
3119 5016 3283 5057 totum
3306 5005 3584 5059 desertam.

2061 5091 2331 5160 Numquid
2387 5095 2440 5146 in
2469 5095 2742 5147 diabolum
2796 5097 3073 5159 convenit,
3129 5097 3229 5162 Qui
3267 5098 3484 5150 viderint
3514 5109 3585 5162 te,

1989 5187 2312 5240 mirabuntur
2362 5204 2515 5255 super
2563 5187 2649 5241 te?
2684 5191 2790 5242 Aut
2846 5190 2897 5242 in
2956 5205 3137 5260 regem
3186 5193 3582 5259 ηονίε-ἰηςιιιιι,

1990 5295 2107 5332 cum
2155 5277 2222 5330 ad
2276 5280 2469 5348 inferos
2522 5279 2838 5334 descendes?
2891 5280 3014 5348 Ipso
3064 5283 3209 5336 enim
3259 5283 3325 5336 ad
3380 5285 3585 5338 inferos

1989 5373 2380 5436 descendente,
2437 5388 2543 5427 non
2595 5377 2703 5429 erit
2745 5376 2838 5442 qui
2885 5375 3132 5437 miretur.
3181 5377 3380 5430 mundo
3409 5376 3581 5431 linito.

1991 5471 2107 5524 NOII
2127 5469 2270 5524 enim
2300 5467 2484 5522 d-eent
2511 5487 2524 5520 :
2557 5467 2658 5522 llic
2684 5481 2758 5523 est
2780 5472 2933 5524 Ιιουιο
2953 5473 3039 5542 qui
3069 5476 3342 5527 concitauit
3367 5485 3580 5541 terram,

1985 5580 2160 5637 reges,
2210 5573 2256 5616 et
2303 5565 2475 5632 posuit
2523 5563 2696 5617 orbem
2745 5576 2896 5618 terra:
2939 5577 3104 5618 totum
3149 5568 3405 5621 desertum
3438 5568 3582 5625 :sed

1986 5658 2189 5721 incitat,
2238 5666 2282 5712 et
2326 5667 2604 5711 (conmovet
2643 5669 2686 5712 et
2716 5660 2878 5727 ponit.
2915 5659 3200 5714 [luntiuetn
3230 5663 3375 5714 enim
3409 5672 3581 5718 totum

1987 5765 2184 5820 corpus
2211 5749 2348 5804 dicit
2378 5760 2483 5803 tam
2514 5751 2566 5804 in
2609 5751 2830 5821 regibus
2857 5768 3017 5822 quam
3052 5754 3104 5807 in
3139 5753 3353 5823 populis
3379 5773 3393 5808 :
3425 5755 3583 5826 cujus

1991 5833 2229 5898 hominis
2276 5837 2494 5912 superbi
2541 5851 2753 5916 partem
2802 5852 2924 5901 cum
2954 5835 3098 5902 Deus
3143 5839 3400 5917 percutit.
3428 5853 3485 5902 et
3510 5837 3578 5902 nd
