  <div class='ocr_page' id='page_1' title='image "/cluster/home/n/w/nwhite01/storage/ocr_20150623/18/umn.319510024773129/041.png"; bbox 0 0 4180 6434; ppageno 0'>
   <div class='ocr_carea' id='block_1_1' title="bbox 555 284 2166 351">
    <p class='ocr_par' dir='ltr' id='par_1_1' title="bbox 555 284 2166 347">
     <span class='ocr_line' id='line_1_1' title="bbox 555 284 2166 347; baseline 0.004 -8"><span class='ocrx_word' id='word_1_1' title='bbox 555 285 624 339; x_wconf 72' lang='grc'><strong>82)</strong></span> <span class='ocrx_word' id='word_1_2' title='bbox 1950 284 2166 347; x_wconf 72' lang='grc' dir='ltr'><strong>Ποηο]</strong></span> 
     </span>
    </p>
   </div>
   <div class='ocr_carea' id='block_1_2' title="bbox 2271 284 3854 351">
    <p class='ocr_par' dir='ltr' id='par_1_2' title="bbox 2290 290 3854 351">
     <span class='ocr_line' id='line_1_2' title="bbox 2290 290 3854 351; baseline 0.001 -5"><span class='ocrx_word' id='word_1_3' title='bbox 2290 290 2455 346; x_wconf 69' lang='grc' dir='ltr'><strong>ΔΓΜ</strong></span> <span class='ocrx_word' id='word_1_4' title='bbox 3783 294 3854 351; x_wconf 72' lang='lat'><strong>61)</strong></span> 
     </span>
    </p>
   </div>
   <div class='ocr_carea' id='block_1_3' title="bbox 557 398 1333 469">
    <p class='ocr_par' dir='ltr' id='par_1_3' title="bbox 557 398 1333 469">
     <span class='ocr_line' id='line_1_3' title="bbox 557 398 1333 469; baseline 0.001 -16"><span class='ocrx_word' id='word_1_5' title='bbox 557 399 757 453; x_wconf 59' lang='lat' dir='ltr'><strong>inferos</strong></span> <span class='ocrx_word' id='word_1_6' title='bbox 788 398 1007 469; x_wconf 72' lang='lat' dir='ltr'><strong>dejicit,</strong></span> <span class='ocrx_word' id='word_1_7' title='bbox 1041 400 1274 454; x_wconf 73' lang='lat' dir='ltr'><strong>dit-imus</strong></span> <span class='ocrx_word' id='word_1_8' title='bbox 1322 423 1333 454; x_wconf 68' lang='grc' dir='ltr'>ς</span> 
     </span>
    </p>
   </div>
   <div class='ocr_carea' id='block_1_4' title="bbox 558 496 2152 567">
    <p class='ocr_par' dir='ltr' id='par_1_4' title="bbox 558 496 2152 567">
     <span class='ocr_line' id='line_1_4' title="bbox 558 496 2152 567; baseline 0.003 -21"><span class='ocrx_word' id='word_1_9' title='bbox 558 503 767 556; x_wconf 85' lang='lat' dir='ltr'><strong>terram,</strong></span> <span class='ocrx_word' id='word_1_10' title='bbox 820 507 1095 548; x_wconf 76' lang='lat' dir='ltr'><strong>commovet</strong></span> <span class='ocrx_word' id='word_1_11' title='bbox 1126 510 1290 565; x_wconf 79' lang='lat' dir='ltr'><strong>reges,</strong></span> <span class='ocrx_word' id='word_1_12' title='bbox 1336 496 1547 550; x_wconf 62' lang='lat' dir='ltr'><strong>scilicet</strong></span> <span class='ocrx_word' id='word_1_13' title='bbox 1580 509 1793 549; x_wconf 64' lang='grc' dir='ltr'><strong>εοηειος</strong></span> <span class='ocrx_word' id='word_1_14' title='bbox 1826 516 1839 551; x_wconf 91' lang='grc'>;</span> <span class='ocrx_word' id='word_1_15' title='bbox 1878 496 1980 564; x_wconf 84' lang='lat' dir='ltr'><strong>Qui</strong></span> <span class='ocrx_word' id='word_1_16' title='bbox 2007 499 2152 567; x_wconf 84' lang='lat' dir='ltr'><strong>ponit</strong></span> 
     </span>
    </p>
   </div>
   <div class='ocr_carea' id='block_1_5' title="bbox 558 588 2152 657">
    <p class='ocr_par' dir='ltr' id='par_1_5' title="bbox 558 588 2152 657">
     <span class='ocr_line' id='line_1_5' title="bbox 558 588 2152 657; baseline 0.001 -14"><span class='ocrx_word' id='word_1_17' title='bbox 558 588 729 643; x_wconf 86' lang='lat' dir='ltr'><strong>orbem</strong></span> <span class='ocrx_word' id='word_1_18' title='bbox 776 601 924 643; x_wconf 73' lang='lat' dir='ltr'><strong>terrm</strong></span> <span class='ocrx_word' id='word_1_19' title='bbox 962 601 1125 644; x_wconf 86' lang='lat' dir='ltr'><strong>totum</strong></span> <span class='ocrx_word' id='word_1_20' title='bbox 1156 592 1413 645; x_wconf 66' lang='lat' dir='ltr'><strong>desertum</strong></span> <span class='ocrx_word' id='word_1_21' title='bbox 1456 591 1843 646; x_wconf 80' lang='lat' dir='ltr'><strong>:irriileutium</strong></span> <span class='ocrx_word' id='word_1_22' title='bbox 1888 608 1990 646; x_wconf 76' lang='lat' dir='ltr'><strong>Vox</strong></span> <span class='ocrx_word' id='word_1_23' title='bbox 2046 602 2152 657; x_wconf 76' lang='lat' dir='ltr'><strong>est,</strong></span> 
     </span>
    </p>
   </div>
   <div class='ocr_carea' id='block_1_6' title="bbox 559 682 2151 758">
    <p class='ocr_par' dir='ltr' id='par_1_6' title="bbox 559 682 2151 758">
     <span class='ocr_line' id='line_1_6' title="bbox 559 682 2151 758; baseline 0.003 -24"><span class='ocrx_word' id='word_1_24' title='bbox 559 697 665 735; x_wconf 88' lang='lat' dir='ltr'><strong>non</strong></span> <span class='ocrx_word' id='word_1_25' title='bbox 693 682 1156 750; x_wconf 78' lang='lat' dir='ltr'><strong>conﬁrmantium,</strong></span> <span class='ocrx_word' id='word_1_26' title='bbox 1180 684 1313 737; x_wconf 71' lang='lat' dir='ltr'><strong>sicut</strong></span> <span class='ocrx_word' id='word_1_27' title='bbox 1339 685 1409 739; x_wconf 87' lang='lat' dir='ltr'><strong>ibi</strong></span> <span class='ocrx_word' id='word_1_28' title='bbox 1443 701 1455 737; x_wconf 88' lang='lat'><strong>:</strong></span> <span class='ocrx_word' id='word_1_29' title='bbox 1490 683 1594 749; x_wconf 82' lang='lat' dir='ltr'><strong>Qui</strong></span> <span class='ocrx_word' id='word_1_30' title='bbox 1619 684 1856 741; x_wconf 78' lang='lat' dir='ltr'><strong>dissolvit</strong></span> <span class='ocrx_word' id='word_1_31' title='bbox 1884 686 2151 758; x_wconf 81' lang='lat' dir='ltr'><strong>templum,</strong></span> 
     </span>
    </p>
   </div>
   <div class='ocr_carea' id='block_1_7' title="bbox 558 774 2156 849">
    <p class='ocr_par' dir='ltr' id='par_1_7' title="bbox 558 774 2156 849">
     <span class='ocr_line' id='line_1_7' title="bbox 558 774 2156 849; baseline 0.003 -20"><span class='ocrx_word' id='word_1_32' title='bbox 558 783 611 829; x_wconf 88' lang='lat' dir='ltr'><strong>et</strong></span> <span class='ocrx_word' id='word_1_33' title='bbox 656 774 826 829; x_wconf 86' lang='lat' dir='ltr'><strong>triduo</strong></span> <span class='ocrx_word' id='word_1_34' title='bbox 856 776 994 829; x_wconf 86' lang='lat' dir='ltr'><strong>illud</strong></span> <span class='ocrx_word' id='word_1_35' title='bbox 1040 776 1260 830; x_wconf 82' lang='lat' dir='ltr'><strong>suscitat</strong></span> <span class='ocrx_word' id='word_1_36' title='bbox 1288 774 1481 845; x_wconf 83' lang='lat' dir='ltr'><strong>(Marc.</strong></span> <span class='ocrx_word' id='word_1_37' title='bbox 1511 793 1595 840; x_wconf 79' lang='lat' dir='ltr'><strong>xv,</strong></span> <span class='ocrx_word' id='word_1_38' title='bbox 1630 776 1723 849; x_wconf 69' lang='lat'><strong>29)</strong></span> <span class='ocrx_word' id='word_1_39' title='bbox 1797 776 1939 833; x_wconf 75' lang='lat' dir='ltr'><strong>Dixit</strong></span> <span class='ocrx_word' id='word_1_40' title='bbox 1970 780 2105 832; x_wconf 82' lang='lat' dir='ltr'><strong>enim</strong></span> <span class='ocrx_word' id='word_1_41' title='bbox 2136 793 2156 833; x_wconf 91' lang='lat'><strong><em>:</em></strong></span> 
     </span>
    </p>
   </div>
   <div class='ocr_carea' id='block_1_8' title="bbox 563 866 2158 940">
    <p class='ocr_par' dir='ltr' id='par_1_8' title="bbox 563 866 2158 940">
     <span class='ocr_line' id='line_1_8' title="bbox 563 866 2158 940; baseline 0.001 -19"><span class='ocrx_word' id='word_1_42' title='bbox 563 866 946 923; x_wconf 77' lang='lat' dir='ltr'><strong>Fartitudmem</strong></span> <span class='ocrx_word' id='word_1_43' title='bbox 989 872 1201 940; x_wconf 78' lang='lat' dir='ltr'><strong>faciam,</strong></span> <span class='ocrx_word' id='word_1_44' title='bbox 1247 879 1295 922; x_wconf 85' lang='lat' dir='ltr'><strong>et</strong></span> <span class='ocrx_word' id='word_1_45' title='bbox 1332 869 1641 935; x_wconf 58' lang='lat' dir='ltr'><strong>sapiuntiant</strong></span> <span class='ocrx_word' id='word_1_46' title='bbox 1680 869 1986 926; x_wconf 81' lang='lat' dir='ltr'><strong>intellectus.</strong></span> <span class='ocrx_word' id='word_1_47' title='bbox 2038 868 2158 924; x_wconf 74' lang='lat' dir='ltr'><strong>Au-</strong></span> 
     </span>
    </p>
   </div>
   <div class='ocr_carea' id='block_1_9' title="bbox 560 961 2157 1033">
    <p class='ocr_par' dir='ltr' id='par_1_9' title="bbox 560 961 2157 1033">
     <span class='ocr_line' id='line_1_9' title="bbox 560 961 2157 1033; baseline 0 -18"><span class='ocrx_word' id='word_1_48' title='bbox 560 965 723 1033; x_wconf 70' lang='lat' dir='ltr'><strong>feratn</strong></span> <span class='ocrx_word' id='word_1_49' title='bbox 770 962 1012 1015; x_wconf 65' lang='lat' dir='ltr'><strong>terminos</strong></span> <span class='ocrx_word' id='word_1_50' title='bbox 1067 963 1372 1028; x_wconf 74' lang='lat' dir='ltr'><strong>nationum,</strong></span> <span class='ocrx_word' id='word_1_51' title='bbox 1442 972 1489 1014; x_wconf 86' lang='lat' dir='ltr'><strong>et</strong></span> <span class='ocrx_word' id='word_1_52' title='bbox 1542 962 1895 1032; x_wconf 74' lang='lat' dir='ltr'><strong>fortitudinem</strong></span> <span class='ocrx_word' id='word_1_53' title='bbox 1946 961 2157 1017; x_wconf 77' lang='lat' dir='ltr'><strong>illarum</strong></span> 
     </span>
    </p>
   </div>
   <div class='ocr_carea' id='block_1_10' title="bbox 562 1054 2159 1115">
    <p class='ocr_par' dir='ltr' id='par_1_10' title="bbox 562 1054 2159 1115">
     <span class='ocr_line' id='line_1_10' title="bbox 562 1054 2159 1115; baseline 0.001 -6"><span class='ocrx_word' id='word_1_54' title='bbox 562 1055 770 1109; x_wconf 79' lang='lat' dir='ltr'><strong>t&#39;aslabo</strong></span> <span class='ocrx_word' id='word_1_55' title='bbox 807 1098 819 1115; x_wconf 87' lang='lat'><strong>,</strong></span> <span class='ocrx_word' id='word_1_56' title='bbox 862 1064 909 1109; x_wconf 78' lang='lat' dir='ltr'><strong>et</strong></span> <span class='ocrx_word' id='word_1_57' title='bbox 961 1056 1303 1109; x_wconf 83' lang='lat' dir='ltr'><strong>comminuam</strong></span> <span class='ocrx_word' id='word_1_58' title='bbox 1352 1054 1581 1109; x_wconf 74' lang='lat' dir='ltr'><strong>civitates</strong></span> <span class='ocrx_word' id='word_1_59' title='bbox 1618 1068 1732 1109; x_wconf 88' lang='lat' dir='ltr'><strong>cum</strong></span> <span class='ocrx_word' id='word_1_60' title='bbox 1759 1055 2107 1110; x_wconf 73' lang='lat' dir='ltr'><strong>habitantibus</strong></span> <span class='ocrx_word' id='word_1_61' title='bbox 2139 1072 2159 1110; x_wconf 91' lang='lat'><strong><em>:</em></strong></span> 
     </span>
    </p>
   </div>
   <div class='ocr_carea' id='block_1_11' title="bbox 559 1146 2156 1217">
    <p class='ocr_par' dir='ltr' id='par_1_11' title="bbox 559 1146 2156 1217">
     <span class='ocr_line' id='line_1_11' title="bbox 559 1146 2156 1217; baseline 0.003 -21"><span class='ocrx_word' id='word_1_62' title='bbox 559 1159 609 1201; x_wconf 76' lang='lat' dir='ltr'><strong>et</strong></span> <span class='ocrx_word' id='word_1_63' title='bbox 658 1158 816 1201; x_wconf 81' lang='lat' dir='ltr'><strong>totum</strong></span> <span class='ocrx_word' id='word_1_64' title='bbox 860 1148 1032 1202; x_wconf 71' lang='lat' dir='ltr'><strong>orbem</strong></span> <span class='ocrx_word' id='word_1_65' title='bbox 1071 1146 1504 1217; x_wconf 79' lang='lat' dir='ltr'><strong>comprehendam</strong></span> <span class='ocrx_word' id='word_1_66' title='bbox 1547 1163 1735 1213; x_wconf 88' lang='lat' dir='ltr'><strong>manu,</strong></span> <span class='ocrx_word' id='word_1_67' title='bbox 1783 1148 1924 1202; x_wconf 79' lang='lat' dir='ltr'><strong>velut</strong></span> <span class='ocrx_word' id='word_1_68' title='bbox 1956 1147 2156 1214; x_wconf 86' lang='lat' dir='ltr'><strong>nidum,</strong></span> 
     </span>
    </p>
   </div>
   <div class='ocr_carea' id='block_1_12' title="bbox 564 1240 2161 1307">
    <p class='ocr_par' dir='ltr' id='par_1_12' title="bbox 564 1240 2161 1307">
     <span class='ocr_line' id='line_1_12' title="bbox 564 1240 2161 1307; baseline -0.001 -13"><span class='ocrx_word' id='word_1_69' title='bbox 564 1251 612 1295; x_wconf 86' lang='lat' dir='ltr'><strong>et</strong></span> <span class='ocrx_word' id='word_1_70' title='bbox 665 1240 800 1293; x_wconf 79' lang='lat' dir='ltr'><strong>relut</strong></span> <span class='ocrx_word' id='word_1_71' title='bbox 860 1257 954 1295; x_wconf 75' lang='lat' dir='ltr'><strong>ova</strong></span> <span class='ocrx_word' id='word_1_72' title='bbox 1007 1240 1251 1293; x_wconf 83' lang='lat' dir='ltr'><strong>derelicta</strong></span> <span class='ocrx_word' id='word_1_73' title='bbox 1308 1240 1542 1307; x_wconf 76' lang='lat' dir='ltr'><strong>auferam</strong></span> <span class='ocrx_word' id='word_1_74' title='bbox 1574 1279 1591 1305; x_wconf 91' lang='lat'><strong>,</strong></span> <span class='ocrx_word' id='word_1_75' title='bbox 1665 1248 1710 1293; x_wconf 87' lang='lat' dir='ltr'><strong>et</strong></span> <span class='ocrx_word' id='word_1_76' title='bbox 1758 1255 1862 1294; x_wconf 73' lang='lat' dir='ltr'><strong>non</strong></span> <span class='ocrx_word' id='word_1_77' title='bbox 1923 1241 2020 1294; x_wconf 82' lang='lat' dir='ltr'><strong>erit</strong></span> <span class='ocrx_word' id='word_1_78' title='bbox 2070 1241 2161 1305; x_wconf 80' lang='lat' dir='ltr'><strong>qui</strong></span> 
     </span>
    </p>
   </div>
   <div class='ocr_carea' id='block_1_13' title="bbox 562 1330 2154 1407">
    <p class='ocr_par' dir='ltr' id='par_1_13' title="bbox 562 1330 2154 1407">
     <span class='ocr_line' id='line_1_13' title="bbox 562 1330 2154 1407; baseline -0.002 -18"><span class='ocrx_word' id='word_1_79' title='bbox 562 1332 776 1407; x_wconf 55' lang='grc' dir='ltr'><strong>ἐπίθετοι</strong></span> <span class='ocrx_word' id='word_1_80' title='bbox 816 1348 935 1397; x_wconf 78' lang='lat' dir='ltr'><strong>me,</strong></span> <span class='ocrx_word' id='word_1_81' title='bbox 990 1343 1080 1386; x_wconf 79' lang='lat' dir='ltr'><strong>aut</strong></span> <span class='ocrx_word' id='word_1_82' title='bbox 1118 1332 1441 1388; x_wconf 73' lang='lat' dir='ltr'><strong>(antradieat</strong></span> <span class='ocrx_word' id='word_1_83' title='bbox 1480 1330 1791 1404; x_wconf 69' lang='lat' dir='ltr'><strong>mihiUsa.</strong></span> <span class='ocrx_word' id='word_1_84' title='bbox 1835 1347 1893 1396; x_wconf 69' lang='grc' dir='ltr'><strong>Χ.</strong></span> <span class='ocrx_word' id='word_1_85' title='bbox 1928 1333 2014 1397; x_wconf 71' lang='grc'><strong>15.</strong></span> <span class='ocrx_word' id='word_1_86' title='bbox 2048 1331 2154 1403; x_wconf 66' lang='grc'><strong>14).</strong></span> 
     </span>
    </p>
   </div>
   <div class='ocr_carea' id='block_1_14' title="bbox 562 1424 2161 1497">
    <p class='ocr_par' dir='ltr' id='par_1_14' title="bbox 562 1424 2161 1497">
     <span class='ocr_line' id='line_1_14' title="bbox 562 1424 2161 1497; baseline -0.002 -15"><span class='ocrx_word' id='word_1_87' title='bbox 562 1425 836 1497; x_wconf 78' lang='lat' dir='ltr'><strong>Numquid</strong></span> <span class='ocrx_word' id='word_1_88' title='bbox 891 1426 991 1481; x_wconf 62' lang='lat' dir='ltr'><strong>is“!</strong></span> <span class='ocrx_word' id='word_1_89' title='bbox 1034 1443 1155 1491; x_wconf 73' lang='lat' dir='ltr'><strong>qua:</strong></span> <span class='ocrx_word' id='word_1_90' title='bbox 1198 1425 1303 1479; x_wconf 80' lang='lat' dir='ltr'><strong>sibi</strong></span> <span class='ocrx_word' id='word_1_91' title='bbox 1350 1426 1642 1495; x_wconf 78' lang='lat' dir='ltr'><strong>promittit,</strong></span> <span class='ocrx_word' id='word_1_92' title='bbox 1691 1426 1839 1483; x_wconf 72' lang='lat' dir='ltr'><strong>valet</strong></span> <span class='ocrx_word' id='word_1_93' title='bbox 1890 1424 2161 1495; x_wconf 61' lang='lat' dir='ltr'><strong>implere?</strong></span> 
     </span>
    </p>
   </div>
   <div class='ocr_carea' id='block_1_15' title="bbox 560 1516 2159 1589">
    <p class='ocr_par' dir='ltr' id='par_1_15' title="bbox 560 1516 2159 1589">
     <span class='ocr_line' id='line_1_15' title="bbox 560 1516 2159 1589; baseline -0.003 -14"><span class='ocrx_word' id='word_1_94' title='bbox 560 1519 717 1576; x_wconf 84' lang='lat' dir='ltr'><strong>Ponit</strong></span> <span class='ocrx_word' id='word_1_95' title='bbox 746 1519 972 1589; x_wconf 77' lang='lat' dir='ltr'><strong>quidem</strong></span> <span class='ocrx_word' id='word_1_96' title='bbox 1016 1519 1189 1573; x_wconf 78' lang='lat' dir='ltr'><strong>orbem</strong></span> <span class='ocrx_word' id='word_1_97' title='bbox 1219 1528 1369 1571; x_wconf 70' lang='lat' dir='ltr'><strong>terra</strong></span> <span class='ocrx_word' id='word_1_98' title='bbox 1421 1528 1584 1570; x_wconf 84' lang='lat' dir='ltr'><strong>totum</strong></span> <span class='ocrx_word' id='word_1_99' title='bbox 1640 1518 1915 1583; x_wconf 65' lang='lat' dir='ltr'><strong>desertum,</strong></span> <span class='ocrx_word' id='word_1_100' title='bbox 1952 1516 2047 1573; x_wconf 81' lang='lat' dir='ltr'><strong>sed</strong></span> <span class='ocrx_word' id='word_1_101' title='bbox 2072 1534 2159 1572; x_wconf 90' lang='lat' dir='ltr'><strong>or-</strong></span> 
     </span>
    </p>
   </div>
   <div class='ocr_carea' id='block_1_16' title="bbox 565 1611 2160 1680">
    <p class='ocr_par' dir='ltr' id='par_1_16' title="bbox 565 1611 2160 1680">
     <span class='ocr_line' id='line_1_16' title="bbox 565 1611 2160 1680; baseline -0.002 -12"><span class='ocrx_word' id='word_1_102' title='bbox 565 1613 687 1668; x_wconf 81' lang='lat' dir='ltr'><strong>bem</strong></span> <span class='ocrx_word' id='word_1_103' title='bbox 718 1628 895 1666; x_wconf 84' lang='lat' dir='ltr'><strong>suum.</strong></span> <span class='ocrx_word' id='word_1_104' title='bbox 926 1612 1166 1666; x_wconf 70' lang='lat' dir='ltr'><strong>Civitates</strong></span> <span class='ocrx_word' id='word_1_105' title='bbox 1190 1624 1357 1664; x_wconf 83' lang='lat' dir='ltr'><strong>autem</strong></span> <span class='ocrx_word' id='word_1_106' title='bbox 1393 1611 1667 1675; x_wconf 72' lang='lat' dir='ltr'><strong>destruxit,</strong></span> <span class='ocrx_word' id='word_1_107' title='bbox 1693 1612 1880 1680; x_wconf 83' lang='lat' dir='ltr'><strong>utique</strong></span> <span class='ocrx_word' id='word_1_108' title='bbox 1930 1612 2013 1666; x_wconf 82' lang='lat' dir='ltr'><strong>sui</strong></span> <span class='ocrx_word' id='word_1_109' title='bbox 2067 1627 2160 1665; x_wconf 67' lang='grc' dir='ltr'><strong>(ιι-ς</strong></span> 
     </span>
    </p>
   </div>
   <div class='ocr_carea' id='block_1_17' title="bbox 565 1706 2158 1777">
    <p class='ocr_par' dir='ltr' id='par_1_17' title="bbox 565 1706 2158 1777">
     <span class='ocr_line' id='line_1_17' title="bbox 565 1706 2158 1777; baseline -0.001 -14"><span class='ocrx_word' id='word_1_110' title='bbox 565 1709 671 1763; x_wconf 84' lang='lat' dir='ltr'><strong>bis.</strong></span> <span class='ocrx_word' id='word_1_111' title='bbox 722 1709 821 1763; x_wconf 69' lang='lat' dir='ltr'><strong>list</strong></span> <span class='ocrx_word' id='word_1_112' title='bbox 873 1710 1019 1763; x_wconf 84' lang='lat' dir='ltr'><strong>enim</strong></span> <span class='ocrx_word' id='word_1_113' title='bbox 1075 1708 1366 1777; x_wconf 78' lang='lat' dir='ltr'><strong>bipertitus</strong></span> <span class='ocrx_word' id='word_1_114' title='bbox 1400 1748 1415 1773; x_wconf 90' lang='lat'><strong>,</strong></span> <span class='ocrx_word' id='word_1_115' title='bbox 1465 1706 1689 1761; x_wconf 86' lang='lat' dir='ltr'><strong>mobilis</strong></span> <span class='ocrx_word' id='word_1_116' title='bbox 1716 1717 1769 1762; x_wconf 85' lang='lat' dir='ltr'><strong>et</strong></span> <span class='ocrx_word' id='word_1_117' title='bbox 1822 1707 2158 1761; x_wconf 78' lang='lat' dir='ltr'><strong>immobilis:</strong></span> 
     </span>
    </p>
   </div>
   <div class='ocr_carea' id='block_1_18' title="bbox 563 1798 2165 1873">
    <p class='ocr_par' dir='ltr' id='par_1_18' title="bbox 563 1798 2165 1873">
     <span class='ocr_line' id='line_1_18' title="bbox 563 1798 2165 1873; baseline -0.002 -14"><span class='ocrx_word' id='word_1_118' title='bbox 563 1804 699 1859; x_wconf 76' lang='lat' dir='ltr'><strong>sicut</strong></span> <span class='ocrx_word' id='word_1_119' title='bbox 735 1802 1193 1873; x_wconf 75' lang='lat' dir='ltr'><strong>Paralipomenon</strong></span> <span class='ocrx_word' id='word_1_120' title='bbox 1229 1816 1241 1854; x_wconf 93' lang='lat'><strong>:</strong></span> <span class='ocrx_word' id='word_1_121' title='bbox 1292 1800 1689 1854; x_wconf 76' lang='lat' dir='ltr'><strong>Commoveatur</strong></span> <span class='ocrx_word' id='word_1_122' title='bbox 1714 1818 1745 1853; x_wconf 88' lang='lat' dir='ltr'><strong>a</strong></span> <span class='ocrx_word' id='word_1_123' title='bbox 1795 1802 1930 1871; x_wconf 81' lang='lat' dir='ltr'><strong>facie</strong></span> <span class='ocrx_word' id='word_1_124' title='bbox 1953 1798 2165 1855; x_wconf 84' lang='lat' dir='ltr'><strong>Domini</strong></span> 
     </span>
    </p>
   </div>
   <div class='ocr_carea' id='block_1_19' title="bbox 565 1894 2160 1966">
    <p class='ocr_par' dir='ltr' id='par_1_19' title="bbox 565 1894 2160 1966">
     <span class='ocr_line' id='line_1_19' title="bbox 565 1894 2160 1966; baseline -0.003 -11"><span class='ocrx_word' id='word_1_125' title='bbox 565 1900 733 1955; x_wconf 81' lang='lat' dir='ltr'><strong>amnis</strong></span> <span class='ocrx_word' id='word_1_126' title='bbox 787 1910 940 1951; x_wconf 84' lang='lat' dir='ltr'><strong>terra.</strong></span> <span class='ocrx_word' id='word_1_127' title='bbox 978 1894 1185 1951; x_wconf 77' lang='lat' dir='ltr'><strong>Etenim</strong></span> <span class='ocrx_word' id='word_1_128' title='bbox 1232 1897 1470 1965; x_wconf 72' lang='lat' dir='ltr'><strong>fundavit</strong></span> <span class='ocrx_word' id='word_1_129' title='bbox 1509 1897 1680 1949; x_wconf 85' lang='lat' dir='ltr'><strong>orbem</strong></span> <span class='ocrx_word' id='word_1_130' title='bbox 1727 1908 1899 1957; x_wconf 71' lang='lat' dir='ltr'><strong>terra,</strong></span> <span class='ocrx_word' id='word_1_131' title='bbox 1930 1897 2019 1966; x_wconf 87' lang='lat' dir='ltr'><strong>qui</strong></span> <span class='ocrx_word' id='word_1_132' title='bbox 2060 1914 2160 1950; x_wconf 87' lang='lat' dir='ltr'><strong>non</strong></span> 
     </span>
    </p>
   </div>
   <div class='ocr_carea' id='block_1_20' title="bbox 568 1988 2159 2062">
    <p class='ocr_par' dir='ltr' id='par_1_20' title="bbox 568 1988 2159 2062">
     <span class='ocr_line' id='line_1_20' title="bbox 568 1988 2159 2062; baseline -0.003 -13"><span class='ocrx_word' id='word_1_133' title='bbox 568 1992 985 2049; x_wconf 63' lang='lat' dir='ltr'><strong>commovebitur.</strong></span> <span class='ocrx_word' id='word_1_134' title='bbox 1036 1991 1402 2061; x_wconf 72' lang='lat' dir='ltr'><strong>Abdurtosqtte</strong></span> <span class='ocrx_word' id='word_1_135' title='bbox 1436 2006 1539 2043; x_wconf 86' lang='lat' dir='ltr'><strong>non</strong></span> <span class='ocrx_word' id='word_1_136' title='bbox 1586 1990 1739 2045; x_wconf 75' lang='lat' dir='ltr'><strong>solvit</strong></span> <span class='ocrx_word' id='word_1_137' title='bbox 1796 1990 1838 2062; x_wconf 75' lang='lat' dir='ltr'><strong>(l</strong></span> <span class='ocrx_word' id='word_1_138' title='bbox 1886 1988 2016 2044; x_wconf 82' lang='lat' dir='ltr'><strong>Par.</strong></span> <span class='ocrx_word' id='word_1_139' title='bbox 2046 2007 2159 2055; x_wconf 78' lang='lat' dir='ltr'><strong>va,</strong></span> 
     </span>
    </p>
   </div>
   <div class='ocr_carea' id='block_1_21' title="bbox 568 2085 2158 2157">
    <p class='ocr_par' dir='ltr' id='par_1_21' title="bbox 568 2085 2158 2157">
     <span class='ocr_line' id='line_1_21' title="bbox 568 2085 2158 2157; baseline -0.003 -13"><span class='ocrx_word' id='word_1_140' title='bbox 568 2089 670 2152; x_wconf 78' lang='lat'><strong>30;</strong></span> <span class='ocrx_word' id='word_1_141' title='bbox 710 2085 798 2141; x_wconf 82' lang='lat' dir='ltr'><strong>l&#39;s.</strong></span> <span class='ocrx_word' id='word_1_142' title='bbox 828 2101 951 2150; x_wconf 64' lang='lat' dir='ltr'><strong>xcv,</strong></span> <span class='ocrx_word' id='word_1_143' title='bbox 981 2088 1059 2157; x_wconf 82' lang='lat'><strong>9).</strong></span> <span class='ocrx_word' id='word_1_144' title='bbox 1099 2087 1306 2151; x_wconf 77' lang='lat' dir='ltr'><strong>Pnicst,</strong></span> <span class='ocrx_word' id='word_1_145' title='bbox 1355 2087 1550 2155; x_wconf 83' lang='lat' dir='ltr'><strong>inquit,</strong></span> <span class='ocrx_word' id='word_1_146' title='bbox 1585 2086 1638 2142; x_wconf 88' lang='lat' dir='ltr'><strong>in</strong></span> <span class='ocrx_word' id='word_1_147' title='bbox 1688 2085 1929 2156; x_wconf 61' lang='lat' dir='ltr'><strong>specii-in</strong></span> <span class='ocrx_word' id='word_1_148' title='bbox 1961 2101 2158 2141; x_wconf 77' lang='lat' dir='ltr'><strong>conve-</strong></span> 
     </span>
    </p>
   </div>
   <div class='ocr_carea' id='block_1_22' title="bbox 568 2178 2167 2252">
    <p class='ocr_par' dir='ltr' id='par_1_22' title="bbox 568 2178 2167 2252">
     <span class='ocr_line' id='line_1_22' title="bbox 568 2178 2167 2252; baseline -0.001 -15"><span class='ocrx_word' id='word_1_149' title='bbox 568 2184 686 2240; x_wconf 73' lang='lat' dir='ltr'><strong>Ilil’l&#39;</strong></span> <span class='ocrx_word' id='word_1_150' title='bbox 710 2201 726 2250; x_wconf 88' lang='lat'><strong>;</strong></span> <span class='ocrx_word' id='word_1_151' title='bbox 752 2183 896 2252; x_wconf 77' lang='lat' dir='ltr'><strong>quod</strong></span> <span class='ocrx_word' id='word_1_152' title='bbox 941 2182 1174 2251; x_wconf 81' lang='lat' dir='ltr'><strong>captivis</strong></span> <span class='ocrx_word' id='word_1_153' title='bbox 1207 2183 1258 2235; x_wconf 88' lang='lat' dir='ltr'><strong>in</strong></span> <span class='ocrx_word' id='word_1_154' title='bbox 1282 2180 1432 2235; x_wconf 74' lang='lat' dir='ltr'><strong>nullo</strong></span> <span class='ocrx_word' id='word_1_155' title='bbox 1462 2180 1790 2249; x_wconf 69' lang='lat' dir='ltr'><strong>relaxusset,</strong></span> <span class='ocrx_word' id='word_1_156' title='bbox 1820 2179 1914 2235; x_wconf 84' lang='lat' dir='ltr'><strong>scd</strong></span> <span class='ocrx_word' id='word_1_157' title='bbox 1943 2178 2167 2235; x_wconf 81' lang='lat' dir='ltr'><strong>inimicis</strong></span> 
     </span>
    </p>
   </div>
   <div class='ocr_carea' id='block_1_23' title="bbox 568 2275 2170 2347">
    <p class='ocr_par' dir='ltr' id='par_1_23' title="bbox 568 2275 2170 2347">
     <span class='ocr_line' id='line_1_23' title="bbox 568 2275 2170 2347; baseline -0.006 -14"><span class='ocrx_word' id='word_1_158' title='bbox 568 2287 780 2347; x_wconf 79' lang='lat' dir='ltr'><strong>raptum</strong></span> <span class='ocrx_word' id='word_1_159' title='bbox 815 2278 1117 2333; x_wconf 70' lang='lat' dir='ltr'><strong>mstimans.</strong></span> <span class='ocrx_word' id='word_1_160' title='bbox 1141 2277 1429 2347; x_wconf 74' lang='lat' dir='ltr'><strong>principali</strong></span> <span class='ocrx_word' id='word_1_161' title='bbox 1457 2286 1569 2330; x_wconf 79' lang='lat' dir='ltr'><strong>tota</strong></span> <span class='ocrx_word' id='word_1_162' title='bbox 1598 2275 1652 2329; x_wconf 91' lang='lat' dir='ltr'><strong>in</strong></span> <span class='ocrx_word' id='word_1_163' title='bbox 1678 2291 1773 2331; x_wconf 71' lang='lat' dir='ltr'><strong>eos</strong></span> <span class='ocrx_word' id='word_1_164' title='bbox 1798 2285 2043 2330; x_wconf 83' lang='lat' dir='ltr'><strong>uteretur</strong></span> <span class='ocrx_word' id='word_1_165' title='bbox 2074 2290 2170 2344; x_wconf 77' lang='lat' dir='ltr'><strong>pu—</strong></span> 
     </span>
    </p>
   </div>
   <div class='ocr_carea' id='block_1_24' title="bbox 568 2370 2168 2443">
    <p class='ocr_par' dir='ltr' id='par_1_24' title="bbox 568 2370 2168 2443">
     <span class='ocr_line' id='line_1_24' title="bbox 568 2370 2168 2443; baseline -0.004 -14"><span class='ocrx_word' id='word_1_166' title='bbox 568 2382 789 2429; x_wconf 78' lang='lat' dir='ltr'><strong>trstate.</strong></span> <span class='ocrx_word' id='word_1_167' title='bbox 839 2372 993 2438; x_wconf 84' lang='lat' dir='ltr'><strong>Quod</strong></span> <span class='ocrx_word' id='word_1_168' title='bbox 1027 2371 1278 2440; x_wconf 72' lang='lat' dir='ltr'><strong>obiurgat</strong></span> <span class='ocrx_word' id='word_1_169' title='bbox 1330 2371 1493 2436; x_wconf 65' lang='lat' dir='ltr'><strong>Deus,</strong></span> <span class='ocrx_word' id='word_1_170' title='bbox 1541 2370 1773 2426; x_wconf 68' lang='lat' dir='ltr'><strong>(lienus:</strong></span> <span class='ocrx_word' id='word_1_171' title='bbox 1809 2370 1917 2442; x_wconf 75' lang='lat' dir='ltr'><strong>Ego</strong></span> <span class='ocrx_word' id='word_1_172' title='bbox 1957 2370 2168 2443; x_wconf 76' lang='lat' dir='ltr'><strong>quidem</strong></span> 
     </span>
    </p>
   </div>
   <div class='ocr_carea' id='block_1_25' title="bbox 565 2463 2168 2535">
    <p class='ocr_par' dir='ltr' id='par_1_25' title="bbox 565 2463 2168 2535">
     <span class='ocr_line' id='line_1_25' title="bbox 565 2463 2168 2535; baseline -0.003 -12"><span class='ocrx_word' id='word_1_173' title='bbox 565 2469 731 2523; x_wconf 86' lang='lat' dir='ltr'><strong>iratus</strong></span> <span class='ocrx_word' id='word_1_174' title='bbox 776 2484 889 2523; x_wconf 84' lang='lat' dir='ltr'><strong>sum</strong></span> <span class='ocrx_word' id='word_1_175' title='bbox 945 2467 1145 2520; x_wconf 84' lang='lat' dir='ltr'><strong>modice</strong></span> <span class='ocrx_word' id='word_1_176' title='bbox 1185 2465 1335 2535; x_wconf 85' lang='lat' dir='ltr'><strong>:ipsi</strong></span> <span class='ocrx_word' id='word_1_177' title='bbox 1370 2474 1545 2520; x_wconf 85' lang='lat' dir='ltr'><strong>autem</strong></span> <span class='ocrx_word' id='word_1_178' title='bbox 1589 2466 1889 2535; x_wconf 80' lang='lat' dir='ltr'><strong>adjecerunt</strong></span> <span class='ocrx_word' id='word_1_179' title='bbox 1932 2464 1986 2519; x_wconf 81' lang='lat' dir='ltr'><strong>in</strong></span> <span class='ocrx_word' id='word_1_180' title='bbox 2027 2463 2168 2518; x_wconf 87' lang='lat' dir='ltr'><strong>mala</strong></span> 
     </span>
    </p>
   </div>
   <div class='ocr_carea' id='block_1_26' title="bbox 566 2556 2168 2635">
    <p class='ocr_par' dir='ltr' id='par_1_26' title="bbox 566 2556 2168 2635">
     <span class='ocr_line' id='line_1_26' title="bbox 566 2556 2168 2635; baseline -0.004 -17"><span class='ocrx_word' id='word_1_181' title='bbox 566 2561 757 2635; x_wconf 85' lang='lat' dir='ltr'><strong>(Zach.</strong></span> <span class='ocrx_word' id='word_1_182' title='bbox 791 2578 830 2628; x_wconf 83' lang='grc' dir='ltr'><strong>ι,</strong></span> <span class='ocrx_word' id='word_1_183' title='bbox 870 2559 979 2633; x_wconf 84' lang='lat' dir='ltr'><strong>l5).</strong></span> <span class='ocrx_word' id='word_1_184' title='bbox 1012 2559 1405 2614; x_wconf 69' lang='lat' dir='ltr'><strong>Verumtamen</strong></span> <span class='ocrx_word' id='word_1_185' title='bbox 1438 2558 1490 2613; x_wconf 85' lang='lat' dir='ltr'><strong>in</strong></span> <span class='ocrx_word' id='word_1_186' title='bbox 1524 2557 1750 2629; x_wconf 75' lang='lat' dir='ltr'><strong>ligurum</strong></span> <span class='ocrx_word' id='word_1_187' title='bbox 1796 2556 2168 2627; x_wconf 64' lang='lat' dir='ltr'><strong>generalitatis</strong></span> 
     </span>
    </p>
   </div>
   <div class='ocr_carea' id='block_1_27' title="bbox 568 2650 2166 2723">
    <p class='ocr_par' dir='ltr' id='par_1_27' title="bbox 568 2650 2166 2723">
     <span class='ocr_line' id='line_1_27' title="bbox 568 2650 2166 2723; baseline -0.004 -11"><span class='ocrx_word' id='word_1_188' title='bbox 568 2655 710 2712; x_wconf 77' lang='lat' dir='ltr'><strong>facta</strong></span> <span class='ocrx_word' id='word_1_189' title='bbox 740 2668 798 2712; x_wconf 87' lang='lat' dir='ltr'><strong>et</strong></span> <span class='ocrx_word' id='word_1_190' title='bbox 825 2655 970 2711; x_wconf 76' lang='lat' dir='ltr'><strong>dicta</strong></span> <span class='ocrx_word' id='word_1_191' title='bbox 1000 2664 1147 2719; x_wconf 81' lang='lat' dir='ltr'><strong>sunt,</strong></span> <span class='ocrx_word' id='word_1_192' title='bbox 1184 2666 1239 2708; x_wconf 89' lang='lat' dir='ltr'><strong>et</strong></span> <span class='ocrx_word' id='word_1_193' title='bbox 1270 2653 1636 2723; x_wconf 68' lang='lat' dir='ltr'><strong>spiritualitcr</strong></span> <span class='ocrx_word' id='word_1_194' title='bbox 1668 2650 1965 2722; x_wconf 77' lang='lat' dir='ltr'><strong>implentur</strong></span> <span class='ocrx_word' id='word_1_195' title='bbox 1996 2650 2166 2706; x_wconf 88' lang='lat' dir='ltr'><strong>:dum</strong></span> 
     </span>
    </p>
   </div>
   <div class='ocr_carea' id='block_1_28' title="bbox 568 2745 2170 2817">
    <p class='ocr_par' dir='ltr' id='par_1_28' title="bbox 568 2745 2170 2817">
     <span class='ocr_line' id='line_1_28' title="bbox 568 2745 2170 2817; baseline -0.003 -12"><span class='ocrx_word' id='word_1_196' title='bbox 568 2750 625 2805; x_wconf 84' lang='lat' dir='ltr'><strong>bi</strong></span> <span class='ocrx_word' id='word_1_197' title='bbox 653 2750 742 2817; x_wconf 89' lang='lat' dir='ltr'><strong>qui</strong></span> <span class='ocrx_word' id='word_1_198' title='bbox 769 2748 1145 2813; x_wconf 74' lang='lat' dir='ltr'><strong>dominantur,</strong></span> <span class='ocrx_word' id='word_1_199' title='bbox 1178 2746 1505 2802; x_wconf 71' lang='lat' dir='ltr'><strong>humilitatis</strong></span> <span class='ocrx_word' id='word_1_200' title='bbox 1555 2745 1811 2801; x_wconf 76' lang='lat' dir='ltr'><strong>subditos</strong></span> <span class='ocrx_word' id='word_1_201' title='bbox 1860 2755 1954 2800; x_wconf 78' lang='lat' dir='ltr'><strong>aut</strong></span> <span class='ocrx_word' id='word_1_202' title='bbox 1997 2754 2170 2800; x_wconf 82' lang='lat' dir='ltr'><strong>tenta-</strong></span> 
     </span>
    </p>
   </div>
   <div class='ocr_carea' id='block_1_29' title="bbox 568 2840 2167 2911">
    <p class='ocr_par' dir='ltr' id='par_1_29' title="bbox 568 2840 2167 2911">
     <span class='ocr_line' id='line_1_29' title="bbox 568 2840 2167 2911; baseline -0.006 -10"><span class='ocrx_word' id='word_1_203' title='bbox 568 2844 739 2901; x_wconf 79' lang='lat' dir='ltr'><strong>tionis</strong></span> <span class='ocrx_word' id='word_1_204' title='bbox 770 2858 938 2898; x_wconf 78' lang='lat' dir='ltr'><strong>causa</strong></span> <span class='ocrx_word' id='word_1_205' title='bbox 988 2843 1073 2898; x_wconf 89' lang='lat' dir='ltr'><strong>vel</strong></span> <span class='ocrx_word' id='word_1_206' title='bbox 1121 2841 1320 2898; x_wconf 85' lang='lat' dir='ltr'><strong>merito</strong></span> <span class='ocrx_word' id='word_1_207' title='bbox 1348 2842 1451 2897; x_wconf 86' lang='lat' dir='ltr'><strong>sibi</strong></span> <span class='ocrx_word' id='word_1_208' title='bbox 1486 2841 1730 2895; x_wconf 63' lang='lat' dir='ltr'><strong>subditos</strong></span> <span class='ocrx_word' id='word_1_209' title='bbox 1756 2840 1876 2896; x_wconf 85' lang='lat' dir='ltr'><strong>sine</strong></span> <span class='ocrx_word' id='word_1_210' title='bbox 1918 2847 2167 2911; x_wconf 85' lang='lat' dir='ltr'><strong>respectu</strong></span> 
     </span>
    </p>
   </div>
   <div class='ocr_carea' id='block_1_30' title="bbox 570 2932 2173 3014">
    <p class='ocr_par' dir='ltr' id='par_1_30' title="bbox 570 2932 2173 3014">
     <span class='ocr_line' id='line_1_30' title="bbox 570 2932 2173 3014; baseline -0.006 -17"><span class='ocrx_word' id='word_1_211' title='bbox 570 2942 796 3014; x_wconf 64' lang='lat' dir='ltr'><strong>pietatis</strong></span> <span class='ocrx_word' id='word_1_212' title='bbox 826 2951 991 3008; x_wconf 82' lang='lat' dir='ltr'><strong>atque</strong></span> <span class='ocrx_word' id='word_1_213' title='bbox 1028 2939 1336 2993; x_wconf 81' lang='lat' dir='ltr'><strong>communis</strong></span> <span class='ocrx_word' id='word_1_214' title='bbox 1367 2936 1698 2993; x_wconf 75' lang='lat' dir='ltr'><strong>conditionis</strong></span> <span class='ocrx_word' id='word_1_215' title='bbox 1749 2932 2021 3009; x_wconf 75' lang='lat' dir='ltr'><strong>affligunt,</strong></span> <span class='ocrx_word' id='word_1_216' title='bbox 2053 2932 2173 3005; x_wconf 86' lang='lat' dir='ltr'><strong>qui-</strong></span> 
     </span>
    </p>
   </div>
   <div class='ocr_carea' id='block_1_31' title="bbox 574 3025 2169 3102">
    <p class='ocr_par' dir='ltr' id='par_1_31' title="bbox 574 3025 2169 3102">
     <span class='ocr_line' id='line_1_31' title="bbox 574 3025 2169 3102; baseline -0.008 -9"><span class='ocrx_word' id='word_1_217' title='bbox 574 3038 675 3093; x_wconf 86' lang='lat' dir='ltr'><strong>bus</strong></span> <span class='ocrx_word' id='word_1_218' title='bbox 706 3052 814 3091; x_wconf 85' lang='lat' dir='ltr'><strong>nun</strong></span> <span class='ocrx_word' id='word_1_219' title='bbox 867 3033 1066 3089; x_wconf 79' lang='lat' dir='ltr'><strong>sutticit</strong></span> <span class='ocrx_word' id='word_1_220' title='bbox 1120 3042 1380 3102; x_wconf 58' lang='lat' dir='ltr'><strong>putemus,</strong></span> <span class='ocrx_word' id='word_1_221' title='bbox 1413 3031 1509 3087; x_wconf 87' lang='lat' dir='ltr'><strong>sed</strong></span> <span class='ocrx_word' id='word_1_222' title='bbox 1541 3045 1602 3087; x_wconf 83' lang='lat' dir='ltr'><strong>ea</strong></span> <span class='ocrx_word' id='word_1_223' title='bbox 1636 3027 2049 3085; x_wconf 80' lang='lat' dir='ltr'><strong>immoderatius</strong></span> <span class='ocrx_word' id='word_1_224' title='bbox 2094 3025 2169 3081; x_wconf 90' lang='lat' dir='ltr'><strong>uti</strong></span> 
     </span>
    </p>
   </div>
   <div class='ocr_carea' id='block_1_32' title="bbox 569 3120 2171 3196">
    <p class='ocr_par' dir='ltr' id='par_1_32' title="bbox 569 3120 2171 3196">
     <span class='ocr_line' id='line_1_32' title="bbox 569 3120 2171 3196; baseline -0.005 -13"><span class='ocrx_word' id='word_1_225' title='bbox 569 3135 960 3189; x_wconf 82' lang='lat' dir='ltr'><strong>contemnunt,</strong></span> <span class='ocrx_word' id='word_1_226' title='bbox 987 3127 1131 3196; x_wconf 84' lang='lat' dir='ltr'><strong>quod</strong></span> <span class='ocrx_word' id='word_1_227' title='bbox 1160 3127 1365 3192; x_wconf 64' lang='lat' dir='ltr'><strong>cubat,</strong></span> <span class='ocrx_word' id='word_1_228' title='bbox 1402 3123 1592 3179; x_wconf 76' lang='lat' dir='ltr'><strong>dicens</strong></span> <span class='ocrx_word' id='word_1_229' title='bbox 1625 3139 1639 3178; x_wconf 90' lang='lat'><strong>:</strong></span> <span class='ocrx_word' id='word_1_230' title='bbox 1675 3120 2048 3189; x_wconf 83' lang='lat' dir='ltr'><strong>Persequentes</strong></span> <span class='ocrx_word' id='word_1_231' title='bbox 2083 3135 2171 3175; x_wconf 56' lang='lat' dir='ltr'><strong>re»</strong></span> 
     </span>
    </p>
   </div>
   <div class='ocr_carea' id='block_1_33' title="bbox 572 3214 2170 3291">
    <p class='ocr_par' dir='ltr' id='par_1_33' title="bbox 572 3214 2170 3291">
     <span class='ocr_line' id='line_1_33' title="bbox 572 3214 2170 3291; baseline -0.004 -16"><span class='ocrx_word' id='word_1_232' title='bbox 572 3221 897 3275; x_wconf 88' lang='lat' dir='ltr'><strong>tributionem</strong></span> <span class='ocrx_word' id='word_1_233' title='bbox 920 3215 1079 3291; x_wconf 82' lang='lat' dir='ltr'><strong>(Isai.</strong></span> <span class='ocrx_word' id='word_1_234' title='bbox 1108 3233 1144 3281; x_wconf 91' lang='lat' dir='ltr'><strong>t,</strong></span> <span class='ocrx_word' id='word_1_235' title='bbox 1176 3215 1293 3289; x_wconf 74' lang='lat'><strong>23).</strong></span> <span class='ocrx_word' id='word_1_236' title='bbox 1329 3217 1393 3272; x_wconf 81' lang='lat' dir='ltr'><strong>Et</strong></span> <span class='ocrx_word' id='word_1_237' title='bbox 1420 3217 1648 3271; x_wconf 66' lang='lat' dir='ltr'><strong>iterum:</strong></span> <span class='ocrx_word' id='word_1_238' title='bbox 1685 3214 1933 3270; x_wconf 71' lang='lat' dir='ltr'><strong>Extendi!</strong></span> <span class='ocrx_word' id='word_1_239' title='bbox 1960 3230 2170 3269; x_wconf 88' lang='lat' dir='ltr'><strong>manum</strong></span> 
     </span>
    </p>
   </div>
   <div class='ocr_carea' id='block_1_34' title="bbox 571 3309 2167 3383">
    <p class='ocr_par' dir='ltr' id='par_1_34' title="bbox 571 3309 2167 3383">
     <span class='ocr_line' id='line_1_34' title="bbox 571 3309 2167 3383; baseline -0.003 -15"><span class='ocrx_word' id='word_1_240' title='bbox 571 3330 719 3368; x_wconf 87' lang='lat' dir='ltr'><strong>suam</strong></span> <span class='ocrx_word' id='word_1_241' title='bbox 754 3314 800 3368; x_wconf 87' lang='lat' dir='ltr'><strong>ei</strong></span> <span class='ocrx_word' id='word_1_242' title='bbox 838 3313 896 3366; x_wconf 79' lang='lat' dir='ltr'><strong>in</strong></span> <span class='ocrx_word' id='word_1_243' title='bbox 924 3309 1254 3365; x_wconf 65' lang='lat' dir='ltr'><strong>retribrendo</strong></span> <span class='ocrx_word' id='word_1_244' title='bbox 1282 3309 1403 3383; x_wconf 84' lang='lat' dir='ltr'><strong>(Ps.</strong></span> <span class='ocrx_word' id='word_1_245' title='bbox 1432 3309 1888 3380; x_wconf 72' lang='lat' dir='ltr'><strong>Ltv,21).Purutn</strong></span> <span class='ocrx_word' id='word_1_246' title='bbox 1916 3311 2001 3365; x_wconf 75' lang='lat' dir='ltr'><strong>est</strong></span> <span class='ocrx_word' id='word_1_247' title='bbox 2020 3310 2167 3365; x_wconf 70' lang='lat' dir='ltr'><strong>etaim</strong></span> 
     </span>
    </p>
   </div>
   <div class='ocr_carea' id='block_1_35' title="bbox 568 3403 2167 3477">
    <p class='ocr_par' dir='ltr' id='par_1_35' title="bbox 568 3403 2167 3477">
     <span class='ocr_line' id='line_1_35' title="bbox 568 3403 2167 3477; baseline 0 -19"><span class='ocrx_word' id='word_1_248' title='bbox 568 3406 715 3477; x_wconf 87' lang='lat' dir='ltr'><strong>quod</strong></span> <span class='ocrx_word' id='word_1_249' title='bbox 766 3404 1023 3460; x_wconf 84' lang='lat' dir='ltr'><strong>inimicus</strong></span> <span class='ocrx_word' id='word_1_250' title='bbox 1072 3414 1153 3458; x_wconf 83' lang='lat' dir='ltr'><strong>cst</strong></span> <span class='ocrx_word' id='word_1_251' title='bbox 1184 3420 1198 3469; x_wconf 85' lang='lat'><strong>;</strong></span> <span class='ocrx_word' id='word_1_252' title='bbox 1228 3403 1406 3459; x_wconf 79' lang='lat' dir='ltr'><strong>adhuc</strong></span> <span class='ocrx_word' id='word_1_253' title='bbox 1457 3404 1622 3474; x_wconf 78' lang='lat' dir='ltr'><strong>gestit</strong></span> <span class='ocrx_word' id='word_1_254' title='bbox 1668 3412 1723 3459; x_wconf 85' lang='lat' dir='ltr'><strong>et</strong></span> <span class='ocrx_word' id='word_1_255' title='bbox 1781 3405 1833 3458; x_wconf 89' lang='lat' dir='ltr'><strong>in</strong></span> <span class='ocrx_word' id='word_1_256' title='bbox 1890 3403 2167 3459; x_wconf 83' lang='lat' dir='ltr'><strong>subditum</strong></span> 
     </span>
    </p>
   </div>
   <div class='ocr_carea' id='block_1_36' title="bbox 570 3497 2167 3570">
    <p class='ocr_par' dir='ltr' id='par_1_36' title="bbox 570 3497 2167 3570">
     <span class='ocr_line' id='line_1_36' title="bbox 570 3497 2167 3570; baseline -0.001 -15"><span class='ocrx_word' id='word_1_257' title='bbox 570 3500 869 3567; x_wconf 61' lang='lat' dir='ltr'><strong>vindicare,</strong></span> <span class='ocrx_word' id='word_1_258' title='bbox 901 3500 1043 3555; x_wconf 87' lang='lat' dir='ltr'><strong>sicut</strong></span> <span class='ocrx_word' id='word_1_259' title='bbox 1068 3503 1331 3570; x_wconf 85' lang='lat' dir='ltr'><strong>scriptum</strong></span> <span class='ocrx_word' id='word_1_260' title='bbox 1365 3509 1449 3554; x_wconf 83' lang='lat' dir='ltr'><strong>est</strong></span> <span class='ocrx_word' id='word_1_261' title='bbox 1476 3516 1488 3552; x_wconf 93' lang='lat'><strong>:</strong></span> <span class='ocrx_word' id='word_1_262' title='bbox 1526 3497 1715 3554; x_wconf 82' lang='lat' dir='ltr'><strong>Omnes</strong></span> <span class='ocrx_word' id='word_1_263' title='bbox 1746 3498 1977 3554; x_wconf 86' lang='lat' dir='ltr'><strong>subditos</strong></span> <span class='ocrx_word' id='word_1_264' title='bbox 2026 3499 2167 3554; x_wconf 81' lang='lat' dir='ltr'><strong>vobis</strong></span> 
     </span>
    </p>
   </div>
   <div class='ocr_carea' id='block_1_37' title="bbox 565 3592 2170 3668">
    <p class='ocr_par' dir='ltr' id='par_1_37' title="bbox 565 3592 2170 3668">
     <span class='ocr_line' id='line_1_37' title="bbox 565 3592 2170 3668; baseline -0.001 -18"><span class='ocrx_word' id='word_1_265' title='bbox 565 3596 935 3668; x_wconf 77' lang='lat' dir='ltr'><strong>compungt&#39;tis.</strong></span> <span class='ocrx_word' id='word_1_266' title='bbox 987 3595 1348 3649; x_wconf 77' lang='lat' dir='ltr'><strong>Dissimulans</strong></span> <span class='ocrx_word' id='word_1_267' title='bbox 1394 3592 1579 3650; x_wconf 78' lang='lat' dir='ltr'><strong>odisse</strong></span> <span class='ocrx_word' id='word_1_268' title='bbox 1641 3595 1953 3661; x_wconf 82' lang='lat' dir='ltr'><strong>Dominum,</strong></span> <span class='ocrx_word' id='word_1_269' title='bbox 1987 3593 2170 3650; x_wconf 87' lang='lat' dir='ltr'><strong>inimi-</strong></span> 
     </span>
    </p>
   </div>
   <div class='ocr_carea' id='block_1_38' title="bbox 571 3686 2167 3761">
    <p class='ocr_par' dir='ltr' id='par_1_38' title="bbox 571 3686 2167 3761">
     <span class='ocr_line' id='line_1_38' title="bbox 571 3686 2167 3761; baseline -0.001 -15"><span class='ocrx_word' id='word_1_270' title='bbox 571 3706 691 3746; x_wconf 89' lang='lat' dir='ltr'><strong>cmu</strong></span> <span class='ocrx_word' id='word_1_271' title='bbox 746 3703 803 3747; x_wconf 87' lang='lat' dir='ltr'><strong>et</strong></span> <span class='ocrx_word' id='word_1_272' title='bbox 854 3691 1247 3745; x_wconf 76' lang='lat' dir='ltr'><strong>vindiraiorcm</strong></span> <span class='ocrx_word' id='word_1_273' title='bbox 1280 3706 1293 3741; x_wconf 90' lang='lat'><strong>:</strong></span> <span class='ocrx_word' id='word_1_274' title='bbox 1328 3690 1473 3757; x_wconf 77' lang='lat' dir='ltr'><strong>quod</strong></span> <span class='ocrx_word' id='word_1_275' title='bbox 1525 3706 1619 3758; x_wconf 80' lang='lat' dir='ltr'><strong>per</strong></span> <span class='ocrx_word' id='word_1_276' title='bbox 1674 3686 1969 3745; x_wconf 82' lang='lat' dir='ltr'><strong>vindictam</strong></span> <span class='ocrx_word' id='word_1_277' title='bbox 2000 3705 2167 3761; x_wconf 80' lang='lat' dir='ltr'><strong>quam</strong></span> 
     </span>
    </p>
   </div>
   <div class='ocr_carea' id='block_1_39' title="bbox 568 3782 2169 3851">
    <p class='ocr_par' dir='ltr' id='par_1_39' title="bbox 568 3782 2169 3851">
     <span class='ocr_line' id='line_1_39' title="bbox 568 3782 2169 3851; baseline -0.002 -11"><span class='ocrx_word' id='word_1_278' title='bbox 568 3785 673 3840; x_wconf 83' lang='lat' dir='ltr'><strong>soli</strong></span> <span class='ocrx_word' id='word_1_279' title='bbox 698 3787 797 3840; x_wconf 86' lang='lat' dir='ltr'><strong>sibi</strong></span> <span class='ocrx_word' id='word_1_280' title='bbox 823 3786 961 3841; x_wconf 76' lang='lat' dir='ltr'><strong>Deits</strong></span> <span class='ocrx_word' id='word_1_281' title='bbox 989 3783 1325 3851; x_wconf 72' lang='lat' dir='ltr'><strong>exceptavit,</strong></span> <span class='ocrx_word' id='word_1_282' title='bbox 1363 3782 1565 3848; x_wconf 61' lang='lat' dir='ltr'><strong>aliquid</strong></span> <span class='ocrx_word' id='word_1_283' title='bbox 1584 3782 1894 3838; x_wconf 78' lang='lat' dir='ltr'><strong>sanctitatis</strong></span> <span class='ocrx_word' id='word_1_284' title='bbox 1921 3790 2169 3851; x_wconf 61' lang='lat' dir='ltr'><strong>usurpet.</strong></span> 
     </span>
    </p>
   </div>
   <div class='ocr_carea' id='block_1_40' title="bbox 570 3873 2168 3950">
    <p class='ocr_par' dir='ltr' id='par_1_40' title="bbox 570 3873 2168 3950">
     <span class='ocr_line' id='line_1_40' title="bbox 570 3873 2168 3950; baseline -0.004 -15"><span class='ocrx_word' id='word_1_285' title='bbox 570 3878 841 3950; x_wconf 79' lang='lat' dir='ltr'><strong>Scriptum</strong></span> <span class='ocrx_word' id='word_1_286' title='bbox 874 3893 955 3933; x_wconf 68' lang='grc' dir='ltr'><strong>εει</strong></span> <span class='ocrx_word' id='word_1_287' title='bbox 977 3876 1123 3932; x_wconf 87' lang='lat' dir='ltr'><strong>enim</strong></span> <span class='ocrx_word' id='word_1_288' title='bbox 1153 3895 1167 3933; x_wconf 73' lang='grc' dir='ltr'>ε</span> <span class='ocrx_word' id='word_1_289' title='bbox 1201 3875 1335 3929; x_wconf 79' lang='lat' dir='ltr'><strong>Mihi</strong></span> <span class='ocrx_word' id='word_1_290' title='bbox 1362 3873 1729 3941; x_wconf 76' lang='lat' dir='ltr'><strong>vindictam,et</strong></span> <span class='ocrx_word' id='word_1_291' title='bbox 1745 3890 1839 3947; x_wconf 85' lang='lat' dir='ltr'><strong>ego</strong></span> <span class='ocrx_word' id='word_1_292' title='bbox 1867 3875 2168 3940; x_wconf 71' lang='lat' dir='ltr'><strong>retribuam,</strong></span> 
     </span>
    </p>
   </div>
   <div class='ocr_carea' id='block_1_41' title="bbox 570 3967 2171 4042">
    <p class='ocr_par' dir='ltr' id='par_1_41' title="bbox 570 3967 2171 4042">
     <span class='ocr_line' id='line_1_41' title="bbox 570 3967 2171 4042; baseline -0.003 -16"><span class='ocrx_word' id='word_1_293' title='bbox 570 3972 699 4027; x_wconf 80' lang='lat' dir='ltr'><strong>dicit</strong></span> <span class='ocrx_word' id='word_1_294' title='bbox 732 3969 983 4026; x_wconf 86' lang='lat' dir='ltr'><strong>Dominus</strong></span> <span class='ocrx_word' id='word_1_295' title='bbox 1005 3970 1186 4042; x_wconf 78' lang='lat' dir='ltr'><strong>(Rom.</strong></span> <span class='ocrx_word' id='word_1_296' title='bbox 1217 3986 1311 4038; x_wconf 78' lang='lat' dir='ltr'><strong>Ml,</strong></span> <span class='ocrx_word' id='word_1_297' title='bbox 1348 3970 1455 4040; x_wconf 84' lang='lat' dir='ltr'><strong>l9).</strong></span> <span class='ocrx_word' id='word_1_298' title='bbox 1480 3967 1672 4024; x_wconf 83' lang='lat' dir='ltr'><strong>Omnes</strong></span> <span class='ocrx_word' id='word_1_299' title='bbox 1702 3984 1845 4038; x_wconf 83' lang='lat' dir='ltr'><strong>reges</strong></span> <span class='ocrx_word' id='word_1_300' title='bbox 1870 3979 2019 4023; x_wconf 63' lang='lat' dir='ltr'><strong>terra</strong></span> <span class='ocrx_word' id='word_1_301' title='bbox 2044 3968 2171 4022; x_wconf 88' lang='lat' dir='ltr'><strong>dor-</strong></span> 
     </span>
    </p>
   </div>
   <div class='ocr_carea' id='block_1_42' title="bbox 572 4058 2167 4133">
    <p class='ocr_par' dir='ltr' id='par_1_42' title="bbox 572 4058 2167 4133">
     <span class='ocr_line' id='line_1_42' title="bbox 572 4058 2167 4133; baseline -0.003 -13"><span class='ocrx_word' id='word_1_302' title='bbox 572 4067 789 4120; x_wconf 87' lang='lat' dir='ltr'><strong>mierunt</strong></span> <span class='ocrx_word' id='word_1_303' title='bbox 813 4067 864 4119; x_wconf 88' lang='lat' dir='ltr'><strong>in</strong></span> <span class='ocrx_word' id='word_1_304' title='bbox 892 4063 1109 4130; x_wconf 81' lang='lat' dir='ltr'><strong>honore,</strong></span> <span class='ocrx_word' id='word_1_305' title='bbox 1139 4066 1293 4118; x_wconf 85' lang='lat' dir='ltr'><strong>homo</strong></span> <span class='ocrx_word' id='word_1_306' title='bbox 1348 4063 1400 4118; x_wconf 88' lang='lat' dir='ltr'><strong>in</strong></span> <span class='ocrx_word' id='word_1_307' title='bbox 1429 4063 1580 4117; x_wconf 89' lang='lat' dir='ltr'><strong>domo</strong></span> <span class='ocrx_word' id='word_1_308' title='bbox 1609 4078 1707 4118; x_wconf 87' lang='lat' dir='ltr'><strong>sua</strong></span> <span class='ocrx_word' id='word_1_309' title='bbox 1738 4058 1890 4133; x_wconf 81' lang='lat' dir='ltr'><strong>(lsai.</strong></span> <span class='ocrx_word' id='word_1_310' title='bbox 1939 4072 2052 4127; x_wconf 69' lang='grc' dir='ltr'><strong>ιη,</strong></span> <span class='ocrx_word' id='word_1_311' title='bbox 2080 4059 2167 4127; x_wconf 83' lang='lat' dir='ltr'><strong>l8,</strong></span> 
     </span>
    </p>
   </div>
   <div class='ocr_carea' id='block_1_43' title="bbox 571 4155 2171 4229">
    <p class='ocr_par' dir='ltr' id='par_1_43' title="bbox 571 4155 2171 4229">
     <span class='ocr_line' id='line_1_43' title="bbox 571 4155 2171 4229; baseline -0.004 -11"><span class='ocrx_word' id='word_1_312' title='bbox 571 4159 688 4229; x_wconf 80' lang='grc'><strong>19).</strong></span> <span class='ocrx_word' id='word_1_313' title='bbox 724 4157 912 4229; x_wconf 78' lang='lat' dir='ltr'><strong>Reges,</strong></span> <span class='ocrx_word' id='word_1_314' title='bbox 945 4168 1166 4215; x_wconf 66' lang='lat' dir='ltr'><strong>Sanctus</strong></span> <span class='ocrx_word' id='word_1_315' title='bbox 1198 4158 1355 4213; x_wconf 77' lang='lat' dir='ltr'><strong>dixit.</strong></span> <span class='ocrx_word' id='word_1_316' title='bbox 1389 4158 1520 4211; x_wconf 83' lang='lat' dir='ltr'><strong>Nam</strong></span> <span class='ocrx_word' id='word_1_317' title='bbox 1554 4174 1659 4213; x_wconf 90' lang='lat' dir='ltr'><strong>non</strong></span> <span class='ocrx_word' id='word_1_318' title='bbox 1687 4171 1880 4211; x_wconf 78' lang='lat' dir='ltr'><strong>(unnes</strong></span> <span class='ocrx_word' id='word_1_319' title='bbox 1903 4170 2059 4227; x_wconf 80' lang='lat' dir='ltr'><strong>reges</strong></span> <span class='ocrx_word' id='word_1_320' title='bbox 2087 4155 2171 4211; x_wconf 80' lang='lat' dir='ltr'><strong>vel</strong></span> 
     </span>
    </p>
   </div>
   <div class='ocr_carea' id='block_1_44' title="bbox 571 4247 2170 4323">
    <p class='ocr_par' dir='ltr' id='par_1_44' title="bbox 571 4247 2170 4323">
     <span class='ocr_line' id='line_1_44' title="bbox 571 4247 2170 4323; baseline -0.002 -17"><span class='ocrx_word' id='word_1_321' title='bbox 571 4255 766 4323; x_wconf 78' lang='lat' dir='ltr'><strong>privati</strong></span> <span class='ocrx_word' id='word_1_322' title='bbox 813 4253 868 4306; x_wconf 91' lang='lat' dir='ltr'><strong>in</strong></span> <span class='ocrx_word' id='word_1_323' title='bbox 910 4252 1074 4307; x_wconf 84' lang='lat' dir='ltr'><strong>domo</strong></span> <span class='ocrx_word' id='word_1_324' title='bbox 1127 4267 1225 4307; x_wconf 67' lang='lat' dir='ltr'><strong>sua</strong></span> <span class='ocrx_word' id='word_1_325' title='bbox 1266 4248 1614 4306; x_wconf 83' lang='lat' dir='ltr'><strong>dormierunt</strong></span> <span class='ocrx_word' id='word_1_326' title='bbox 1642 4290 1656 4314; x_wconf 86' lang='lat'><strong>,</strong></span> <span class='ocrx_word' id='word_1_327' title='bbox 1709 4247 1851 4303; x_wconf 60' lang='lat' dir='ltr'><strong>sicut</strong></span> <span class='ocrx_word' id='word_1_328' title='bbox 1907 4250 2081 4304; x_wconf 82' lang='lat' dir='ltr'><strong>sancti</strong></span> <span class='ocrx_word' id='word_1_329' title='bbox 2118 4250 2170 4303; x_wconf 89' lang='lat' dir='ltr'><strong>in</strong></span> 
     </span>
    </p>
   </div>
   <div class='ocr_carea' id='block_1_45' title="bbox 568 4341 2173 4419">
    <p class='ocr_par' dir='ltr' id='par_1_45' title="bbox 568 4341 2173 4419">
     <span class='ocr_line' id='line_1_45' title="bbox 568 4341 2173 4419; baseline -0.003 -16"><span class='ocrx_word' id='word_1_330' title='bbox 568 4344 737 4403; x_wconf 83' lang='lat' dir='ltr'><strong>duino</strong></span> <span class='ocrx_word' id='word_1_331' title='bbox 767 4346 915 4419; x_wconf 58' lang='lat' dir='ltr'><strong>(sua)</strong></span> <span class='ocrx_word' id='word_1_332' title='bbox 945 4362 1107 4415; x_wconf 68' lang='lat' dir='ltr'><strong>quam</strong></span> <span class='ocrx_word' id='word_1_333' title='bbox 1140 4344 1483 4413; x_wconf 64' lang='lat' dir='ltr'><strong>delegi-runt.</strong></span> <span class='ocrx_word' id='word_1_334' title='bbox 1511 4341 1591 4396; x_wconf 85' lang='lat' dir='ltr'><strong>Tu</strong></span> <span class='ocrx_word' id='word_1_335' title='bbox 1626 4352 1798 4398; x_wconf 87' lang='lat' dir='ltr'><strong>autem</strong></span> <span class='ocrx_word' id='word_1_336' title='bbox 1839 4345 2100 4415; x_wconf 81' lang='lat' dir='ltr'><strong>projectus</strong></span> <span class='ocrx_word' id='word_1_337' title='bbox 2121 4359 2173 4398; x_wconf 88' lang='lat' dir='ltr'><strong>es</strong></span> 
     </span>
    </p>
   </div>
   <div class='ocr_carea' id='block_1_46' title="bbox 567 4435 2171 4507">
    <p class='ocr_par' dir='ltr' id='par_1_46' title="bbox 567 4435 2171 4507">
     <span class='ocr_line' id='line_1_46' title="bbox 567 4435 2171 4507; baseline -0.002 -13"><span class='ocrx_word' id='word_1_338' title='bbox 567 4441 623 4494; x_wconf 85' lang='lat' dir='ltr'><strong>in</strong></span> <span class='ocrx_word' id='word_1_339' title='bbox 651 4451 843 4495; x_wconf 81' lang='lat' dir='ltr'><strong>montes</strong></span> <span class='ocrx_word' id='word_1_340' title='bbox 870 4441 1005 4493; x_wconf 83' lang='lat' dir='ltr'><strong>velut</strong></span> <span class='ocrx_word' id='word_1_341' title='bbox 1050 4448 1278 4492; x_wconf 82' lang='lat' dir='ltr'><strong>mortuus</strong></span> <span class='ocrx_word' id='word_1_342' title='bbox 1309 4435 1660 4501; x_wconf 62' lang='lat' dir='ltr'><strong>abominatus,</strong></span> <span class='ocrx_word' id='word_1_343' title='bbox 1691 4454 1808 4491; x_wconf 84' lang='lat' dir='ltr'><strong>cum</strong></span> <span class='ocrx_word' id='word_1_344' title='bbox 1837 4436 2066 4492; x_wconf 80' lang='lat' dir='ltr'><strong>omnibus</strong></span> <span class='ocrx_word' id='word_1_345' title='bbox 2086 4438 2171 4507; x_wconf 85' lang='lat' dir='ltr'><strong>qui</strong></span> 
     </span>
    </p>
   </div>
   <div class='ocr_carea' id='block_1_47' title="bbox 568 4528 2170 4601">
    <p class='ocr_par' dir='ltr' id='par_1_47' title="bbox 568 4528 2170 4601">
     <span class='ocr_line' id='line_1_47' title="bbox 568 4528 2170 4601; baseline -0.004 -13"><span class='ocrx_word' id='word_1_346' title='bbox 568 4533 866 4588; x_wconf 81' lang='lat' dir='ltr'><strong>ceciderunt</strong></span> <span class='ocrx_word' id='word_1_347' title='bbox 909 4531 1087 4584; x_wconf 69' lang='lat' dir='ltr'><strong>inserti</strong></span> <span class='ocrx_word' id='word_1_348' title='bbox 1128 4529 1304 4600; x_wconf 84' lang='lat' dir='ltr'><strong>gladio</strong></span> <span class='ocrx_word' id='word_1_349' title='bbox 1328 4574 1343 4595; x_wconf 91' lang='lat'><strong>,</strong></span> <span class='ocrx_word' id='word_1_350' title='bbox 1400 4539 1448 4584; x_wconf 88' lang='lat' dir='ltr'><strong>et</strong></span> <span class='ocrx_word' id='word_1_351' title='bbox 1496 4528 1815 4583; x_wconf 79' lang='lat' dir='ltr'><strong>descendunt</strong></span> <span class='ocrx_word' id='word_1_352' title='bbox 1846 4528 1915 4583; x_wconf 85' lang='lat' dir='ltr'><strong>ad</strong></span> <span class='ocrx_word' id='word_1_353' title='bbox 1956 4530 2170 4601; x_wconf 78' lang='lat' dir='ltr'><strong>inferos.</strong></span> 
     </span>
    </p>
   </div>
   <div class='ocr_carea' id='block_1_48' title="bbox 575 4620 2174 4697">
    <p class='ocr_par' dir='ltr' id='par_1_48' title="bbox 575 4620 2174 4697">
     <span class='ocr_line' id='line_1_48' title="bbox 575 4620 2174 4697; baseline -0.002 -18"><span class='ocrx_word' id='word_1_354' title='bbox 575 4624 804 4679; x_wconf 65' lang='lat' dir='ltr'><strong>omum»</strong></span> <span class='ocrx_word' id='word_1_355' title='bbox 832 4623 987 4685; x_wconf 70' lang='lat' dir='ltr'><strong>dicit,</strong></span> <span class='ocrx_word' id='word_1_356' title='bbox 1024 4622 1299 4697; x_wconf 85' lang='lat' dir='ltr'><strong>Projectus</strong></span> <span class='ocrx_word' id='word_1_357' title='bbox 1325 4637 1377 4676; x_wconf 85' lang='lat' dir='ltr'><strong>es</strong></span> <span class='ocrx_word' id='word_1_358' title='bbox 1426 4622 1478 4675; x_wconf 80' lang='lat' dir='ltr'><strong>in</strong></span> <span class='ocrx_word' id='word_1_359' title='bbox 1525 4631 1740 4685; x_wconf 82' lang='lat' dir='ltr'><strong>montes,</strong></span> <span class='ocrx_word' id='word_1_360' title='bbox 1785 4623 1836 4676; x_wconf 88' lang='lat' dir='ltr'><strong>in</strong></span> <span class='ocrx_word' id='word_1_361' title='bbox 1865 4620 2060 4691; x_wconf 82' lang='lat' dir='ltr'><strong>quibus</strong></span> <span class='ocrx_word' id='word_1_362' title='bbox 2086 4635 2174 4676; x_wconf 67' lang='lat' dir='ltr'><strong>se-</strong></span> 
     </span>
    </p>
   </div>
   <div class='ocr_carea' id='block_1_49' title="bbox 574 4715 2175 4789">
    <p class='ocr_par' dir='ltr' id='par_1_49' title="bbox 574 4715 2175 4789">
     <span class='ocr_line' id='line_1_49' title="bbox 574 4715 2175 4789; baseline 0.001 -18"><span class='ocrx_word' id='word_1_363' title='bbox 574 4718 687 4774; x_wconf 82' lang='lat' dir='ltr'><strong>det.</strong></span> <span class='ocrx_word' id='word_1_364' title='bbox 723 4718 968 4789; x_wconf 80' lang='lat' dir='ltr'><strong>Denique</strong></span> <span class='ocrx_word' id='word_1_365' title='bbox 996 4735 1100 4771; x_wconf 75' lang='lat' dir='ltr'><strong>nun</strong></span> <span class='ocrx_word' id='word_1_366' title='bbox 1132 4717 1270 4772; x_wconf 64' lang='lat' dir='ltr'><strong>dixit</strong></span> <span class='ocrx_word' id='word_1_367' title='bbox 1302 4731 1553 4771; x_wconf 84' lang='lat' dir='ltr'><strong>mortuus</strong></span> <span class='ocrx_word' id='word_1_368' title='bbox 1585 4733 1598 4769; x_wconf 89' lang='lat'><strong>:</strong></span> <span class='ocrx_word' id='word_1_369' title='bbox 1631 4715 1731 4773; x_wconf 87' lang='lat' dir='ltr'><strong>sed</strong></span> <span class='ocrx_word' id='word_1_370' title='bbox 1767 4718 1902 4772; x_wconf 77' lang='lat' dir='ltr'><strong>velut</strong></span> <span class='ocrx_word' id='word_1_371' title='bbox 1940 4726 2175 4773; x_wconf 85' lang='lat' dir='ltr'><strong>mortuus</strong></span> 
     </span>
    </p>
   </div>
   <div class='ocr_carea' id='block_1_50' title="bbox 571 4808 2172 4882">
    <p class='ocr_par' dir='ltr' id='par_1_50' title="bbox 571 4808 2172 4882">
     <span class='ocr_line' id='line_1_50' title="bbox 571 4808 2172 4882; baseline -0.002 -14"><span class='ocrx_word' id='word_1_372' title='bbox 571 4812 916 4869; x_wconf 79' lang='lat' dir='ltr'><strong>abominatus.</strong></span> <span class='ocrx_word' id='word_1_373' title='bbox 941 4813 1135 4867; x_wconf 74' lang='lat' dir='ltr'><strong>Adhuc</strong></span> <span class='ocrx_word' id='word_1_374' title='bbox 1165 4812 1308 4866; x_wconf 79' lang='lat' dir='ltr'><strong>enim</strong></span> <span class='ocrx_word' id='word_1_375' title='bbox 1332 4811 1501 4865; x_wconf 71' lang='lat' dir='ltr'><strong>vivit:</strong></span> <span class='ocrx_word' id='word_1_376' title='bbox 1528 4809 1652 4865; x_wconf 83' lang='lat' dir='ltr'><strong>licet</strong></span> <span class='ocrx_word' id='word_1_377' title='bbox 1679 4812 1794 4882; x_wconf 84' lang='lat' dir='ltr'><strong>ipse</strong></span> <span class='ocrx_word' id='word_1_378' title='bbox 1818 4810 1870 4864; x_wconf 91' lang='lat' dir='ltr'><strong>iu</strong></span> <span class='ocrx_word' id='word_1_379' title='bbox 1913 4808 2028 4866; x_wconf 82' lang='lat' dir='ltr'><strong>suis</strong></span> <span class='ocrx_word' id='word_1_380' title='bbox 2058 4812 2172 4881; x_wconf 75' lang='lat' dir='ltr'><strong>gla-</strong></span> 
     </span>
    </p>
   </div>
   <div class='ocr_carea' id='block_1_51' title="bbox 573 4906 2168 4979">
    <p class='ocr_par' dir='ltr' id='par_1_51' title="bbox 573 4906 2168 4979">
     <span class='ocr_line' id='line_1_51' title="bbox 573 4906 2168 4979; baseline -0.001 -16"><span class='ocrx_word' id='word_1_381' title='bbox 573 4907 667 4963; x_wconf 89' lang='lat' dir='ltr'><strong>dio</strong></span> <span class='ocrx_word' id='word_1_382' title='bbox 701 4910 1021 4979; x_wconf 74' lang='lat' dir='ltr'><strong>perimatur,</strong></span> <span class='ocrx_word' id='word_1_383' title='bbox 1049 4914 1106 4962; x_wconf 80' lang='lat' dir='ltr'><strong>et</strong></span> <span class='ocrx_word' id='word_1_384' title='bbox 1124 4907 1193 4959; x_wconf 88' lang='lat' dir='ltr'><strong>ad</strong></span> <span class='ocrx_word' id='word_1_385' title='bbox 1246 4907 1444 4975; x_wconf 80' lang='lat' dir='ltr'><strong>inferos</strong></span> <span class='ocrx_word' id='word_1_386' title='bbox 1489 4906 1784 4963; x_wconf 75' lang='lat' dir='ltr'><strong>descendat.</strong></span> <span class='ocrx_word' id='word_1_387' title='bbox 1824 4906 1981 4962; x_wconf 85' lang='lat' dir='ltr'><strong>Sicut</strong></span> <span class='ocrx_word' id='word_1_388' title='bbox 2023 4908 2168 4962; x_wconf 88' lang='lat' dir='ltr'><strong>enim</strong></span> 
     </span>
    </p>
   </div>
   <div class='ocr_carea' id='block_1_52' title="bbox 576 4998 2173 5071">
    <p class='ocr_par' dir='ltr' id='par_1_52' title="bbox 576 4998 2173 5071">
     <span class='ocr_line' id='line_1_52' title="bbox 576 4998 2173 5071; baseline -0.001 -15"><span class='ocrx_word' id='word_1_389' title='bbox 576 5000 841 5057; x_wconf 81' lang='lat' dir='ltr'><strong>Dominus</strong></span> <span class='ocrx_word' id='word_1_390' title='bbox 876 5043 890 5067; x_wconf 94' lang='lat'><strong>,</strong></span> <span class='ocrx_word' id='word_1_391' title='bbox 943 5000 1204 5071; x_wconf 73' lang='lat' dir='ltr'><strong>quidquid</strong></span> <span class='ocrx_word' id='word_1_392' title='bbox 1236 5002 1318 5055; x_wconf 84' lang='lat' dir='ltr'><strong>sui</strong></span> <span class='ocrx_word' id='word_1_393' title='bbox 1380 4998 1660 5067; x_wconf 79' lang='lat' dir='ltr'><strong>patiuntur</strong></span> <span class='ocrx_word' id='word_1_394' title='bbox 1693 5042 1706 5066; x_wconf 87' lang='lat'><strong>,</strong></span> <span class='ocrx_word' id='word_1_395' title='bbox 1761 5012 1821 5057; x_wconf 79' lang='lat' dir='ltr'><strong>se</strong></span> <span class='ocrx_word' id='word_1_396' title='bbox 1871 5000 1979 5070; x_wconf 79' lang='lat' dir='ltr'><strong>pali</strong></span> <span class='ocrx_word' id='word_1_397' title='bbox 2034 4998 2173 5055; x_wconf 74' lang='lat' dir='ltr'><strong>dixit</strong></span> 
     </span>
    </p>
   </div>
   <div class='ocr_carea' id='block_1_53' title="bbox 580 5092 2171 5166">
    <p class='ocr_par' dir='ltr' id='par_1_53' title="bbox 580 5092 2171 5166">
     <span class='ocr_line' id='line_1_53' title="bbox 580 5092 2171 5166; baseline 0.002 -19"><span class='ocrx_word' id='word_1_398' title='bbox 580 5093 797 5165; x_wconf 77' lang='lat' dir='ltr'><strong>(Matth.</strong></span> <span class='ocrx_word' id='word_1_399' title='bbox 827 5110 952 5157; x_wconf 81' lang='lat' dir='ltr'><strong>xxv,</strong></span> <span class='ocrx_word' id='word_1_400' title='bbox 985 5092 1078 5164; x_wconf 72' lang='grc'><strong>40)</strong></span> <span class='ocrx_word' id='word_1_401' title='bbox 1103 5112 1115 5145; x_wconf 89' lang='lat'>:</span> <span class='ocrx_word' id='word_1_402' title='bbox 1145 5095 1217 5147; x_wconf 78' lang='lat' dir='ltr'><strong>ita</strong></span> <span class='ocrx_word' id='word_1_403' title='bbox 1249 5105 1301 5149; x_wconf 90' lang='lat' dir='ltr'><strong>et</strong></span> <span class='ocrx_word' id='word_1_404' title='bbox 1326 5092 1576 5149; x_wconf 80' lang='lat' dir='ltr'><strong>di-bolus</strong></span> <span class='ocrx_word' id='word_1_405' title='bbox 1609 5097 1724 5166; x_wconf 83' lang='lat' dir='ltr'><strong>ipse</strong></span> <span class='ocrx_word' id='word_1_406' title='bbox 1752 5096 1805 5149; x_wconf 90' lang='lat' dir='ltr'><strong>in</strong></span> <span class='ocrx_word' id='word_1_407' title='bbox 1852 5094 1966 5150; x_wconf 72' lang='lat' dir='ltr'><strong>suis</strong></span> <span class='ocrx_word' id='word_1_408' title='bbox 1994 5092 2171 5150; x_wconf 79' lang='lat' dir='ltr'><strong>iucul~</strong></span> 
     </span>
    </p>
   </div>
   <div class='ocr_carea' id='block_1_54' title="bbox 579 5188 2175 5260">
    <p class='ocr_par' dir='ltr' id='par_1_54' title="bbox 579 5188 2175 5260">
     <span class='ocr_line' id='line_1_54' title="bbox 579 5188 2175 5260; baseline 0.002 -17"><span class='ocrx_word' id='word_1_409' title='bbox 579 5198 754 5253; x_wconf 79' lang='lat' dir='ltr'><strong>catur,</strong></span> <span class='ocrx_word' id='word_1_410' title='bbox 781 5189 896 5259; x_wconf 82' lang='lat' dir='ltr'><strong>ipse</strong></span> <span class='ocrx_word' id='word_1_411' title='bbox 931 5189 1283 5244; x_wconf 66' lang='lat' dir='ltr'><strong>abominatus</strong></span> <span class='ocrx_word' id='word_1_412' title='bbox 1327 5188 1711 5258; x_wconf 79' lang='lat' dir='ltr'><strong>confringitur,</strong></span> <span class='ocrx_word' id='word_1_413' title='bbox 1748 5189 1890 5244; x_wconf 85' lang='lat' dir='ltr'><strong>sicut</strong></span> <span class='ocrx_word' id='word_1_414' title='bbox 1913 5190 2175 5260; x_wconf 84' lang='lat' dir='ltr'><strong>scriptum</strong></span> 
     </span>
    </p>
   </div>
   <div class='ocr_carea' id='block_1_55' title="bbox 577 5280 2176 5357">
    <p class='ocr_par' dir='ltr' id='par_1_55' title="bbox 577 5280 2176 5357">
     <span class='ocr_line' id='line_1_55' title="bbox 577 5280 2176 5357; baseline 0.001 -18"><span class='ocrx_word' id='word_1_415' title='bbox 577 5294 659 5339; x_wconf 77' lang='lat' dir='ltr'><strong>est</strong></span> <span class='ocrx_word' id='word_1_416' title='bbox 716 5280 826 5337; x_wconf 88' lang='lat' dir='ltr'><strong>:In</strong></span> <span class='ocrx_word' id='word_1_417' title='bbox 868 5283 1205 5338; x_wconf 77' lang='lat' dir='ltr'><strong>diminutione</strong></span> <span class='ocrx_word' id='word_1_418' title='bbox 1260 5284 1485 5355; x_wconf 79' lang='lat' dir='ltr'><strong>populi,</strong></span> <span class='ocrx_word' id='word_1_419' title='bbox 1537 5284 1869 5338; x_wconf 82' lang='lat' dir='ltr'><strong>comminatio</strong></span> <span class='ocrx_word' id='word_1_420' title='bbox 1923 5284 2176 5357; x_wconf 78' lang='lat' dir='ltr'><strong>principis</strong></span> 
     </span>
    </p>
   </div>
   <div class='ocr_carea' id='block_1_56' title="bbox 579 5376 2174 5452">
    <p class='ocr_par' dir='ltr' id='par_1_56' title="bbox 579 5376 2174 5452">
     <span class='ocr_line' id='line_1_56' title="bbox 579 5376 2174 5452; baseline 0.003 -22"><span class='ocrx_word' id='word_1_421' title='bbox 579 5376 763 5450; x_wconf 81' lang='lat' dir='ltr'><strong>(Prov.</strong></span> <span class='ocrx_word' id='word_1_422' title='bbox 800 5393 917 5442; x_wconf 73' lang='lat' dir='ltr'><strong>xiv,</strong></span> <span class='ocrx_word' id='word_1_423' title='bbox 939 5376 1057 5445; x_wconf 72' lang='lat'><strong>28).</strong></span> <span class='ocrx_word' id='word_1_424' title='bbox 1091 5376 1348 5431; x_wconf 74' lang='lat' dir='ltr'><strong>Diabolus</strong></span> <span class='ocrx_word' id='word_1_425' title='bbox 1398 5379 1463 5431; x_wconf 70' lang='lat' dir='ltr'><strong>ab</strong></span> <span class='ocrx_word' id='word_1_426' title='bbox 1520 5378 1737 5433; x_wconf 84' lang='lat' dir='ltr'><strong>homine</strong></span> <span class='ocrx_word' id='word_1_427' title='bbox 1759 5395 1858 5433; x_wconf 89' lang='lat' dir='ltr'><strong>suo</strong></span> <span class='ocrx_word' id='word_1_428' title='bbox 1885 5396 1991 5435; x_wconf 90' lang='lat' dir='ltr'><strong>non</strong></span> <span class='ocrx_word' id='word_1_429' title='bbox 2017 5395 2174 5452; x_wconf 78' lang='lat' dir='ltr'><strong>sepa-</strong></span> 
     </span>
    </p>
   </div>
   <div class='ocr_carea' id='block_1_57' title="bbox 578 5469 2177 5540">
    <p class='ocr_par' dir='ltr' id='par_1_57' title="bbox 578 5469 2177 5540">
     <span class='ocr_line' id='line_1_57' title="bbox 578 5469 2177 5540; baseline 0 -14"><span class='ocrx_word' id='word_1_430' title='bbox 578 5480 732 5526; x_wconf 82' lang='lat' dir='ltr'><strong>ratur</strong></span> <span class='ocrx_word' id='word_1_431' title='bbox 766 5491 779 5523; x_wconf 84' lang='lat'><strong>;</strong></span> <span class='ocrx_word' id='word_1_432' title='bbox 813 5486 912 5525; x_wconf 81' lang='lat' dir='ltr'><strong>nec</strong></span> <span class='ocrx_word' id='word_1_433' title='bbox 942 5471 1107 5525; x_wconf 84' lang='lat' dir='ltr'><strong>bumo</strong></span> <span class='ocrx_word' id='word_1_434' title='bbox 1135 5472 1185 5523; x_wconf 91' lang='lat' dir='ltr'><strong>in</strong></span> <span class='ocrx_word' id='word_1_435' title='bbox 1210 5469 1589 5540; x_wconf 71' lang='lat' dir='ltr'><strong>quodiubolus</strong></span> <span class='ocrx_word' id='word_1_436' title='bbox 1611 5487 1715 5524; x_wconf 85' lang='lat' dir='ltr'><strong>non</strong></span> <span class='ocrx_word' id='word_1_437' title='bbox 1746 5481 1852 5537; x_wconf 78' lang='lat' dir='ltr'><strong>est,</strong></span> <span class='ocrx_word' id='word_1_438' title='bbox 1889 5482 2067 5540; x_wconf 80' lang='lat' dir='ltr'><strong>potest</strong></span> <span class='ocrx_word' id='word_1_439' title='bbox 2095 5471 2177 5526; x_wconf 86' lang='lat' dir='ltr'><strong>di-</strong></span> 
     </span>
    </p>
   </div>
   <div class='ocr_carea' id='block_1_58' title="bbox 581 5564 2174 5634">
    <p class='ocr_par' dir='ltr' id='par_1_58' title="bbox 581 5564 2174 5634">
     <span class='ocr_line' id='line_1_58' title="bbox 581 5564 2174 5634; baseline -0.001 -14"><span class='ocrx_word' id='word_1_440' title='bbox 581 5581 712 5621; x_wconf 84' lang='lat' dir='ltr'><strong>cere</strong></span> <span class='ocrx_word' id='word_1_441' title='bbox 740 5582 753 5620; x_wconf 82' lang='lat'><strong>:</strong></span> <span class='ocrx_word' id='word_1_442' title='bbox 778 5565 883 5620; x_wconf 75' lang='lat' dir='ltr'><strong>Ero</strong></span> <span class='ocrx_word' id='word_1_443' title='bbox 901 5566 1087 5620; x_wconf 83' lang='lat' dir='ltr'><strong>similis</strong></span> <span class='ocrx_word' id='word_1_444' title='bbox 1114 5564 1402 5619; x_wconf 73' lang='lat' dir='ltr'><strong>Altissimo.</strong></span> <span class='ocrx_word' id='word_1_445' title='bbox 1434 5564 1546 5620; x_wconf 74' lang='lat' dir='ltr'><strong>Nec</strong></span> <span class='ocrx_word' id='word_1_446' title='bbox 1567 5564 1838 5631; x_wconf 74' lang='lat' dir='ltr'><strong>diabolus,</strong></span> <span class='ocrx_word' id='word_1_447' title='bbox 1876 5567 1961 5621; x_wconf 81' lang='lat' dir='ltr'><strong>bic</strong></span> <span class='ocrx_word' id='word_1_448' title='bbox 1986 5564 2174 5634; x_wconf 84' lang='lat' dir='ltr'><strong>homo,</strong></span> 
     </span>
    </p>
   </div>
   <div class='ocr_carea' id='block_1_59' title="bbox 581 5660 2180 5732">
    <p class='ocr_par' dir='ltr' id='par_1_59' title="bbox 581 5660 2180 5732">
     <span class='ocr_line' id='line_1_59' title="bbox 581 5660 2180 5732; baseline 0.003 -17"><span class='ocrx_word' id='word_1_449' title='bbox 581 5663 672 5732; x_wconf 87' lang='lat' dir='ltr'><strong>qui</strong></span> <span class='ocrx_word' id='word_1_450' title='bbox 704 5661 890 5716; x_wconf 80' lang='lat' dir='ltr'><strong>incitat</strong></span> <span class='ocrx_word' id='word_1_451' title='bbox 928 5672 1127 5716; x_wconf 87' lang='lat' dir='ltr'><strong>terram</strong></span> <span class='ocrx_word' id='word_1_452' title='bbox 1160 5679 1173 5713; x_wconf 90' lang='lat'>:</span> <span class='ocrx_word' id='word_1_453' title='bbox 1210 5661 1313 5714; x_wconf 78' lang='lat' dir='ltr'><strong>nisi</strong></span> <span class='ocrx_word' id='word_1_454' title='bbox 1351 5663 1401 5715; x_wconf 90' lang='lat' dir='ltr'><strong>in</strong></span> <span class='ocrx_word' id='word_1_455' title='bbox 1434 5660 1656 5717; x_wconf 83' lang='lat' dir='ltr'><strong>homine</strong></span> <span class='ocrx_word' id='word_1_456' title='bbox 1683 5661 1865 5716; x_wconf 77' lang='lat' dir='ltr'><strong>luctit.</strong></span> <span class='ocrx_word' id='word_1_457' title='bbox 1902 5663 2047 5717; x_wconf 88' lang='lat' dir='ltr'><strong>Sicut</strong></span> <span class='ocrx_word' id='word_1_458' title='bbox 2074 5662 2180 5719; x_wconf 85' lang='lat' dir='ltr'><strong>Do-</strong></span> 
     </span>
    </p>
   </div>
   <div class='ocr_carea' id='block_1_60' title="bbox 585 5756 2182 5827">
    <p class='ocr_par' dir='ltr' id='par_1_60' title="bbox 585 5756 2182 5827">
     <span class='ocr_line' id='line_1_60' title="bbox 585 5756 2182 5827; baseline 0.001 -14"><span class='ocrx_word' id='word_1_459' title='bbox 585 5757 790 5825; x_wconf 85' lang='lat' dir='ltr'><strong>minus,</strong></span> <span class='ocrx_word' id='word_1_460' title='bbox 812 5756 1097 5813; x_wconf 70' lang='lat' dir='ltr'><strong>httmOtlici</strong></span> <span class='ocrx_word' id='word_1_461' title='bbox 1131 5770 1238 5811; x_wconf 90' lang='lat' dir='ltr'><strong>non</strong></span> <span class='ocrx_word' id='word_1_462' title='bbox 1298 5764 1498 5827; x_wconf 81' lang='lat' dir='ltr'><strong>potest,</strong></span> <span class='ocrx_word' id='word_1_463' title='bbox 1530 5757 1634 5811; x_wconf 84' lang='lat' dir='ltr'><strong>nisi</strong></span> <span class='ocrx_word' id='word_1_464' title='bbox 1666 5756 1719 5811; x_wconf 90' lang='lat' dir='ltr'><strong>iu</strong></span> <span class='ocrx_word' id='word_1_465' title='bbox 1782 5756 2003 5812; x_wconf 84' lang='lat' dir='ltr'><strong>homine</strong></span> <span class='ocrx_word' id='word_1_466' title='bbox 2036 5774 2051 5823; x_wconf 92' lang='lat'><strong>;</strong></span> <span class='ocrx_word' id='word_1_467' title='bbox 2080 5773 2182 5815; x_wconf 87' lang='lat' dir='ltr'><strong>nec</strong></span> 
     </span>
    </p>
   </div>
   <div class='ocr_carea' id='block_1_61' title="bbox 589 5847 2181 5923">
    <p class='ocr_par' dir='ltr' id='par_1_61' title="bbox 589 5847 2181 5923">
     <span class='ocr_line' id='line_1_61' title="bbox 589 5847 2181 5923; baseline 0.001 -20"><span class='ocrx_word' id='word_1_468' title='bbox 589 5850 775 5919; x_wconf 83' lang='lat' dir='ltr'><strong>homo,</strong></span> <span class='ocrx_word' id='word_1_469' title='bbox 796 5849 902 5908; x_wconf 85' lang='lat' dir='ltr'><strong>uisi</strong></span> <span class='ocrx_word' id='word_1_470' title='bbox 930 5849 987 5909; x_wconf 86' lang='lat' dir='ltr'><strong>in</strong></span> <span class='ocrx_word' id='word_1_471' title='bbox 1011 5848 1250 5907; x_wconf 74' lang='lat' dir='ltr'><strong>Christo.</strong></span> <span class='ocrx_word' id='word_1_472' title='bbox 1300 5847 1409 5907; x_wconf 83' lang='lat' dir='ltr'><strong>Sed</strong></span> <span class='ocrx_word' id='word_1_473' title='bbox 1431 5848 1560 5921; x_wconf 86' lang='lat' dir='ltr'><strong>quid</strong></span> <span class='ocrx_word' id='word_1_474' title='bbox 1583 5850 1636 5909; x_wconf 86' lang='lat' dir='ltr'><strong>iu</strong></span> <span class='ocrx_word' id='word_1_475' title='bbox 1682 5864 1843 5923; x_wconf 84' lang='lat' dir='ltr'><strong>quem</strong></span> <span class='ocrx_word' id='word_1_476' title='bbox 1871 5850 2181 5920; x_wconf 75' lang='lat' dir='ltr'><strong>conveniat,</strong></span> 
     </span>
    </p>
   </div>
   <div class='ocr_carea' id='block_1_62' title="bbox 1385 399 3858 483">
    <p class='ocr_par' dir='ltr' id='par_1_62' title="bbox 1385 399 3858 483">
     <span class='ocr_line' id='line_1_62' title="bbox 1385 399 3858 483; baseline 0.006 -30"><span class='ocrx_word' id='word_1_477' title='bbox 1385 399 1483 454; x_wconf 80' lang='lat' dir='ltr'><strong>llic</strong></span> <span class='ocrx_word' id='word_1_478' title='bbox 1531 411 1604 456; x_wconf 85' lang='lat' dir='ltr'><strong>est</strong></span> <span class='ocrx_word' id='word_1_479' title='bbox 1652 402 1804 457; x_wconf 81' lang='lat' dir='ltr'><strong>homo</strong></span> <span class='ocrx_word' id='word_1_480' title='bbox 1845 405 1934 473; x_wconf 80' lang='lat' dir='ltr'><strong>qui</strong></span> <span class='ocrx_word' id='word_1_481' title='bbox 1970 404 2148 458; x_wconf 83' lang='lat' dir='ltr'><strong>incitat</strong></span> <span class='ocrx_word' id='word_1_482' title='bbox 2176 406 2227 467; x_wconf 77' lang='grc' dir='ltr'><strong>Λ</strong></span> <span class='ocrx_word' id='word_1_483' title='bbox 2256 420 2352 475; x_wconf 84' lang='lat' dir='ltr'><strong>pro</strong></span> <span class='ocrx_word' id='word_1_484' title='bbox 2381 406 2519 460; x_wconf 81' lang='lat' dir='ltr'><strong>locis</strong></span> <span class='ocrx_word' id='word_1_485' title='bbox 2573 407 2981 463; x_wconf 81' lang='lat' dir='ltr'><strong>observandum</strong></span> <span class='ocrx_word' id='word_1_486' title='bbox 3038 416 3139 464; x_wconf 80' lang='lat' dir='ltr'><strong>est.</strong></span> <span class='ocrx_word' id='word_1_487' title='bbox 3173 408 3377 465; x_wconf 83' lang='lat' dir='ltr'><strong>lterum</strong></span> <span class='ocrx_word' id='word_1_488' title='bbox 3427 426 3630 479; x_wconf 65' lang='lat' dir='ltr'><strong>corpus</strong></span> <span class='ocrx_word' id='word_1_489' title='bbox 3683 413 3858 483; x_wconf 61' lang='lat' dir='ltr'><strong>ipsius</strong></span> 
     </span>
    </p>
   </div>
   <div class='ocr_carea' id='block_1_63' title="bbox 2260 499 3856 571">
    <p class='ocr_par' dir='ltr' id='par_1_63' title="bbox 2260 499 3856 571">
     <span class='ocr_line' id='line_1_63' title="bbox 2260 499 3856 571; baseline 0.006 -18"><span class='ocrx_word' id='word_1_490' title='bbox 2260 499 2465 555; x_wconf 81' lang='lat' dir='ltr'><strong>diaboli</strong></span> <span class='ocrx_word' id='word_1_491' title='bbox 2513 502 2767 556; x_wconf 73' lang='lat' dir='ltr'><strong>convenit</strong></span> <span class='ocrx_word' id='word_1_492' title='bbox 2794 503 2983 557; x_wconf 80' lang='lat' dir='ltr'><strong>dicens</strong></span> <span class='ocrx_word' id='word_1_493' title='bbox 3010 520 3022 558; x_wconf 90' lang='lat'><strong>:</strong></span> <span class='ocrx_word' id='word_1_494' title='bbox 3058 504 3328 571; x_wconf 80' lang='lat' dir='ltr'><strong>Quomodo</strong></span> <span class='ocrx_word' id='word_1_495' title='bbox 3361 507 3540 561; x_wconf 80' lang='lat' dir='ltr'><strong>veniin</strong></span> <span class='ocrx_word' id='word_1_496' title='bbox 3563 508 3587 561; x_wconf 78' lang='lat'><strong>.’</strong></span> <span class='ocrx_word' id='word_1_497' title='bbox 3610 510 3740 561; x_wconf 84' lang='lat' dir='ltr'><strong>sicut</strong></span> <span class='ocrx_word' id='word_1_498' title='bbox 3768 523 3856 563; x_wconf 80' lang='lat' dir='ltr'><strong>ve-</strong></span> 
     </span>
    </p>
   </div>
   <div class='ocr_carea' id='block_1_64' title="bbox 2260 595 3855 666">
    <p class='ocr_par' dir='ltr' id='par_1_64' title="bbox 2260 595 3855 666">
     <span class='ocr_line' id='line_1_64' title="bbox 2260 595 3855 666; baseline 0.008 -22"><span class='ocrx_word' id='word_1_499' title='bbox 2260 595 2555 649; x_wconf 84' lang='lat' dir='ltr'><strong>stimentum</strong></span> <span class='ocrx_word' id='word_1_500' title='bbox 2596 598 2846 666; x_wconf 81' lang='lat' dir='ltr'><strong>sanguine</strong></span> <span class='ocrx_word' id='word_1_501' title='bbox 2872 614 3203 663; x_wconf 73' lang='lat' dir='ltr'><strong>conspersum</strong></span> <span class='ocrx_word' id='word_1_502' title='bbox 3238 615 3339 652; x_wconf 89' lang='lat' dir='ltr'><strong>non</strong></span> <span class='ocrx_word' id='word_1_503' title='bbox 3371 610 3443 653; x_wconf 87' lang='lat' dir='ltr'><strong>est</strong></span> <span class='ocrx_word' id='word_1_504' title='bbox 3478 603 3751 665; x_wconf 80' lang='lat' dir='ltr'><strong>mundum,</strong></span> <span class='ocrx_word' id='word_1_505' title='bbox 3779 602 3855 656; x_wconf 79' lang='lat' dir='ltr'><strong>ita</strong></span> 
     </span>
    </p>
   </div>
   <div class='ocr_carea' id='block_1_65' title="bbox 2263 688 3854 763">
    <p class='ocr_par' dir='ltr' id='par_1_65' title="bbox 2263 688 3854 763">
     <span class='ocr_line' id='line_1_65' title="bbox 2263 688 3854 763; baseline 0.004 -23"><span class='ocrx_word' id='word_1_506' title='bbox 2263 704 2353 740; x_wconf 87' lang='lat' dir='ltr'><strong>nec</strong></span> <span class='ocrx_word' id='word_1_507' title='bbox 2385 700 2439 741; x_wconf 88' lang='lat' dir='ltr'><strong>tu</strong></span> <span class='ocrx_word' id='word_1_508' title='bbox 2470 689 2569 743; x_wconf 86' lang='lat' dir='ltr'><strong>eris</strong></span> <span class='ocrx_word' id='word_1_509' title='bbox 2598 688 2825 743; x_wconf 86' lang='lat' dir='ltr'><strong>mundus</strong></span> <span class='ocrx_word' id='word_1_510' title='bbox 2852 708 2869 745; x_wconf 90' lang='lat'><strong><em>:</em></strong></span> <span class='ocrx_word' id='word_1_511' title='bbox 2898 691 3022 763; x_wconf 84' lang='lat' dir='ltr'><strong>quia</strong></span> <span class='ocrx_word' id='word_1_512' title='bbox 3062 700 3250 744; x_wconf 86' lang='lat' dir='ltr'><strong>terram</strong></span> <span class='ocrx_word' id='word_1_513' title='bbox 3282 708 3445 746; x_wconf 66' lang='lat' dir='ltr'><strong>meum</strong></span> <span class='ocrx_word' id='word_1_514' title='bbox 3484 694 3774 760; x_wconf 70' lang='grc' dir='ltr'><strong>νειόὶἀίαἱ.</strong></span> <span class='ocrx_word' id='word_1_515' title='bbox 3804 704 3854 750; x_wconf 90' lang='lat' dir='ltr'><strong>et</strong></span> 
     </span>
    </p>
   </div>
   <div class='ocr_carea' id='block_1_66' title="bbox 2260 780 3849 856">
    <p class='ocr_par' dir='ltr' id='par_1_66' title="bbox 2260 780 3849 856">
     <span class='ocr_line' id='line_1_66' title="bbox 2260 780 3849 856; baseline 0.006 -24"><span class='ocrx_word' id='word_1_516' title='bbox 2260 780 2457 849; x_wconf 82' lang='lat' dir='ltr'><strong>plebem</strong></span> <span class='ocrx_word' id='word_1_517' title='bbox 2483 798 2646 834; x_wconf 72' lang='lat' dir='ltr'><strong>meum</strong></span> <span class='ocrx_word' id='word_1_518' title='bbox 2676 783 2928 836; x_wconf 82' lang='lat' dir='ltr'><strong>occidisti.</strong></span> <span class='ocrx_word' id='word_1_519' title='bbox 2966 782 3088 839; x_wconf 71' lang='lat' dir='ltr'><strong>Non</strong></span> <span class='ocrx_word' id='word_1_520' title='bbox 3107 787 3209 840; x_wconf 84' lang='lat' dir='ltr'><strong>eris</strong></span> <span class='ocrx_word' id='word_1_521' title='bbox 3251 787 3302 838; x_wconf 91' lang='lat' dir='ltr'><strong>in</strong></span> <span class='ocrx_word' id='word_1_522' title='bbox 3351 799 3598 842; x_wconf 64' lang='lat' dir='ltr'><strong>internum</strong></span> <span class='ocrx_word' id='word_1_523' title='bbox 3628 799 3849 856; x_wconf 82' lang='lat' dir='ltr'><strong>tempus,</strong></span> 
     </span>
    </p>
   </div>
   <div class='ocr_carea' id='block_1_67' title="bbox 2260 875 3857 951">
    <p class='ocr_par' dir='ltr' id='par_1_67' title="bbox 2260 875 3857 951">
     <span class='ocr_line' id='line_1_67' title="bbox 2260 875 3857 951; baseline 0.006 -26"><span class='ocrx_word' id='word_1_524' title='bbox 2260 888 2429 927; x_wconf 85' lang='lat' dir='ltr'><strong>semen</strong></span> <span class='ocrx_word' id='word_1_525' title='bbox 2452 888 2706 945; x_wconf 84' lang='lat' dir='ltr'><strong>nequam:</strong></span> <span class='ocrx_word' id='word_1_526' title='bbox 2728 893 2873 943; x_wconf 76' lang='lat' dir='ltr'><strong>pata,</strong></span> <span class='ocrx_word' id='word_1_527' title='bbox 2894 875 3032 945; x_wconf 74' lang='lat' dir='ltr'><strong>filios</strong></span> <span class='ocrx_word' id='word_1_528' title='bbox 3060 887 3173 931; x_wconf 89' lang='lat' dir='ltr'><strong>tuos</strong></span> <span class='ocrx_word' id='word_1_529' title='bbox 3197 878 3423 949; x_wconf 70' lang='lat' dir='ltr'><strong>interﬁce</strong></span> <span class='ocrx_word' id='word_1_530' title='bbox 3453 881 3672 946; x_wconf 78' lang='lat' dir='ltr'><strong>peccatis</strong></span> <span class='ocrx_word' id='word_1_531' title='bbox 3693 882 3857 951; x_wconf 74' lang='lat' dir='ltr'><strong>patris</strong></span> 
     </span>
    </p>
   </div>
   <div class='ocr_carea' id='block_1_68' title="bbox 2261 965 3858 1036">
    <p class='ocr_par' dir='ltr' id='par_1_68' title="bbox 2261 965 3858 1036">
     <span class='ocr_line' id='line_1_68' title="bbox 2261 965 3858 1036; baseline 0.006 -17"><span class='ocrx_word' id='word_1_532' title='bbox 2261 965 2356 1031; x_wconf 80' lang='lat' dir='ltr'><strong>tui,</strong></span> <span class='ocrx_word' id='word_1_533' title='bbox 2391 976 2513 1021; x_wconf 88' lang='lat' dir='ltr'><strong>utn-</strong></span> <span class='ocrx_word' id='word_1_534' title='bbox 2536 986 2567 1021; x_wconf 90' lang='lat' dir='ltr'><strong>n</strong></span> <span class='ocrx_word' id='word_1_535' title='bbox 2598 981 2864 1036; x_wconf 74' lang='lat' dir='ltr'><strong>resurgant</strong></span> <span class='ocrx_word' id='word_1_536' title='bbox 2894 966 3052 1033; x_wconf 80' lang='lat' dir='ltr'><strong>(lsai.</strong></span> <span class='ocrx_word' id='word_1_537' title='bbox 3087 986 3201 1032; x_wconf 77' lang='grc' dir='ltr'><strong>ιιν.</strong></span> <span class='ocrx_word' id='word_1_538' title='bbox 3238 970 3429 1033; x_wconf 68' lang='lat' dir='ltr'><strong>lli-2|,</strong></span> <span class='ocrx_word' id='word_1_539' title='bbox 3454 989 3556 1025; x_wconf 79' lang='lat' dir='ltr'><strong>sec.</strong></span> <span class='ocrx_word' id='word_1_540' title='bbox 3588 982 3714 1035; x_wconf 71' lang='lat' dir='ltr'><strong>us)</strong></span> <span class='ocrx_word' id='word_1_541' title='bbox 3760 974 3858 1028; x_wconf 88' lang='lat' dir='ltr'><strong>llic</strong></span> 
     </span>
    </p>
   </div>
   <div class='ocr_carea' id='block_1_69' title="bbox 2262 1059 3859 1138">
    <p class='ocr_par' dir='ltr' id='par_1_69' title="bbox 2262 1059 3859 1138">
     <span class='ocr_line' id='line_1_69' title="bbox 2262 1059 3859 1138; baseline 0.003 -27"><span class='ocrx_word' id='word_1_542' title='bbox 2262 1059 2500 1115; x_wconf 69' lang='lat' dir='ltr'><strong>ostendit</strong></span> <span class='ocrx_word' id='word_1_543' title='bbox 2525 1076 2629 1115; x_wconf 88' lang='lat' dir='ltr'><strong>non</strong></span> <span class='ocrx_word' id='word_1_544' title='bbox 2654 1063 2955 1117; x_wconf 77' lang='lat' dir='ltr'><strong>convenire</strong></span> <span class='ocrx_word' id='word_1_545' title='bbox 2978 1063 3031 1118; x_wconf 90' lang='lat' dir='ltr'><strong>in</strong></span> <span class='ocrx_word' id='word_1_546' title='bbox 3066 1066 3327 1133; x_wconf 65' lang='lat' dir='ltr'><strong>Speciem.</strong></span> <span class='ocrx_word' id='word_1_547' title='bbox 3360 1065 3472 1120; x_wconf 76' lang='lat' dir='ltr'><strong>Rex</strong></span> <span class='ocrx_word' id='word_1_548' title='bbox 3504 1066 3647 1120; x_wconf 85' lang='lat' dir='ltr'><strong>enim</strong></span> <span class='ocrx_word' id='word_1_549' title='bbox 3685 1067 3859 1138; x_wconf 75' lang='lat' dir='ltr'><strong>Baby-</strong></span> 
     </span>
    </p>
   </div>
   <div class='ocr_carea' id='block_1_70' title="bbox 2261 1153 3858 1227">
    <p class='ocr_par' dir='ltr' id='par_1_70' title="bbox 2261 1153 3858 1227">
     <span class='ocr_line' id='line_1_70' title="bbox 2261 1153 3858 1227; baseline 0.004 -20"><span class='ocrx_word' id='word_1_550' title='bbox 2261 1153 2423 1216; x_wconf 78' lang='lat' dir='ltr'><strong>lonis,</strong></span> <span class='ocrx_word' id='word_1_551' title='bbox 2458 1154 2549 1222; x_wconf 88' lang='lat' dir='ltr'><strong>qui</strong></span> <span class='ocrx_word' id='word_1_552' title='bbox 2574 1163 2775 1209; x_wconf 76' lang='lat' dir='ltr'><strong>terram</strong></span> <span class='ocrx_word' id='word_1_553' title='bbox 2800 1155 3013 1212; x_wconf 73' lang='lat' dir='ltr'><strong>D-unini</strong></span> <span class='ocrx_word' id='word_1_554' title='bbox 3047 1159 3303 1222; x_wconf 75' lang='lat' dir='ltr'><strong>vastavit,</strong></span> <span class='ocrx_word' id='word_1_555' title='bbox 3331 1169 3386 1214; x_wconf 89' lang='lat' dir='ltr'><strong>et</strong></span> <span class='ocrx_word' id='word_1_556' title='bbox 3416 1161 3678 1227; x_wconf 74' lang='lat' dir='ltr'><strong>populum</strong></span> <span class='ocrx_word' id='word_1_557' title='bbox 3707 1160 3858 1215; x_wconf 79' lang='lat' dir='ltr'><strong>occi-</strong></span> 
     </span>
    </p>
   </div>
   <div class='ocr_carea' id='block_1_71' title="bbox 2263 1244 3862 1313">
    <p class='ocr_par' dir='ltr' id='par_1_71' title="bbox 2263 1244 3862 1313">
     <span class='ocr_line' id='line_1_71' title="bbox 2263 1244 3862 1313; baseline 0.005 -14"><span class='ocrx_word' id='word_1_558' title='bbox 2263 1244 2366 1309; x_wconf 86' lang='lat' dir='ltr'><strong>dit,</strong></span> <span class='ocrx_word' id='word_1_559' title='bbox 2399 1248 2448 1299; x_wconf 79' lang='lat' dir='ltr'><strong>iil</strong></span> <span class='ocrx_word' id='word_1_560' title='bbox 2472 1258 2580 1313; x_wconf 70' lang='lat' dir='ltr'><strong>est,</strong></span> <span class='ocrx_word' id='word_1_561' title='bbox 2614 1247 3120 1305; x_wconf 80' lang='lat' dir='ltr'><strong>Nabuchodonosor</strong></span> <span class='ocrx_word' id='word_1_562' title='bbox 3151 1253 3383 1305; x_wconf 63' lang='lat' dir='ltr'><strong>lllIllltlUs</strong></span> <span class='ocrx_word' id='word_1_563' title='bbox 3415 1255 3568 1311; x_wconf 78' lang='lat' dir='ltr'><strong>obiit,</strong></span> <span class='ocrx_word' id='word_1_564' title='bbox 3602 1254 3652 1306; x_wconf 86' lang='lat' dir='ltr'><strong>iu</strong></span> <span class='ocrx_word' id='word_1_565' title='bbox 3702 1268 3862 1308; x_wconf 65' lang='lat' dir='ltr'><strong>teucr-</strong></span> 
     </span>
    </p>
   </div>
   <div class='ocr_carea' id='block_1_72' title="bbox 2267 1341 3861 1417">
    <p class='ocr_par' dir='ltr' id='par_1_72' title="bbox 2267 1341 3861 1417">
     <span class='ocr_line' id='line_1_72' title="bbox 2267 1341 3861 1417; baseline 0.007 -23"><span class='ocrx_word' id='word_1_566' title='bbox 2267 1355 2395 1395; x_wconf 89' lang='lat' dir='ltr'><strong>num</strong></span> <span class='ocrx_word' id='word_1_567' title='bbox 2417 1341 2577 1395; x_wconf 86' lang='lat' dir='ltr'><strong>vivit:</strong></span> <span class='ocrx_word' id='word_1_568' title='bbox 2603 1343 2821 1413; x_wconf 84' lang='lat' dir='ltr'><strong>corpori</strong></span> <span class='ocrx_word' id='word_1_569' title='bbox 2845 1343 2971 1399; x_wconf 79' lang='lat' dir='ltr'><strong>dicit</strong></span> <span class='ocrx_word' id='word_1_570' title='bbox 2994 1346 3074 1399; x_wconf 88' lang='lat' dir='ltr'><strong>sui</strong></span> <span class='ocrx_word' id='word_1_571' title='bbox 3100 1346 3360 1417; x_wconf 81' lang='lat' dir='ltr'><strong>cujusque</strong></span> <span class='ocrx_word' id='word_1_572' title='bbox 3381 1348 3643 1413; x_wconf 67' lang='lat' dir='ltr'><strong>tenuioris</strong></span> <span class='ocrx_word' id='word_1_573' title='bbox 3670 1364 3861 1416; x_wconf 71' lang='lat' dir='ltr'><strong>parare</strong></span> 
     </span>
    </p>
   </div>
   <div class='ocr_carea' id='block_1_73' title="bbox 2264 1435 3859 1511">
    <p class='ocr_par' dir='ltr' id='par_1_73' title="bbox 2264 1435 3859 1511">
     <span class='ocr_line' id='line_1_73' title="bbox 2264 1435 3859 1511; baseline 0.008 -28"><span class='ocrx_word' id='word_1_574' title='bbox 2264 1448 2401 1502; x_wconf 81' lang='lat' dir='ltr'><strong>quos</strong></span> <span class='ocrx_word' id='word_1_575' title='bbox 2425 1436 2696 1504; x_wconf 82' lang='lat' dir='ltr'><strong>genuerit,</strong></span> <span class='ocrx_word' id='word_1_576' title='bbox 2730 1435 2963 1490; x_wconf 78' lang='lat' dir='ltr'><strong>interﬁci</strong></span> <span class='ocrx_word' id='word_1_577' title='bbox 3019 1438 3255 1507; x_wconf 70' lang='lat' dir='ltr'><strong>precatis</strong></span> <span class='ocrx_word' id='word_1_578' title='bbox 3303 1440 3421 1509; x_wconf 51' lang='lat' dir='ltr'><strong>ejus</strong></span> <span class='ocrx_word' id='word_1_579' title='bbox 3462 1457 3568 1509; x_wconf 79' lang='lat' dir='ltr'><strong>quo</strong></span> <span class='ocrx_word' id='word_1_580' title='bbox 3598 1442 3735 1511; x_wconf 81' lang='lat' dir='ltr'><strong>ipse,</strong></span> <span class='ocrx_word' id='word_1_581' title='bbox 3768 1441 3859 1511; x_wconf 88' lang='lat' dir='ltr'><strong>qui</strong></span> 
     </span>
    </p>
   </div>
   <div class='ocr_carea' id='block_1_74' title="bbox 2266 1526 3860 1599">
    <p class='ocr_par' dir='ltr' id='par_1_74' title="bbox 2266 1526 3860 1599">
     <span class='ocr_line' id='line_1_74' title="bbox 2266 1526 3860 1599; baseline 0 -19"><span class='ocrx_word' id='word_1_582' title='bbox 2266 1526 2591 1582; x_wconf 74' lang='lat' dir='ltr'><strong>convenitur</strong></span> <span class='ocrx_word' id='word_1_583' title='bbox 2619 1528 2857 1596; x_wconf 69' lang='lat' dir='ltr'><strong>genitus.</strong></span> <span class='ocrx_word' id='word_1_584' title='bbox 2898 1529 3238 1585; x_wconf 78' lang='lat' dir='ltr'><strong>Novissimus</strong></span> <span class='ocrx_word' id='word_1_585' title='bbox 3266 1534 3409 1586; x_wconf 85' lang='lat' dir='ltr'><strong>enim</strong></span> <span class='ocrx_word' id='word_1_586' title='bbox 3441 1550 3529 1587; x_wconf 76' lang='lat' dir='ltr'><strong>rex</strong></span> <span class='ocrx_word' id='word_1_587' title='bbox 3559 1548 3661 1585; x_wconf 82' lang='lat' dir='ltr'><strong>nou</strong></span> <span class='ocrx_word' id='word_1_588' title='bbox 3699 1534 3860 1599; x_wconf 74' lang='lat' dir='ltr'><strong>titius,</strong></span> 
     </span>
    </p>
   </div>
   <div class='ocr_carea' id='block_1_75' title="bbox 2267 1623 3861 1698">
    <p class='ocr_par' dir='ltr' id='par_1_75' title="bbox 2267 1623 3861 1698">
     <span class='ocr_line' id='line_1_75' title="bbox 2267 1623 3861 1698; baseline 0.005 -22"><span class='ocrx_word' id='word_1_589' title='bbox 2267 1623 2360 1678; x_wconf 85' lang='lat' dir='ltr'><strong>sed</strong></span> <span class='ocrx_word' id='word_1_590' title='bbox 2396 1624 2589 1679; x_wconf 73' lang='lat' dir='ltr'><strong>fratres</strong></span> <span class='ocrx_word' id='word_1_591' title='bbox 2614 1624 2815 1679; x_wconf 70' lang='lat' dir='ltr'><strong>habere</strong></span> <span class='ocrx_word' id='word_1_592' title='bbox 2848 1636 3043 1695; x_wconf 87' lang='lat' dir='ltr'><strong>potest.</strong></span> <span class='ocrx_word' id='word_1_593' title='bbox 3072 1626 3255 1698; x_wconf 71' lang='lat' dir='ltr'><strong>Neque</strong></span> <span class='ocrx_word' id='word_1_594' title='bbox 3281 1628 3414 1681; x_wconf 81' lang='lat' dir='ltr'><strong>velut</strong></span> <span class='ocrx_word' id='word_1_595' title='bbox 3462 1642 3693 1683; x_wconf 86' lang='lat' dir='ltr'><strong>mortuus</strong></span> <span class='ocrx_word' id='word_1_596' title='bbox 3736 1643 3861 1684; x_wconf 84' lang='lat' dir='ltr'><strong>cum</strong></span> 
     </span>
    </p>
   </div>
   <div class='ocr_carea' id='block_1_76' title="bbox 2267 1716 3861 1786">
    <p class='ocr_par' dir='ltr' id='par_1_76' title="bbox 2267 1716 3861 1786">
     <span class='ocr_line' id='line_1_76' title="bbox 2267 1716 3861 1786; baseline 0.003 -15"><span class='ocrx_word' id='word_1_597' title='bbox 2267 1719 2333 1771; x_wconf 85' lang='lat' dir='ltr'><strong>ad</strong></span> <span class='ocrx_word' id='word_1_598' title='bbox 2375 1716 2583 1774; x_wconf 70' lang='lat' dir='ltr'><strong>inferos</strong></span> <span class='ocrx_word' id='word_1_599' title='bbox 2629 1720 3008 1786; x_wconf 86' lang='lat' dir='ltr'><strong>descenderit,</strong></span> <span class='ocrx_word' id='word_1_600' title='bbox 3040 1721 3135 1775; x_wconf 87' lang='lat' dir='ltr'><strong>sed</strong></span> <span class='ocrx_word' id='word_1_601' title='bbox 3166 1732 3417 1775; x_wconf 86' lang='lat' dir='ltr'><strong>mortuus.</strong></span> <span class='ocrx_word' id='word_1_602' title='bbox 3460 1724 3561 1775; x_wconf 79' lang='lat' dir='ltr'><strong>ler</strong></span> <span class='ocrx_word' id='word_1_603' title='bbox 3603 1720 3861 1776; x_wconf 73' lang='lat' dir='ltr'><strong>Ezechie-</strong></span> 
     </span>
    </p>
   </div>
   <div class='ocr_carea' id='block_1_77' title="bbox 2268 1814 3865 1888">
    <p class='ocr_par' dir='ltr' id='par_1_77' title="bbox 2268 1814 3865 1888">
     <span class='ocr_line' id='line_1_77' title="bbox 2268 1814 3865 1888; baseline 0.001 -22"><span class='ocrx_word' id='word_1_604' title='bbox 2268 1814 2371 1869; x_wconf 85' lang='lat' dir='ltr'><strong>leiu</strong></span> <span class='ocrx_word' id='word_1_605' title='bbox 2404 1815 2485 1869; x_wconf 78' lang='lat' dir='ltr'><strong>sic</strong></span> <span class='ocrx_word' id='word_1_606' title='bbox 2536 1814 2677 1868; x_wconf 87' lang='lat' dir='ltr'><strong>Dens</strong></span> <span class='ocrx_word' id='word_1_607' title='bbox 2726 1815 2973 1886; x_wconf 68' lang='lat' dir='ltr'><strong>increpat</strong></span> <span class='ocrx_word' id='word_1_608' title='bbox 2999 1832 3180 1886; x_wconf 76' lang='lat' dir='ltr'><strong>regem</strong></span> <span class='ocrx_word' id='word_1_609' title='bbox 3212 1816 3336 1888; x_wconf 84' lang='lat' dir='ltr'><strong>Tyri</strong></span> <span class='ocrx_word' id='word_1_610' title='bbox 3366 1835 3380 1869; x_wconf 92' lang='lat'>:</span> <span class='ocrx_word' id='word_1_611' title='bbox 3415 1816 3667 1883; x_wconf 77' lang='lat' dir='ltr'><strong>Quoniam</strong></span> <span class='ocrx_word' id='word_1_612' title='bbox 3722 1814 3865 1870; x_wconf 75' lang='lat' dir='ltr'><strong>exal-</strong></span> 
     </span>
    </p>
   </div>
   <div class='ocr_carea' id='block_1_78' title="bbox 2268 1906 3864 1982">
    <p class='ocr_par' dir='ltr' id='par_1_78' title="bbox 2268 1906 3864 1982">
     <span class='ocr_line' id='line_1_78' title="bbox 2268 1906 3864 1982; baseline 0.001 -21"><span class='ocrx_word' id='word_1_613' title='bbox 2268 1918 2431 1961; x_wconf 85' lang='lat' dir='ltr'><strong>tatum</strong></span> <span class='ocrx_word' id='word_1_614' title='bbox 2475 1917 2549 1961; x_wconf 88' lang='lat' dir='ltr'><strong>est</strong></span> <span class='ocrx_word' id='word_1_615' title='bbox 2580 1924 2669 1961; x_wconf 89' lang='lat' dir='ltr'><strong>cor</strong></span> <span class='ocrx_word' id='word_1_616' title='bbox 2703 1918 2882 1971; x_wconf 90' lang='lat' dir='ltr'><strong>tuum,</strong></span> <span class='ocrx_word' id='word_1_617' title='bbox 2935 1915 2983 1963; x_wconf 86' lang='lat' dir='ltr'><strong>et</strong></span> <span class='ocrx_word' id='word_1_618' title='bbox 3018 1908 3240 1964; x_wconf 74' lang='lat' dir='ltr'><strong>dixisti:</strong></span> <span class='ocrx_word' id='word_1_619' title='bbox 3279 1908 3419 1963; x_wconf 88' lang='lat' dir='ltr'><strong>Deus</strong></span> <span class='ocrx_word' id='word_1_620' title='bbox 3462 1925 3555 1982; x_wconf 77' lang='lat' dir='ltr'><strong>ego</strong></span> <span class='ocrx_word' id='word_1_621' title='bbox 3614 1906 3864 1963; x_wconf 62' lang='lat' dir='ltr'><strong>sumho-</strong></span> 
     </span>
    </p>
   </div>
   <div class='ocr_carea' id='block_1_79' title="bbox 2270 1998 3865 2057">
    <p class='ocr_par' dir='ltr' id='par_1_79' title="bbox 2270 1998 3865 2057">
     <span class='ocr_line' id='line_1_79' title="bbox 2270 1998 3865 2057; baseline 0.003 -5"><span class='ocrx_word' id='word_1_622' title='bbox 2270 2000 2513 2055; x_wconf 74' lang='grc' dir='ltr'><strong>όὶηηίυηε</strong></span> <span class='ocrx_word' id='word_1_623' title='bbox 2581 1998 2679 2054; x_wconf 75' lang='lat' dir='ltr'><strong>Dei</strong></span> <span class='ocrx_word' id='word_1_624' title='bbox 2721 2000 2949 2057; x_wconf 60' lang='lat' dir='ltr'><strong>Itttbt&#39;lattt&#39;</strong></span> <span class='ocrx_word' id='word_1_625' title='bbox 2991 2002 3043 2056; x_wconf 65' lang='lat' dir='ltr'><strong>t&#39;n</strong></span> <span class='ocrx_word' id='word_1_626' title='bbox 3102 2004 3283 2057; x_wconf 78' lang='lat' dir='ltr'><strong>ordine</strong></span> <span class='ocrx_word' id='word_1_627' title='bbox 3340 2004 3515 2057; x_wconf 75' lang='lat' dir='ltr'><strong>matis.</strong></span> <span class='ocrx_word' id='word_1_628' title='bbox 3573 2000 3646 2055; x_wconf 81' lang='lat' dir='ltr'><strong>Tn</strong></span> <span class='ocrx_word' id='word_1_629' title='bbox 3695 2013 3865 2057; x_wconf 84' lang='lat' dir='ltr'><strong>autem</strong></span> 
     </span>
    </p>
   </div>
   <div class='ocr_carea' id='block_1_80' title="bbox 2270 2095 3867 2160">
    <p class='ocr_par' dir='ltr' id='par_1_80' title="bbox 2270 2095 3867 2160">
     <span class='ocr_line' id='line_1_80' title="bbox 2270 2095 3867 2160; baseline 0.003 -14"><span class='ocrx_word' id='word_1_630' title='bbox 2270 2095 2424 2149; x_wconf 85' lang='lat' dir='ltr'><strong>homo</strong></span> <span class='ocrx_word' id='word_1_631' title='bbox 2474 2112 2559 2160; x_wconf 82' lang='lat' dir='ltr'><strong>es,</strong></span> <span class='ocrx_word' id='word_1_632' title='bbox 2606 2106 2655 2149; x_wconf 84' lang='lat' dir='ltr'><strong>et</strong></span> <span class='ocrx_word' id='word_1_633' title='bbox 2710 2112 2809 2151; x_wconf 85' lang='lat' dir='ltr'><strong>non</strong></span> <span class='ocrx_word' id='word_1_634' title='bbox 2866 2096 3005 2151; x_wconf 77' lang='lat' dir='ltr'><strong>Deus</strong></span> <span class='ocrx_word' id='word_1_635' title='bbox 3038 2114 3054 2151; x_wconf 89' lang='lat'><strong><em>:</em></strong></span> <span class='ocrx_word' id='word_1_636' title='bbox 3083 2108 3129 2151; x_wconf 88' lang='lat' dir='ltr'><strong>et</strong></span> <span class='ocrx_word' id='word_1_637' title='bbox 3176 2097 3368 2151; x_wconf 75' lang='lat' dir='ltr'><strong>dedisti</strong></span> <span class='ocrx_word' id='word_1_638' title='bbox 3413 2114 3503 2151; x_wconf 80' lang='lat' dir='ltr'><strong>cur</strong></span> <span class='ocrx_word' id='word_1_639' title='bbox 3547 2103 3691 2150; x_wconf 88' lang='lat' dir='ltr'><strong>tuum</strong></span> <span class='ocrx_word' id='word_1_640' title='bbox 3739 2107 3867 2151; x_wconf 82' lang='lat' dir='ltr'><strong>tam-</strong></span> 
     </span>
    </p>
   </div>
   <div class='ocr_carea' id='block_1_81' title="bbox 2268 2185 3868 2261">
    <p class='ocr_par' dir='ltr' id='par_1_81' title="bbox 2268 2185 3868 2261">
     <span class='ocr_line' id='line_1_81' title="bbox 2268 2185 3868 2261; baseline 0.003 -22"><span class='ocrx_word' id='word_1_641' title='bbox 2268 2205 2421 2259; x_wconf 88' lang='lat' dir='ltr'><strong>quam</strong></span> <span class='ocrx_word' id='word_1_642' title='bbox 2446 2202 2535 2242; x_wconf 81' lang='lat' dir='ltr'><strong>cor</strong></span> <span class='ocrx_word' id='word_1_643' title='bbox 2558 2187 2673 2243; x_wconf 85' lang='lat' dir='ltr'><strong>Dei.</strong></span> <span class='ocrx_word' id='word_1_644' title='bbox 2706 2185 2978 2260; x_wconf 86' lang='lat' dir='ltr'><strong>Numquid</strong></span> <span class='ocrx_word' id='word_1_645' title='bbox 2998 2194 3277 2261; x_wconf 84' lang='lat' dir='ltr'><strong>sapientior</strong></span> <span class='ocrx_word' id='word_1_646' title='bbox 3303 2207 3357 2243; x_wconf 83' lang='lat' dir='ltr'><strong>es</strong></span> <span class='ocrx_word' id='word_1_647' title='bbox 3388 2201 3441 2244; x_wconf 85' lang='lat' dir='ltr'><strong>tu</strong></span> <span class='ocrx_word' id='word_1_648' title='bbox 3474 2189 3733 2244; x_wconf 67' lang='lat' dir='ltr'><strong>Danielr?</strong></span> <span class='ocrx_word' id='word_1_649' title='bbox 3766 2190 3868 2243; x_wconf 89' lang='lat' dir='ltr'><strong>Sa-</strong></span> 
     </span>
    </p>
   </div>
   <div class='ocr_carea' id='block_1_82' title="bbox 2270 2280 3868 2353">
    <p class='ocr_par' dir='ltr' id='par_1_82' title="bbox 2270 2280 3868 2353">
     <span class='ocr_line' id='line_1_82' title="bbox 2270 2280 3868 2353; baseline 0.001 -20"><span class='ocrx_word' id='word_1_650' title='bbox 2270 2280 2466 2348; x_wconf 80' lang='lat' dir='ltr'><strong>pientes</strong></span> <span class='ocrx_word' id='word_1_651' title='bbox 2510 2290 2792 2352; x_wconf 87' lang='lat' dir='ltr'><strong>arguerunt</strong></span> <span class='ocrx_word' id='word_1_652' title='bbox 2830 2290 2879 2335; x_wconf 85' lang='lat' dir='ltr'><strong>te</strong></span> <span class='ocrx_word' id='word_1_653' title='bbox 2916 2284 3171 2353; x_wconf 78' lang='lat' dir='ltr'><strong>sapientia</strong></span> <span class='ocrx_word' id='word_1_654' title='bbox 3208 2291 3316 2334; x_wconf 88' lang='lat' dir='ltr'><strong>tua.</strong></span> <span class='ocrx_word' id='word_1_655' title='bbox 3357 2280 3627 2351; x_wconf 77' lang='lat' dir='ltr'><strong>Numquid</strong></span> <span class='ocrx_word' id='word_1_656' title='bbox 3664 2282 3868 2350; x_wconf 84' lang='lat' dir='ltr'><strong>sapien-</strong></span> 
     </span>
    </p>
   </div>
   <div class='ocr_carea' id='block_1_83' title="bbox 2269 2375 3867 2446">
    <p class='ocr_par' dir='ltr' id='par_1_83' title="bbox 2269 2375 3867 2446">
     <span class='ocr_line' id='line_1_83' title="bbox 2269 2375 3867 2446; baseline -0.001 -18"><span class='ocrx_word' id='word_1_657' title='bbox 2269 2376 2342 2429; x_wconf 86' lang='lat' dir='ltr'><strong>tia</strong></span> <span class='ocrx_word' id='word_1_658' title='bbox 2378 2384 2468 2428; x_wconf 87' lang='lat' dir='ltr'><strong>tua</strong></span> <span class='ocrx_word' id='word_1_659' title='bbox 2494 2383 2585 2429; x_wconf 87' lang='lat' dir='ltr'><strong>aut</strong></span> <span class='ocrx_word' id='word_1_660' title='bbox 2614 2375 2852 2428; x_wconf 83' lang='lat' dir='ltr'><strong>doctrina</strong></span> <span class='ocrx_word' id='word_1_661' title='bbox 2880 2385 2969 2430; x_wconf 90' lang='lat' dir='ltr'><strong>tua</strong></span> <span class='ocrx_word' id='word_1_662' title='bbox 3018 2376 3188 2446; x_wconf 77' lang='lat' dir='ltr'><strong>fecisti</strong></span> <span class='ocrx_word' id='word_1_663' title='bbox 3219 2376 3309 2429; x_wconf 82' lang='lat' dir='ltr'><strong>tibi</strong></span> <span class='ocrx_word' id='word_1_664' title='bbox 3337 2377 3571 2428; x_wconf 67' lang='lat' dir='ltr'><strong>virtutem</strong></span> <span class='ocrx_word' id='word_1_665' title='bbox 3594 2386 3643 2429; x_wconf 92' lang='lat' dir='ltr'><strong>et</strong></span> <span class='ocrx_word' id='word_1_666' title='bbox 3682 2390 3867 2427; x_wconf 82' lang='lat' dir='ltr'><strong>aurum</strong></span> 
     </span>
    </p>
   </div>
   <div class='ocr_carea' id='block_1_84' title="bbox 2269 2464 3869 2539">
    <p class='ocr_par' dir='ltr' id='par_1_84' title="bbox 2269 2464 3869 2539">
     <span class='ocr_line' id='line_1_84' title="bbox 2269 2464 3869 2539; baseline 0.001 -20"><span class='ocrx_word' id='word_1_667' title='bbox 2269 2477 2317 2519; x_wconf 86' lang='lat' dir='ltr'><strong>et</strong></span> <span class='ocrx_word' id='word_1_668' title='bbox 2347 2476 2617 2539; x_wconf 78' lang='lat' dir='ltr'><strong>argentum</strong></span> <span class='ocrx_word' id='word_1_669' title='bbox 2669 2468 2925 2520; x_wconf 83' lang='lat' dir='ltr'><strong>thesauris</strong></span> <span class='ocrx_word' id='word_1_670' title='bbox 2978 2469 3119 2522; x_wconf 81' lang='lat' dir='ltr'><strong>tuis?</strong></span> <span class='ocrx_word' id='word_1_671' title='bbox 3165 2465 3437 2537; x_wconf 75' lang='lat' dir='ltr'><strong>Numquid</strong></span> <span class='ocrx_word' id='word_1_672' title='bbox 3463 2467 3516 2519; x_wconf 87' lang='lat' dir='ltr'><strong>in</strong></span> <span class='ocrx_word' id='word_1_673' title='bbox 3553 2464 3714 2519; x_wconf 80' lang='lat' dir='ltr'><strong>multa</strong></span> <span class='ocrx_word' id='word_1_674' title='bbox 3742 2465 3869 2520; x_wconf 85' lang='lat' dir='ltr'><strong>dot:-</strong></span> 
     </span>
    </p>
   </div>
   <div class='ocr_carea' id='block_1_85' title="bbox 2270 2560 3870 2631">
    <p class='ocr_par' dir='ltr' id='par_1_85' title="bbox 2270 2560 3870 2631">
     <span class='ocr_line' id='line_1_85' title="bbox 2270 2560 3870 2631; baseline 0 -18"><span class='ocrx_word' id='word_1_675' title='bbox 2270 2560 2409 2614; x_wconf 81' lang='lat' dir='ltr'><strong>trina</strong></span> <span class='ocrx_word' id='word_1_676' title='bbox 2439 2568 2568 2623; x_wconf 84' lang='lat' dir='ltr'><strong>tua,</strong></span> <span class='ocrx_word' id='word_1_677' title='bbox 2616 2568 2663 2612; x_wconf 89' lang='lat' dir='ltr'><strong>et</strong></span> <span class='ocrx_word' id='word_1_678' title='bbox 2703 2560 2759 2613; x_wconf 90' lang='lat' dir='ltr'><strong>in</strong></span> <span class='ocrx_word' id='word_1_679' title='bbox 2806 2571 3035 2613; x_wconf 75' lang='lat' dir='ltr'><strong>mercatu</strong></span> <span class='ocrx_word' id='word_1_680' title='bbox 3089 2572 3176 2613; x_wconf 89' lang='lat' dir='ltr'><strong>tuo</strong></span> <span class='ocrx_word' id='word_1_681' title='bbox 3222 2560 3581 2631; x_wconf 72' lang='lat' dir='ltr'><strong>mul:ipltcastt&#39;</strong></span> <span class='ocrx_word' id='word_1_682' title='bbox 3630 2560 3870 2613; x_wconf 72' lang='lat' dir='ltr'><strong>virtutem</strong></span> 
     </span>
    </p>
   </div>
   <div class='ocr_carea' id='block_1_86' title="bbox 2272 2652 3871 2725">
    <p class='ocr_par' dir='ltr' id='par_1_86' title="bbox 2272 2652 3871 2725">
     <span class='ocr_line' id='line_1_86' title="bbox 2272 2652 3871 2725; baseline 0.001 -18"><span class='ocrx_word' id='word_1_683' title='bbox 2272 2656 2457 2710; x_wconf 75' lang='lat' dir='ltr'><strong>tuoin?</strong></span> <span class='ocrx_word' id='word_1_684' title='bbox 2484 2653 2773 2725; x_wconf 76' lang='lat' dir='ltr'><strong>Propterea</strong></span> <span class='ocrx_word' id='word_1_685' title='bbox 2806 2658 2913 2709; x_wconf 74' lang='lat' dir='ltr'><strong>lucc</strong></span> <span class='ocrx_word' id='word_1_686' title='bbox 2937 2656 3059 2709; x_wconf 84' lang='lat' dir='ltr'><strong>dicit</strong></span> <span class='ocrx_word' id='word_1_687' title='bbox 3090 2652 3385 2708; x_wconf 86' lang='lat' dir='ltr'><strong>Dominus:</strong></span> <span class='ocrx_word' id='word_1_688' title='bbox 3411 2654 3668 2721; x_wconf 72' lang='lat' dir='ltr'><strong>Quoniam</strong></span> <span class='ocrx_word' id='word_1_689' title='bbox 3698 2654 3871 2708; x_wconf 81' lang='lat' dir='ltr'><strong>dedis-</strong></span> 
     </span>
    </p>
   </div>
   <div class='ocr_carea' id='block_1_87' title="bbox 2270 2744 3868 2819">
    <p class='ocr_par' dir='ltr' id='par_1_87' title="bbox 2270 2744 3868 2819">
     <span class='ocr_line' id='line_1_87' title="bbox 2270 2744 3868 2819; baseline -0.001 -18"><span class='ocrx_word' id='word_1_690' title='bbox 2270 2750 2309 2802; x_wconf 82' lang='lat' dir='ltr'><strong>ti</strong></span> <span class='ocrx_word' id='word_1_691' title='bbox 2340 2764 2430 2800; x_wconf 76' lang='lat' dir='ltr'><strong>cor</strong></span> <span class='ocrx_word' id='word_1_692' title='bbox 2455 2760 2621 2815; x_wconf 87' lang='lat' dir='ltr'><strong>tunnt,</strong></span> <span class='ocrx_word' id='word_1_693' title='bbox 2654 2748 2790 2801; x_wconf 83' lang='lat' dir='ltr'><strong>sicut</strong></span> <span class='ocrx_word' id='word_1_694' title='bbox 2813 2765 2901 2801; x_wconf 92' lang='lat' dir='ltr'><strong>cor</strong></span> <span class='ocrx_word' id='word_1_695' title='bbox 2928 2744 3066 2802; x_wconf 83' lang='lat' dir='ltr'><strong>Dei:</strong></span> <span class='ocrx_word' id='word_1_696' title='bbox 3091 2758 3303 2817; x_wconf 72' lang='lat' dir='ltr'><strong>propter</strong></span> <span class='ocrx_word' id='word_1_697' title='bbox 3329 2748 3424 2799; x_wconf 89' lang='lat' dir='ltr'><strong>hoc</strong></span> <span class='ocrx_word' id='word_1_698' title='bbox 3444 2788 3457 2811; x_wconf 93' lang='lat'><strong>,</strong></span> <span class='ocrx_word' id='word_1_699' title='bbox 3497 2762 3611 2800; x_wconf 82' lang='lat' dir='ltr'><strong>ecce</strong></span> <span class='ocrx_word' id='word_1_700' title='bbox 3652 2761 3747 2819; x_wconf 72' lang='lat' dir='ltr'><strong>ego</strong></span> <span class='ocrx_word' id='word_1_701' title='bbox 3783 2748 3868 2800; x_wconf 81' lang='lat' dir='ltr'><strong>itt-</strong></span> 
     </span>
    </p>
   </div>
   <div class='ocr_carea' id='block_1_88' title="bbox 2272 2838 3871 2911">
    <p class='ocr_par' dir='ltr' id='par_1_88' title="bbox 2272 2838 3871 2911">
     <span class='ocr_line' id='line_1_88' title="bbox 2272 2838 3871 2911; baseline -0.002 -17"><span class='ocrx_word' id='word_1_702' title='bbox 2272 2842 2407 2894; x_wconf 78' lang='lat' dir='ltr'><strong>duro</strong></span> <span class='ocrx_word' id='word_1_703' title='bbox 2431 2856 2589 2908; x_wconf 82' lang='lat' dir='ltr'><strong>super</strong></span> <span class='ocrx_word' id='word_1_704' title='bbox 2615 2849 2664 2895; x_wconf 87' lang='lat' dir='ltr'><strong>te</strong></span> <span class='ocrx_word' id='word_1_705' title='bbox 2693 2840 2896 2894; x_wconf 85' lang='lat' dir='ltr'><strong>alienas</strong></span> <span class='ocrx_word' id='word_1_706' title='bbox 2922 2852 3091 2911; x_wconf 66' lang='lat' dir='ltr'><strong>pestes</strong></span> <span class='ocrx_word' id='word_1_707' title='bbox 3120 2857 3184 2894; x_wconf 73' lang='lat' dir='ltr'><strong>ex</strong></span> <span class='ocrx_word' id='word_1_708' title='bbox 3212 2838 3477 2911; x_wconf 80' lang='lat' dir='ltr'><strong>gentibus,</strong></span> <span class='ocrx_word' id='word_1_709' title='bbox 3502 2852 3550 2892; x_wconf 84' lang='lat' dir='ltr'><strong>et</strong></span> <span class='ocrx_word' id='word_1_710' title='bbox 3571 2840 3871 2894; x_wconf 76' lang='lat' dir='ltr'><strong>exinanietst</strong></span> 
     </span>
    </p>
   </div>
   <div class='ocr_carea' id='block_1_89' title="bbox 2270 2932 3869 3007">
    <p class='ocr_par' dir='ltr' id='par_1_89' title="bbox 2270 2932 3869 3007">
     <span class='ocr_line' id='line_1_89' title="bbox 2270 2932 3869 3007; baseline 0 -20"><span class='ocrx_word' id='word_1_711' title='bbox 2270 2934 2475 3007; x_wconf 81' lang='lat' dir='ltr'><strong>gladios</strong></span> <span class='ocrx_word' id='word_1_712' title='bbox 2498 2943 2613 2987; x_wconf 83' lang='lat' dir='ltr'><strong>tuos</strong></span> <span class='ocrx_word' id='word_1_713' title='bbox 2640 2950 2791 3007; x_wconf 84' lang='lat' dir='ltr'><strong>super</strong></span> <span class='ocrx_word' id='word_1_714' title='bbox 2815 2943 2862 2988; x_wconf 90' lang='lat' dir='ltr'><strong>te</strong></span> <span class='ocrx_word' id='word_1_715' title='bbox 2881 2976 2895 2999; x_wconf 95' lang='lat'><strong>,</strong></span> <span class='ocrx_word' id='word_1_716' title='bbox 2919 2944 2968 2986; x_wconf 89' lang='lat' dir='ltr'><strong>et</strong></span> <span class='ocrx_word' id='word_1_717' title='bbox 2986 2950 3143 3006; x_wconf 82' lang='lat' dir='ltr'><strong>super</strong></span> <span class='ocrx_word' id='word_1_718' title='bbox 3164 2934 3399 2987; x_wconf 73' lang='lat' dir='ltr'><strong>decorem</strong></span> <span class='ocrx_word' id='word_1_719' title='bbox 3450 2932 3703 2987; x_wconf 67' lang='lat' dir='ltr'><strong>doctrinae</strong></span> <span class='ocrx_word' id='word_1_720' title='bbox 3730 2943 3833 2987; x_wconf 71' lang='lat' dir='ltr'><strong>tua:</strong></span> <span class='ocrx_word' id='word_1_721' title='bbox 3849 2946 3869 2987; x_wconf 83' lang='lat'><strong>.‘</strong></span> 
     </span>
    </p>
   </div>
   <div class='ocr_carea' id='block_1_90' title="bbox 2274 3027 3867 3097">
    <p class='ocr_par' dir='ltr' id='par_1_90' title="bbox 2274 3027 3867 3097">
     <span class='ocr_line' id='line_1_90' title="bbox 2274 3027 3867 3097; baseline 0.001 -16"><span class='ocrx_word' id='word_1_722' title='bbox 2274 3037 2323 3081; x_wconf 79' lang='lat' dir='ltr'><strong>et</strong></span> <span class='ocrx_word' id='word_1_723' title='bbox 2346 3028 2685 3083; x_wconf 77' lang='lat' dir='ltr'><strong>vulnerabunt</strong></span> <span class='ocrx_word' id='word_1_724' title='bbox 2716 3030 2949 3083; x_wconf 83' lang='lat' dir='ltr'><strong>decorem</strong></span> <span class='ocrx_word' id='word_1_725' title='bbox 2979 3037 3122 3081; x_wconf 87' lang='lat' dir='ltr'><strong>tuum</strong></span> <span class='ocrx_word' id='word_1_726' title='bbox 3151 3030 3202 3081; x_wconf 87' lang='lat' dir='ltr'><strong>in</strong></span> <span class='ocrx_word' id='word_1_727' title='bbox 3230 3027 3569 3096; x_wconf 69' lang='lat' dir='ltr'><strong>perditionem</strong></span> <span class='ocrx_word' id='word_1_728' title='bbox 3599 3068 3613 3091; x_wconf 92' lang='lat'><strong>,</strong></span> <span class='ocrx_word' id='word_1_729' title='bbox 3638 3037 3684 3080; x_wconf 90' lang='lat' dir='ltr'><strong>et</strong></span> <span class='ocrx_word' id='word_1_730' title='bbox 3708 3028 3867 3097; x_wconf 83' lang='lat' dir='ltr'><strong>depo-</strong></span> 
     </span>
    </p>
   </div>
   <div class='ocr_carea' id='block_1_91' title="bbox 2274 3119 3869 3189">
    <p class='ocr_par' dir='ltr' id='par_1_91' title="bbox 2274 3119 3869 3189">
     <span class='ocr_line' id='line_1_91' title="bbox 2274 3119 3869 3189; baseline 0 -14"><span class='ocrx_word' id='word_1_731' title='bbox 2274 3134 2394 3176; x_wconf 67' lang='lat' dir='ltr'><strong>nent</strong></span> <span class='ocrx_word' id='word_1_732' title='bbox 2424 3132 2491 3189; x_wconf 85' lang='lat' dir='ltr'><strong>te,</strong></span> <span class='ocrx_word' id='word_1_733' title='bbox 2517 3133 2571 3175; x_wconf 83' lang='lat' dir='ltr'><strong>et</strong></span> <span class='ocrx_word' id='word_1_734' title='bbox 2592 3124 2824 3177; x_wconf 84' lang='lat' dir='ltr'><strong>morieris</strong></span> <span class='ocrx_word' id='word_1_735' title='bbox 2851 3131 3015 3176; x_wconf 85' lang='lat' dir='ltr'><strong>morte</strong></span> <span class='ocrx_word' id='word_1_736' title='bbox 3040 3124 3424 3176; x_wconf 78' lang='lat' dir='ltr'><strong>vulmrutorum</strong></span> <span class='ocrx_word' id='word_1_737' title='bbox 3439 3123 3493 3175; x_wconf 87' lang='lat' dir='ltr'><strong>in</strong></span> <span class='ocrx_word' id='word_1_738' title='bbox 3523 3119 3676 3175; x_wconf 85' lang='lat' dir='ltr'><strong>corde</strong></span> <span class='ocrx_word' id='word_1_739' title='bbox 3690 3124 3869 3175; x_wconf 75' lang='lat' dir='ltr'><strong>maris.</strong></span> 
     </span>
    </p>
   </div>
   <div class='ocr_carea' id='block_1_92' title="bbox 2276 3212 3871 3288">
    <p class='ocr_par' dir='ltr' id='par_1_92' title="bbox 2276 3212 3871 3288">
     <span class='ocr_line' id='line_1_92' title="bbox 2276 3212 3871 3288; baseline 0 -19"><span class='ocrx_word' id='word_1_740' title='bbox 2276 3213 2546 3288; x_wconf 82' lang='lat' dir='ltr'><strong>Numquid</strong></span> <span class='ocrx_word' id='word_1_741' title='bbox 2582 3216 2814 3270; x_wconf 80' lang='lat' dir='ltr'><strong>dicturus</strong></span> <span class='ocrx_word' id='word_1_742' title='bbox 2856 3232 2909 3270; x_wconf 89' lang='lat' dir='ltr'><strong>es</strong></span> <span class='ocrx_word' id='word_1_743' title='bbox 2941 3216 2992 3268; x_wconf 89' lang='lat' dir='ltr'><strong>in</strong></span> <span class='ocrx_word' id='word_1_744' title='bbox 3031 3225 3309 3283; x_wconf 81' lang='lat' dir='ltr'><strong>conspectu</strong></span> <span class='ocrx_word' id='word_1_745' title='bbox 3336 3212 3753 3283; x_wconf 69' lang='lat' dir='ltr'><strong>interﬁciendum</strong></span> <span class='ocrx_word' id='word_1_746' title='bbox 3781 3226 3871 3269; x_wconf 86' lang='lat' dir='ltr'><strong>te:</strong></span> 
     </span>
    </p>
   </div>
   <div class='ocr_carea' id='block_1_93' title="bbox 2277 3305 3872 3380">
    <p class='ocr_par' dir='ltr' id='par_1_93' title="bbox 2277 3305 3872 3380">
     <span class='ocr_line' id='line_1_93' title="bbox 2277 3305 3872 3380; baseline -0.001 -18"><span class='ocrx_word' id='word_1_747' title='bbox 2277 3306 2412 3364; x_wconf 86' lang='lat' dir='ltr'><strong>Deus</strong></span> <span class='ocrx_word' id='word_1_748' title='bbox 2425 3326 2521 3380; x_wconf 85' lang='lat' dir='ltr'><strong>ego</strong></span> <span class='ocrx_word' id='word_1_749' title='bbox 2535 3325 2644 3363; x_wconf 86' lang='lat' dir='ltr'><strong>sum</strong></span> <span class='ocrx_word' id='word_1_750' title='bbox 2661 3308 2686 3363; x_wconf 78' lang='lat'><strong>.’</strong></span> <span class='ocrx_word' id='word_1_751' title='bbox 2710 3306 2786 3362; x_wconf 84' lang='lat' dir='ltr'><strong>Tu</strong></span> <span class='ocrx_word' id='word_1_752' title='bbox 2804 3324 2917 3362; x_wconf 74' lang='lat' dir='ltr'><strong>vero</strong></span> <span class='ocrx_word' id='word_1_753' title='bbox 2936 3307 3089 3363; x_wconf 91' lang='lat' dir='ltr'><strong>homo</strong></span> <span class='ocrx_word' id='word_1_754' title='bbox 3101 3324 3172 3372; x_wconf 84' lang='lat' dir='ltr'><strong>es,</strong></span> <span class='ocrx_word' id='word_1_755' title='bbox 3189 3320 3235 3361; x_wconf 73' lang='lat' dir='ltr'><strong>e3</strong></span> <span class='ocrx_word' id='word_1_756' title='bbox 3258 3324 3361 3361; x_wconf 90' lang='lat' dir='ltr'><strong>non</strong></span> <span class='ocrx_word' id='word_1_757' title='bbox 3388 3308 3539 3360; x_wconf 88' lang='lat' dir='ltr'><strong>Deus.</strong></span> <span class='ocrx_word' id='word_1_758' title='bbox 3558 3305 3582 3359; x_wconf 80' lang='grc' dir='ltr'><strong><em>Ι</em></strong></span> <span class='ocrx_word' id='word_1_759' title='bbox 3592 3323 3622 3359; x_wconf 86' lang='lat' dir='ltr'><strong>n</strong></span> <span class='ocrx_word' id='word_1_760' title='bbox 3639 3306 3872 3360; x_wconf 78' lang='lat' dir='ltr'><strong>multitu-</strong></span> 
     </span>
    </p>
   </div>
   <div class='ocr_carea' id='block_1_94' title="bbox 2276 3398 3871 3473">
    <p class='ocr_par' dir='ltr' id='par_1_94' title="bbox 2276 3398 3871 3473">
     <span class='ocr_line' id='line_1_94' title="bbox 2276 3398 3871 3473; baseline -0.001 -17"><span class='ocrx_word' id='word_1_761' title='bbox 2276 3404 2446 3457; x_wconf 79' lang='lat' dir='ltr'><strong>dinem</strong></span> <span class='ocrx_word' id='word_1_762' title='bbox 2471 3401 2946 3456; x_wconf 78' lang='lat' dir='ltr'><strong>incircumcisorum</strong></span> <span class='ocrx_word' id='word_1_763' title='bbox 2969 3399 3178 3473; x_wconf 75' lang='lat' dir='ltr'><strong>peribis,</strong></span> <span class='ocrx_word' id='word_1_764' title='bbox 3205 3400 3256 3452; x_wconf 90' lang='lat' dir='ltr'><strong>in</strong></span> <span class='ocrx_word' id='word_1_765' title='bbox 3285 3398 3519 3454; x_wconf 77' lang='lat' dir='ltr'><strong>manibus</strong></span> <span class='ocrx_word' id='word_1_766' title='bbox 3546 3399 3832 3453; x_wconf 81' lang='lat' dir='ltr'><strong>alienorum</strong></span> <span class='ocrx_word' id='word_1_767' title='bbox 3851 3415 3871 3455; x_wconf 89' lang='lat'><strong><em>:</em></strong></span> 
     </span>
    </p>
   </div>
   <div class='ocr_carea' id='block_1_95' title="bbox 2273 3490 3874 3569">
    <p class='ocr_par' dir='ltr' id='par_1_95' title="bbox 2273 3490 3874 3569">
     <span class='ocr_line' id='line_1_95' title="bbox 2273 3490 3874 3569; baseline 0 -22"><span class='ocrx_word' id='word_1_768' title='bbox 2273 3497 2393 3563; x_wconf 83' lang='lat' dir='ltr'><strong>quia</strong></span> <span class='ocrx_word' id='word_1_769' title='bbox 2425 3510 2518 3569; x_wconf 81' lang='lat' dir='ltr'><strong>ego</strong></span> <span class='ocrx_word' id='word_1_770' title='bbox 2561 3495 2760 3549; x_wconf 71' lang='lat' dir='ltr'><strong>[tentus</strong></span> <span class='ocrx_word' id='word_1_771' title='bbox 2796 3511 2942 3553; x_wconf 87' lang='lat' dir='ltr'><strong>sum.</strong></span> <span class='ocrx_word' id='word_1_772' title='bbox 2973 3494 3096 3546; x_wconf 81' lang='lat' dir='ltr'><strong>dicit</strong></span> <span class='ocrx_word' id='word_1_773' title='bbox 3126 3491 3393 3546; x_wconf 86' lang='lat' dir='ltr'><strong>Dominus.</strong></span> <span class='ocrx_word' id='word_1_774' title='bbox 3429 3490 3510 3545; x_wconf 83' lang='lat' dir='ltr'><strong>Tu</strong></span> <span class='ocrx_word' id='word_1_775' title='bbox 3538 3504 3594 3546; x_wconf 84' lang='lat' dir='ltr'><strong>es</strong></span> <span class='ocrx_word' id='word_1_776' title='bbox 3632 3492 3874 3563; x_wconf 68' lang='lat' dir='ltr'><strong>signacu-</strong></span> 
     </span>
    </p>
   </div>
   <div class='ocr_carea' id='block_1_96' title="bbox 2272 3585 3875 3658">
    <p class='ocr_par' dir='ltr' id='par_1_96' title="bbox 2272 3585 3875 3658">
     <span class='ocr_line' id='line_1_96' title="bbox 2272 3585 3875 3658; baseline -0.002 -16"><span class='ocrx_word' id='word_1_777' title='bbox 2272 3589 2381 3642; x_wconf 82' lang='lat' dir='ltr'><strong>lum</strong></span> <span class='ocrx_word' id='word_1_778' title='bbox 2423 3586 2773 3643; x_wconf 82' lang='lat' dir='ltr'><strong>multitudinis</strong></span> <span class='ocrx_word' id='word_1_779' title='bbox 2815 3597 2865 3640; x_wconf 88' lang='lat' dir='ltr'><strong>et</strong></span> <span class='ocrx_word' id='word_1_780' title='bbox 2892 3602 3086 3640; x_wconf 89' lang='lat' dir='ltr'><strong>corona</strong></span> <span class='ocrx_word' id='word_1_781' title='bbox 3139 3589 3377 3641; x_wconf 74' lang='lat' dir='ltr'><strong>decoris:</strong></span> <span class='ocrx_word' id='word_1_782' title='bbox 3420 3586 3471 3639; x_wconf 88' lang='lat' dir='ltr'><strong>in</strong></span> <span class='ocrx_word' id='word_1_783' title='bbox 3498 3585 3696 3640; x_wconf 70' lang='lat' dir='ltr'><strong>deliciis</strong></span> <span class='ocrx_word' id='word_1_784' title='bbox 3718 3602 3875 3658; x_wconf 78' lang='lat' dir='ltr'><strong>para-</strong></span> 
     </span>
    </p>
   </div>
   <div class='ocr_carea' id='block_1_97' title="bbox 2272 3679 3874 3756">
    <p class='ocr_par' dir='ltr' id='par_1_97' title="bbox 2272 3679 3874 3756">
     <span class='ocr_line' id='line_1_97' title="bbox 2272 3679 3874 3756; baseline -0.001 -16"><span class='ocrx_word' id='word_1_785' title='bbox 2272 3685 2374 3739; x_wconf 84' lang='lat' dir='ltr'><strong>disi</strong></span> <span class='ocrx_word' id='word_1_786' title='bbox 2399 3682 2498 3739; x_wconf 80' lang='lat' dir='ltr'><strong>Dei</strong></span> <span class='ocrx_word' id='word_1_787' title='bbox 2532 3685 2679 3756; x_wconf 69' lang='lat' dir='ltr'><strong>{uis-ti</strong></span> <span class='ocrx_word' id='word_1_788' title='bbox 2705 3727 2717 3749; x_wconf 96' lang='lat'><strong>,</strong></span> <span class='ocrx_word' id='word_1_789' title='bbox 2749 3700 2947 3737; x_wconf 81' lang='lat' dir='ltr'><strong>omnem</strong></span> <span class='ocrx_word' id='word_1_790' title='bbox 2972 3679 3198 3754; x_wconf 79' lang='lat' dir='ltr'><strong>lapidem</strong></span> <span class='ocrx_word' id='word_1_791' title='bbox 3222 3684 3473 3753; x_wconf 79' lang='lat' dir='ltr'><strong>Optimum</strong></span> <span class='ocrx_word' id='word_1_792' title='bbox 3506 3680 3696 3737; x_wconf 70' lang='lat' dir='ltr'><strong>Mens</strong></span> <span class='ocrx_word' id='word_1_793' title='bbox 3730 3686 3783 3735; x_wconf 83' lang='lat' dir='ltr'><strong>in</strong></span> <span class='ocrx_word' id='word_1_794' title='bbox 3824 3690 3874 3739; x_wconf 79' lang='lat' dir='ltr'><strong>ts</strong></span> 
     </span>
    </p>
   </div>
   <div class='ocr_carea' id='block_1_98' title="bbox 2274 3774 3874 3852">
    <p class='ocr_par' dir='ltr' id='par_1_98' title="bbox 2274 3774 3874 3852">
     <span class='ocr_line' id='line_1_98' title="bbox 2274 3774 3874 3852; baseline -0.001 -19"><span class='ocrx_word' id='word_1_795' title='bbox 2274 3778 2580 3852; x_wconf 74' lang='lat' dir='ltr'><strong>alligatum;</strong></span> <span class='ocrx_word' id='word_1_796' title='bbox 2610 3778 2891 3840; x_wconf 84' lang='lat' dir='ltr'><strong>Sardium,</strong></span> <span class='ocrx_word' id='word_1_797' title='bbox 2921 3776 3190 3847; x_wconf 78' lang='lat' dir='ltr'><strong>Tapnzutn</strong></span> <span class='ocrx_word' id='word_1_798' title='bbox 3211 3818 3224 3839; x_wconf 92' lang='lat'><strong>,</strong></span> <span class='ocrx_word' id='word_1_799' title='bbox 3268 3776 3616 3848; x_wconf 70' lang='lat' dir='ltr'><strong>Smamgdum</strong></span> <span class='ocrx_word' id='word_1_800' title='bbox 3660 3786 3709 3831; x_wconf 80' lang='lat' dir='ltr'><strong>et</strong></span> <span class='ocrx_word' id='word_1_801' title='bbox 3745 3774 3874 3831; x_wconf 81' lang='lat' dir='ltr'><strong>Car-</strong></span> 
     </span>
    </p>
   </div>
   <div class='ocr_carea' id='block_1_99' title="bbox 2276 3870 3874 3945">
    <p class='ocr_par' dir='ltr' id='par_1_99' title="bbox 2276 3870 3874 3945">
     <span class='ocr_line' id='line_1_99' title="bbox 2276 3870 3874 3945; baseline -0.001 -16"><span class='ocrx_word' id='word_1_802' title='bbox 2276 3874 2551 3929; x_wconf 86' lang='lat' dir='ltr'><strong>bunculum</strong></span> <span class='ocrx_word' id='word_1_803' title='bbox 2603 3884 2651 3928; x_wconf 84' lang='lat' dir='ltr'><strong>et</strong></span> <span class='ocrx_word' id='word_1_804' title='bbox 2704 3871 3031 3945; x_wconf 74' lang='lat' dir='ltr'><strong>Sapphirum</strong></span> <span class='ocrx_word' id='word_1_805' title='bbox 3057 3914 3069 3934; x_wconf 95' lang='lat'><strong>,</strong></span> <span class='ocrx_word' id='word_1_806' title='bbox 3104 3882 3150 3925; x_wconf 78' lang='lat' dir='ltr'><strong>et</strong></span> <span class='ocrx_word' id='word_1_807' title='bbox 3182 3870 3372 3939; x_wconf 80' lang='lat' dir='ltr'><strong>Jaspin</strong></span> <span class='ocrx_word' id='word_1_808' title='bbox 3402 3912 3416 3938; x_wconf 89' lang='lat'><strong>,</strong></span> <span class='ocrx_word' id='word_1_809' title='bbox 3450 3884 3497 3927; x_wconf 91' lang='lat' dir='ltr'><strong>et</strong></span> <span class='ocrx_word' id='word_1_810' title='bbox 3524 3883 3794 3943; x_wconf 73' lang='lat' dir='ltr'><strong>argentum</strong></span> <span class='ocrx_word' id='word_1_811' title='bbox 3823 3882 3874 3928; x_wconf 82' lang='lat' dir='ltr'><strong>et</strong></span> 
     </span>
    </p>
   </div>
   <div class='ocr_carea' id='block_1_100' title="bbox 2272 3963 3872 4038">
    <p class='ocr_par' dir='ltr' id='par_1_100' title="bbox 2272 3963 3872 4038">
     <span class='ocr_line' id='line_1_100' title="bbox 2272 3963 3872 4038; baseline -0.002 -16"><span class='ocrx_word' id='word_1_812' title='bbox 2272 3985 2458 4023; x_wconf 86' lang='lat' dir='ltr'><strong>aurum</strong></span> <span class='ocrx_word' id='word_1_813' title='bbox 2486 3978 2531 4021; x_wconf 87' lang='lat' dir='ltr'><strong>et</strong></span> <span class='ocrx_word' id='word_1_814' title='bbox 2572 3965 2841 4038; x_wconf 77' lang='lat' dir='ltr'><strong>Ligyrium</strong></span> <span class='ocrx_word' id='word_1_815' title='bbox 2873 3977 2922 4019; x_wconf 85' lang='lat' dir='ltr'><strong>et</strong></span> <span class='ocrx_word' id='word_1_816' title='bbox 2962 3966 3203 4019; x_wconf 71' lang='lat' dir='ltr'><strong>Arha&#39;im</strong></span> <span class='ocrx_word' id='word_1_817' title='bbox 3233 3973 3286 4019; x_wconf 77' lang='lat' dir='ltr'><strong>et</strong></span> <span class='ocrx_word' id='word_1_818' title='bbox 3306 3965 3436 4019; x_wconf 70' lang='lat' dir='ltr'><strong>Ante</strong></span> <span class='ocrx_word' id='word_1_819' title='bbox 3457 3963 3648 4019; x_wconf 70' lang='lat' dir='ltr'><strong>histum</strong></span> <span class='ocrx_word' id='word_1_820' title='bbox 3667 4007 3681 4031; x_wconf 92' lang='lat'><strong>,</strong></span> <span class='ocrx_word' id='word_1_821' title='bbox 3706 3963 3872 4038; x_wconf 66' lang='lat' dir='ltr'><strong>Chry-</strong></span> 
     </span>
    </p>
   </div>
   <div class='ocr_carea' id='block_1_101' title="bbox 2272 4056 3874 4130">
    <p class='ocr_par' dir='ltr' id='par_1_101' title="bbox 2272 4056 3874 4130">
     <span class='ocr_line' id='line_1_101' title="bbox 2272 4056 3874 4130; baseline -0.001 -15"><span class='ocrx_word' id='word_1_822' title='bbox 2272 4060 2519 4116; x_wconf 78' lang='lat' dir='ltr'><strong>solithum</strong></span> <span class='ocrx_word' id='word_1_823' title='bbox 2549 4075 2595 4115; x_wconf 88' lang='lat' dir='ltr'><strong>et</strong></span> <span class='ocrx_word' id='word_1_824' title='bbox 2623 4057 2921 4129; x_wconf 77' lang='lat' dir='ltr'><strong>Itergllum,</strong></span> <span class='ocrx_word' id='word_1_825' title='bbox 2964 4068 3011 4112; x_wconf 87' lang='lat' dir='ltr'><strong>et</strong></span> <span class='ocrx_word' id='word_1_826' title='bbox 3057 4056 3386 4130; x_wconf 69' lang='lat' dir='ltr'><strong>(ingenium:</strong></span> <span class='ocrx_word' id='word_1_827' title='bbox 3421 4067 3472 4111; x_wconf 87' lang='lat' dir='ltr'><strong>et</strong></span> <span class='ocrx_word' id='word_1_828' title='bbox 3504 4073 3634 4112; x_wconf 73' lang='lat' dir='ltr'><strong>nitro</strong></span> <span class='ocrx_word' id='word_1_829' title='bbox 3663 4057 3874 4128; x_wconf 79' lang='lat' dir='ltr'><strong>rep&#39;esli</strong></span> 
     </span>
    </p>
   </div>
   <div class='ocr_carea' id='block_1_102' title="bbox 2275 4148 3874 4221">
    <p class='ocr_par' dir='ltr' id='par_1_102' title="bbox 2275 4148 3874 4221">
     <span class='ocr_line' id='line_1_102' title="bbox 2275 4148 3874 4221; baseline -0.001 -12"><span class='ocrx_word' id='word_1_830' title='bbox 2275 4155 2545 4210; x_wconf 80' lang='lat' dir='ltr'><strong>thesauros</strong></span> <span class='ocrx_word' id='word_1_831' title='bbox 2582 4166 2697 4207; x_wconf 88' lang='lat' dir='ltr'><strong>tuos</strong></span> <span class='ocrx_word' id='word_1_832' title='bbox 2726 4166 2771 4205; x_wconf 72' lang='lat' dir='ltr'><strong>et</strong></span> <span class='ocrx_word' id='word_1_833' title='bbox 2804 4151 3115 4221; x_wconf 67' lang='lat' dir='ltr'><strong>apothechas</strong></span> <span class='ocrx_word' id='word_1_834' title='bbox 3163 4160 3298 4206; x_wconf 75' lang='lat' dir='ltr'><strong>tuas.</strong></span> <span class='ocrx_word' id='word_1_835' title='bbox 3334 4150 3463 4206; x_wconf 84' lang='lat' dir='ltr'><strong>Cum</strong></span> <span class='ocrx_word' id='word_1_836' title='bbox 3489 4148 3750 4206; x_wconf 78' lang='lat' dir='ltr'><strong>Cherubin</strong></span> <span class='ocrx_word' id='word_1_837' title='bbox 3777 4170 3874 4220; x_wconf 66' lang='grc' dir='ltr'><strong>ρος</strong></span> 
     </span>
    </p>
   </div>
   <div class='ocr_carea' id='block_1_103' title="bbox 2276 4246 3875 4319">
    <p class='ocr_par' dir='ltr' id='par_1_103' title="bbox 2276 4246 3875 4319">
     <span class='ocr_line' id='line_1_103' title="bbox 2276 4246 3875 4319; baseline -0.001 -15"><span class='ocrx_word' id='word_1_838' title='bbox 2276 4252 2356 4306; x_wconf 85' lang='lat' dir='ltr'><strong>sui</strong></span> <span class='ocrx_word' id='word_1_839' title='bbox 2403 4262 2452 4304; x_wconf 87' lang='lat' dir='ltr'><strong>te</strong></span> <span class='ocrx_word' id='word_1_840' title='bbox 2488 4251 2541 4304; x_wconf 88' lang='lat' dir='ltr'><strong>in</strong></span> <span class='ocrx_word' id='word_1_841' title='bbox 2571 4260 2739 4303; x_wconf 84' lang='lat' dir='ltr'><strong>monte</strong></span> <span class='ocrx_word' id='word_1_842' title='bbox 2778 4258 2958 4303; x_wconf 82' lang='lat' dir='ltr'><strong>sancto</strong></span> <span class='ocrx_word' id='word_1_843' title='bbox 2980 4246 3076 4301; x_wconf 67' lang='grc' dir='ltr'><strong>θιιὲ</strong></span> <span class='ocrx_word' id='word_1_844' title='bbox 3120 4265 3142 4302; x_wconf 85' lang='grc'><em>;</em></span> <span class='ocrx_word' id='word_1_845' title='bbox 3186 4248 3338 4319; x_wconf 73' lang='lat' dir='ltr'><strong>fuisti</strong></span> <span class='ocrx_word' id='word_1_846' title='bbox 3362 4247 3417 4301; x_wconf 76' lang='lat' dir='ltr'><strong>in</strong></span> <span class='ocrx_word' id='word_1_847' title='bbox 3442 4246 3610 4301; x_wconf 85' lang='lat' dir='ltr'><strong>medio</strong></span> <span class='ocrx_word' id='word_1_848' title='bbox 3642 4248 3875 4318; x_wconf 75' lang='lat' dir='ltr'><strong>lapidum</strong></span> 
     </span>
    </p>
   </div>
   <div class='ocr_carea' id='block_1_104' title="bbox 2276 4342 3876 4419">
    <p class='ocr_par' dir='ltr' id='par_1_104' title="bbox 2276 4342 3876 4419">
     <span class='ocr_line' id='line_1_104' title="bbox 2276 4342 3876 4419; baseline -0.001 -20"><span class='ocrx_word' id='word_1_849' title='bbox 2276 4346 2565 4419; x_wconf 85' lang='lat' dir='ltr'><strong>igneorum,</strong></span> <span class='ocrx_word' id='word_1_850' title='bbox 2583 4346 2753 4399; x_wconf 85' lang='lat' dir='ltr'><strong>abiisti</strong></span> <span class='ocrx_word' id='word_1_851' title='bbox 2776 4346 2888 4397; x_wconf 87' lang='lat' dir='ltr'><strong>sine</strong></span> <span class='ocrx_word' id='word_1_852' title='bbox 2910 4344 3111 4397; x_wconf 85' lang='lat' dir='ltr'><strong>macula</strong></span> <span class='ocrx_word' id='word_1_853' title='bbox 3138 4344 3189 4396; x_wconf 89' lang='lat' dir='ltr'><strong>in</strong></span> <span class='ocrx_word' id='word_1_854' title='bbox 3221 4342 3398 4398; x_wconf 86' lang='lat' dir='ltr'><strong>diebus</strong></span> <span class='ocrx_word' id='word_1_855' title='bbox 3420 4342 3547 4406; x_wconf 81' lang='lat' dir='ltr'><strong>tuis,</strong></span> <span class='ocrx_word' id='word_1_856' title='bbox 3573 4359 3638 4398; x_wconf 72' lang='lat' dir='ltr'><strong>ea:</strong></span> <span class='ocrx_word' id='word_1_857' title='bbox 3658 4360 3761 4412; x_wconf 78' lang='lat' dir='ltr'><strong>qua</strong></span> <span class='ocrx_word' id='word_1_858' title='bbox 3791 4343 3876 4397; x_wconf 83' lang='lat' dir='ltr'><strong>die</strong></span> 
     </span>
    </p>
   </div>
   <div class='ocr_carea' id='block_1_105' title="bbox 2275 4437 3873 4505">
    <p class='ocr_par' dir='ltr' id='par_1_105' title="bbox 2275 4437 3873 4505">
     <span class='ocr_line' id='line_1_105' title="bbox 2275 4437 3873 4505; baseline 0.001 -13"><span class='ocrx_word' id='word_1_859' title='bbox 2275 4450 2472 4493; x_wconf 60' lang='grc' dir='ltr'><em>στρατω</em></span> <span class='ocrx_word' id='word_1_860' title='bbox 2512 4457 2585 4502; x_wconf 79' lang='lat' dir='ltr'><strong>es,</strong></span> <span class='ocrx_word' id='word_1_861' title='bbox 2619 4439 2779 4492; x_wconf 85' lang='lat' dir='ltr'><strong>donec</strong></span> <span class='ocrx_word' id='word_1_862' title='bbox 2821 4438 3169 4492; x_wconf 81' lang='lat' dir='ltr'><strong>invenirentur</strong></span> <span class='ocrx_word' id='word_1_863' title='bbox 3197 4437 3493 4505; x_wconf 84' lang='lat' dir='ltr'><strong>iniquitates</strong></span> <span class='ocrx_word' id='word_1_864' title='bbox 3536 4446 3638 4492; x_wconf 70' lang='lat' dir='ltr'><strong>tua:</strong></span> <span class='ocrx_word' id='word_1_865' title='bbox 3663 4438 3717 4493; x_wconf 83' lang='lat' dir='ltr'><strong>in</strong></span> <span class='ocrx_word' id='word_1_866' title='bbox 3740 4449 3805 4493; x_wconf 90' lang='lat' dir='ltr'><strong>te.</strong></span> <span class='ocrx_word' id='word_1_867' title='bbox 3832 4439 3873 4493; x_wconf 82' lang='grc' dir='ltr'><em>Α</em></span> 
     </span>
    </p>
   </div>
   <div class='ocr_carea' id='block_1_106' title="bbox 2277 4532 3875 4607">
    <p class='ocr_par' dir='ltr' id='par_1_106' title="bbox 2277 4532 3875 4607">
     <span class='ocr_line' id='line_1_106' title="bbox 2277 4532 3875 4607; baseline -0.002 -17"><span class='ocrx_word' id='word_1_868' title='bbox 2277 4535 2606 4591; x_wconf 80' lang='lat' dir='ltr'><strong>multitudine</strong></span> <span class='ocrx_word' id='word_1_869' title='bbox 2625 4533 2985 4607; x_wconf 80' lang='lat' dir='ltr'><strong>negotiationis</strong></span> <span class='ocrx_word' id='word_1_870' title='bbox 3017 4546 3119 4585; x_wconf 69' lang='lat' dir='ltr'><strong>tutr</strong></span> <span class='ocrx_word' id='word_1_871' title='bbox 3138 4532 3365 4604; x_wconf 81' lang='lat' dir='ltr'><strong>implesti</strong></span> <span class='ocrx_word' id='word_1_872' title='bbox 3396 4534 3756 4602; x_wconf 72' lang='lat' dir='ltr'><strong>promptuaria</strong></span> <span class='ocrx_word' id='word_1_873' title='bbox 3785 4540 3875 4587; x_wconf 86' lang='lat' dir='ltr'><strong>tua</strong></span> 
     </span>
    </p>
   </div>
   <div class='ocr_carea' id='block_1_107' title="bbox 2274 4625 3871 4701">
    <p class='ocr_par' dir='ltr' id='par_1_107' title="bbox 2274 4625 3871 4701">
     <span class='ocr_line' id='line_1_107' title="bbox 2274 4625 3871 4701; baseline -0.001 -17"><span class='ocrx_word' id='word_1_874' title='bbox 2274 4631 2543 4697; x_wconf 74' lang='lat' dir='ltr'><strong>iniquitate</strong></span> <span class='ocrx_word' id='word_1_875' title='bbox 2592 4639 2642 4685; x_wconf 87' lang='lat' dir='ltr'><strong>et</strong></span> <span class='ocrx_word' id='word_1_876' title='bbox 2682 4628 2903 4701; x_wconf 80' lang='lat' dir='ltr'><strong>peccatis</strong></span> <span class='ocrx_word' id='word_1_877' title='bbox 2937 4644 2957 4682; x_wconf 89' lang='lat'><strong><em>:</em></strong></span> <span class='ocrx_word' id='word_1_878' title='bbox 2991 4638 3037 4679; x_wconf 85' lang='lat' dir='ltr'><strong>et</strong></span> <span class='ocrx_word' id='word_1_879' title='bbox 3083 4626 3380 4680; x_wconf 70' lang='lat' dir='ltr'><strong>vulneratus</strong></span> <span class='ocrx_word' id='word_1_880' title='bbox 3402 4642 3455 4680; x_wconf 85' lang='lat' dir='ltr'><strong>es</strong></span> <span class='ocrx_word' id='word_1_881' title='bbox 3494 4643 3525 4679; x_wconf 88' lang='lat' dir='ltr'><strong>a</strong></span> <span class='ocrx_word' id='word_1_882' title='bbox 3558 4637 3727 4681; x_wconf 88' lang='lat' dir='ltr'><strong>monte</strong></span> <span class='ocrx_word' id='word_1_883' title='bbox 3757 4625 3871 4683; x_wconf 77' lang='lat' dir='ltr'><strong>Dei.</strong></span> 
     </span>
    </p>
   </div>
   <div class='ocr_carea' id='block_1_108' title="bbox 2275 4717 3876 4791">
    <p class='ocr_par' dir='ltr' id='par_1_108' title="bbox 2275 4717 3876 4791">
     <span class='ocr_line' id='line_1_108' title="bbox 2275 4717 3876 4791; baseline -0.003 -12"><span class='ocrx_word' id='word_1_884' title='bbox 2275 4724 2501 4779; x_wconf 61' lang='lat' dir='ltr'><strong>Abduxit</strong></span> <span class='ocrx_word' id='word_1_885' title='bbox 2522 4733 2567 4775; x_wconf 84' lang='lat' dir='ltr'><strong>te</strong></span> <span class='ocrx_word' id='word_1_886' title='bbox 2588 4720 2849 4776; x_wconf 87' lang='lat' dir='ltr'><strong>Cherubin</strong></span> <span class='ocrx_word' id='word_1_887' title='bbox 2871 4722 2933 4773; x_wconf 81' lang='lat' dir='ltr'><strong>de</strong></span> <span class='ocrx_word' id='word_1_888' title='bbox 2952 4719 3120 4773; x_wconf 85' lang='lat' dir='ltr'><strong>medio</strong></span> <span class='ocrx_word' id='word_1_889' title='bbox 3143 4717 3379 4791; x_wconf 82' lang='lat' dir='ltr'><strong>lapidum</strong></span> <span class='ocrx_word' id='word_1_890' title='bbox 3400 4720 3707 4790; x_wconf 74' lang='lat' dir='ltr'><strong>inferorum,</strong></span> <span class='ocrx_word' id='word_1_891' title='bbox 3728 4720 3876 4775; x_wconf 78' lang='lat' dir='ltr'><strong>exal—</strong></span> 
     </span>
    </p>
   </div>
   <div class='ocr_carea' id='block_1_109' title="bbox 2276 4812 3877 4884">
    <p class='ocr_par' dir='ltr' id='par_1_109' title="bbox 2276 4812 3877 4884">
     <span class='ocr_line' id='line_1_109' title="bbox 2276 4812 3877 4884; baseline -0.001 -14"><span class='ocrx_word' id='word_1_892' title='bbox 2276 4825 2439 4870; x_wconf 88' lang='lat' dir='ltr'><strong>tatum</strong></span> <span class='ocrx_word' id='word_1_893' title='bbox 2464 4823 2537 4869; x_wconf 85' lang='lat' dir='ltr'><strong>est</strong></span> <span class='ocrx_word' id='word_1_894' title='bbox 2562 4829 2651 4869; x_wconf 86' lang='lat' dir='ltr'><strong>cor</strong></span> <span class='ocrx_word' id='word_1_895' title='bbox 2672 4824 2816 4867; x_wconf 85' lang='lat' dir='ltr'><strong>tuum</strong></span> <span class='ocrx_word' id='word_1_896' title='bbox 2846 4813 2898 4866; x_wconf 86' lang='lat' dir='ltr'><strong>in</strong></span> <span class='ocrx_word' id='word_1_897' title='bbox 2938 4812 3095 4866; x_wconf 72' lang='grc' dir='ltr'><strong>σοι-ιιι</strong></span> <span class='ocrx_word' id='word_1_898' title='bbox 3124 4823 3211 4865; x_wconf 88' lang='lat' dir='ltr'><strong>tuo</strong></span> <span class='ocrx_word' id='word_1_899' title='bbox 3231 4828 3249 4867; x_wconf 87' lang='lat'><strong><em>:</em></strong></span> <span class='ocrx_word' id='word_1_900' title='bbox 3273 4821 3516 4884; x_wconf 81' lang='lat' dir='ltr'><strong>corrupta</strong></span> <span class='ocrx_word' id='word_1_901' title='bbox 3541 4822 3619 4865; x_wconf 87' lang='lat' dir='ltr'><strong>est</strong></span> <span class='ocrx_word' id='word_1_902' title='bbox 3638 4813 3877 4868; x_wconf 76' lang='lat' dir='ltr'><strong>doctrina</strong></span> 
     </span>
    </p>
   </div>
   <div class='ocr_carea' id='block_1_110' title="bbox 2275 4906 3877 4977">
    <p class='ocr_par' dir='ltr' id='par_1_110' title="bbox 2275 4906 3877 4977">
     <span class='ocr_line' id='line_1_110' title="bbox 2275 4906 3877 4977; baseline 0 -14"><span class='ocrx_word' id='word_1_903' title='bbox 2275 4926 2392 4963; x_wconf 87' lang='lat' dir='ltr'><strong>cum</strong></span> <span class='ocrx_word' id='word_1_904' title='bbox 2418 4909 2601 4962; x_wconf 77' lang='lat' dir='ltr'><strong>decore</strong></span> <span class='ocrx_word' id='word_1_905' title='bbox 2639 4918 2747 4961; x_wconf 84' lang='lat' dir='ltr'><strong>tuo.</strong></span> <span class='ocrx_word' id='word_1_906' title='bbox 2782 4906 3008 4977; x_wconf 83' lang='lat' dir='ltr'><strong>Propter</strong></span> <span class='ocrx_word' id='word_1_907' title='bbox 3047 4908 3432 4961; x_wconf 82' lang='lat' dir='ltr'><strong>multitudinem</strong></span> <span class='ocrx_word' id='word_1_908' title='bbox 3464 4917 3787 4976; x_wconf 84' lang='lat' dir='ltr'><strong>peccatorum</strong></span> <span class='ocrx_word' id='word_1_909' title='bbox 3828 4917 3877 4963; x_wconf 91' lang='lat' dir='ltr'><strong>et</strong></span> 
     </span>
    </p>
   </div>
   <div class='ocr_carea' id='block_1_111' title="bbox 2272 5000 3877 5073">
    <p class='ocr_par' dir='ltr' id='par_1_111' title="bbox 2272 5000 3877 5073">
     <span class='ocr_line' id='line_1_111' title="bbox 2272 5000 3877 5073; baseline -0.001 -15"><span class='ocrx_word' id='word_1_910' title='bbox 2272 5003 2597 5070; x_wconf 61' lang='lat' dir='ltr'><strong>iniquitatem</strong></span> <span class='ocrx_word' id='word_1_911' title='bbox 2625 5000 2985 5073; x_wconf 83' lang='lat' dir='ltr'><strong>negotiationis</strong></span> <span class='ocrx_word' id='word_1_912' title='bbox 3012 5012 3142 5065; x_wconf 73' lang='lat' dir='ltr'><strong>tuar,</strong></span> <span class='ocrx_word' id='word_1_913' title='bbox 3170 5002 3523 5055; x_wconf 80' lang='lat' dir='ltr'><strong>contaminata</strong></span> <span class='ocrx_word' id='word_1_914' title='bbox 3549 5012 3673 5055; x_wconf 82' lang='lat' dir='ltr'><strong>sunt</strong></span> <span class='ocrx_word' id='word_1_915' title='bbox 3700 5011 3877 5057; x_wconf 79' lang='lat' dir='ltr'><strong>sancta</strong></span> 
     </span>
    </p>
   </div>
   <div class='ocr_carea' id='block_1_112' title="bbox 2275 5091 3877 5167">
    <p class='ocr_par' dir='ltr' id='par_1_112' title="bbox 2275 5091 3877 5167">
     <span class='ocr_line' id='line_1_112' title="bbox 2275 5091 3877 5167; baseline 0 -16"><span class='ocrx_word' id='word_1_916' title='bbox 2275 5106 2365 5151; x_wconf 89' lang='lat' dir='ltr'><strong>tua</strong></span> <span class='ocrx_word' id='word_1_917' title='bbox 2393 5114 2408 5150; x_wconf 92' lang='lat'><strong><em>:</em></strong></span> <span class='ocrx_word' id='word_1_918' title='bbox 2438 5098 2652 5151; x_wconf 85' lang='lat' dir='ltr'><strong>educam</strong></span> <span class='ocrx_word' id='word_1_919' title='bbox 2684 5097 2853 5167; x_wconf 84' lang='lat' dir='ltr'><strong>ignem</strong></span> <span class='ocrx_word' id='word_1_920' title='bbox 2891 5096 2954 5149; x_wconf 84' lang='lat' dir='ltr'><strong>de</strong></span> <span class='ocrx_word' id='word_1_921' title='bbox 2986 5094 3154 5148; x_wconf 82' lang='lat' dir='ltr'><strong>medio</strong></span> <span class='ocrx_word' id='word_1_922' title='bbox 3181 5094 3276 5160; x_wconf 85' lang='lat' dir='ltr'><strong>tui,</strong></span> <span class='ocrx_word' id='word_1_923' title='bbox 3311 5094 3396 5148; x_wconf 87' lang='lat' dir='ltr'><strong>hic</strong></span> <span class='ocrx_word' id='word_1_924' title='bbox 3423 5105 3472 5149; x_wconf 87' lang='lat' dir='ltr'><strong>te</strong></span> <span class='ocrx_word' id='word_1_925' title='bbox 3496 5095 3777 5149; x_wconf 83' lang='lat' dir='ltr'><strong>derorabit.</strong></span> <span class='ocrx_word' id='word_1_926' title='bbox 3810 5091 3877 5151; x_wconf 78' lang='lat' dir='ltr'><strong>Et</strong></span> 
     </span>
    </p>
   </div>
   <div class='ocr_carea' id='block_1_113' title="bbox 2275 5190 3879 5257">
    <p class='ocr_par' dir='ltr' id='par_1_113' title="bbox 2275 5190 3879 5257">
     <span class='ocr_line' id='line_1_113' title="bbox 2275 5190 3879 5257; baseline 0.001 -12"><span class='ocrx_word' id='word_1_927' title='bbox 2275 5191 2409 5246; x_wconf 88' lang='lat' dir='ltr'><strong>dabo</strong></span> <span class='ocrx_word' id='word_1_928' title='bbox 2434 5204 2481 5245; x_wconf 88' lang='lat' dir='ltr'><strong>te</strong></span> <span class='ocrx_word' id='word_1_929' title='bbox 2505 5193 2725 5246; x_wconf 87' lang='lat' dir='ltr'><strong>cinerem</strong></span> <span class='ocrx_word' id='word_1_930' title='bbox 2755 5192 2808 5244; x_wconf 86' lang='lat' dir='ltr'><strong>in</strong></span> <span class='ocrx_word' id='word_1_931' title='bbox 2839 5201 2974 5244; x_wconf 80' lang='lat' dir='ltr'><strong>terra</strong></span> <span class='ocrx_word' id='word_1_932' title='bbox 3013 5201 3120 5256; x_wconf 86' lang='lat' dir='ltr'><strong>tua,</strong></span> <span class='ocrx_word' id='word_1_933' title='bbox 3145 5190 3199 5243; x_wconf 79' lang='lat' dir='ltr'><strong>in</strong></span> <span class='ocrx_word' id='word_1_934' title='bbox 3226 5200 3497 5257; x_wconf 81' lang='lat' dir='ltr'><strong>conspectu</strong></span> <span class='ocrx_word' id='word_1_935' title='bbox 3535 5191 3764 5244; x_wconf 81' lang='lat' dir='ltr'><strong>omnium</strong></span> <span class='ocrx_word' id='word_1_936' title='bbox 3804 5192 3879 5246; x_wconf 73' lang='lat' dir='ltr'><strong>ri-</strong></span> 
     </span>
    </p>
   </div>
   <div class='ocr_carea' id='block_1_114' title="bbox 2278 5285 3873 5356">
    <p class='ocr_par' dir='ltr' id='par_1_114' title="bbox 2278 5285 3873 5356">
     <span class='ocr_line' id='line_1_114' title="bbox 2278 5285 3873 5356; baseline -0.002 -15"><span class='ocrx_word' id='word_1_937' title='bbox 2278 5286 2505 5341; x_wconf 78' lang='lat' dir='ltr'><strong>dentiuin</strong></span> <span class='ocrx_word' id='word_1_938' title='bbox 2538 5296 2604 5351; x_wconf 87' lang='lat' dir='ltr'><strong>te,</strong></span> <span class='ocrx_word' id='word_1_939' title='bbox 2648 5296 2692 5341; x_wconf 88' lang='lat' dir='ltr'><strong>et</strong></span> <span class='ocrx_word' id='word_1_940' title='bbox 2733 5303 2903 5340; x_wconf 78' lang='lat' dir='ltr'><strong>otnues</strong></span> <span class='ocrx_word' id='word_1_941' title='bbox 2930 5287 3017 5356; x_wconf 83' lang='lat' dir='ltr'><strong>qui</strong></span> <span class='ocrx_word' id='word_1_942' title='bbox 3048 5297 3095 5340; x_wconf 82' lang='lat' dir='ltr'><strong>te</strong></span> <span class='ocrx_word' id='word_1_943' title='bbox 3144 5293 3397 5339; x_wconf 84' lang='lat' dir='ltr'><strong>noverunt</strong></span> <span class='ocrx_word' id='word_1_944' title='bbox 3443 5285 3572 5338; x_wconf 88' lang='lat' dir='ltr'><strong>inter</strong></span> <span class='ocrx_word' id='word_1_945' title='bbox 3612 5288 3873 5355; x_wconf 87' lang='lat' dir='ltr'><strong>nationes,</strong></span> 
     </span>
    </p>
   </div>
   <div class='ocr_carea' id='block_1_115' title="bbox 2281 5379 3877 5449">
    <p class='ocr_par' dir='ltr' id='par_1_115' title="bbox 2281 5379 3877 5449">
     <span class='ocr_line' id='line_1_115' title="bbox 2281 5379 3877 5449; baseline -0.001 -15"><span class='ocrx_word' id='word_1_946' title='bbox 2281 5380 2743 5435; x_wconf 76' lang='lat' dir='ltr'><strong>constristabunlur</strong></span> <span class='ocrx_word' id='word_1_947' title='bbox 2761 5397 2914 5449; x_wconf 82' lang='lat' dir='ltr'><strong>super</strong></span> <span class='ocrx_word' id='word_1_948' title='bbox 2936 5389 3001 5433; x_wconf 84' lang='lat' dir='ltr'><strong>te.</strong></span> <span class='ocrx_word' id='word_1_949' title='bbox 3038 5379 3265 5433; x_wconf 74' lang='lat' dir='ltr'><strong>Perditio</strong></span> <span class='ocrx_word' id='word_1_950' title='bbox 3288 5381 3454 5447; x_wconf 76' lang='lat' dir='ltr'><strong>[actus</strong></span> <span class='ocrx_word' id='word_1_951' title='bbox 3482 5396 3554 5439; x_wconf 83' lang='lat' dir='ltr'><strong>es,</strong></span> <span class='ocrx_word' id='word_1_952' title='bbox 3579 5389 3625 5433; x_wconf 83' lang='lat' dir='ltr'><strong>et</strong></span> <span class='ocrx_word' id='word_1_953' title='bbox 3654 5396 3754 5432; x_wconf 86' lang='lat' dir='ltr'><strong>non</strong></span> <span class='ocrx_word' id='word_1_954' title='bbox 3774 5379 3877 5433; x_wconf 87' lang='lat' dir='ltr'><strong>eris</strong></span> 
     </span>
    </p>
   </div>
   <div class='ocr_carea' id='block_1_116' title="bbox 2278 5471 3874 5547">
    <p class='ocr_par' dir='ltr' id='par_1_116' title="bbox 2278 5471 3874 5547">
     <span class='ocr_line' id='line_1_116' title="bbox 2278 5471 3874 5547; baseline -0.001 -17"><span class='ocrx_word' id='word_1_955' title='bbox 2278 5477 2329 5531; x_wconf 88' lang='lat' dir='ltr'><strong>in</strong></span> <span class='ocrx_word' id='word_1_956' title='bbox 2375 5487 2623 5530; x_wconf 73' lang='lat' dir='ltr'><strong>(uernum</strong></span> <span class='ocrx_word' id='word_1_957' title='bbox 2657 5486 2853 5542; x_wconf 82' lang='lat' dir='ltr'><strong>tempus</strong></span> <span class='ocrx_word' id='word_1_958' title='bbox 2890 5473 3109 5547; x_wconf 75' lang='lat' dir='ltr'><strong>(Ezech.</strong></span> <span class='ocrx_word' id='word_1_959' title='bbox 3154 5490 3353 5537; x_wconf 72' lang='lat' dir='ltr'><strong>uvm,</strong></span> <span class='ocrx_word' id='word_1_960' title='bbox 3383 5471 3539 5537; x_wconf 64' lang='lat'><strong>9.49,</strong></span> <span class='ocrx_word' id='word_1_961' title='bbox 3592 5488 3693 5526; x_wconf 86' lang='lat' dir='ltr'><strong>sec.</strong></span> <span class='ocrx_word' id='word_1_962' title='bbox 3726 5472 3874 5543; x_wconf 76' lang='lat' dir='ltr'><strong>us).</strong></span> 
     </span>
    </p>
   </div>
   <div class='ocr_carea' id='block_1_117' title="bbox 2279 5568 3876 5644">
    <p class='ocr_par' dir='ltr' id='par_1_117' title="bbox 2279 5568 3876 5644">
     <span class='ocr_line' id='line_1_117' title="bbox 2279 5568 3876 5644; baseline 0.002 -22"><span class='ocrx_word' id='word_1_963' title='bbox 2279 5570 2572 5644; x_wconf 76' lang='lat' dir='ltr'><strong>[Quoniam</strong></span> <span class='ocrx_word' id='word_1_964' title='bbox 2599 5570 2878 5625; x_wconf 74' lang='lat' dir='ltr'><strong>exaltatum</strong></span> <span class='ocrx_word' id='word_1_965' title='bbox 2909 5581 3004 5632; x_wconf 84' lang='lat' dir='ltr'><strong>est,</strong></span> <span class='ocrx_word' id='word_1_966' title='bbox 3053 5571 3227 5638; x_wconf 87' lang='lat' dir='ltr'><strong>inquit</strong></span> <span class='ocrx_word' id='word_1_967' title='bbox 3253 5585 3340 5623; x_wconf 84' lang='lat' dir='ltr'><strong>cor</strong></span> <span class='ocrx_word' id='word_1_968' title='bbox 3362 5577 3506 5622; x_wconf 85' lang='lat' dir='ltr'><strong>tuum</strong></span> <span class='ocrx_word' id='word_1_969' title='bbox 3532 5610 3545 5633; x_wconf 93' lang='lat'><strong>,</strong></span> <span class='ocrx_word' id='word_1_970' title='bbox 3585 5576 3633 5623; x_wconf 85' lang='lat' dir='ltr'><strong>et</strong></span> <span class='ocrx_word' id='word_1_971' title='bbox 3654 5568 3831 5622; x_wconf 76' lang='lat' dir='ltr'><strong>dixisti</strong></span> <span class='ocrx_word' id='word_1_972' title='bbox 3856 5586 3876 5625; x_wconf 80' lang='lat'><strong>.&#39;</strong></span> 
     </span>
    </p>
   </div>
   <div class='ocr_carea' id='block_1_118' title="bbox 2283 5659 3876 5734">
    <p class='ocr_par' dir='ltr' id='par_1_118' title="bbox 2283 5659 3876 5734">
     <span class='ocr_line' id='line_1_118' title="bbox 2283 5659 3876 5734; baseline -0.004 -15"><span class='ocrx_word' id='word_1_973' title='bbox 2283 5663 2421 5719; x_wconf 88' lang='lat' dir='ltr'><strong>Deus</strong></span> <span class='ocrx_word' id='word_1_974' title='bbox 2450 5680 2542 5734; x_wconf 78' lang='lat' dir='ltr'><strong>ego</strong></span> <span class='ocrx_word' id='word_1_975' title='bbox 2559 5680 2696 5728; x_wconf 88' lang='lat' dir='ltr'><strong>sum,</strong></span> <span class='ocrx_word' id='word_1_976' title='bbox 2726 5662 3038 5716; x_wconf 86' lang='lat' dir='ltr'><strong>habitatione</strong></span> <span class='ocrx_word' id='word_1_977' title='bbox 3062 5659 3156 5715; x_wconf 73' lang='grc' dir='ltr'><strong>Ι)τὶ</strong></span> <span class='ocrx_word' id='word_1_978' title='bbox 3180 5659 3404 5715; x_wconf 82' lang='lat' dir='ltr'><strong>babitavi</strong></span> <span class='ocrx_word' id='word_1_979' title='bbox 3424 5660 3476 5713; x_wconf 88' lang='lat' dir='ltr'><strong>in</strong></span> <span class='ocrx_word' id='word_1_980' title='bbox 3499 5661 3652 5714; x_wconf 81' lang='lat' dir='ltr'><strong>corde</strong></span> <span class='ocrx_word' id='word_1_981' title='bbox 3681 5659 3876 5712; x_wconf 84' lang='lat' dir='ltr'><strong>maris:</strong></span> 
     </span>
    </p>
   </div>
   <div class='ocr_carea' id='block_1_119' title="bbox 2282 5748 3874 5826">
    <p class='ocr_par' dir='ltr' id='par_1_119' title="bbox 2282 5748 3874 5826">
     <span class='ocr_line' id='line_1_119' title="bbox 2282 5748 3874 5826; baseline -0.005 -12"><span class='ocrx_word' id='word_1_982' title='bbox 2282 5758 2415 5815; x_wconf 90' lang='lat' dir='ltr'><strong>etin</strong></span> <span class='ocrx_word' id='word_1_983' title='bbox 2458 5756 2735 5813; x_wconf 85' lang='lat' dir='ltr'><strong>hominem</strong></span> <span class='ocrx_word' id='word_1_984' title='bbox 2768 5756 3022 5810; x_wconf 83' lang='lat' dir='ltr'><strong>convenit</strong></span> <span class='ocrx_word' id='word_1_985' title='bbox 3058 5754 3369 5809; x_wconf 82' lang='lat' dir='ltr'><strong>dicentem:</strong></span> <span class='ocrx_word' id='word_1_986' title='bbox 3422 5750 3531 5826; x_wconf 83' lang='lat' dir='ltr'><strong>Ego</strong></span> <span class='ocrx_word' id='word_1_987' title='bbox 3560 5768 3677 5806; x_wconf 86' lang='lat' dir='ltr'><strong>sum</strong></span> <span class='ocrx_word' id='word_1_988' title='bbox 3702 5748 3874 5806; x_wconf 82' lang='lat' dir='ltr'><strong>Chris-</strong></span> 
     </span>
    </p>
   </div>
   <div class='ocr_carea' id='block_1_120' title="bbox 2284 5843 3881 5929">
    <p class='ocr_par' dir='ltr' id='par_1_120' title="bbox 2284 5843 3881 5929">
     <span class='ocr_line' id='line_1_120' title="bbox 2284 5843 3881 5929; baseline -0.004 -20"><span class='ocrx_word' id='word_1_989' title='bbox 2284 5862 2365 5909; x_wconf 87' lang='lat' dir='ltr'><strong>tus</strong></span> <span class='ocrx_word' id='word_1_990' title='bbox 2382 5866 2404 5920; x_wconf 87' lang='lat'><strong><em>;</em></strong></span> <span class='ocrx_word' id='word_1_991' title='bbox 2446 5850 2577 5907; x_wconf 87' lang='lat' dir='ltr'><strong>etin</strong></span> <span class='ocrx_word' id='word_1_992' title='bbox 2609 5849 2825 5910; x_wconf 81' lang='lat' dir='ltr'><strong>diabolo</strong></span> <span class='ocrx_word' id='word_1_993' title='bbox 2855 5848 2947 5923; x_wconf 87' lang='lat' dir='ltr'><strong>qui</strong></span> <span class='ocrx_word' id='word_1_994' title='bbox 2989 5848 3043 5905; x_wconf 82' lang='lat' dir='ltr'><strong>in</strong></span> <span class='ocrx_word' id='word_1_995' title='bbox 3073 5846 3227 5905; x_wconf 82' lang='lat' dir='ltr'><strong>corde</strong></span> <span class='ocrx_word' id='word_1_996' title='bbox 3253 5845 3432 5912; x_wconf 85' lang='lat' dir='ltr'><strong>utaris,</strong></span> <span class='ocrx_word' id='word_1_997' title='bbox 3465 5844 3519 5903; x_wconf 89' lang='lat' dir='ltr'><strong>id</strong></span> <span class='ocrx_word' id='word_1_998' title='bbox 3542 5853 3647 5916; x_wconf 77' lang='lat' dir='ltr'><strong>est,</strong></span> <span class='ocrx_word' id='word_1_999' title='bbox 3694 5843 3881 5929; x_wconf 80' lang='lat' dir='ltr'><strong>populi</strong></span> 
     </span>
    </p>
   </div>
  </div>
