4180 6444
548 315 623 376 63
1411 313 1716 375 TlCllONll
1752 315 1916 373 ΛΕΜ
1956 315 2165 373 LlBER
2208 316 2293 373 DE
2334 315 2608 376 SEPTEM
2649 315 2971 375 REGULIS.
3784 316 3856 374 64

548 438 860 510 alligatum;
895 435 1171 503 Sardium,
1198 446 1245 492 et
1268 433 1588 507 Topasiunt,
1612 444 1659 489 et
1688 432 2072 508 Smaragdum,
2099 444 2149 490 et
2179 442 2228 500 Α
2254 435 2379 488 tiam
2409 441 2601 489 malum
2625 479 2639 501 ,
2673 446 2720 490 et
2745 436 3037 501 avaritiam,
3070 450 3185 506 quae
3214 444 3290 489 cst
3316 434 3581 489 idolorum
3610 433 3855 488 servitus.

549 528 961 597 Carbunculus»,
988 539 1037 585 et
1069 528 1419 599 Sappltintm,
1450 539 1498 585 et
1538 526 1749 601 Jaspin,
1793 538 2062 599 argentum
2103 539 2150 583 et

548 644 758 689 aurum,
791 638 836 681 et
869 625 1136 697 Ligurium
1166 635 1215 681 et
1238 625 1464 680 Achaten
1482 634 1529 678 et
1555 624 1896 679 Amethistum
1915 633 1965 677 et
1986 622 2154 695 Chry-

553 720 766 775 solitunt
811 729 859 774 et
894 717 1164 789 Beryllutn
1211 730 1257 773 et
1300 716 1593 790 anchium
1631 734 1651 772 :
1690 726 1742 773 et
1778 732 1909 771 auro
1947 719 2153 789 replesti

549 814 817 869 thesauros
872 822 1011 877 tuos,
1059 821 1107 866 et
1152 812 1430 881 apothecas
1468 821 1587 865 tuas
1635 812 1689 865 in
1717 821 1785 867 te.
1833 811 1959 867 lla-c
2001 821 2051 867 et
2097 813 2149 866 in

549 906 828 964 diabolum
878 908 1250 973 ceiweuiunt,
1292 918 1347 961 et
1401 907 1458 961 in
1511 906 1809 962 hominem.
1864 904 1957 962 Isti
2001 906 2151 962 enim

551 1001 840 1057 duodecim
874 999 1085 1070 lapides
1112 1011 1169 1056 et
1198 1015 1393 1055 aurum
1421 1010 1478 1055 et
1508 1012 1815 1073 argentum,
1849 1014 2153 1070 onuiesque

552 1096 792 1153 tlte-auri
822 1094 1044 1151 diabolo
1086 1095 1370 1150 adhaerent
1394 1094 1649 1165 delegiti.
1678 1092 1921 1166 Denique
1947 1134 1963 1160 ,
1997 1094 2153 1149 habes

548 1187 604 1242 in
632 1201 682 1241 te
716 1185 1027 1258 alligatum:
1072 1187 1136 1241 Et
1188 1185 1423 1242 itermu:
1470 1185 1764 1257 Apothecas
1815 1198 1931 1241 tuas
1980 1186 2033 1240 in
2081 1195 2150 1241 te.

548 1278 701 1335 Sient
726 1295 930 1350 corpus
962 1278 1177 1334 Domini
1202 1294 1230 1332 tt
1262 1280 1466 1334 sanctis
1504 1290 1767 1334 ornatur:
1804 1278 2154 1348 promittente

551 1368 661 1426 Deo
690 1380 745 1427 et
771 1369 987 1431 dicente
1012 1388 1025 1423 :
1081 1368 1288 1426 Extolle
1315 1369 1492 1425 oculos
1519 1379 1633 1425 tuos
1663 1372 1717 1423 in
1748 1372 2011 1438 circuitu;
2039 1371 2155 1426 vide

549 1480 725 1519 omnes
755 1465 893 1533 ﬁlias
913 1473 1049 1532 tuos,
1079 1465 1280 1520 collecti
1304 1473 1447 1527 sunt.
1482 1475 1530 1519 et
1552 1477 1797 1520 venerunt
1826 1467 1897 1521 ad
1924 1478 1989 1521 te.
2029 1466 2153 1521 Viro

548 1573 663 1628 ego.
691 1558 816 1612 dicit
845 1553 1118 1625 Dominus,
1161 1558 1287 1628 quia
1314 1558 1552 1612 omnibus
1581 1559 1686 1612 illis
1710 1558 1967 1624 indueris,
1997 1568 2044 1615 et
2063 1578 2155 1614 sn-

544 1650 871 1723 perimponcs
891 1651 1011 1705 illos
1034 1668 1053 1707 :
1084 1653 1216 1706 sicut
1245 1663 1601 1707 ornamentum
1630 1668 1774 1707 nova:
1805 1667 1999 1724 nuptm,
2029 1657 2152 1726 quia

545 1745 751 1799 deserta
772 1754 863 1800 tua
893 1756 940 1800 et
982 1746 1177 1814 diruta,
1217 1756 1266 1803 et
1294 1763 1412 1818 qua
1434 1748 1752 1811 ceciderunt,
1797 1766 1937 1804 nunc
1957 1767 2151 1823 angus-

2260 526 2485 595 l’roluer
2523 544 2637 599 qua:
2667 529 2799 583 venit
2820 530 2900 584 ira
2932 525 3029 583 Dei
3071 528 3297 601 (Coloss.
3328 544 3407 594 tu,
3442 528 3496 593 5,
3520 528 3602 600 6).
3632 525 3717 583 Ex
3758 545 3866 598 qua

2254 622 2337 674 die
2364 633 2567 675 creatus
2607 638 2659 675 es
2690 632 2746 676 tu
2776 638 2892 675 cum
2917 622 3194 677 Clterubim
3221 664 3235 687 ,
3276 622 3500 691 imposui
3528 632 3576 675 te
3604 623 3656 675 in
3689 629 3863 676 monte

2254 726 2433 769 sancto
2462 713 2558 769 Dei
2589 714 2802 787 (Escch.
2840 730 3005 771 xxvut
3031 758 3043 777 .
3073 714 3186 787 14),
3216 716 3266 769 id
3289 726 3373 771 est
3403 721 3453 770 in
3482 714 3705 770 Christo
3724 758 3740 779 ,
3770 715 3858 773 re!

2259 808 2523 863 Ecclesia.
2576 806 2641 863 In
2682 810 2850 863 mcdto
2882 808 3121 875 lapidum
3166 811 3433 879 igneot'um
3465 808 3636 877 fuisti,
3683 810 3734 863 id
3772 816 3863 866 est.

2257 902 2535 957 hominum
2569 912 2880 958 sanctorum
2908 945 2924 969 ,
2952 904 3042 974 qui
3074 904 3317 969 adunati,
3366 916 3604 960 montem
3633 904 3727 959 Dei
3770 903 3857 959 [ac

2256 998 2429 1052 ciunt.
2460 996 2653 1067 Angeli
2684 998 2828 1053 enim
2867 998 3097 1054 alterius
3126 998 3482 1065 substantias,
3516 998 3724 1071 lapides
3747 996 3853 1055 dici

2258 1108 2361 1148 non
2416 1104 2662 1163 possunt,
2709 1097 2833 1164 quia
2866 1110 3069 1165 corpus
3123 1113 3229 1150 non
3262 1095 3488 1151 habent.
3518 1095 3705 1151 Abiisti
3744 1098 3858 1151 sine

2256 1188 2567 1254 maculata,
2606 1189 2661 1243 iu
2709 1186 2889 1243 diebus
2916 1190 3016 1243 tuis
3040 1205 3059 1243 :
3101 1205 3167 1243 ex
3192 1204 3296 1259 qua
3325 1188 3412 1244 die
3451 1198 3655 1245 creatus
3682 1206 3735 1245 es
3771 1201 3855 1255 tu,

2256 1281 2419 1335 donec
2442 1284 2793 1338 invenirentur
2821 1283 3117 1361 iniquitates
3148 1293 3250 1337 tim:
3278 1286 3331 1338 in
3365 1296 3433 1348 te,
3458 1302 3491 1338 a
3521 1283 3857 1341 multitudine

2255 1376 2621 1448 negotiationis
2649 1387 2750 1428 tua:
2773 1372 2823 1445 (1
2832 1376 2966 1435 bid..
2988 1375 3099 1447 15).
3123 1374 3368 1445 Lapides.
3402 1375 3705 1432 Ecclesium
3729 1392 3855 1434 esse

2256 1468 2334 1523 sic
2360 1470 2491 1524 dicit
2523 1469 2749 1524 Petrus:
2798 1467 2933 1523 Ecce
2960 1486 3048 1523 vos
3078 1475 3265 1539 fratres
3289 1511 3305 1535 ,
3349 1480 3608 1539 tamquam
3655 1472 3856 1540 lapides

2255 1562 2376 1623 vivi.
2406 1563 2803 1632 coa'diﬁcamini
2840 1568 2892 1616 iu
2917 1561 3099 1616 domos
3122 1563 3426 1634 spirituales
3452 1565 3493 1635 (I
3528 1562 3648 1620 Pet.
3681 1581 3738 1630 ιι,
3770 1564 3850 1639 b).

2255 1654 2427 1724 Quum
2458 1656 2700 1720 domum,
2732 1658 2941 1729 igneam
2974 1672 3127 1723 esse;
3154 1668 3208 1713 et
3242 1658 3380 1714 hanc
3407 1702 3420 1724 ,
3455 1661 3626 1716 nzalns
3655 1661 3854 1717 fratres

2254 1751 2450 1807 ardere
2478 1752 2555 1806 sic
2585 1752 2715 1806 dicit
2760 1753 2934 1807 Deus:
2967 1749 3084 1805 Erit
3113 1752 3297 1806 domus
3326 1749 3490 1807 Iacob
3510 1797 3525 1820 ,
3558 1754 3693 1826 ignis
3712 1769 3732 1809 :
3757 1756 3855 1809 do-

545 1837 813 1892 tiubuntur
843 1836 909 1892 ab
942 1840 1357 1896 inhabitantibus
1384 1840 1406 1915 (
1433 1838 1541 1896 Isa.
1582 1857 1708 1897 xu:
1736 1884 1750 1906 ,
1785 1843 1851 1899 l8
1875 1885 1890 1909 ,
1925 1843 2026 1909 l9;
2058 1860 2145 1913 ιιι,
2183 1866 2226 1927 Β
2256 1862 2369 1900 mas
2393 1854 2567 1900 autem
2608 1842 2807 1915 Joseph
2833 1887 2847 1910 ,
2881 1847 3127 1917 ﬂamma:
3156 1842 3354 1900 Domus
3394 1862 3515 1903 vero
3544 1846 3711 1915 Esau,
3759 1849 3857 1903 sti-

545 1929 676 2002 tt).
705 1931 768 1986 Et
794 1932 847 1987 in
871 1932 1229 2006 Apocalypsi,
1252 1935 1446 1990 eadem
1476 1936 1674 1990 civitas
1697 1936 1982 1991 duodecim
2015 1938 2152 2007 lupi-

540 2023 702 2083 dibus
720 2025 944 2082 fundata
971 2031 1305 2084 construitur
1326 2029 1511 2103 (Apoc.
1541 2046 1659 2092 ut,
1689 2031 1772 2096 ις,
1796 2030 1914 2101 20).
1935 2029 2146 2098 Omnia,

540 2119 751 2191 inquit,
785 2122 1009 2194 lapideus
1050 2124 1331 2195 optimum,
1359 2133 1413 2179 et
1450 2126 1793 2180 enumeravit
1816 2125 2103 2180 duodecim
2131 2143 2145 2179 :

541 2226 603 2271 ut
628 2217 943 2272 ostenderet
981 2218 1032 2272 in
1080 2219 1417 2274 duodenario
1449 2234 1679 2274 numero
1724 2218 2143 2291 perfecdoncm.

546 2311 757 2378 Omnia,
782 2312 949 2376 enim,
982 2330 1100 2382 quia
1117 2314 1237 2385 fecit
1264 2311 1428 2379 Deus,
1455 2314 1589 2369 bona
1616 2324 1737 2368 sunt
1766 2313 1921 2385 (Gen.
1958 2331 1994 2377 ι,
2023 2313 2140 2385 ‘25).

543 2404 745 2462 ﬂorum
797 2406 1050 2461 diabolus
1080 2424 1261 2473 ιιειιιιιι,
1322 2425 1428 2463 non
1476 2419 1722 2464 naturam
1776 2411 2024 2463 mutavit.
2078 2408 2147 2466 Et

540 2513 732 2556 Omnes
762 2501 1012 2558 homines
1040 2501 1335 2559 excellenti
1362 2517 1526 2558 Scnsu
1549 2513 1605 2558 et
1637 2504 1874 2574 potentis
1902 2505 2103 2575 ingenii
2126 2547 2142 2568 ,

537 2606 731 2647 aurum
759 2604 886 2648 sunt
913 2603 969 2649 et
1012 2603 1294 2666 argentum
1318 2636 1335 2660 ,
1364 2604 1422 2651 et
1449 2596 1657 2667 lapides
1688 2598 1911 2666 pretiosi
1952 2611 2141 2652 secun-

538 2682 669 2739 dum
718 2695 1001 2742 naturam:
1045 2687 1142 2743 sed
1172 2689 1293 2758 ejus
1345 2690 1592 2744 eruntin
1651 2680 1808 2760 cuius
1838 2690 2141 2762 obsequio,

538 2790 755 2845 natura,
808 2782 923 2835 suis
954 2780 1232 2838 fruuntur.
1263 2782 1557 2851 Quoniam.
1605 2785 1693 2841 cui
1736 2800 1798 2841 se
1848 2785 2145 2856 signaverit

535 2872 661 2940 quis
683 2872 738 2927 in
761 2872 1108 2929 obedientia:
1136 2888 1331 2930 servus
1355 2884 1439 2930 est
1470 2874 1613 2947 ejus,
1638 2876 1725 2931 cui
1749 2877 1996 2938 obaudit.
2024 2878 2143 2934 sive

537 2965 770 3033 peccati,
803 2964 923 3021 sive
948 2965 1199 3037 jusdtite.
1231 2967 1307 3024 lla
1339 2967 1433 3035 ﬁt,
1466 2977 1525 3023 ιιι
1567 2980 1622 3024 et
1666 2969 1916 3025 diabolus
1946 2970 2144 3027 habeat

510 3072 730 3112 ‘ttnrnm
776 3068 834 3115 et
878 3070 1187 3132 argentum,
1237 3072 1294 3118 et
1339 3061 1550 3132 lapides
1600 3065 1892 3133 pretiosas.
1946 3064 2141 3120 Omnia

535 3149 780 3220 quidem,
812 3166 919 3206 non
962 3168 1060 3208 sua
1101 3154 1402 3211 secundum
1449 3155 1749 3227 originem:
1776 3157 1875 3212 sed
1904 3172 2024 3224 sua,
2054 3174 2142 3215 sc-

2254 1938 2399 2009 pula.
2456 1937 2806 1993 Ea'ardescent
2857 1941 2910 1995 in
2959 1940 3079 1995 illos
3110 1949 3158 1993 et
3187 1940 3452 1995 comedent
3499 1955 3626 1996 eos:
3670 1950 3720 1997 ct
3748 1959 3853 1997 non

2254 2032 2347 2085 erit
2378 2031 2569 2104 ignifer
2596 2034 2650 2085 in
2679 2031 2836 2087 domo
2867 2032 3033 2099 Esau,
3077 2034 3322 2102 quoniam
3353 2033 3607 2089 Dominus
3648 2037 3853 2090 locutas

2252 2135 2327 2179 est
2350 2124 2534 2198 (Abi,
2573 2122 2686 2195 l8).
2718 2125 2852 2180 (lum
2884 2128 3028 2182 enim
3063 2137 3250 2196 peccat
3295 2126 3459 2181 homo
3500 2128 3754 2198 di-jiritur
3784 2129 3852 2184 de

2253 2230 2437 2276 motito
2486 2220 2605 2285 Dei,
2656 2230 2709 2275 et
2758 2237 2867 2276 non
2898 2221 3000 2275 erit
3042 2220 3260 2291 ignifer,
3293 2219 3497 2275 auiiSso
3528 2220 3756 2291 Spiritu,
3793 2228 3852 2277 et

2250 2316 2613 2372 succendetur
2645 2314 2698 2369 in
2728 2316 2988 2369 cinerem.
3023 2311 3261 2367 Peccasti
3289 2355 3303 2377 ,
3328 2324 3376 2367 et
3405 2315 3707 2369 vultu-ratus
3736 2329 3791 2367 es
3816 2330 3849 2369 tt

2247 2422 2419 2464 monte
2445 2409 2542 2464 Dei
2568 2427 2585 2463 :
2607 2418 2653 2463 et
2685 2409 2898 2463 abduxit
2933 2419 2979 2462 te
3006 2406 3281 2463 Cherubim
3307 2407 3375 2460 de
3415 2407 3582 2461 ntetlio
3608 2406 3846 2479 lapidum

2248 2505 2536 2576 igneorum.
2568 2501 2891 2578 [Clterubim,
2924 2502 3285 2557 ntinESIeriunt
3312 2500 3409 2557 Dei
3433 2512 3548 2556 est:
3577 2502 3721 2570 quod
3750 2516 3847 2557 ex-

2247 2600 2412 2654 clusit
2440 2602 2727 2653 llltherSOS
2753 2597 2927 2652 malos
2954 2596 3023 2652 de
3052 2596 3316 2660 Ecclesia,
3339 2595 3434 2651 sed
3462 2597 3843 2665 spiritualiter.

2246 2691 2348 2761 Qui
2375 2694 2519 2747 enim
2567 2695 2952 2747 vesuintcutum
3004 2688 3246 2760 nuptiale
3277 2705 3383 2745 non
3436 2688 3621 2756 habet,
3667 2688 3757 2744 hic
3789 2690 3842 2745 iu

2245 2784 2449 2841 sacculo
2471 2784 2778 2840 excluditur
2806 2784 2876 2841 de
2906 2784 3085 2839 medio
3112 2780 3567 2839 recumbentium.
3602 2781 3843 2852 Denique

2246 2876 2299 2931 in
2334 2879 2613 2944 tenebras,
2644 2878 2694 2933 id
2718 2886 2823 2942 est,
2859 2879 2911 2933 in
2939 2876 3355 2933 oltdurationem
3381 2876 3643 2932 mittitur:
3669 2875 3841 2931 donec
3907 2943 3915 2951 ν

2244 2975 2301 3031 in
2347 2975 2522 3045 ignem
2566 2975 2618 3030 in
2647 2984 2910 3029 a‘ternutn
2949 2973 3267 3029 descendat.
3318 2970 3524 3028 Futuro
3547 2972 3695 3026 enim
3737 2983 3842 3025 ste-

2242 3070 2388 3135 culo,
2422 3084 2581 3123 nemo
2610 3069 2929 3124 miscebitur
2971 3071 3141 3122 choro
3166 3076 3501 3133 sanctorum,
3531 3066 3623 3136 qui
3653 3076 3839 3135 postea

2244 3161 2582 3218 excludatur.
2609 3160 2913 3217 Ezaltatunt
2935 3171 3009 3217 est
3029 3177 3117 3216 cor
3139 3171 3282 3216 tuum
3303 3162 3357 3215 in
3381 3160 3567 3216 decore
3591 3170 3701 3224 tuo,
3725 3174 3836 3214 cor-

535 3243 776 3301 cundum
827 3246 1181 3303 voluntatem.
1233 3247 1365 3303 Nam
1413 3258 1469 3304 et
1515 3252 1568 3305 in
1614 3249 1718 3305 .lob
1748 3252 2010 3322 scriptum
2056 3264 2141 3309 est
2168 3269 2215 3334 ρ
2244 3270 2397 3327 rapta
2426 3268 2500 3312 est
2521 3258 2737 3312 scientia
2779 3269 2868 3313 tua
2911 3258 2965 3311 in
3002 3258 3185 3312 decore
3236 3253 3390 3329 tuo.)
3439 3255 3711 3325 Currupta
3756 3261 3841 3308 est

536 3337 591 3393 di
608 3339 791 3396 tholo:
826 3340 989 3395 Omne
1014 3359 1204 3398 aurum
1224 3346 1389 3399 maris
1414 3345 1507 3399 sub
1529 3361 1590 3399 eo
1618 3356 1690 3401 cst
1717 3346 1773 3417 (Ι
1779 3347 1863 3402 ob.
1890 3348 2134 3420 xu,2l).

536 3430 601 3487 Et
633 3434 949 3503 Apostolus,
981 3451 1106 3490 oasa
1135 3453 1293 3492 aurea
1319 3448 1369 3492 et
1393 3448 1638 3508 argentea
1660 3480 1673 3504 ,
1702 3439 1838 3496 dicit
1868 3456 1976 3496 esse
2000 3459 2142 3513 qua:-

535 3526 658 3580 dam
683 3529 737 3581 in
765 3530 1135 3586 contumeliam
1163 3531 1230 3599 (ll
1261 3531 1392 3586 Tini.
1418 3547 1478 3591 ιι.
1506 3531 1624 3603 Ξυ).
1657 3532 1773 3589 Νοιι
1803 3535 1970 3599 enim,
2001 3534 2142 3591 sicut

538 3622 757 3693 quidam
800 3624 1011 3693 putant,
1058 3629 1240 3681 omnia
1273 3628 1450 3698 lignea
1482 3638 1535 3683 et
1584 3628 1765 3685 ﬁctilia
1801 3632 2137 3701 reprohavit,

536 3727 661 3767 cmn
690 3728 756 3769 ex
797 3716 881 3770 eis
908 3717 1017 3771 sint
1062 3717 1243 3789 aliqua
1292 3718 1347 3774 in
1389 3719 1653 3775 honorem
1680 3762 1694 3781 .
1730 3721 1851 3792 ipso
1879 3723 2139 3778 dicente:

536 3802 787 3877 Figulum
820 3808 943 3871 ltiti,
975 3811 1122 3865 aliud
1150 3812 1369 3882 quidem
1398 3813 1604 3884 lingere
1624 3814 1679 3869 in
1701 3814 1966 3881 honorent,
1992 3816 2139 3871 aliud

538 3912 671 3954 Vero
717 3900 773 3953 in
820 3903 1186 3957 contumeliam
1236 3904 1428 3977 (Rom.
1484 3921 1561 3969 Ix,
1592 3905 1657 3962 2|
1687 3908 1726 3976 ).
1759 3906 1829 3963 Et
1868 3923 1933 3964 ex
1971 3910 2137 3980 ligno,

539 3990 692 4048 aliud
723 3994 1272 4065 :td'prcharationent
1316 4013 1463 4065 esse,
1493 4000 1636 4055 aliud
1668 4002 1721 4056 in
1754 4004 2137 4075 sacrilegium:

536 4100 603 4141 ex
649 4102 785 4143 auro
815 4099 871 4144 et
899 4102 1143 4162 argento,
1180 4093 1231 4148 id
1262 4103 1367 4160 est,
1402 4110 1467 4150 ex
1506 4097 1717 4167 magnis
1741 4106 1799 4151 et
1835 4100 2141 4167 perspicuis

538 4181 677 4238 dixit
724 4183 1057 4242 immundos.
1101 4187 1231 4243 Nam
1279 4200 1334 4245 et
1384 4191 1436 4245 in
1470 4193 1837 4267 Apocalypd:
1889 4192 2143 4249 Meretrix

542 4274 628 4347 (id
656 4288 767 4341 est,
796 4293 999 4349 corpus
1026 4282 1354 4353 adversum)
1383 4301 1615 4355 purpura
1641 4327 1654 4343 .
1690 4303 1865 4352 cocco,
1898 4298 1947 4340 et
1984 4304 2137 4354 auro,

534 4380 587 4424 et
609 4381 843 4440 argento,
877 4372 1239 4447 lapidibusque
1260 4377 1505 4445 pretiosis
1540 4392 1757 4432 ornatur
1776 4395 1795 4432 :
1825 4378 2015 4433 habens
2048 4396 2140 4444 po-

536 4462 715 4517 culum
739 4480 959 4518 aureum
990 4468 1046 4520 in
1072 4483 1256 4531 manu,
1291 4470 1500 4538 plenum
1530 4472 1943 4526 exsecrationum
1966 4483 2013 4527 et
2042 4476 2140 4526 im-

538 4554 919 4609 munditiarum
954 4558 1114 4613 totius
1154 4569 1307 4616 terrae
1338 4561 1534 4634 (Apoc.
1582 4580 1721 4631 xm,
1752 4564 1833 4638 4).
1866 4566 1969 4621 Ista
2009 4579 2140 4622 sunt

2242 3352 2465 3405 scientia
2489 3352 2627 3419 ejus.
2671 3351 2763 3421 qui
2804 3352 2987 3407 sciens
3029 3350 3379 3421 prudensque
3407 3357 3527 3404 erat
3567 3358 3626 3403 et
3655 3346 3839 3402 studio

2240 3442 2509 3498 aﬂeetatze
2535 3446 2817 3513 sapientiae
2836 3446 3035 3500 asserit
3056 3444 3395 3499 dissimulata
3415 3442 3665 3507 veritate,
3689 3456 3839 3497 incn-

2241 3536 2484 3591 dacium:
2531 3538 2675 3592 sicut
2702 3536 2939 3606 Spiritus
2967 3538 3137 3593 dicit:
3169 3536 3301 3594 Cum
3345 3538 3698 3609 cognovissent
3728 3531 3841 3589 Do-

2244 3632 2457 3698 minum,
2485 3647 2588 3685 non
2616 3642 2669 3684 ut
2702 3631 2981 3685 Dominum
3012 3631 3248 3703 magniﬁt
3261 3640 3494 3694 amant,
3524 3640 3615 3684 aut
3644 3630 3838 3702 gratius

2242 3735 2490 3795 egerunt:
2514 3725 2606 3778 sed
2631 3725 2811 3796 nugati
2834 3736 2955 3779 sunt
2978 3727 3028 3779 in
3049 3726 3445 3796 cogitationibus
3463 3724 3595 3789 suis,
3617 3725 3841 3779 dicentes

2240 3832 2297 3870 se
2322 3833 2432 3871 esse
2453 3820 2708 3889 sapientes
2739 3820 2757 3889 (
2782 3817 2935 3873 llam.
2961 3833 3002 3885 ι,
3030 3818 3099 3872 εξ
3114 3824 3157 3888 ).
3200 3816 3490 3891 [Corrupto
3520 3827 3597 3873 est
3625 3817 3841 3872 scientia

2241 3925 2458 3977 eorum,
2488 3911 2578 3981 qui
2609 3914 2751 3965 alios
2792 3912 3013 3978 docent,
3045 3928 3105 3967 se
3135 3913 3278 3982 ipsns
3308 3928 3415 3966 non
3454 3910 3672 3969 docent.
3706 3911 3841 3964 Cor-

2242 4012 2433 4075 ruptus
2462 4015 2548 4058 est
2575 4005 2742 4059 decor
2769 4049 2783 4072 ,
2836 4005 2930 4076 qui
2962 4008 3149 4076 generi
3182 4021 3281 4060 suo
3325 4021 3553 4073 operum
3585 4004 3842 4058 similitu-

2241 4098 2369 4153 dine
2392 4116 2497 4153 non
2523 4100 2837 4168 respondet.
2870 4099 3091 4170 Propter
3107 4100 3490 4154 multitudinem
3511 4108 3837 4171 peccatorum

2241 4204 2466 4248 tnormn.
2496 4193 2520 4246 Ι
2530 4211 2560 4247 ιι
2585 4206 2776 4248 terram
2798 4196 2994 4268 projeci
3015 4209 3061 4249 te
3079 4214 3097 4250 :
3130 4194 3196 4249 In
3226 4206 3502 4264 conspectu
3527 4211 3704 4267 regum
3720 4194 3837 4248 dedi

2242 4297 2291 4342 te
2320 4288 2645 4341 dehonestari
2672 4288 2888 4361 (lfzeclt.
2923 4305 3120 4357 xxvttt,
3152 4290 3265 4360 ’18).
3296 4290 3359 4344 Et
3388 4289 3643 4345 diabolus
3670 4300 3753 4344 est
3780 4289 3838 4344 iu

2242 4391 2467 4447 terram,
2503 4382 2553 4436 id
2585 4391 2691 4449 cst,
2724 4384 2776 4438 in
2813 4384 3109 4446 hominem,
3136 4394 3193 4438 et
3217 4383 3380 4437 homo
3402 4383 3472 4438 de
3500 4382 3838 4439 sublimitate

2242 4475 2541 4542 Ecclesiae,
2576 4477 2629 4530 in
2677 4471 3143 4531 eiiticulcatiouein
3167 4517 3183 4543 ,
3237 4476 3282 4532 si
3320 4475 3621 4531 Hieremias
3661 4473 3835 4531 dicit:

2239 4566 2423 4643 θυι]Ρεὶ
2447 4571 2511 4622 de
2540 4565 2666 4625 caelo
2692 4573 2747 4626 in
2774 4580 2965 4625 terram
2986 4572 3227 4645 gloriam.
3261 4570 3324 4625 lu
3365 4582 3638 4645 conspectu
3658 4587 3837 4641 regunt

538 4665 675 4721 ergo
702 4651 904 4707 diaboli
959 4667 1305 4721 ornamenta,
1354 4657 1564 4728 lapides
1619 4660 1844 4728 pretiOsi
1873 4682 1885 4717 :
1937 4663 2137 4731 quibus
2166 4666 2219 4727 D
2244 4661 2459 4733 (Thren.
2488 4678 2543 4725 ιι,
2578 4662 2654 4735 l).
2683 4663 3113 4719 Christianorum
3143 4664 3312 4719 dixit:
3342 4680 3573 4737 quorum
3607 4664 3837 4734 pedibus

538 4744 738 4817 lapiaes
766 4746 951 4811 iuncos
984 4748 1243 4815 imitatur,
1277 4762 1332 4805 et
1360 4751 1525 4808 homo
1555 4753 1608 4808 in
1638 4770 1700 4810 se
1729 4755 1895 4812 habet
1921 4758 2143 4813 thesau-

538 4852 629 4891 ros
655 4847 761 4891 tam
792 4838 1094 4896 l‘aciuorntn
1127 4859 1291 4910 quam
1316 4846 1656 4915 perSpieuos.
1695 4846 1813 4917 lpsc
1835 4849 1979 4904 enim
2013 4866 2141 4904 soo-

536 4945 657 4986 rnm
684 4941 926 5001 portator
953 4942 1059 5002 est,
1086 4952 1247 5003 quem
1277 4937 1569 4996 facultates
1598 4955 1714 4997 sua:
1741 4942 1889 4997 velut
1918 4959 2139 5013 compe-

534 5023 636 5078 des
674 5024 1000 5095 ligaverunt.
1053 5029 1262 5086 Prteter
1288 5029 1401 5098 illa,
1434 5049 1555 5101 quin
1604 5036 1674 5089 ab
1724 5047 1955 5103 utroque
1998 5053 2133 5094 scitu

534 5118 782 5184 corporis
808 5118 1014 5175 diaboli
1062 5121 1304 5177 Ornanda
1336 5124 1607 5180 eduntur:
1659 5127 1823 5183 etiam
1857 5128 1966 5189 his.
2014 5146 2135 5199 qua:

534 5209 751 5266 defossa
787 5214 1010 5279 habent,
1056 5217 1278 5273 insitum
1311 5228 1395 5273 est
1432 5233 1553 5275 cor.
1589 5222 1691 5278 Ubi
1727 5226 1866 5279 enim
1894 5226 1989 5280 erit
2025 5228 2136 5282 the-

534 5321 746 5370 saurus,
775 5307 884 5363 illic
907 5310 1005 5364 erit
1031 5322 1081 5367 et
1105 5327 1193 5366 cor
1220 5312 1445 5368 hominis
1473 5315 1690 5389 (Matth.
1724 5334 1795 5377 γι,
1826 5319 1942 5389 Si).
1975 5321 2137 5376 Vetus

534 5398 679 5453 enim
705 5398 871 5455 homo
895 5411 947 5456 ct
974 5412 1120 5458 terra
1143 5404 1280 5475 ejus.
1314 5423 1480 5463 untnn
1504 5424 1705 5481 corpus
1722 5423 1802 5467 est
1832 5432 1844 5468 :
1878 5416 2135 5484 quoniam

532 5490 652 5553 ipse
680 5506 897 5561 quoque
948 5503 1090 5549 terra
1123 5505 1227 5552 est.
1273 5496 1427 5556 Unde
1477 5502 1773 5569 Aposmlns
1805 5520 1911 5559 non
1960 5507 2134 5563 solum

532 5598 620 5647 ea,
651 5600 773 5654 quze
799 5599 1035 5655 corpore
1060 5589 1274 5644 admitti
1304 5603 1549 5659 possunt,
1600 5595 1695 5651 sed
1724 5609 1778 5650 et
1808 5597 2093 5654 avaritiam
2117 5642 2133 5667 ,

533 5676 838 5733 meaibrnm
891 5694 1013 5734 esse
1065 5681 1427 5750 possidentis,
1486 5687 1557 5742 ita
1603 5687 1852 5743 deﬁnivit
1904 5692 2131 5748 dicens:

535 5763 848 5839 Mortiﬁcate
884 5773 1055 5843 itaque
1092 5775 1319 5831 membra
1348 5789 1541 5845 oestro,
1573 5797 1689 5850 quia
1722 5784 1774 5837 in
1803 5794 1940 5840 terra
1974 5798 2131 5855 sunt,

537 5861 950 5932 tutumtutum,
973 5861 1379 5937 linimtnditiam,
1415 5872 1733 5943 passionem,
1770 5876 2137 5949 concupiscet»

2243 4757 2860 4814 Conculcalucdiabnlns
2887 4766 2944 4813 et
2963 4758 3123 4812 homo
3161 4759 3315 4827 ejus:
3357 4756 3580 4828 Propter
3602 4758 3838 4813 multitu-

2242 4851 2412 4906 dinem
2454 4862 2777 4917 peccatorum
2800 4839 3027 4917 tuorum,
3060 4863 3106 4906 et
3132 4854 3451 4920 iniquitatem
3476 4854 3838 4924 negotiationis

2241 4953 2365 5012 luat,
2393 4947 2811 5000 contaminamur
2836 4958 3014 5001 sancta
3052 4946 3199 5017 tua.)
3232 4947 3455 5003 Videtur
3488 4948 3658 5003 Veluti
3689 4948 3838 5019 prin-

2239 5041 2471 5110 cipalem
2504 5043 2717 5097 titulum
2748 5047 3144 5111 exiirtiltrasse,
3174 5062 3389 5113 corpore
3414 5048 3637 5106 diaboli.
3672 5061 3837 5119 nego-

2242 5136 2481 5190 tiationis
2536 5138 2708 5207 magis
2749 5136 2910 5203 dicit,
2945 5150 2999 5191 et
3050 5140 3319 5195 thesauros
3344 5181 3360 5206 ,
3394 5141 3703 5210 spirituales
3734 5156 3835 5196 ne-

2240 5230 2444 5300 quitim.
2474 5230 2625 5286 Sicut
2654 5232 2798 5285 enim
2824 5231 3124 5299 Spiritnnlis
3143 5232 3367 5303 justiti»
3397 5234 3577 5301 negoti
3598 5235 3724 5299 itio,
3752 5243 3837 5290 est

2239 5325 2549 5392 thesaurus,
2610 5335 2666 5378 nt
2718 5325 2851 5380 dicit
2897 5326 3187 5381 Dominus:
3263 5327 3448 5382 Simile
3499 5339 3571 5384 cst
3618 5346 3834 5400 regnum

2175 5458 2185 5471 .
2239 5418 2483 5471 caelorum
2511 5418 2705 5472 homini
2735 5420 3040 5489 negotiatori
3071 5419 3286 5492 (.llattlt.
3320 5437 3416 5475 xm
3441 5464 3456 5487 ,
3487 5423 3540 5476 λε’
3564 5424 3601 5484 ).
3634 5422 3698 5477 Et
3729 5424 3833 5477 ite-

2241 5525 2359 5565 rum
2387 5527 2399 5562 :
2430 5507 2802 5565 Thesaurizate
2821 5514 2959 5566 vobis
2986 5511 3254 5567 thesauros
3278 5514 3328 5566 iu
3360 5517 3485 5567 coelo
3514 5516 3532 5578 ί
3544 5514 3733 5571 Matth.
3760 5530 3832 5581 \‘l,

2238 5602 2354 5671 20).
2387 5600 2583 5657 Iterqu
2612 5620 2625 5657 :
2662 5599 2819 5657 Dedit
2846 5606 3003 5658 seruis
3038 5607 3144 5659 suis
3181 5607 3523 5660 substantiam
3547 5625 3696 5662 suam
3722 5652 3735 5672 ,
3779 5619 3836 5663 ut

2240 5694 2624 5764 negotiarentur
2656 5693 2823 5767 (Luc.
2857 5712 2941 5751 xix
2962 5740 2977 5762 ,
3024 5696 3153 5769 15).
3187 5699 3415 5752 lterum:
3466 5697 3835 5772 Negotiatores

2241 5785 2674 5857 Carthaginenses
2724 5789 3034 5843 rcsistentib.
3082 5802 3189 5845 etc.
3224 5788 3452 5862 (Escclt.
3486 5806 3632 5847 xxvu
3656 5833 3671 5860 ,
3697 5793 3766 5848 ιιι
3787 5795 3833 5867 ).

2243 5872 2479 5935 lterum:
2531 5868 2830 5951 Negotiatio
2880 5878 2993 5953 ejus
3041 5886 3089 5937 et
3133 5892 3322 5940 metm
3374 5887 3554 5942 sancta
3609 5873 3835 5943 Domino
