4180 6450
402 291 474 348 65
1705 296 2030 359 BILARIUS
2072 298 2425 361 lllACONL‘S.
3628 312 3702 370 66

396 403 560 478 (Isac.
591 419 744 465 XXIII.
784 403 894 477 i8).
935 405 996 460 Ει
1023 406 1350 477 Apostolus:
1393 406 1506 467 Est.
1537 409 1731 478 inquit,
1765 415 1993 482 negotia-
2019 411 2068 474 Α
2098 414 2335 478 circuitu,
2365 427 2791 472 contmemoratus
2821 417 3048 474 estDeus
3070 419 3310 484 Abrnltte,
3341 431 3389 477 et
3406 424 3572 480 emisit
3590 425 3691 485 Lot

388 499 465 552 tio
490 516 698 571 magna,
724 500 888 569 pietas
919 497 962 568 (ἰ
995 498 1128 553 Tim.
1161 514 1233 564 γι,
1269 497 1348 571 ϐ).
1379 500 1452 554 lla
1483 501 1778 568 Spiritttalis
1807 505 1993 572 nequi-

391 590 501 656 tia,
536 591 833 663 negotiali.»
863 602 946 647 est
977 593 1266 649 thesaurus
1296 603 1676 663 peceatorum,
1715 597 1856 651 sicut
1886 598 1995 652 Du-

389 685 572 739 minus
602 686 736 739 dicit
763 702 776 738 :
822 684 870 739 11
879 702 994 740 omo
1015 686 1205 746 matus.
1242 688 1305 741 dc
1330 686 1572 744 thesauro
1597 690 1768 744 cordis
1810 692 1994 745 emittit

391 777 534 830 mata
583 776 818 850 (Matth.
855 794 928 834 sn
952 821 966 845 ,
999 777 1136 851 '53.)
1180 778 1247 835 Et
1275 780 1604 851 Apostolus:
1653 783 1993 841 Thesaurisas

391 869 484 925 tibi
507 871 640 925 iram
665 872 720 927 in
739 874 823 927 die
847 875 940 928 ire
966 872 1145 946 (Rom.
1174 890 1235 938 tt,
1267 875 1347 944 5).

463 965 695 1034 PrOpter
723 969 1047 1035 iniquitatem
1067 1014 1082 1038 ,
1116 971 1321 1038 inquit,
1355 975 1712 1048 negotiationis
1742 985 1843 1031 tua:
1868 994 1991 1031 eon-

389 1062 713 1118 taminantur
740 1073 922 1118 santta
949 1072 1058 1119 tua.
1087 1065 1189 1134 Qui
1220 1067 1366 1121 enim
1391 1083 1499 1122 non
1526 1078 1675 1125 recte
1703 1070 1992 1126 sanctitate

394 1155 488 1211 Dei
523 1156 713 1222 utitur,
745 1172 899 1212 suam
933 1158 1123 1224 efficit,
1151 1160 1290 1214 sicut
1325 1161 1464 1215 Deus
1495 1161 1626 1217 dicit
1656 1162 1722 1216 de
1753 1163 1991 1219 sabbatis

388 1250 505 1305 anis
532 1265 546 1303 :
580 1248 810 1305 Sabbata
839 1260 1005 1306 vestra
1037 1251 1143 1305 odit
1173 1255 1350 1307 anima
1377 1271 1509 1308 mea.
1555 1253 1789 1310 Educam
1820 1257 1989 1326 ignem

384 1343 453 1396 de
484 1343 652 1396 medio
681 1345 798 1399 tui:
829 1345 912 1398 hic
941 1356 988 1398 te
1010 1345 1277 1400 devorabit
1301 1345 1437 1416 (Isa.
1474 1364 1512 1414 ι,
1546 1347 1657 1420 i5).
1685 1348 1850 1418 Ignis,
1887 1349 1987 1404 Ec-

384 1435 556 1491 clesia
601 1447 723 1492 cst:
756 1453 875 1506 qua:
902 1453 1023 1492 eum
1075 1438 1393 1495 discesserit
1434 1459 1464 1497 e
1508 1442 1687 1496 medio
1746 1444 1987 1514 mysterii

383 1528 683 1594 facinoris,
720 1542 848 1586 tunc
883 1532 1034 1604 pluet
1076 1535 1252 1602 ignem
1282 1534 1544 1590 Dominus
1571 1551 1598 1589 a
1630 1536 1859 1590 Domino
1879 1579 1894 1601 ,
1921 1537 1989 1594 de

384 1621 659 1683 Evclesia.
678 1625 821 1678 sicut
841 1625 1104 1694 St'l'iplttm
1117 1636 1200 1682 est
1221 1644 1235 1681 :
1268 1627 1365 1683 Sat
1391 1639 1598 1683 exortus
1619 1639 1696 1684 est
1721 1647 1875 1703 super
1889 1642 1989 1684 ter-

380 1733 522 1780 ram,
551 1725 598 1770 et
625 1715 720 1770 Lot
749 1717 962 1771 intravit
1005 1718 1056 1771 in
1082 1718 1280 1784 Seqor:
1327 1729 1373 1772 et
1401 1720 1531 1787 pluit
1559 1719 1808 1776 Dominus
1834 1739 1990 1785 super

2097 523 2125 558 ε
2152 507 2323 560 medio
2353 507 2694 564 subversionis
2715 527 2734 563 :
2752 527 2868 564 eum
2902 512 3211 567 subverteret
3240 513 3381 570 Deus
3421 518 3650 571 civitates
3672 559 3688 584 ,

2095 599 2150 651 in
2175 599 2361 665 quibus
2385 598 2702 654 inhabitabat
2727 587 2876 657 ιη’ρὶι
2908 601 3004 656 Lot
3041 602 3194 672 (Gen.
3231 621 3348 670 XII,
3373 606 3495 676 ‘29.)
3525 606 3682 664 Num-

2098 690 2225 760 quid
2261 691 2358 747 Lot
2381 708 2488 746 non
2522 693 2836 749 merebatur
2863 697 3078 766 propria
3105 697 3311 767 iustitia
3344 697 3597 767 liberari,
3631 710 3691 756 ut

2093 784 2303 840 diceret
2331 786 2611 857 Scriptura
2633 805 2651 842 :
2683 786 3125 845 Commemoratus
3161 802 3237 845 est
3267 789 3410 848 Deus
3436 793 3687 858 Abratue,

2093 887 2140 932 et
2161 879 2330 934 emisit
2360 877 2459 934 Lot
2482 897 2509 933 e
2529 881 2698 935 medio
2735 881 3119 938 subversionis?
3147 884 3274 948 Aut.
3309 885 3378 939 In
3399 887 3691 943 ciuitatibus

2094 972 2378 1037 habitabat,
2410 984 2463 1027 et
2493 989 2599 1028 non
2627 975 2681 1028 in
2711 975 2956 1031 civitate:
2985 985 3043 1030 ut
3068 976 3303 1045 diceret,
3337 977 3600 1042 Civitates.
3635 983 3689 1036 in

2091 1063 2277 1133 quibus
2323 1065 2628 1122 habitabat?
2665 1067 2776 1123 Sed
2805 1068 3086 1138 prophetia
3118 1080 3201 1124 est
3233 1069 3430 1126 l'uturm
3479 1072 3689 1129 disces-

2093 1157 2286 1213 sionis.
2313 1157 2520 1216 Memor
2547 1163 2690 1215 enim
2721 1161 2864 1217 Deus
2895 1162 3274 1231 promissionis
3301 1164 3366 1219 ad
3389 1163 3686 1235 Abraham,

2091 1250 2256 1321 eiecit
2285 1250 2384 1307 Lot
2409 1253 2477 1308 de
2516 1254 2770 1308 omnibus
2808 1253 3120 1310 civitatibus
3143 1255 3541 1324 Sodomorum,
3567 1260 3688 1329 qui-

2093 1344 2192 1399 bus
2243 1346 2421 1401 veniet
2467 1347 2605 1418 ignis
2652 1363 2716 1402 ex
2752 1349 2856 1419 igni
2906 1350 3200 1417 Ecclesiaz,
3249 1367 3370 1422 quae
3400 1351 3471 1407 de
3507 1356 3690 1410 medio

2093 1455 2282 1496 eorum
2314 1441 2597 1497 educetur.
2628 1442 2697 1497 Et
2727 1443 2863 1499 dabo
2903 1454 2952 1498 te
2977 1447 3029 1499 in
3057 1448 3276 1500 cinerem
3315 1449 3371 1503 in
3398 1456 3538 1503 terra
3561 1461 3687 1515 tua,

2093 1532 2327 1605 (Ezech.
2370 1551 2574 1603 xxvm,
2611 1537 2730 1608 l8.)
2759 1537 2818 1594 ld
2848 1547 2950 1606 est,
2994 1541 3047 1594 in
3078 1540 3392 1598 hominibus
3423 1543 3504 1599 vel
3539 1545 3688 1616 ip~os

2093 1627 2345 1685 homines
2375 1632 2426 1686 in
2466 1641 2607 1686 terra
2636 1648 2764 1697 sua,
2795 1635 2884 1704 qui
2918 1635 2969 1688 in
3003 1644 3145 1690 terra
3187 1636 3282 1691 Dei
3329 1652 3452 1692 esse
3489 1640 3683 1696 nolue-

2093 1736 2240 1783 runt.
2269 1727 2338 1784 In
2367 1739 2643 1800 conspectu
2678 1730 2944 1785 hominum
2969 1734 3245 1788 videntium
3274 1742 3351 1800 te,
3382 1735 3432 1790 id
3460 1747 3565 1800 oet,
3599 1738 3682 1794 in.

384 1811 676 1868 Sodomom
707 1822 752 1866 et
781 1809 1149 1880 ϐοιιιοιτιιιιηι,
1189 1812 1412 1883 sulphur
1441 1824 1488 1869 et
1517 1815 1685 1887 ignem
1707 1834 1739 1870 a
1763 1814 1987 1872 Domino
2021 1832 2066 1892 Β
2096 1819 2479 1888 telligentium.
2533 1821 2800 1893 Numquid
2833 1823 3081 1881 diabolus
3134 1826 3188 1880 in
3235 1825 3464 1884 homine
3513 1827 3687 1885 videri

381 1905 450 1959 tte
479 1906 607 1959 caelo
634 1903 804 1974 (Gen.
835 1920 955 1970 ns,
986 1903 1118 1975 ‘25).
1152 1907 1248 1961 llic
1294 1918 1376 1960 est
1403 1906 1541 1977 ignis
1564 1948 1578 1973 ,
1628 1923 1788 1978 quem
1820 1924 1982 1979 supra

379 1995 522 2053 dixit
547 2012 562 2051 :
584 1994 781 2050 Domus
805 1992 998 2060 Iacob,
1047 1998 1180 2067 ignis
1210 2012 1230 2051 :
1255 1998 1438 2052 domus
1466 2009 1639 2053 autem
1688 1999 1862 2066 Esau,
1892 2002 1984 2055 sti—

381 2088 529 2160 puta.
576 2086 930 2144 Exardescent
975 2090 1028 2143 in
1059 2106 1163 2154 eos,
1223 2099 1272 2144 et
1301 2095 1563 2146 comedent
1605 2092 1761 2146 illos:
1808 2103 1854 2147 et
1883 2110 1984 2148 non

380 2184 480 2237 erit
510 2183 700 2254 ignifer
720 2183 772 2236 in
799 2182 951 2237 domo
972 2180 1113 2238 Esau
1133 2182 1315 2254 (Abd..
1344 2184 1455 2254 i8).
1488 2185 1755 2242 lnGcnesi
1787 2188 1982 2244 iterum

381 2274 649 2346 scriptum
677 2283 796 2331 est:
833 2274 964 2330 Cum
999 2288 1279 2331 contereret
1315 2277 1454 2333 Deus
1481 2295 1657 2335 omnes
1675 2281 1903 2336 ciuitates
1931 2285 1987 2338 in

2092 1912 2308 1980 poteSt?
2345 1911 2416 1966 Et
2443 1929 2641 1974 omnes.
2673 1916 2764 1982 qui
2788 1923 2837 1969 te
2856 1925 3107 1972 nouerunt
3125 1916 3262 1972 inter
3281 1920 3537 1986 nationes,
3565 1936 3689 1975 eon-

2092 2005 2436 2058 tristabuntur
2460 2022 2618 2077 super
2642 2018 2692 2060 te
2719 2005 2909 2078 (Ibid.,
2942 2006 3054 2080 i9.)
3087 2008 3218 2064 Cum
3248 2011 3393 2064 enim
3426 2008 3688 2068 Dominus

2096 2098 2327 2165 percutit
2352 2105 2445 2152 ant
2468 2099 2676 2169 detegit
2703 2101 2896 2165 malos,
2925 2102 3345 2157 constristantur
3374 2104 3466 2175 qui
3495 2118 3684 2162 eorum

2094 2189 2296 2243 auxilio
2340 2189 2520 2246 fulciri
2551 2191 2755 2258 solent,
2802 2195 3050 2260 corporis
3076 2195 3158 2250 sui
3191 2207 3345 2266 parte
3380 2197 3661 2254 debilitata

2095 2282 2329 2341 Perditio
2356 2286 2497 2355 facta
2522 2303 2577 2342 es
2602 2303 2621 2341 :
2645 2297 2693 2341 et
2717 2304 2819 2342 non
2847 2290 2950 2344 eris
2974 2291 3028 2344 in
3055 2301 3324 2347 internum.

802 2414 906 2467 llas
927 2415 1146 2480 Regulae.
1167 2415 1388 2468 Tichouil
1417 2418 1656 2481 expendit
1678 2419 1987 2480 Augustinus
2009 2423 2130 2470 tom.
2152 2418 2245 2483 lll,
2270 2420 2358 2470 lib.
2383 2435 2432 2469 ιιι
2457 2421 2521 2472 de
2543 2421 2713 2473 Doctr.
2739 2421 2920 2475 Christ.
2945 2437 3084 2489 capp.
3103 2424 3273 2476 50-37.

382 2560 3676 2606 Μ

1613 2696 1784 2742 ANNO
1829 2699 2063 2744 DOMINI
2107 2699 2452 2744 εεοιονιιι.

781 2817 1939 2986 HILARIUS
2071 2825 2983 2991 DIACON
3000 2833 3283 2998 US

1667 3091 2418 3127 ψ

1576 3227 2506 3317 PROLEGOMENA.

1495 3393 1604 3457 (Ex
1645 3394 2058 3457 Schoenemanuo,
2104 3402 2224 3446 tom.
2270 3396 2313 3458 ι.
2353 3412 2401 3462 p.
2447 3399 2600 3461 306.)

457 3617 727 3676 Lilitttrii
749 3616 1983 3675 Diaconivitm—PatriamhabuitSIrdiniam.
2015 3619 2062 3682 C
2093 3633 2214 3673 eum
2249 3616 2493 3676 Ecclesia
2529 3619 2657 3686 l'nit,
2694 3621 2838 3694 quod
2869 3623 3137 3682 Diaconos
3171 3634 3379 3682 tantum
3420 3639 3570 3684 esset
3591 3628 3686 3685 lli.

385 3715 662 3773 Diacoitus
686 3725 801 3770 erat
831 3713 1092 3769 Ecclesia:
1122 3712 1402 3779 “ornante,
1433 3727 1546 3780 quo
1574 3712 1792 3763 nomine
1819 3726 1847 3762 a
1877 3709 1984 3765 Ln-

382 3808 554 3867 cil'ero
601 3809 865 3878 episcopo
901 3806 1215 3861 Calaritano
1268 3812 1390 3873 post
1435 3801 1729 3860 cut-cilium
1788 3801 1981 3857 Arela-

385 3914 544 3960 tense
575 3904 641 3958 ad
665 3902 1041 3958 Constantium
1092 3900 1316 3963 misms,
1344 3914 1468 3954 eum
1497 3898 1548 3950 in
1593 3894 1832 3951 Concilio
1871 3894 1981 3950 Me-

382 4002 589 4058 diolani
623 4002 809 4055 habito
832 4011 1057 4056 strenue
1085 3996 1367 4053 Athanasii
1385 4010 1604 4050 causam
1630 3992 1976 4056 defensissel,

381 4096 552 4162 virgis
575 4110 752 4149 caesus
781 4106 831 4148 et
865 4109 970 4147 una
992 4108 1116 4148 cum
1141 4089 1396 4147 Lucifero
1413 4096 1468 4143 et
1496 4088 1781 4142 l‘ancratio
1806 4087 1858 4140 in
1882 4101 1974 4141 ex-

379 4189 568 4245 siliunt
601 4188 802 4244 tui-sus
819 4199 923 4243 est.
943 4186 1135 4241 Postea
1167 4179 1886 4253 Luciferoseadjunxit,sed
1916 4193 1981 4233 l'O

380 4281 674 4339 temeraria
699 4283 956 4352 Opinione
998 4280 1284 4351 processit,
1315 4287 1374 4332 ut
1400 4279 1634 4333 Ariauos
1661 4285 1715 4330 ct
1735 4275 1826 4345 qui
1855 4290 1977 4330 cum

382 4377 469 4434 his
489 4379 1015 4438 communicassent,
1061 4387 1362 4444 omnesque
1391 4372 1616 4426 omnino
1661 4370 1839 4436 aliqua
1871 4371 1993 4423 Inc-

385 4474 495 4531 rcsi
533 4473 773 4543 pollutos
804 4473 999 4526 iterum
1027 4467 1386 4537 baptizandus
1411 4481 1538 4521 esse
1561 4472 1846 4530 statueret,
1879 4479 1978 4518 an-

385 4577 605 4638 tequam
630 4567 683 4621 in
704 4566 1018 4621 societatem
1069 4563 1328 4618 Ecclesiae
1354 4561 1461 4615 catl
1485 4558 1642 4617 olixe
1673 4559 1982 4630 reciperen-

383 4670 494 4717 tur.
533 4660 672 4714 llinc
717 4657 918 4725 lepide,
963 4659 1060 4712 scd
1102 4671 1294 4726 parum
1341 4655 1477 4710 scite
1530 4653 1595 4707 ad
1652 4653 1984 4723 Hieronymo

381 4753 570 4812 mundi
602 4752 900 4809 Deucalion
948 4751 1125 4808 dictus
1154 4759 1262 4806 est.
1298 4748 1443 4804 Bene
1483 4760 1614 4801 vero
1643 4755 1821 4800 actum
1855 4759 1984 4802 tunc

2086 3709 2278 3776 latins,
2333 3712 2442 3777 eui,
2472 3712 2728 3781 quoniam
2764 3715 2906 3768 nulla
2949 3727 3066 3773 erat
3113 3717 3349 3774 clericos
3388 3720 3682 3779 ordinandi

2088 3804 2267 3875 copia,
2297 3821 2460 3860 nemo
2503 3807 2618 3862 fere
2656 3807 2930 3874 adhaesit,
2979 3811 3226 3881 adempte
3265 3813 3379 3871 lucc
3427 3815 3546 3884 ejus
3583 3817 3685 3872 do-

2087 3899 2261 3953 ctrina
2293 3914 2416 3970 qna:
2445 3900 2688 3971 alioquin
2739 3902 2930 3973 ingens
2953 3904 3191 3960 schisma
3225 3910 3524 3962 excitatura
3554 3907 3688 3964 fuls-

2086 4003 2195 4055 set.
2229 4008 2352 4048 eum
2388 3995 2508 4061 ipso
2530 4007 2753 4052 auclore
2782 4013 2974 4053 au.....
2997 3999 3224 4056 interiit.

2160 4087 2219 4143 2.
2253 4088 2470 4156 Scripta
2499 4093 2708 4162 ejus.-—-—
2735 4091 2949 4160 Scripta
3003 4110 3124 4163 quae
3155 4094 3363 4152 llilario
3409 4097 3570 4153 tribui
3597 4113 3687 4156 εοο

2087 4181 2227 4247 leut,
2252 4192 2377 4238 sunt
2409 4183 2532 4240 lidei
2557 4185 2846 4240 admodum
2900 4186 3124 4242 incerta:
3169 4199 3218 4244 et
3263 4188 3464 4254 dubito,
3495 4191 3684 4245 videli-

2087 4287 2173 4331 cet
2201 4273 2609 4332 Comntentarius
2640 4278 2691 4330 in
2721 4275 2985 4347 Epistolas
3028 4279 3186 4333 Pauli
3228 4297 3351 4334 cum
3394 4281 3682 4337 Ambrosio

2087 4369 2174 4425 edi
2201 4367 2417 4435 stilitus,
2441 4381 2495 4425 et
2523 4369 2966 4437 Qiia'stionesVet.
2989 4381 3038 4424 et
3071 4368 3206 4426 Nov.
3233 4370 3370 4427 Test.
3395 4370 3541 4428 inter
3572 4372 3684 4430 Au-

2084 4462 2289 4532 gustini
2330 4478 2494 4532 opera
2543 4463 2912 4533 reperiundm,
2944 4463 3012 4518 de
3043 4464 3238 4534 quibus
3268 4463 3462 4529 iusius,
3491 4467 3589 4520 sed
3613 4469 3683 4520 ita

2087 4568 2145 4611 ut.
2169 4557 2375 4612 llilnrio
2405 4569 2695 4627 utrumque
2719 4558 3085 4628 abjudiearct,
3109 4558 3406 4632 disputavit
3429 4557 3680 4618 Oudinns

2087 4663 2219 4708 tom.
2247 4651 2268 4707 Ι
2293 4653 2361 4708 de
2387 4652 2488 4710 SS.
2530 4649 2681 4710 Eccl.
2709 4669 2763 4723 p.
2794 4652 3058 4710 480-49l.

1209 4995 2829 5148 COMMENTARIUS

792 5275 973 5408 IN
1062 5276 1322 5399 XII
1419 5267 2013 5400 EPISTC

2091 5265 2404 5394 LAS
2491 5262 2634 5391 B.
2733 5262 3197 5393 PAUL

608 5523 1406 5648 HILABIO
1487 5511 2314 5636 DIAGONO
2387 5507 3458 5624 ASCBIPTUS.

505 5815 671 5871 ll-iunc
697 5811 1110 5867 Commentarium
1133 5811 1244 5864 vide
1263 5812 1399 5863 inter
1420 5806 1583 5874 spuria
1609 5805 1659 5854 in
1695 5801 1982 5866 Appendice
1997 5801 2058 5852 ad
2080 5810 2234 5866 opera
2257 5796 2308 5848 S.
2334 5793 2576 5846 Ambrosii
2601 5792 2843 5858 adjuncta,
2865 5799 2983 5842 tota.
3006 5788 3141 5843 XVII
3162 5796 3342 5842 nostra
3357 5789 3564 5852 Patrol.)
