4180 6450
540 275 605 328 87
1817 261 2076 324 NOYATI
2113 263 2198 320 CA
2209 258 2484 320 TilOLlCl
3779 248 3850 309 68

1522 521 2859 719 QU/ESTIONES

647 813 1482 946 VETERIS
1569 806 1813 940 ET
1903 799 2391 932 NOVI
2489 787 3741 924 TESTAMENTI

772 1053 1562 1173 HILABIO
1612 1045 2435 1164 ΜισοΝο
2491 1036 3631 1158 ΔΤΤΒῙΒΙῙΤΕ

1649 373 3128 401 ___________________________.__..._____..__

747 1385 1082 1447 (Quaestiones
1102 1382 1212 1433 istte
1229 1381 1548 1443 reperientur
1567 1378 1617 1428 in
1633 1374 1859 1426 inferiori
1881 1367 2448 1498 σει-ἄη
2475 1369 2608 1420 inter
2629 1367 2806 1432 Spnria
2827 1367 2884 1418 S.
2913 1366 3178 1432 Augustini
3196 1365 3434 1432 operibus
3451 1375 3648 1418 mea

557 1567 3858 1622 ΜΕΝ

1813 1753 1979 1800 ANNO
2019 1751 2256 1797 DOHINI
2300 1749 2603 1794 INCBRTO.

726 1937 1576 2101 NOVAT
1586 1934 1884 2101 US
2017 1932 3626 2102 CATHOLICUS.

1619 2202 2075 2288 NOVATI
2151 2199 2809 2286 SENTENTIA

550 2387 683 2514 DE
738 2386 1387 2517 IIUMILITATE
1450 2389 1580 2516 ET
1646 2388 2278 2517 OBEDIENTIA
2337 2390 2468 2516 ET
2529 2387 2662 2515 Illi
2736 2385 3248 2517 CALCANDA
3306 2387 3845 2518 SUPERBIA.

629 2741 996 2798 Saecularibus
1022 2743 1179 2796 aliter
1208 2740 1261 2795 in
1294 2739 1536 2796 Ecclesia
1557 2739 1855 2810 loquimur,
1889 2737 2046 2794 aliter
2068 2754 2161 2792 vo—
2187 2739 2241 2800 Α
2266 2736 2354 2807 qui
2385 2734 2584 2803 fuerit,
2613 2735 2702 2792 vel
2733 2737 2822 2805 qui
2853 2736 3222 2792 obedientiam
3256 2747 3517 2804 sectatur,
3557 2754 3662 2793 ron
3694 2739 3866 2796 homi-

549 2837 636 2892 bis
664 2837 808 2906 loqui
839 2835 1124 2892 debemus.
1155 2833 1267 2890 illis
1296 2832 1576 2905 loquimur
1596 2831 1891 2902 aliquando
1913 2846 2004 2888 res
2030 2845 2159 2901 qua:

552 2946 748 2985 sonum
777 2931 1012 2989 halent.
1042 2941 1099 2985 et
1121 2935 1371 2986 virtutem
1403 2944 1509 2982 non
1539 2928 1774 2994 habent.
1816 2927 2159 2983 delectantur

553 3027 699 3082 enim
733 3035 1007 3094 tamquam
1041 3024 1238 3079 inlirmi
1269 3023 1420 3076 simis
1453 3022 1739 3075 verborum
1774 3061 1787 3083 ,
1820 3035 1926 3075 non
1960 3019 2158 3074 virtme

555 3117 674 3174 Dei.
706 3116 815 3172 Vos
845 3125 1026 3172 autem
1054 3116 1106 3170 in
1127 3116 1346 3170 nomine
1364 3114 1564 3167 Christi
1583 3155 1598 3180 ,
1631 3131 1734 3166 non
1763 3113 1816 3166 in
1840 3112 1943 3167 hoc
1968 3112 2156 3167 delec-

558 3210 894 3275 tamini;sed
926 3209 1094 3263 vultis
1126 3207 1313 3262 audire
1344 3207 1534 3261 salutis
1566 3207 1812 3269 verbum,
1847 3206 1899 3260 in
1932 3221 2040 3276 quo
2065 3222 2157 3259 vo-

554 3307 662 3359 cati
685 3316 851 3369 estis;
881 3313 936 3359 et
966 3306 1062 3358 has
1094 3314 1272 3357 vestes
1302 3302 1557 3370 lugubres
1591 3303 1641 3356 in
1672 3301 1874 3355 mundo
1905 3300 2156 3354 ittdttislis

555 3407 942 3467 exspectantes
976 3399 1233 3452 meliores
1263 3397 1403 3465 apud
1458 3396 1644 3450 Deum.
1697 3396 1878 3450 Nostis
1931 3395 2046 3464 jam
2102 3404 2157 3450 et

553 3495 771 3560 Sapitis.
811 3491 930 3547 Jaut
985 3492 1213 3546 mullum
1266 3499 1481 3559 tempus
1509 3491 1594 3543 hic
1640 3489 1853 3545 habetis
1893 3490 2156 3546 adversus

552 3599 718 3654 queui
750 3585 905 3638 Vobis
935 3593 1020 3638 est
1047 3583 1395 3649 colluctatio,
1449 3583 1797 3637 adversarius
1827 3593 2006 3638 vester
2046 3601 2154 3638 non

553 3685 640 3734 est
665 3677 834 3740 tot-is,
868 3677 962 3732 sed
1013 3679 1158 3733 intus
1207 3675 1371 3732 estin
1415 3676 1756 3732 visceribus:
1809 3687 1863 3733 et
1908 3677 1963 3731 in
2019 3677 2155 3747 ipsis

554 3770 817 3825 membris
841 3771 1044 3826 nostris
1067 3771 1332 3824 habemus
1345 3769 1765 3825 abluet-torem.
1790 3770 1846 3824 Si
1871 3770 2015 3824 enim
2033 3788 2156 3824 caro

555 3865 868 3936 concupiscit
889 3863 1134 3918 adversus
1153 3865 1418 3933 spiritum,
1447 3873 1495 3918 et
1525 3865 1738 3932 spiritus
1766 3863 2012 3919 adrersus
2039 3879 2156 3918 car-

555 3973 692 4021 nem,
717 3971 771 4010 ut
803 3974 902 4011 non
931 3973 990 4012 ea
1019 3974 1135 4028 qua:
1157 3956 1389 4012 volumus
1420 3956 1674 4026 fat-iamus
1719 3955 1738 4031 (
1767 3956 1886 4012 Gul.
1914 3974 1966 4024 v,
2001 3957 2065 4012 i7
2089 3957 2110 4025 )
2137 3975 2151 4023 ;

553 4050 749 4105 videtis
780 4049 902 4116 quia
933 4054 1075 4106 intu:
1096 4062 1179 4105 est
1219 4049 1561 4104 atlt'et'SaIius
1608 4050 1732 4102 istc.
1793 4048 2155 4104 Adversarius

2265 2830 2422 2884 nibus
2441 2827 2648 2897 obedit,
2679 2827 2771 2884 sed
2792 2827 2923 2884 Deo.
2947 2830 3040 2885 Sic
3071 2831 3214 2886 enim
3245 2830 3503 2886 Dominus
3523 2833 3626 2885 ait:
3647 2832 3752 2897 Qui
3777 2848 3865 2886 ros
3956 2845 3969 2854 '

2261 2925 2410 2979 audit
2438 2939 2520 2979 me
2539 2923 2688 2980 ttulit
2712 2939 2734 2979 :
2755 2925 2846 2992 qui
2868 2939 2948 2982 me
2967 2925 3118 2981 ttttdit
3137 2965 3156 2992 ,
3185 2925 3332 2978 audit
3359 2941 3476 2978 eum
3503 2927 3590 2994 qui
3615 2943 3696 2981 me
3723 2927 3864 2980 misit

2263 3020 2416 3092 (Luc.
2448 3037 2515 3086 χ,
2547 3021 2666 3089 16).
2718 3020 2897 3076 Abhas
2930 3019 3090 3074 Pater
3143 3028 3260 3085 est,
3319 3033 3615 3090 sequentes
3668 3021 3864 3077 fratres

2262 3115 2594 3171 Patriam-ba:
2623 3124 2770 3169 sunt.
2807 3116 2872 3170 Et
2900 3118 3226 3186 quicumque
3269 3125 3352 3169 est
3381 3114 3519 3170 alius
3550 3115 3696 3171 inter
3719 3129 3822 3170 vos
3843 3155 3860 3181 ,

2260 3210 2352 3281 qui
2383 3209 2526 3264 forte
2549 3209 2744 3264 bonam
2778 3207 2937 3262 habet
2980 3209 3143 3262 vitam
3173 3249 3189 3274 ,
3237 3208 3342 3262 mel
3368 3223 3518 3263 orem
3576 3191 3865 3262 contineti-

2263 3305 2389 3359 tiam
2412 3349 2424 3366 ,
2456 3303 2712 3359 meliores
2739 3301 3294 3373 i-igilias,‘meliorem
3327 3303 3628 3358 custodiam
3669 3315 3866 3369 corpo-

2261 3397 2338 3452 ris
2365 3438 2378 3460 ,
2397 3406 2451 3451 et
2482 3397 2596 3464 ipse
2624 3410 2849 3464 propter
2882 3396 3240 3450 imitationem
3270 3394 3428 3450 Pater
3455 3405 3558 3449 Cal.
3587 3394 3865 3464 Iltccrrgo

2261 3491 2406 3560 agite
2433 3490 2574 3544 inter
2603 3506 2699 3544 vos
2725 3532 2738 3552 ,
2765 3497 2823 3544 ut
2863 3493 3096 3559 primum
3128 3489 3492 3545 humilitatem
3513 3488 3864 3558 custodiazis,

2261 3599 2368 3640 non
2403 3597 2459 3637 nt
2491 3584 2800 3638 lttttttittlltlls
2831 3583 3065 3639 humiles
3097 3583 3425 3651 videamini,
3457 3585 3554 3640 sed
3599 3585 3732 3643 Deo.
3766 3585 3863 3642 Illa

2259 3687 2344 3733 est
2373 3691 2498 3731 vera
2534 3676 2812 3731 humilitas
2836 3719 2850 3742 ,
2885 3693 3006 3747 qua:
3034 3677 3181 3745 Deo,
3235 3693 3342 3734 non
3376 3675 3687 3735 hominibus
3712 3721 3728 3746 ,
3763 3679 3860 3736 de.

2261 3779 2618 3824 monstratur.
2643 3769 2774 3824 Nam
2801 3769 3080 3825 humilitas
3111 3787 3232 3842 qua:
3250 3770 3563 3827 hominibus
3589 3784 3864 3828 monstra-

2262 3873 2373 3930 tur,
2434 3864 2580 3919 ﬁctio
2607 3873 2720 3931 εμι,
2771 3879 2879 3920 non
2941 3864 3246 3930 humilitas,
3295 3865 3436 3938 quod
3489 3881 3519 3920 a
3560 3867 3734 3922 servis
3761 3865 3860 3924 Dei

2260 3958 2486 4012 omnino
2505 3961 2740 4014 alienum
2782 3974 2902 4014 esse
2931 3959 3110 4014 debet.
3167 3957 3285 4015 Non
3338 3959 3555 4030 quidem
3599 3962 3858 4031 arbitror,

2260 4051 2385 4124 quia
2416 4050 2524 4106 sint
2557 4053 2690 4107 tales
2722 4053 2772 4106 in
2807 4052 2994 4119 Vobis;
3035 4051 3130 4109 sed
3183 4069 3252 4108 ne
3276 4066 3525 4125 surrepat
3562 4056 3687 4111 talis
3715 4071 3858 4112 mor-

551 4155 736 4200 autem
766 4145 870 4200 iste
894 4159 997 4199 non
1027 4146 1262 4200 vincitur
1296 4143 1399 4198 nisi
1427 4143 1734 4197 humilitate
1766 4153 1819 4198 et
1847 4143 2111 4198 charitate
2138 4160 2151 4196 :
2185 4155 2233 4214 Β
2263 4145 2393 4212 bus,
2421 4145 2712 4202 admoneo.
2743 4145 2998 4202 Homines
3019 4149 3162 4204 enim
3189 4162 3410 4216 sumus,
3457 4159 3513 4205 et
3538 4148 3854 4206 hominibus

549 4241 675 4310 quia
708 4246 764 4294 et
786 4241 900 4310 ipse
927 4239 1188 4294 Dominus
1212 4249 1396 4294 noster
1425 4235 1584 4292 Jestts
1609 4234 1856 4290 Chri~tns
1876 4236 2150 4291 diabolum

551 4347 659 4388 non
685 4333 922 4395 vii-isset.
958 4333 1058 4386 nisi
1082 4331 1399 4386 humiliatus
1428 4329 1624 4384 fuisset
1648 4347 1662 4394 ;
1690 4328 2010 4384 humiliatus
2057 4345 2154 4384 au-

551 4437 660 4482 tem
709 4443 816 4482 non
866 4428 1224 4491 necessizae.
1266 4423 1361 4480 sed
1416 4424 1701 4479 cbaritate.
1752 4423 1808 4480 Si
1865 4425 2149 4480 enimnon

547 4532 824 4586 amasset,
858 4521 1079 4576 humilis
1104 4519 1276 4575 lat-tus
1330 4519 1671 4576 nonl‘uisset.
1723 4519 1925 4576 Amore
1977 4523 2150 4576 nostri

547 4613 722 4670 factus
750 4625 836 4670 est
867 4615 1103 4668 humilis.
1136 4614 1192 4670 Si
1225 4629 1355 4684 ergo
1381 4613 1468 4682 qui
1492 4612 1615 4683 fecit
1650 4613 1830 4668 cwlum
1859 4621 1903 4666 et
1936 4623 2148 4681 terram,

544 4726 688 4764 more
711 4721 756 4764 et
787 4710 962 4764 omnia
991 4725 1105 4777 qmc
1136 4712 1188 4762 iu
1211 4710 1284 4763 eis
1306 4721 1423 4763 sunt
1451 4707 1679 4778 (Psolm.
1715 4724 1871 4775 cxuv,
1903 4706 1938 4764 ι
1962 4707 2006 4780 ),
2042 4709 2150 4763 Do-

549 4806 730 4860 Illittns
751 4805 1066 4874 angelorum
1091 4804 1364 4869 omnium,
1390 4805 1478 4872 qui
1502 4805 1712 4858 creavit
1743 4803 1923 4856 omnia
1953 4845 1966 4868 ,
2023 4819 2150 4872 pro-

546 4907 669 4968 pter
717 4912 819 4951 nos
870 4895 1094 4950 humili»
1145 4897 1314 4950 laetos
1371 4905 1485 4958 est;
1544 4910 1713 4965 quare
1764 4911 1862 4949 nos
1923 4905 2149 4965 propter

545 4988 912 5057 nusmctipsos
978 5003 1291 5042 recusamus
1349 4987 1774 5043 humilitatem?
1849 4987 1943 5042 Via
2012 5004 2148 5060 ergo

545 5085 734 5139 salutis
759 5102 864 5138 non
899 5096 978 5136 cst
1004 5085 1158 5136 nobis
1189 5085 1370 5150 pervia
1403 5124 1418 5149 ,
1475 5082 1578 5138 nisi
1633 5081 1952 5138 ltutnilialis.
2008 5085 2143 5138 Cum

545 5179 779 5248 conteris
804 5178 1161 5232 humilitatem
1188 5220 1200 5241 ,
1232 5195 1412 5246 quscrc
1460 5194 1576 5232 eam
1610 5188 1828 5249 propter
1875 5178 2043 5233 Deum
2090 5187 2146 5232 (-t

547 5286 772 5342 propter
799 5270 969 5340 ipsam
1002 5271 1480 5340 congregationem
1540 5271 1769 5329 sustine.
1829 5269 1896 5325 Et
1945 5271 1998 5326 in
2029 5272 2142 5340 ipsa

545 5366 965 5434 congregatione
1013 5367 1258 5432 quamvis
1290 5363 1524 5433 atquales
1571 5361 1718 5426 sitis,
1773 5365 2144 5436 unusquisque

545 5457 775 5510 alterum
807 5456 1141 5524 superiorem
1183 5456 1283 5508 sibi
1329 5455 1642 5511 existimare
1695 5455 1852 5510 debet
1881 5499 1894 5521 ,
1927 5458 2140 5512 tann-tsi

2261 4238 2558 4308 loquimur.
2614 4238 2824 4294 Idcirco
2893 4241 3123 4309 primum
3171 4239 3534 4297 humilitatem
3594 4242 3858 4299 fratribus

2260 4333 2452 4386 vestris
2485 4341 2792 4387 monstrare
2834 4331 3048 4388 debetis
3092 4344 3315 4405 propter
3357 4333 3746 4398 imitationem;
3801 4345 3857 4390 ut

2259 4419 2477 4477 l‘umlata
2517 4424 2584 4478 sit
2613 4425 2724 4493 ipsa
2765 4424 3042 4480 humilitas
3081 4427 3299 4482 intusin
3343 4427 3509 4483 corde
3549 4430 3856 4485 secundum

2255 4518 2450 4573 Detnn.
2471 4515 2608 4574 Cum
2629 4519 2790 4574 luerit
2815 4517 3261 4577 cnimhumilitas
3275 4520 3493 4578 fundata
3513 4523 3564 4577 in
3582 4523 3751 4580 corde
3767 4537 3859 4581 tuo

2259 4621 2481 4680 propter
2520 4612 2717 4681 Deum,
2740 4622 2868 4668 tunc
2896 4614 2991 4668 dat
3016 4615 3090 4669 illi
3121 4614 3351 4684 Deus,”
3383 4623 3466 4672 est
3487 4618 3640 4672 fratri
3663 4626 3860 4684 tuo,ut

2255 4705 2524 4774 intelligat
2561 4717 2615 4762 et
2640 4710 2879 4762 imitetur
2903 4706 3261 4764 humilitatem
3295 4721 3461 4765 tuam.
3488 4708 3627 4766 Nam
3671 4712 3719 4767 si
3751 4725 3856 4768 non

2253 4795 2419 4853 fuerit
2449 4799 2730 4856 humilitas
2761 4798 2984 4856 fundata
3017 4803 3068 4856 in
3099 4803 3269 4858 cunde
3298 4812 3426 4870 tuo;
3457 4807 3694 4860 ostendit
3715 4805 3857 4863 heus

2253 4893 2403 4948 fratri
2424 4904 2513 4948 tuo
2531 4938 2544 4956 ,
2570 4899 2690 4966 quia
2719 4896 2838 4950 licia
2861 4905 2947 4953 est
2975 4897 3249 4953 humilitas
3275 4909 3388 4954 tua.
3414 4900 3590 4955 l'rima
3613 4918 3745 4972 ergo
3767 4901 3854 4958 via

2251 4987 2447 5042 Salutis
2479 4987 2594 5042 hate
2624 5001 2705 5043 ρει
2742 5009 2754 5042 :
2787 4989 3149 5046 humilitatem
3181 5001 3367 5048 tenere
3391 4994 3698 5066 simplicem
3723 5011 3850 5068 pro-

2250 5089 2374 5147 pter
2405 5079 2609 5148 Deum,
2667 5098 2774 5138 non
2831 5091 3054 5154 propter
3103 5084 3377 5140 hominem
3421 5104 3434 5142 :
3487 5104 3593 5142 non
3637 5089 3850 5155 placere

2252 5172 2376 5227 inde
2406 5172 2734 5241 hominibus,
2767 5177 2860 5231 sed
2893 5177 3108 5245 placere
3138 5179 3265 5236 inde
3312 5183 3441 5237 Deo.
3479 5182 3849 5240 Humilitatem

2246 5277 2504 5338 sequatur
2540 5270 2849 5325 obcdientia
2871 5313 2884 5336 ,
2926 5283 2984 5328 et
3019 5273 3415 5344 obtemperetis
3461 5279 3615 5331 vobis
3679 5278 3810 5346 ipsis
3833 5321 3847 5345 ,

2249 5362 2389 5418 sicut
2417 5365 2518 5418 sibi
2543 5365 2923 5436 obtetttperattl
2956 5367 3221 5426 membra.
3249 5369 3521 5442 Numquid
3550 5389 3672 5428 cum
3717 5389 3850 5429 con-

2249 5457 2374 5510 silio
2403 5457 2781 5526 obtemperant
2809 5461 3049 5515 membra
3079 5504 3092 5525 ,
3129 5473 3184 5517 et
3229 5479 3336 5518 non
3384 5468 3621 5520 naturali
3672 5465 3850 5520 citari-

545 5566 652 5606 non
685 5549 754 5604 sit
779 5551 1044 5617 superior.
1073 5546 1190 5603 Non
1213 5547 1342 5604 illud
1377 5546 1535 5610 facit.
1567 5548 1669 5602 nisi
1715 5549 1804 5619 qui
1859 5549 2138 5606 lmmilita-
2168 5565 2216 5631 ς
2246 5548 2398 5604 tato?
2423 5548 2463 5602 si
2491 5563 2588 5618 pes
2611 5550 2934 5617 oll'enderit,
2957 5567 3152 5610 manus
3178 5557 3409 5622 occat-it,
3435 5573 3504 5613 ne
3524 5564 3699 5617 totum
3723 5573 3847 5612 eur-

540 5651 654 5700 tem
689 5643 957 5697 habuerit.
981 5641 1094 5696 Neu
1119 5652 1200 5696 eat
1226 5640 1600 5697 necessarium
1630 5643 1803 5696 servis
1851 5642 1944 5697 Dei
1992 5643 2135 5698 aliud

542 5737 824 5808 praemium
852 5779 864 5801 ,
898 5736 998 5790 nisi
1030 5733 1340 5790 humilitas:
1372 5735 1494 5806 quia
1529 5734 1803 5790 humilitas
1831 5779 1844 5800 ,
1881 5735 1924 5789 si
1976 5735 2141 5792 fuerit

545 5821 599 5883 in
634 5827 886 5891 homine,
937 5824 1061 5882 iacit
1119 5825 1269 5881 illum
1300 5825 1664 5884 obedientem.
1699 5825 1976 5884 Oliediens
2000 5842 2134 5885 vero

2249 5657 2349 5711 pus
2382 5641 2627 5709 Iredatur,
2662 5655 2714 5698 ut
2743 5645 2920 5699 cadat.
2947 5645 3098 5702 Sicut
3127 5647 3202 5702 ait
3255 5644 3550 5718 Apostolus
3577 5669 3589 5701 :
3623 5651 3685 5704 Si
3709 5650 3848 5719 pati-

2252 5744 2336 5792 tur
2364 5753 2521 5791 unum
2545 5739 2823 5794 membrum
2846 5782 2860 5806 ,
2894 5743 3280 5810 compatiuntur
3312 5744 3488 5799 omnia
3517 5743 3746 5800 membra
3777 5745 3796 5815 (
3827 5744 3844 5798 l

2249 5826 2363 5884 Cor.
2388 5845 2464 5886 int
2491 5869 2504 5897 ,
2535 5831 2608 5886 96
2633 5830 2672 5900 ).
2706 5831 2862 5890 Unde
2885 5848 3016 5906 ergo
3033 5879 3047 5902 ,
3067 5835 3175 5892 nisi
3203 5849 3269 5894 es
3287 5834 3602 5894 claritate?
3629 5834 3690 5894 Si
3709 5848 3846 5907 ergo
