4180 6436
597 271 662 333 7|
1867 273 2221 335 AUCTORIS
2261 278 2574 338 ANONYMI
3836 277 3910 340 εις

1005 484 2014 650 AUCTOR
2146 483 3500 657 ANONYMUS.

1672 737 1805 802 CUJ
1813 738 1908 803 US
1950 739 2218 803 OPERA
2262 741 2776 825 PRODIERUNT

866 914 1196 1023 SUB
1388 915 2065 1021 ΝΟΜΙΝΕ

2263 918 2342 1022 i.
2530 918 3614 1029 ATHANASII.

1830 1113 1905 1165 Ex
1931 1127 2048 1179 opp.
2074 1115 2130 1166 S.
2154 1114 2406 1167 Athanasii
2431 1123 2549 1168 tom.
2575 1115 2647 1168 Ill
2696 1157 2711 1170 .

656 1238 1337 1315 ADMONITUM
1418 1234 1530 1308 IN
1609 1235 2233 1324 SEQUENTIA
2309 1237 2523 1311 Ι)Ηο
2573 1236 3130 1313 OPUSCULA
3208 1239 3777 1319 ASCETICA.

590 390 3886 419 W

650 1492 696 1548 Α
725 1491 900 1548 multis
937 1492 1053 1562 jam
1095 1488 1305 1545 seculis
1334 1488 1696 1560 subsequentes
1723 1487 1841 1543 dua:
1869 1486 2103 1541 ascetica:
2139 1484 2526 1542 exhortationes
2565 1486 2637 1541 ad
2666 1489 2947 1543 monachos
2976 1497 3024 1543 et
3049 1488 3117 1543 ad
3142 1505 3361 1558 sponsas
3391 1488 3584 1545 Christi
3605 1490 3878 1549 Athanasii

578 1584 788 1642 nomine
814 1583 1071 1654 prodiere.
1118 1579 1185 1635 In
1209 1579 1519 1635 collectione
1553 1576 1799 1650 namque
1820 1576 2163 1648 (legitimum,
2210 1592 2328 1649 quae
2349 1586 2528 1631 actaeo
2557 1581 2747 1633 iaculo
2770 1595 2803 1632 a
2833 1576 3113 1633 Benedicto
3137 1577 3433 1635 Anianense
3458 1581 3765 1636 concinnata
3790 1589 3884 1649 est,

594 1687 817 1750 utraque
837 1684 1095 1749 comparet
1117 1674 1391 1730 Athanasii
1413 1672 1622 1727 nomine
1647 1670 1899 1742 inscripta
1922 1687 1940 1736 ;
1971 1685 2088 1723 cum
2126 1679 2310 1735 neutra
2338 1680 2508 1723 tamen
2530 1666 2807 1725 Athanasii
2837 1669 2967 1723 nihil
2994 1670 3092 1723 nisi
3120 1685 3304 1724 nomen
3322 1670 3584 1725 admittat.
3613 1668 3754 1725 Nam
3774 1672 3889 1741 ipso

582 1768 699 1823 luce
720 1768 913 1822 clarius
941 1776 1044 1831 est,
1097 1782 1129 1819 a
1156 1764 1342 1819 Latino
1367 1763 1643 1831 scriptore,
1679 1772 1726 1815 et
1755 1760 1963 1833 quidem
1989 1758 2220 1831 eleganti
2247 1759 2550 1829 Latineque,
2599 1772 2654 1813 nt
2680 1760 2776 1816 illa
2803 1769 2978 1826 aetate,
3012 1762 3354 1831 peritissimo,
3383 1761 3667 1818 adornatas
3708 1765 3883 1836 fuisse.

580 1860 830 1922 Secunda
849 1877 1024 1932 porro,
1050 1860 1104 1914 in
1132 1858 1273 1914 Actis
1298 1854 1520 1912 Conctlii
1554 1854 1993 1927 Aquisgrttnensis
2020 1859 2161 1906 exttt‘t
2193 1852 2421 1925 integra,
2451 1852 2838 1925 Athanasioqtte
2875 1853 3171 1909 asrribitnr.
3201 1852 3348 1910 Unde
3384 1854 3606 1926 fortasse
3631 1858 3887 1928 suspicari

580 1953 755 2023 liceat,
787 1952 947 2025 fuisse
970 1950 1135 2010 illaut.
1153 1952 1445 2020 pariterque
1473 1950 1702 2019 priorem
1732 1965 1846 2014 qua:
1865 1948 2043 2002 eodeni
2072 1947 2233 2016 ferme
2250 1945 2374 2017 styli
2402 1962 2588 2018 genere
2613 1948 2909 2017 conscripta
2929 1956 3026 2017 est,
3051 1949 3116 2002 ab
3136 1957 3346 2003 auctore
3369 1965 3463 2003 suo
3483 1950 3885 2034 commendati?

579 2046 663 2102 stis
690 2060 851 2099 causa
878 2042 1156 2099 Athanasii
1182 2042 1392 2096 nomine
1415 2041 1732 2109 insignitum.
1763 2036 2050 2107 Utrumque
2074 2046 2249 2091 autem
2271 2034 2585 2110 apnscnlum
2611 2039 2666 2091 in
2696 2037 2998 2109 Appendice
3036 2038 3106 2093 ad
3136 2036 3378 2095 Codicem
3399 2038 3743 2111 Regularum,
3790 2058 3881 2099 en-

577 2146 729 2195 rante
748 2135 893 2193 Luca
917 2132 1195 2191 Holstenio
1212 2134 1413 2189 editum
1432 2133 1533 2205 fuit
1563 2131 1785 2187 Parisiis
1808 2147 1947 2185 anno
1977 2129 2133 2186 l663.

577 2247 3859 2273 Mm.“

1335 2328 2132 2419 EXHORTATIO
2208 2329 2368 2413 AD
2443 2329 3127 2417 MONACHOS.

654 2593 722 2652 Et
749 2595 796 2651 si
853 2593 983 2664 quid
1039 2592 1267 2665 gloriari
1294 2591 1349 2648 in
1372 2589 1592 2647 Christo
1639 2590 1810 2653 licet,
1869 2583 2178 2657 huiusmodi
2206 2587 2337 2647 Ain
2372 2585 2751 2644 holocaustum
2786 2591 2981 2655 nostri,
3014 2590 3251 2648 hostiam
3285 2594 3604 2652 voluntaria:
3628 2596 3863 2656 oblatio-

586 2686 874 2759 principiis
920 2686 1150 2754 initiati,
1182 2694 1239 2741 nt
1266 2685 1337 2741 sit
1372 2683 1648 2739 inchoatio
1676 2693 1858 2739 vestra
1888 2680 2177 2751 perfectio,

573 2791 630 2839 et
659 2782 724 2837 ad
744 2798 928 2838 veram
952 2781 1172 2837 vivendi
1202 2781 1407 2851 frugem
1430 2778 1635 2851 gradus
1659 2775 2015 2847 interpositos
2039 2790 2180 2844 prae-

583 2875 834 2932 volantes
854 2915 871 2939 ,
917 2874 1071 2946 apice
1112 2873 1282 2943 ipsius
1319 2872 1575 2928 culminis
1602 2876 1899 2939 occupato,
1927 2865 2173 2936 discipli-

576 2985 665 3026 na
695 2984 965 3025 summam
996 2969 1255 3034 teneatis,
1284 2966 1423 3022 utin
1460 2964 1599 3021 votis
1629 2964 1836 3019 habere
1866 2962 2089 3029 debeat,
2122 2970 2179 3016 et

570 3059 778 3117 imitari
808 3060 1040 3131 quisque
1071 3073 1173 3114 vos
1201 3058 1384 3130 potius
1414 3074 1574 3128 quam
1603 3070 1764 3127 posse
1791 3055 1991 3111 credat
2018 3052 2176 3108 insti-

572 3154 686 3209 tui:
722 3152 851 3209 milii
884 3162 1068 3208 tamen
1124 3150 1285 3221 hujus
1332 3149 1616 3206 licentiam
1658 3147 2036 3220 praerogativa:
2074 3160 2169 3215 pa-

588 3256 786 3303 ternus
812 3244 1071 3315 ascripsit
1092 3241 1323 3299 allectus
1342 3287 1356 3311 ,
1385 3250 1443 3298 et
1468 3240 1852 3311 amplectenda
1882 3239 2016 3295 mihi
2043 3253 2169 3294 vcs-

575 3349 681 3397 tras
710 3337 1172 3410 expostulationis
1228 3337 1467 3395 exactio.
1517 3336 1619 3405 Qui
1646 3335 1777 3391 dum
1808 3350 1897 3390 me
1942 3332 2168 3401 auditis,

575 3448 688 3490 non
711 3432 889 3490 solum
910 3430 1274 3495 libenter,sed
1299 3430 1461 3486 etiam
1489 3429 1645 3484 avide
1672 3428 2040 3499 impudentem
2077 3442 2165 3481 me

568 3537 761 3583 vestro
809 3540 1007 3581 amore
1049 3523 1281 3581 fecistis.
1316 3521 1698 3579 Prmcedentes
1722 3522 1887 3589 duco,
1936 3529 1994 3577 et
2020 3522 2158 3575 ultra

568 3636 884 3678 mensuram
939 3634 1075 3676 mea:
1125 3617 1508 3691 possibilitatis
1547 3626 1811 3672 extensus
1838 3630 1975 3686 quos
2010 3614 2164 3684 sequi

572 3714 757 3782 cupio,
788 3714 999 3768 ducere
1027 3710 1357 3783 compellor.
1389 3707 1619 3781 Petgam
1655 3710 1820 3779 igitur
1848 3722 1946 3777 per
1972 3708 2164 3762 trami-

570 3815 681 3863 tem
706 3803 830 3861 vita:
854 3813 1082 3867 vestra).
1121 3811 1184 3859 ut
1206 3803 1361 3874 quasi
1397 3804 1489 3873 qui
1519 3801 2039 3872 primislitterarutn
2064 3802 2165 3854 im-

556 3900 755 3957 buatur
779 3898 1074 3956 elementis
1118 3897 1369 3968 depictis,
1427 3896 1787 3952 adumbratas
1843 3895 2162 3967 pra-[igura-

2287 2680 2370 2734 nis
2400 2694 2676 2751 aptemus,
2700 2681 3082 2740 desiderantes
3103 2698 3263 2741 escas
3287 2694 3347 2743 et
3371 2699 3650 2756 parantes,
3671 2704 3737 2746 ac
3760 2693 3875 2763 pri-

2288 2772 2523 2828 matibus
2552 2773 2661 2828 illis
2712 2774 2777 2828 ad
2809 2790 3128 2832 mensuram
3166 2779 3337 2834 venia:
3369 2779 3515 2836 hanc
3542 2785 3871 2841 sententiam

2283 2864 2605 2937 largientes:
2635 2866 2817 2924 Omnis
2836 2880 3076 2924 creatura
3098 2870 3194 2925 Dei
3214 2871 3373 2938 bona,
3394 2883 3441 2927 et
3463 2873 3597 2930 niltil
3617 2877 3867 2949 objicien-

2279 2958 2425 3023 dunt,
2475 2958 2614 3024 quod
2641 2976 2758 3015 cum
2788 2964 3074 3030 gratiarum
3114 2965 3317 3019 actione
3344 2967 3631 3039 percipitur
3661 2969 3704 3041 (Ι
3737 2968 3869 3025 Tini.

2277 3066 2350 3118 tv,
2376 3051 2453 3125 4).
2485 3052 2593 3108 Nos
2622 3055 2687 3108 ad
2715 3060 3000 3127 praemium
3031 3057 3220 3126 gloriae
3249 3060 3347 3113 illo
3386 3060 3577 3118 labore
3606 3064 3869 3133 nitentes,

2275 3143 2477 3199 bonum
2524 3155 2609 3201 est
2639 3163 2747 3203 non
2779 3149 3112 3215 manducare
3162 3166 3411 3219 carnem,
3469 3170 3648 3226 neque
3673 3154 3865 3213 bibere

2276 3236 2481 3291 viuum.
2535 3237 2599 3292 Et
2631 3256 2823 3295 rursus
2848 3260 2859 3294 :
2894 3240 3073 3296 Omnis
3098 3242 3190 3313 qui
3220 3244 3274 3299 in
3301 3260 3468 3315 agone
3489 3246 3776 3314 contendit,
3805 3248 3868 3305 ob

2275 3332 2514 3384 omnibus
2542 3348 2598 3385 se
2620 3334 2842 3388 abstinet
2900 3335 2939 3405 (l
2973 3334 3098 3391 Cor.
3129 3352 3217 3401 ιχ,
3245 3335 3365 3409 25).
3420 3338 3485 3394 Et
3515 3340 3592 3395 illi
3617 3339 3866 3411 quidem,

2274 3432 2329 3474 ut
2357 3425 2768 3488 cortuptihilem
2816 3442 3074 3482 coronam
3108 3430 3408 3499 accipiant,
3440 3445 3539 3487 nos
3565 3443 3745 3490 autem
3781 3435 3866 3490 in.

2269 3526 2605 3584 eorrttptam.
2634 3518 2983 3574 Abstinentia
3010 3521 3157 3577 enim
3175 3525 3528 3580 continentia:
3548 3530 3733 3584 nutrix
3753 3539 3856 3597 e5t,

2268 3620 2371 3676 qua
2406 3608 2629 3679 innupta
2654 3609 2771 3665 sive
2801 3621 2991 3679 nupta,
3026 3613 3235 3671 facilius
3264 3618 3647 3687 passibilitatis
3676 3625 3860 3680 lreuos

2267 3700 2495 3771 patitur,
2521 3701 2567 3756 si
2596 3717 2704 3757 non
2729 3704 3047 3761 deliciarum
3068 3709 3377 3766 calcaribus
3399 3711 3678 3783 incitetur,
3698 3730 3859 3787 quam

2267 3793 2349 3848 sic
2375 3808 2494 3857 cos,
2526 3801 2617 3866 qui
2640 3796 2706 3849 ad
2729 3812 2943 3852 siunma
2970 3804 3241 3868 nituntur,
3270 3803 3355 3859 vel
3378 3809 3561 3875 cupio,
3590 3808 3681 3863 vel
3708 3824 3866 3866 man-

2268 3885 2341 3939 do
2366 3886 2548 3943 colere
2574 3931 2590 3957 ,
2643 3904 2711 3944 ne
2741 3902 2929 3959 putent
2963 3892 3015 3946 itt
3042 3893 3166 3948 aliis
3193 3895 3403 3950 crimen
3434 3910 3557 3952 esse
3585 3899 3857 3968 nupsisse.

575 3991 818 4049 tionibus
850 4000 1007 4046 notas
1037 3990 1178 4063 styln
1202 3988 1477 4045 imitatore
1497 3987 1742 4048 calcabo.
1763 3986 2158 4043 accedentibus
2191 3980 2242 4043 B
2266 3980 2504 4035 scientes
2550 3983 2816 4051 scriptum
2849 3999 2973 4040 esse
3000 4004 3011 4039 :
3071 3984 3279 4041 Bonum
3308 3998 3382 4043 est
3422 3989 3643 4055 nubere,
3675 3993 3859 4049 melius

574 4084 641 4142 ad
667 4095 884 4155 sperata
938 4083 1079 4140 beati
1130 4081 1367 4138 instituti
1410 4079 1654 4152 prtemia.
1708 4094 1832 4151 quae
1870 4078 2157 4151 sequenda

559 4191 714 4238 sunt.
745 4178 982 4235 Primum
1028 4176 1379 4233 abstinentiae
1408 4191 1562 4239 cura,
1602 4173 1821 4244 jc-junii,
1848 4175 2154 4243 patientim,

562 4274 755 4332 orandi
780 4273 1079 4331 assiduitas
1107 4268 1433 4342 et-Iegendi,
1458 4271 1541 4324 vel
1568 4267 1611 4322 εἰ
1635 4269 1759 4337 quis
1789 4267 1971 4322 adhuc
2003 4269 2151 4323 litte-

569 4386 753 4427 rarum
783 4384 982 4442 expers
1009 4369 1102 4433 sit,
1136 4365 1391 4420 audiendi
1424 4365 1495 4420 sit
1521 4361 1862 4418 desiderium
1893 4377 2017 4419 cum
2051 4377 2149 4417 cu-

551 4464 779 4537 piditate
802 4459 1072 4517 discendi.
1134 4459 1258 4513 llaec
1289 4456 1436 4513 enim
1463 4466 1589 4511 sunt
1638 4458 1810 4524 prima
1841 4457 1993 4524 quasi
2029 4455 2140 4510 lae—

570 4555 799 4611 lentium
849 4552 1241 4609 cunabnforutn
1275 4552 1330 4605 itt
1364 4550 1459 4605 Dei
1489 4547 1770 4621 agnitione
1822 4546 2150 4620 crepundia,

559 4648 758 4720 quibus
801 4645 965 4700 homo
994 4644 1334 4710 admonitus,
1387 4651 1542 4698 ortus
1590 4641 1672 4696 sui
1703 4641 1871 4695 divini
1907 4640 2153 4696 tramitis

552 4739 762 4812 ingredi
788 4739 927 4793 viam
960 4737 1104 4793 velle
1127 4735 1388 4806 incipiat,
1422 4736 1548 4789 dum
1585 4750 1748 4803 posse
1791 4741 2141 4788 consuescat.

556 4834 623 4891 Et
652 4832 873 4901 quidem
906 4832 1009 4887 ista
1030 4829 1279 4893 tradens,
1305 4845 1413 4884 non
1438 4827 1508 4883 de
1534 4827 1686 4897 vulgi
1707 4828 2011 4897 promiscua
2044 4825 2151 4882 fide

554 4926 775 4997 loquor,
826 4924 972 4994 quod
1032 4920 1424 4992 omnipotentis
1463 4919 1556 4975 Dei
1609 4927 1822 4973 tantum
1873 4917 2148 4973 insinuata

554 5018 851 5086 confessio,
908 5027 966 5073 et
1010 5015 1337 5070 innocentia:
1390 5012 1686 5080 singularis
1716 5011 1983 5067 instillata
2010 5010 2145 5066 doc-

551 5116 724 5181 trina,
752 5113 908 5169 vcnia
940 5111 1053 5167 sola
1086 5112 1259 5167 ellicit
1282 5124 1409 5165 esse
1434 5117 1774 5164 contentum.
1810 5106 2146 5177 Quamquam

554 5208 821 5265 Dominus
847 5214 1054 5269 noster,
1097 5206 1237 5260 sicut
1265 5203 1493 5273 legimus
1547 5201 1731 5272 (Rom.
1762 5217 1857 5264 vtt,
1890 5199 1968 5270 li),
2020 5215 2142 5255 ont-

565 5319 665 5360 nes
695 5303 831 5358 velit
858 5302 1039 5357 salvos
1067 5299 1187 5354 licri
1215 5307 1270 5354 et
1311 5298 1381 5352 ad
1408 5296 1739 5365 :-gniti0nem
1769 5293 2021 5349 veritatis
2051 5308 2145 5348 ve-

2263 4082 2339 4126 est
2365 4088 2470 4127 non
2492 4076 2685 4129 imitere
2709 4074 2755 4142 (l
2782 4073 2905 4133 Cor.
2944 4093 3043 4145 vn,
3073 4078 3192 4151 37).
3243 4080 3348 4146 Qui
3376 4081 3480 4139 hoc
3508 4084 3657 4137 enim
3692 4083 3853 4140 illici-

2265 4174 2382 4221 tum
2414 4171 2672 4233 credunt,
2708 4172 2807 4240 ipsi
2838 4173 3121 4243 pra'mium
3153 4175 3236 4230 sui
3267 4174 3476 4231 laboris
3501 4175 3853 4234 imminuunt.

2264 4257 2485 4314 [licitis
2513 4263 2659 4316 enim
2690 4278 2916 4327 cavere,
2969 4265 3159 4335 iugum
3190 4268 3534 4324 neCcssitsctis
3556 4281 3641 4326 est
3668 4287 3683 4324 :
3728 4285 3856 4342 per-

2262 4352 2697 4417 miss:tvincere,
2732 4371 2932 4410 nmnns
2961 4357 3198 4412 arbitrii.
3228 4358 3385 4415 Malis
3406 4361 3717 4429 abstinere,
3745 4363 3857 4420 dis-

2258 4444 2478 4514 ciplinte
2506 4462 2717 4502 merces
2748 4458 2855 4515 est,
2915 4448 3057 4504 bona
3085 4451 3433 4523 supergredi,
3482 4452 3713 4510 libertas
3741 4472 3854 4511 tne—

2259 4536 2347 4592 rili
2379 4547 2461 4593 est
2481 4582 2497 4605 ,
2534 4555 2642 4593 non
2674 4540 2803 4596 linis
2835 4541 3070 4612 imperii.
3125 4541 3262 4599 Illud
3292 4543 3428 4616 legis
3458 4544 3728 4611 indultum
3759 4560 3847 4605 est.

2259 4630 2533 4698 terminis,
2564 4631 2666 4686 hoc
2693 4633 2885 4704 gratia:
2918 4646 3266 4691 reservatum
3293 4647 3382 4692 est
3410 4636 3791 4696 incrementis.

2323 4722 2380 4776 2.
2412 4721 2755 4793 ieiunium-tt
2808 4741 3027 4797 quoque
3064 4742 3171 4782 non
3214 4728 3289 4783 sit
3316 4728 3630 4786 volentibus
3685 4742 3847 4789 certa

2256 4830 2536 4880 mensura,
2568 4817 2663 4873 sed
2695 4818 2748 4873 in
2777 4829 3041 4891 quantum
3074 4821 3412 4891 possibilitas
3433 4823 3600 4893 valet,
3624 4825 3745 4881 nisu
3768 4826 3849 4881 la-

2255 4907 2500 4964 borantis
2528 4919 2757 4966 extensa
2781 4954 2794 4978 ,
2845 4928 2969 4983 qua:
2997 4922 3204 4983 prteter
3250 4913 3587 4971 Dominicam
3616 4933 3843 4991 semper

2252 5002 2360 5056 sint
2390 5003 2659 5058 Solemnia
2681 5048 2697 5072 ,
2748 5005 2793 5058 si
2828 5005 3009 5059 votiva
3040 5006 3170 5060 sint.
3225 5006 3322 5061 llis
3349 5021 3475 5064 sese
3503 5009 3684 5065 Moses
3710 5011 3837 5067 bea-

2253 5097 2498 5151 tissimus
2540 5112 2879 5166 prtcparans,
2912 5097 3166 5153 ullatinus
3207 5100 3302 5155 Dei
3343 5101 3542 5171 dignus
3590 5105 3838 5174 ingessit.

2251 5188 2348 5243 llis
2377 5190 2668 5257 prmdictas
2701 5205 2796 5257 per
2821 5189 3015 5246 Jonam
3052 5191 3303 5247 Ninivitte.
3336 5194 3539 5258 minas,
3583 5194 3635 5249 in
3664 5196 3838 5266 placi-

2246 5280 2373 5336 dam
2403 5295 2594 5335 rursus
2624 5280 2834 5336 llexere
2864 5285 3217 5340 sententiam.
3259 5285 3352 5339 llis
3379 5284 3644 5340 Betltulite
3674 5303 3846 5359 popu-

544 5397 666 5455 nire
684 5438 699 5465 ,
718 5394 1041 5465 tamenquia
1066 5390 1471 5463 pra'cminentis
1496 5389 1686 5459 gratia:
1717 5390 1893 5443 cuncti
1916 5401 2142 5456 capaces
2169 5379 2215 5442 C
2247 5374 2333 5431 lus
2356 5374 2578 5447 Assyria
2609 5375 2898 5433 obsidione
2928 5379 3222 5434 conclusus
3242 5420 3257 5444 ,
3285 5390 3341 5433 et
3370 5394 3547 5450 usque
3577 5380 3645 5435 ad
3673 5380 3831 5437 dedi-

540 5502 669 5544 asse
700 5503 809 5541 non
844 5495 1108 5555 possunt:
1145 5483 1262 5539 Non
1289 5481 1433 5537 enim
1456 5480 1671 5553 (Cenes.
1699 5496 1821 5547 XXI;
1856 5477 2034 5533 Colat.
2060 5479 2137 5551 tv)

542 5595 756 5648 omnes,
800 5579 892 5651 qui
921 5596 992 5636 es
1022 5578 1192 5634 Israel
1223 5586 1375 5643 sunt,
1434 5575 1697 5631 Israelitm
1725 5583 1852 5628 sunt
1901 5571 2052 5646 (nam
2083 5582 2142 5630 et

547 5676 595 5735 Is
611 5675 752 5733 mael
782 5692 812 5730 a
844 5672 1125 5731 consortio
1159 5672 1415 5728 fraterna:
1438 5669 1775 5724 humilitatis
1805 5667 2135 5736 excluditur,

563 5781 620 5828 et
645 5779 1074 5840 compugnanles
1099 5765 1271 5823 Jacob
1299 5774 1353 5819 el.
1383 5764 1523 5819 Esau
1552 5805 1565 5828 τ
1597 5764 1751 5816 unius
1784 5762 1925 5818 uteri
1958 5762 2130 5816 claus-

558 5874 639 5926 tra
671 5862 1004 5937 ruperunt),
1062 5859 1151 5917 vel
1191 5857 1430 5916 contenti
1463 5866 1626 5928 puteo
1652 5869 1805 5926 aquae
1834 5858 2003 5924 vivae,
2038 5870 2136 5910 nos

2250 5472 2454 5525 tionem
2482 5471 2565 5523 sui
2598 5483 2821 5537 exnerta
2856 5472 3091 5540 plurima
3134 5475 3339 5528 virtute
3369 5474 3737 5539 conterritus,
3761 5475 3832 5529 alt

2248 5561 2619 5632 llolophcrnis
2649 5565 2988 5621 tttmentiltUs
3018 5565 3183 5622 minis
3222 5568 3531 5623 constantis
3562 5582 3726 5623 manu
3758 5567 3839 5623 fe-

2249 5657 2412 5709 mina:
2444 5656 2647 5711 meruit
2672 5655 2959 5712 vindicati.
2988 5659 3084 5713 llis
3115 5658 3491 5715 Mardocltmus
3510 5663 3681 5715 Aman
3709 5675 3838 5715 cru-

2242 5747 2421 5804 delent
2458 5749 2742 5817 snperltia,
2776 5764 3089 5821 prteparato
3121 5752 3341 5808 sibimet
3394 5753 3540 5824 ligno
3594 5762 3836 5822 accepta:

2243 5858 2422 5917 putate
2477 5844 2843 5903 conversione
2891 5847 3198 5920 suspendit.
3254 5847 3347 5905 llis
3395 5847 3555 5905 Josus
3583 5847 3834 5909 Salvator
