4180 6488
401 380 467 432 ’13
1526 384 1964 441 ΕΧΠυῑΠΑΤΙΟ
2007 386 2093 439 AD
2136 385 2514 441 MONACHOS.
3577 397 3640 446 τι

403 499 583 543 noster
612 489 664 544 in
690 505 851 546 carne
877 491 1105 546 hominis
1126 533 1140 557 ,
1171 507 1326 562 quem
1356 506 1719 564 assumpserat
1744 537 1759 559 ,
1790 494 1969 549 erudi-
2004 500 2047 553 Α
2079 496 2131 546 in
2172 496 2402 549 elatione
2440 495 2662 564 superla
2688 497 2942 565 j-icleltlt‘;
2988 500 3077 553 sed
3108 500 3399 554 ob-crvans
3439 513 3643 570 tempus

402 593 518 643 tus,
559 580 804 635 suadelas
855 582 1050 636 diaboli
1089 585 1342 638 tentantis
1375 584 1639 639 obtundit.
1686 587 1828 651 Quas
1872 586 1970 638 (ιικί

400 671 467 723 ali
492 687 552 724 er
579 673 837 739 potuisset
878 672 1180 741 expellere,
1220 673 1490 728 docendos
1534 686 1707 730 tamen
1752 677 1973 745 pupulos

400 765 566 815 voluit
603 765 700 818 ltac
739 765 1035 822 imitatione
1071 766 1321 820 formare.
1353 768 1695 822 Orationibus
1734 785 1858 822 vero
1902 769 1969 821 ita

401 851 704 922 frequenter
727 857 1032 911 instandum
1059 867 1175 923 est,
1209 868 1264 912 ut
1283 859 1372 913 vix
1405 875 1495 914 eas
1523 860 1732 928 aliquod
1765 870 1971 928 tempus

401 943 703 1012 interpolet.
740 945 1007 1016 Scriptum
1049 960 1126 1003 est
1163 951 1304 1004 enim
1336 968 1349 1004 :
1387 951 1712 1004 Orationibus
1749 952 1966 1017 instate,

398 1032 664 1102 rigilantts
693 1037 745 1088 in
770 1035 876 1089 illis
895 1036 1108 1107 (Hattlt.
1133 1055 1222 1101 vn,
1252 1040 1357 1108 18).
1384 1040 1447 1095 Et
1468 1041 1658 1094 iterum
1684 1060 1696 1093 :
1725 1043 1966 1107 Qua'rite,

397 1132 445 1174 et
472 1123 773 1190 invenietis;
819 1129 1046 1195 pulsate,
1090 1137 1137 1182 et
1175 1131 1428 1198 aperietur
1465 1131 1601 1185 vobis
1635 1131 1845 1202 (Matth.
1882 1148 1965 1198 vt,

401 1213 509 1280 t9).
545 1212 646 1268 Per
677 1215 775 1269 has
798 1219 1000 1274 amicus
1024 1221 1294 1274 dormiens
1323 1221 1581 1275 excitatur
1611 1240 1622 1274 :
1653 1234 1706 1276 et
1731 1227 1968 1292 quamvis

396 1320 611 1357 omnem
643 1305 894 1362 familiam
925 1325 1087 1379 sopor
1114 1312 1251 1367 altus
1279 1313 1582 1380 obsederit,
1624 1316 1858 1385 depromi
1891 1328 1966 1372 ta-

399 1409 521 1449 men
550 1396 651 1450 siti
688 1412 750 1450 ac
789 1401 983 1470 porrigi
1027 1417 1191 1472 panes
1229 1405 1561 1473 importunus
1605 1410 1967 1476 expostulator

394 1494 697 1554 extorquet.
732 1488 863 1551 llas.
897 1492 938 1544 si
967 1491 1082 1547 ﬁeri
1113 1502 1319 1562 potest,
1349 1497 1464 1550 sola
1496 1497 1700 1566 legendi
1740 1501 1964 1554 interca-

400 1577 536 1643 ιιι·άο
557 1579 889 1648 disrumpat:
915 1582 1065 1650 cujus
1096 1584 1172 1638 rei
1201 1585 1400 1639 cura'in
1430 1588 1698 1640 canonicis
1725 1591 1962 1656 ponenda

393 1680 477 1722 εει
524 1672 866 1728 monimentis
906 1691 918 1726 :
973 1690 1074 1728 non
1121 1677 1260 1745 quod
1303 1680 1600 1750 apocrypha
1639 1681 1960 1747 debeamus,

395 1762 695 1825 praesertim
727 1763 979 1832 ignorata,
1008 1767 1281 1832 damnare,
1311 1769 1402 1823 sed
1430 1770 1568 1837 quod
1596 1771 1661 1825 ad
1684 1773 1958 1827 scientiam

2078 589 2284 643 tacendi
2305 632 2319 653 ,
2353 601 2405 643 et
2439 599 2643 655 tempus
2675 593 2951 660 loquendi,
2984 608 3140 648 omne
3174 597 3389 648 verbum
3414 596 3639 650 Otiosum

2073 680 2359 732 obnoxium
2392 682 2522 733 sciat
2544 696 2662 735 esse
2692 683 2902 735 rationi.
2936 683 3062 736 Nam
3094 685 3214 737 ideo
3239 696 3290 739 et
3323 687 3477 738 llatid
3514 691 3639 741 lica.

2074 771 2314 821 tissimus
2342 773 2417 821 ιιι-ἱ
2450 787 2546 824 suo
2584 773 2878 825 custodiam
2908 774 3163 842 deposcit.
3194 777 3256 828 lit
3285 779 3637 832 condiendum

2071 860 2186 913 salo
2208 903 2221 924 ,
2253 861 2515 912 benedicti
2563 861 2705 914 Pauli
2747 865 2929 930 pagina
2961 879 3106 917 sacra
3130 905 3144 928 ,
3178 882 3477 920 sermonrm
3509 887 3640 922 cnn-

2071 951 2262 1002 SIituit.
2297 950 2361 1003 Et
2392 953 2589 1004 nullum
2621 953 2937 1007 indomabile
2965 956 3257 1008 membrum
3289 971 3438 1022 esse,
3481 976 3635 1021 quam

2074 1039 2340 1107 linguam.
2389 1041 2663 1095 testificata
2709 1044 2888 1096 Jacobi
2925 1056 3181 1115 praecepta
3225 1047 3514 1113 signarunt.
3559 1049 3640 1101 Sit

2073 1129 2229 1196 igitur
2255 1130 2340 1196 qui
2375 1130 2672 1198 huiusmodi
2705 1134 2841 1186 viam
2877 1136 3082 1188 scandit
3113 1136 3318 1200 tacitus,
3351 1139 3512 1201 mitis,
3547 1140 3637 1193 be-

2073 1222 2282 1288 nignus.
2311 1221 2375 1275 Et
2399 1224 2517 1290 quia
2542 1223 2809 1278 cli-tritatis
2830 1225 3121 1280 insolubilis
3144 1228 3365 1282 habetur
3392 1230 3632 1291 alii-ctus.

2073 1312 2123 1360 in
2156 1311 2333 1362 studio
2362 1314 2511 1379 parili
2537 1327 2747 1377 semper
2767 1315 2927 1367 alium
2953 1316 3190 1384 judicans
3218 1319 3493 1385 potiorem.
3527 1323 3637 1375 Hoc

2069 1404 2210 1455 etum
2258 1405 2406 1456 freno
2452 1405 2731 1474 adstringit
2779 1407 3063 1473 invidiam,
3111 1425 3268 1478 quam
3309 1413 3493 1464 vicina:
3533 1413 3631 1465 sibi

2066 1492 2311 1545 elationis
2342 1496 2536 1563 Stepins
2568 1496 2832 1550 incitatam
2861 1497 3081 1565 judicio,
3111 1499 3234 1551 dum
3264 1501 3460 1566 gratias
3497 1503 3634 1555 refe-

2069 1583 2218 1636 rendi
2249 1584 2345 1637 sibi
2381 1585 2596 1638 honoris
2631 1588 2860 1654 appetit,
2912 1596 3086 1641 notam
3119 1590 3297 1643 miseri
3345 1591 3531 1644 livoris
3555 1591 3632 1645 itt-

2066 1676 2248 1727 currit.
2291 1674 2398 1728 Nec
2424 1675 2646 1742 primum
2671 1680 2803 1730 adeo
2830 1680 3186 1746 unusquisque
3217 1680 3468 1749 percipit,
3491 1682 3536 1733 si
3566 1681 3633 1732 ab

2070 1763 2374 1818 hominibus
2414 1765 2464 1818 id
2497 1766 2756 1835 requirit:
2797 1766 2928 1820 Deus
2965 1784 3097 1821 ett-nt
3143 1769 3370 1838 superbis
3412 1772 3627 1832 resistit,

401 1849 494 1903 hei
525 1850 815 1920 digesta"),
856 1857 1070 1911 ωηοηίε
1109 1859 1304 1912 seriem
1338 1868 1580 1926 ρυιεηιιιε
1619 1877 1774 1930 posse
1815 1865 1962 1917 sum-
1996 1841 2040 1900 Β
2068 1856 2338 1908 humilibus
2366 1867 2531 1910 autem
2561 1860 2646 1910 dat
2683 1858 2902 1926 gratiam
2931 1858 2984 1928 (l
3013 1857 3152 1913 Petr.
3183 1875 3232 1923 ν,
3263 1861 3347 1928 5).
3382 1861 3482 1928 Qui
3511 1877 3628 1916 cum

395 1958 542 2000 cere.
584 1947 676 2002 Illa
700 1949 841 2003 enim
881 1950 928 2005 si
957 1953 1325 2020 consentiunt,
1372 1968 1695 2023 supervacua
1733 1966 1888 2023 sunt;
1921 1960 1963 2011 si

392 2035 746 2107 dissentiunt,
777 2043 987 2097 vitanda
1019 2053 1161 2100 sunt.
1192 2045 1321 2102 Sine
1361 2047 1564 2115 legendi
1606 2052 1781 2104 studio
1811 2067 1966 2105 nemo

396 2127 464 2180 ad
510 2126 790 2182 Dominum
837 2146 957 2186 esse
985 2133 1179 2189 valebit
1219 2134 1471 2190 intentus.
1517 2139 1780 2204 Primum,
1827 2143 1965 2209 quod

401 2217 704 2285 huiusmodi
749 2235 908 2290 opera
938 2223 1004 2275 ab
1042 2225 1160 2278 aliis
1189 2226 1392 2281 actibus
1422 2229 1637 2282 caduca:
1664 2233 1964 2298 occupatio-

399 2311 484 2360 nis
513 2309 813 2375 abducunt,
859 2322 910 2365 et
940 2312 1269 2369 diversorum
1311 2320 1670 2384 exemplorum
1724 2336 1784 2372 ns
1812 2335 1964 2374 nnata

399 2399 654 2466 cognitio,
682 2402 762 2455 vel
793 2403 1051 2457 bonorum
1082 2408 1457 2475 appetentiam,
1489 2409 1571 2462 vel
1606 2411 1859 2463 maiorum
1891 2411 1965 2465 la-

399 2490 474 2542 cit
499 2504 619 2544 esse
642 2493 924 2546 cautelam.
953 2493 1134 2563 Neque
1159 2500 1298 2550 enim
1325 2497 1454 2550 alias
1486 2499 1671 2552 Petrus
1698 2501 1969 2567 apostolus

400 2582 716 2634 admoneret
741 2598 856 2648 nos,
883 2583 1067 2638 dicens
1091 2603 1104 2636 :
1137 2583 1312 2640 Parati
1337 2603 1531 2653 semper
1551 2598 1706 2641 estote
1728 2591 1794 2641 ad
1816 2594 1970 2643 ratio-

402 2689 512 2724 nein
537 2673 878 2741 reddendam,
915 2677 982 2728 ad
1008 2693 1176 2730 omnes
1204 2687 1460 2746 poscentes
1489 2695 1573 2732 vos
1599 2683 1662 2732 de
1690 2681 1835 2734 uerbo
1864 2683 1971 2747 spei

401 2773 596 2829 vestrae,
629 2774 676 2818 et
704 2766 826 2833 ﬁdei
853 2768 871 2836 (
897 2767 915 2820 l
946 2764 1090 2820 Petr.
1120 2782 1174 2820 tu
1195 2809 1209 2835 ,
1243 2767 1362 2836 16).
1394 2770 1456 2821 Et
1491 2769 1816 2838 Apostolus:
1848 2770 1968 2825 Non

401 2870 653 2909 cessamus
689 2871 782 2926 pro
815 2856 954 2910 vobis
991 2869 1223 2921 orantes.
1269 2869 1325 2912 ut
1367 2861 1676 2931 impleamini
1713 2864 1970 2932 agnitione

400 2949 512 3016 ejus
535 2947 589 3000 in
613 2949 748 3000 omni
774 2949 1021 3018 sapientia
1049 2958 1095 3003 et
1120 2951 1374 3005 intellectu
1403 2954 1658 3020 spirituali
1690 2954 1904 3022 (Coloss.
1930 2973 1968 3021 t,

403 3036 477 3104 9).
513 3035 573 3089 Et
604 3052 788 3090 rursus
816 3053 831 3089 :
867 3036 1085 3092 Verbum
1121 3038 1309 3094 Christi
1345 3041 1529 3095 habitet
1564 3045 1616 3096 in
1644 3043 1780 3097 vobis
1810 3046 1970 3099 abun-

402 3125 580 3177 danter
609 3125 662 3177 in
682 3126 821 3178 omni
841 3127 1087 3195 sapientia
1114 3127 1327 3198 (Coloss.
1355 3147 1404 3196 v,
1433 3131 1541 3200 16).
1566 3132 1694 3186 Nam
1718 3145 1766 3187 et
1793 3136 1842 3188 in
1869 3134 1968 3189 Ve-

403 3219 501 3272 teri
547 3217 889 3272 Testamento
944 3221 1168 3274 similem
1226 3223 1524 3277 hominibus
1569 3241 1750 3279 curam
1802 3243 1967 3281 sacra:

403 3310 770 3374 praeceptiOnis
793 3311 1070 3363 inculcavit
1093 3312 1377 3380 eloquimn.
1404 3315 1488 3368 Sic
1510 3317 1650 3368 enim
1673 3316 1830 3369 David
1853 3317 1921 3368 ait
1950 3335 1963 3370 :

401 3397 588 3451 Beatus
615 3401 708 3464 t'ir,
736 3401 822 3467 qui
843 3417 944 3453 non
969 3403 1088 3454 abiit
1110 3404 1161 3455 iu
1183 3404 1394 3456 consilio
1421 3407 1711 3474 impiorum,
1747 3417 1790 3459 et
1815 3409 1866 3458 in
1889 3411 1968 3460 via

402 3501 719 3557 peccatorum
751 3509 850 3546 non
889 3495 1052 3560 stetit,
1090 3504 1137 3547 et
1169 3496 1220 3547 in
1260 3499 1499 3550 cathedra
1540 3498 1838 3566 pestilentiae
1867 3517 1967 3553 non

399 3584 548 3638 sedit.
577 3583 684 3637 Sed
714 3587 764 3636 in
797 3585 902 3655 lege
931 3585 1132 3638 Dontini
1152 3590 1380 3641 voluntas
1405 3591 1538 3660 ejus,
1569 3599 1613 3640 ct
1645 3591 1694 3642 in
1724 3593 1832 3660 lege
1857 3594 1965 3662 ejus

401 3675 721 3728 meditabitur
754 3676 835 3728 die
870 3691 930 3728 ac
960 3686 1100 3729 nocte
1138 3679 1152 3743 (
1177 3676 1369 3730 Psalm.
1397 3695 1449 3744 ι,
1482 3679 1561 3747 l).
1599 3679 1663 3731 Et
1693 3680 1755 3733 ad
1785 3681 1962 3734 Jestun

403 3764 542 3818 Nave
571 3766 713 3818 Dens
743 3765 972 3832 loquitur
995 3782 1008 3817 :
1046 3765 1164 3819 Non
1185 3767 1378 3820 recedet
1400 3768 1522 3820 liber
1543 3770 1634 3821 iste
1656 3771 1716 3822 de
1739 3770 1966 3824 manibus

401 3856 523 3917 tuis,
549 3865 595 3908 et
623 3855 941 3909 meditaberis
967 3857 1018 3909 in
1051 3873 1108 3909 eo
1141 3858 1224 3910 die
1259 3873 1319 3909 ac
1353 3869 1494 3911 nocte
1523 3857 1653 3928 (Jos.
1691 3876 1732 3922 t,
1763 3859 1839 3913 8t.
1876 3861 1964 3914 His

401 3960 612 4014 quoque
655 3947 879 4013 negotiis
912 3947 1167 4000 malarum
1211 3947 1584 4015 cogitationum
1619 3951 1812 4001 lubrica
1859 3950 1962 4001 fre-

399 4049 626 4105 quenter
663 4037 1005 4092 intersernnt.
1054 4038 1120 4091 Et
1144 4043 1383 4107 quamvis
1421 4040 1531 4107 ipsa
1574 4040 1822 4093 sedulitas
1850 4044 1964 4094 ani-

399 4143 545 4182 tuum
566 4127 631 4182 ad
660 4128 821 4182 Deum
849 4139 1066 4196 praestet
1091 4128 1366 4192 intentum,
1391 4127 1552 4183 efﬁcit
1574 4139 1744 4184 tamen
1773 4130 1823 4182 in
1844 4146 1962 4184 sese

397 4219 618 4274 mordax
649 4220 826 4274 seculi
855 4233 978 4273 cura
1009 4221 1312 4273 sollicitum.

469 4313 524 4366 3.
569 4311 720 4377 Quod
763 4311 806 4364 si
855 4313 967 4364 haec
1004 4310 1305 4380 frequenter
1341 4319 1395 4366 et
1425 4312 1720 4380 importune
1768 4314 1963 4381 patitur

397 4402 654 4470 religioso
681 4401 850 4454 labori
879 4400 1115 4466 deditus,
1151 4418 1413 4471 nunquam
1454 4405 1688 4470 proiecto
1736 4405 1840 4458 illis
1873 4421 1963 4459 ca-

401 4493 533 4546 rebit
559 4494 782 4546 Otiosus.
815 4491 961 4545 Nunc
986 4492 1232 4560 quoniam
1271 4492 1565 4546 studiorum
1607 4495 1842 4547 membra
1882 4495 1962 4548 di—

398 4586 679 4654 gessimus,
707 4600 912 4638 morum
940 4596 1222 4653 augmenta
1250 4585 1596 4638 cumulemus.
1626 4584 1756 4637 illud
1784 4595 1958 4639 autem

400 4691 502 4729 non
531 4687 679 4730 extra
702 4675 1168 4729 conimonitimiem
1197 4685 1321 4743 puto
1341 4714 1355 4737 ,
1383 4683 1439 4727 ut
1473 4679 1543 4728 sit
1571 4676 1740 4728 victus
1767 4675 1957 4740 facilis,

402 4768 726 4836 vestitusque
754 4784 784 4819 v
809 4767 904 4833 lis,
948 4781 1067 4820 cum
1111 4766 1222 4818 bi-c
1266 4765 1474 4834 tegendi
1513 4766 1754 4830 corporis
1796 4767 1961 4834 gratia

399 4869 608 4923 reperta
636 4859 760 4918 sint,
796 4872 899 4910 non
929 4857 1150 4910 ornandi
1183 4874 1194 4909 :
1226 4866 1279 4910 et
1308 4857 1390 4909 illa
1418 4856 1740 4910 su~tineuuze
1769 4857 1963 4910 anima:

402 4950 575 5015 potius
601 4963 758 5016 quam
789 4946 1093 5000 obruenda.
1129 4946 1220 4999 llis
1248 4961 1409 5016 ergo,
1443 4962 1560 5014 quae
1598 4961 1754 5015 supra
1787 4959 1964 5002 osten-

400 5043 592 5102 dimus,
625 5040 827 5092 actibus
854 5040 1205 5105 mancipatus,
1230 5053 1385 5092 omne
1407 5038 1583 5091 odium
1606 5039 1836 5106 deponat
1863 5038 1961 5092 itii-

402 5131 541 5184 mici.
593 5130 698 5184 Nec
752 5131 851 5183 hoc
899 5140 1100 5182 tantum
1151 5130 1254 5182 line
1300 5139 1613 5192 contentus,
1657 5130 1959 5183 simultates

402 5236 497 5274 aut.
523 5237 581 5275 re
624 5231 946 5280 commutet.
991 5222 1122 5274 iram
1168 5220 1430 5289 patientia:
1472 5229 1731 5286 temperet
1773 5220 1956 5285 freno,

401 5311 670 5364 araritiam
699 5309 1034 5364 abstinentia:
1059 5312 1177 5363 l'orti
1209 5311 1385 5363 vincat
1415 5309 1657 5374 imperio,
1689 5320 1742 5361 et
1773 5311 1961 5374 praeci—

405 5419 500 5469 pue
542 5404 773 5471 linguam
816 5402 1052 5454 custodia
1085 5400 1457 5453 taciturnitatis
1504 5401 1775 5466 obseptat,
1810 5415 1875 5453 ne
1909 5402 1958 5452 in

402 5493 619 5558 litigium
649 5494 975 5545 contentiosa
1002 5494 1276 5550 fervescat,
1302 5506 1368 5543 ne
1397 5492 1447 5541 in
1476 5490 1646 5542 malet!
1671 5501 1812 5542 etum
1841 5505 1959 5556 pro-

400 5600 494 5638 cax
525 5586 752 5637 incurrat
777 5621 792 5644 ,
824 5598 889 5635 ne
915 5584 966 5634 in
999 5581 1433 5634 obtrectationem
1461 5579 1716 5633 maledica
1747 5589 1957 5644 serpat,

400 5690 469 5729 ne
495 5678 545 5727 in
562 5672 886 5739 iurationem
919 5671 1083 5723 lacilis
1115 5669 1434 5736 prolabatur,
1465 5685 1530 5723 ne
1553 5669 1606 5721 in
1632 5667 1959 5721 mendacium

403 5769 514 5817 lirta
543 5764 777 5818 simulet.
815 5779 878 5812 ιιι·
905 5764 952 5810 in
977 5760 1425 5835 rirrttntventione
1454 5768 1622 5814 astuta
1649 5757 1858 5823 calleal,
1896 5773 1960 5812 uc

597 5855 845 5912 [Ἀτιιυι.
918 5847 1136 5906 ΧΥΗΞ.

2067 1948 2132 2001 de
2162 1947 2457 2015 liujusmodi
2485 1949 2659 2004 studio
2689 1950 2971 2016 discipulos
3001 1951 3233 2006 erudiret
3253 1991 3267 2016 ,
3303 1955 3470 2020 ipsum
3511 1969 3629 2022 pro-

2070 2038 2274 2090 nuntiat
2312 2040 2628 2101 niaximum.
2679 2041 2766 2107 qui
2808 2040 3054 2094 minimus
3096 2042 3222 2096 velit
3261 2056 3379 2097 esse
3415 2056 3631 2098 cuncto-

2068 2143 2205 2180 rum.
2238 2129 2361 2180 Esto
2386 2129 2453 2181 ab
2482 2129 2743 2196 aliquibus
2769 2128 2933 2184 frater
2963 2141 3081 2184 tuas
3113 2131 3424 2200 propensius
3464 2133 3628 2187 hono-

2068 2227 2236 2284 retur,
2272 2233 2367 2272 nec
2390 2221 2509 2272 illos
2531 2221 2676 2288 quasi
2704 2221 2876 2273 minus
2904 2222 3102 2275 amicos
3131 2223 3344 2285 habeas,
3373 2238 3466 2276 nec
3495 2224 3630 2276 hunc

2067 2313 2216 2374 quasi
2245 2312 2490 2364 aemulum
2523 2315 2751 2380 prtelatte
2788 2315 3144 2367 venerationis
3173 2315 3432 2367 attendas.
3467 2316 3626 2383 Quin-

2070 2401 2175 2452 iino
2221 2400 2394 2467 iudica
2442 2403 2579 2455 circa
2632 2413 2682 2456 te
2720 2413 3055 2472 augmentum
3101 2404 3240 2458 illius
3286 2404 3498 2458 honoris
3544 2423 3627 2458 at:-

2069 2505 2342 2554 crescere,
2386 2493 2559 2546 sciens
2599 2494 2853 2562 scriptum
2889 2509 2903 2546 :
2938 2492 2998 2548 Si
3024 2497 3153 2547 enim
3193 2496 3436 2567 gloriatur
3478 2513 3630 2548 unum

2070 2584 2365 2647 membrum,
2394 2585 2709 2653 congaudent
2729 2587 2897 2638 omnia
2925 2587 3166 2638 membra.
3202 2587 3302 2640 Vos
3322 2600 3482 2641 autem
3513 2591 3630 2641 estis

2068 2687 2254 2740 corpus
2276 2671 2499 2738 Christi,
2529 2685 2578 2727 et
2612 2681 2832 2729 membra
2867 2677 2907 2745 (l
2934 2675 3049 2729 Cor.
3082 2693 3184 2742 xtt,
3217 2676 3328 2746 26).
3360 2677 3487 2730 Nam
3515 2681 3629 2745 qui-

2069 2778 2278 2833 cunque
2321 2765 2550 2831 aliquem
2582 2776 2811 2821 vestrum
2839 2769 3040 2838 diligit,
3071 2784 3281 2822 omnem
3322 2769 3624 2839 dignitatem

2074 2856 2179 2906 Deo
2201 2897 2215 2914 .
2261 2856 2310 2907 in
2340 2871 2495 2924 quem
2528 2873 2619 2910 vos
2649 2858 2834 2920 coitis,
2865 2859 3133 2914 adscribit.
3176 2860 3227 2912 ln
3269 2859 3366 2913 hoc
3407 2862 3530 2915 mite
3560 2863 3627 2914 si-

2071 2945 2287 2998 lentium
2333 2947 2537 3013 placi-t,
2583 2948 2632 3000 in
2679 2947 2778 3001 hoc
2818 2945 3096 3002 amabilitas
3143 2949 3331 3002 blanda
3375 2950 3625 3019 diligitur.

2072 3035 2220 3088 llune
2252 3038 2397 3091 rudis
2426 3047 2480 3091 et
2507 3039 2684 3091 inuata
2712 3039 3051 3106 simplicitas,
3099 3037 3238 3093 hunc
3267 3042 3433 3094 scient
3455 3056 3483 3092 a
3512 3057 3631 3095 eru-

2071 3131 2174 3181 dita
2213 3131 2570 3183 commendat.
2606 3131 2773 3196 liuius
2803 3132 2853 3185 iu
2890 3131 3076 3199 jejunii
3102 3133 3322 3200 jugitate
3351 3134 3627 3200 patientia,

2074 3219 2228 3285 huius
2260 3219 2310 3269 in
2333 3221 2668 3274 abstinentia:
2699 3220 2891 3272 viitute
2912 3231 3276 3290 contemptus,
3310 3222 3462 3291 hujus
3486 3224 3533 3276 in
3559 3226 3632 3278 le-

2071 3307 2263 3361 ctionis
2284 3307 2591 3363 assiduitate
2617 3308 2892 3373 sedulitas,
2919 3327 3010 3378 pro
3033 3310 3328 3365 divinorum
3351 3329 3629 3368 munerum

2069 3396 2375 3454 diversitate
2404 3398 2670 3453 laudatur.
2706 3398 2826 3455 lelzec
2847 3410 3045 3465 autem,
3072 3402 3209 3456 sicut
3231 3406 3483 3472 scriptum
3511 3415 3628 3459 est:

2072 3486 2326 3558 Operatttr
2358 3505 2489 3542 unus
2524 3498 2673 3556 atque
2707 3489 2838 3542 idem
2863 3492 3097 3557 spiritus,
3131 3491 3359 3546 drideus
3382 3495 3628 3564 singulis,

2069 3591 2218 3648 prout
2247 3591 2368 3637 rutt.
2413 3578 2561 3637 Sicut
2605 3581 2736 3635 enim
2788 3597 2969 3648 corpus
3016 3598 3170 3634 unum
3224 3583 3441 3636 membra
3487 3585 3631 3638 habet

2070 3673 2226 3724 ntulta
2246 3713 2258 3734 ,
2288 3673 2458 3726 omnia
2485 3683 2649 3725 autent
2677 3673 2898 3725 membra
2926 3674 3149 3740 corporis
3177 3691 3291 3727 cum
3319 3677 3417 3727 sint
3448 3676 3626 3739 multa,

2067 3778 2224 3814 unum
2251 3772 2418 3814 tamen
2448 3778 2627 3830 corpus
2650 3775 2793 3826 sunt,
2828 3764 2896 3814 ita
2927 3775 2970 3814 et
2994 3762 3241 3818 Christus.
3280 3765 3464 3820 Omnes
3499 3770 3628 3820 enim

2068 3870 2158 3904 nos
2197 3853 2250 3905 in
2289 3868 2390 3904 uno
2424 3852 2635 3918 spiritu,
2683 3853 2734 3904 in
2773 3869 2925 3904 uttunt
2973 3868 3156 3919 corpus
3187 3854 3424 3922 baptiz'nti
3461 3873 3629 3908 sumus

2068 3943 2253 4009 (Ibid.,
2289 3946 2393 4011 ιι).
2429 3945 2634 4014 Singuli
2667 3945 2813 3998 vobis
2845 3961 2892 4012 p.
2915 3946 3060 3998 testis
3096 3948 3331 4000 omnium
3374 3948 3626 4002 bonorum

2065 4051 2325 4089 summam
2357 4051 2700 4104 praesumere,
2735 4039 2776 4088 si
2806 4039 2978 4093 nullus
3000 4054 3056 4091 se
3088 4039 3294 4105 incipiat
3325 4041 3373 4092 in
3403 4057 3466 4094 eo
3489 4058 3572 4109 qui
3595 4045 3625 4094 ti

2063 4126 2200 4178 alter
2245 4126 2502 4194 prtecelltt
2543 4126 2751 4180 eiii-rte.
2799 4127 2901 4180 Sed
2943 4143 3060 4181 cum
3094 4143 3184 4182 vos
3231 4130 3452 4183 invicem
3493 4148 3627 4184 nexu

2063 4215 2296 4269 astrictaa
2326 4215 2600 4270 charitatis
2627 4216 2919 4278 arctabitis,
2954 4226 3077 4270 tunc
3101 4231 3194 4270 eos
3221 4221 3304 4286 qui
3333 4219 3461 4271 iuris
3483 4231 3624 4286 sunt,

2063 4319 2118 4364 et
2145 4310 2196 4362 in
2223 4309 2468 4362 sa-eulari
2505 4317 2626 4363 actu
2659 4309 2831 4362 adhuc
2859 4310 3210 4363 mundialibus
3236 4313 3456 4364 vinculis
3482 4314 3626 4365 colli-

2065 4411 2275 4468 gantur,
2309 4401 2469 4453 nolite
2513 4397 2814 4452 attentioris
2844 4401 2964 4454 vitae
2999 4403 3307 4455 austeritate
3342 4404 3590 4456 dallillﬂtc
3612 4447 3624 4466 ,

2065 4492 2292 4544 scientes
2321 4489 2575 4556 scriptum
2599 4506 2613 4542 :
2643 4488 2779 4543 Noto
2795 4491 3054 4562 judicetis,
3081 4508 3141 4545 ne
3156 4493 3451 4561 judicemini
3477 4495 3624 4561 (an.

2069 4598 2139 4644 vt.
2172 4581 2283 4650 57).
2326 4581 2390 4634 Et
2418 4581 2648 4635 iterum:
2685 4581 2759 4634 Tu
2787 4584 2898 4648 quis
2938 4600 3018 4649 es,
3051 4587 3134 4652 qui
3163 4587 3367 4653 judicas
3405 4588 3626 4638 alterum

2067 4687 2262 4724 servum
2304 4670 2476 4740 (llam.
2510 4687 2617 4733 xlv,
2645 4672 2741 4739 ψ
2781 4671 3006 4726 Domino
3051 4689 3147 4728 suo
3190 4685 3291 4728 stat
3335 4686 3421 4729 aut
3464 4681 3622 4731 cadit.

2071 4763 2265 4816 Potens
2294 4772 2374 4817 est
2402 4763 2543 4817 enim
2573 4773 2809 4818 statuere
2839 4764 2981 4817 illum
3015 4764 3170 4818 Deus.
3204 4765 3359 4832 Magis
3389 4766 3624 4833 benigni-

2067 4857 2189 4906 tatis
2213 4853 2670 4908 adhortationibus
2694 4864 2745 4907 et
2772 4854 3018 4908 illicieute
3044 4854 3401 4908 blandimento
3429 4858 3506 4908 via
3538 4875 3620 4910 γρο

2069 4943 2242 4997 ritatis
2270 4956 2479 4997 ostensa
2498 4983 2513 5006 ,
2544 4943 2735 4997 nubem
2764 4946 2958 4997 erroris
2988 4946 3216 5010 aperite,
3263 4957 3317 4997 ut
3358 4961 3460 4997 non
3491 4952 3624 4999 trahi

2072 5035 2284 5096 incipiat
2317 5035 2695 5100 unttsquisquc,
2721 5033 2816 5086 sed
2845 5034 2993 5100 sequi
3025 5033 3431 5097 praet-edentem.

2135 5123 2188 5174 4.
2221 5123 2442 5189 Semper
2461 5121 2674 5175 duriora
2705 5121 2960 5176 ﬂectenda
2989 5132 3130 5185 sunt,
3166 5138 3230 5176 ne
3254 5127 3367 5175 νὶηὶ
3391 5140 3451 5176 us
3478 5127 3622 5177 incli-

2067 5225 2186 5267 nata
2231 5213 2498 5277 curvatio,
2540 5213 2838 5281 priusquam
2880 5215 2930 5266 in
2974 5214 3231 5266 CirCtllUIll
3281 5216 3457 5267 veniat
3503 5216 3622 5268 l‘ati-

2064 5321 2219 5359 scens
2246 5305 2480 5371 ltagtneu
2529 5303 2780 5357 offendat.
2833 5303 2928 5357 llic
2973 5304 3112 5357 enim
3142 5305 3335 5373 sa‘pins
3378 5309 3622 5358 Scantia'u

2067 5397 2203 5462 vulgi
2233 5395 2488 5447 dicaciter
2521 5410 2552 5461 g
2575 5403 2828 5461 gnuntur,
2857 5393 2981 5446 dum
3015 5391 3080 5446 ad
3111 5393 3379 5458 religionis
3403 5396 3620 5462 iugum,

2066 5488 2364 5538 censorium
2399 5493 2675 5550 arrogatur
2704 5482 3002 5551 imperium.
3036 5481 3148 5535 Vita
3191 5495 3364 5535 nostra
3408 5484 3582 5551 jubeat
3606 5533 3618 5547 ,

2069 5575 2243 5642 lingua
2306 5571 2666 5640 persuadeat,
2713 5572 2832 5641 quia
2900 5572 3015 5639 plus
3065 5571 3391 5625 auctoritatis
3451 5586 3621 5640 gestat

2066 5664 2392 5728 exemplum,
2436 5676 2485 5715 et
2521 5661 2708 5730 ingerit
2751 5661 3106 5729 appeti-mium
3133 5663 3211 5716 sui
3255 5676 3458 5715 tuorum
3489 5663 3619 5716 lenis

2069 5752 2328 5806 lormatio.
2370 5751 2425 5803 in
2468 5753 2608 5803 omni
2655 5749 2808 5818 igittr
2837 5763 2954 5804 actu
2989 5759 3182 5812 vestro,
3215 5751 3363 5816 quasi
3404 5757 3619 5817 Speculo

3256 5841 3291 5897 3
