4180 6478
411 332 477 383 77
1416 354 1860 415 ΕΧΙΙΟΙΠΛἨΟ
1903 363 1993 416 AD
2033 364 2346 423 SPONSAM
2388 372 2665 436 CHRISTI.
3619 400 3684 455 78

413 451 534 499 Dies
565 457 858 520 noctesque
889 453 1204 511 lectionibus
1240 469 1398 529 atque
1428 468 1762 524 orationibus
1791 473 1989 537 ducite,
2022 482 2070 539 Α
2104 480 2293 534 lmistis
2337 482 2560 551 eligere,
2595 500 2919 546 un-mentute
2957 515 2967 546 ;
3013 494 3258 568 Vigilale,
3306 514 3434 557 state
3462 507 3514 559 in
3552 510 3683 577 ﬁde,

413 546 460 577 ιιι
487 550 591 577 subl
613 552 829 577 Μηρι-
876 560 1035 577 ηιιιιιιι
1068 564 1116 577 ι..
1146 564 1309 577 nm.--
1343 564 1391 577 ,ι
1436 568 1507 577 ,.,.-
1635 575 1649 577 _
1696 563 1738 577 _.
1826 564 1858 577 _.
2131 572 2139 577 _

406 546 461 587 et
487 536 591 590 mei
612 552 851 608 semper,
876 560 1035 612 quem
1068 550 1118 600 iu
1145 564 1310 617 opere
1340 564 1395 607 et
1434 556 1657 611 scientia
1686 563 1988 619 abortivum

405 625 646 683 omnium
680 633 1055 701 sacerdotum,
1104 652 1489 709 praeceptorem
1532 649 1687 704 vobis
1726 655 1858 706 tanti
1903 655 1998 709 ha-

924 765 3666 842 Mm

435 752 922 776 m—

2097 571 2309 624 ririliter
2335 577 2502 642 agite,
2532 578 2928 648 confortumini,
2954 590 3125 641 omnia
3158 602 3321 645 intra
3350 598 3403 650 in
3441 599 3686 657 (baritum

2098 659 2248 726 liam,
2278 673 2322 716 et
2354 662 2492 718 Dens
2519 670 2660 735 pacis
2686 672 2781 723 erit
2808 674 3056 729 robiscum
3088 680 3141 749 (l
3172 680 3289 735 Cur.
3326 701 3431 751 χιι,
3468 690 3573 755 15).

927 867 1715 966 ΕΧΗΟΗΤΑΤΙΟ
1795 891 1951 972 AD
2034 895 2571 987 SPONSAM
2654 908 3154 1002 CHRISTI.

482 1009 527 1061 l.
569 1011 834 1077 Quantam
864 1018 917 1072 in
954 1023 1261 1082 coelestibus
1293 1030 1671 1091 beatitudinem
1717 1041 1993 1111 virginitas

401 1110 589 1153 sancta
631 1107 944 1177 possideat,
998 1125 1194 1181 praeter
1222 1116 1620 1189 Scripturarum
1660 1107 1990 1203 tesdrimnia,

403 1189 659 1247 Ecclesiae
685 1197 847 1251 etiam
895 1207 1285 1264 consuetudine
1307 1212 1596 1271 edocemur
1627 1238 1641 1273 :
1672 1224 1793 1291 quia
1825 1189 1990 1281 disci:

398 1297 524 1335 mus
552 1288 819 1353 peculiare
846 1291 921 1346 illi
950 1296 1242 1354 subsistere
1268 1306 1540 1373 meritum,
1569 1309 1721 1379 cujus
1745 1320 1992 1382 specialis

397 1384 479 1428 est
512 1382 865 1435 corisecratio.
895 1383 1025 1438 Nam
1050 1402 1172 1443 eum
1202 1395 1447 1451 universa
1478 1402 1629 1455 turba
1658 1406 1988 1465 credentium

400 1466 549 1532 paria
570 1474 757 1539 gratia:
780 1473 922 1529 dona
954 1480 1239 1549 percipiat,
1269 1497 1327 1540 et
1353 1487 1553 1545 eisdem
1583 1510 1773 1551 omnes
1801 1499 1988 1557 Sacra-

397 1567 707 1615 mentorum
735 1562 1200 1627 benedictionibus
1226 1577 1536 1647 glorientur,
1570 1583 1682 1638 isne
1716 1591 1987 1660 proprium

394 1649 599 1717 aliquid
625 1668 733 1722 pro:
756 1660 967 1715 caneris
988 1664 1204 1727 habent.
1227 1681 1347 1721 eum
1377 1669 1444 1725 de
1472 1672 1566 1728 ilso
1591 1689 1775 1733 saneto
1801 1692 1855 1735 et
1883 1682 1985 1737 im-

395 1745 666 1798 maculato
695 1746 949 1804 Ecclesiae
976 1767 1135 1822 grege
1160 1797 1176 1821 ,
1214 1759 1369 1827 quasi
1395 1765 1692 1820 sanctiores
1722 1772 1987 1837 puriores-

389 1846 500 1895 que
528 1832 715 1889 hostia:
746 1853 840 1905 pro
871 1840 1153 1898 voluntatis
1192 1862 1306 1901 sua:
1345 1851 1549 1907 meritis
1584 1871 1613 1906 a
1654 1870 1843 1913 saneto
1866 1860 1983 1929 Spi-
2018 1866 2061 1925 Β

389 1923 502 1975 ritu
529 1923 799 1993 eliguntur
816 1970 832 1995 ,
860 1943 909 1984 et
945 1947 1041 1999 per
1064 1950 1330 1991 summum
1358 1939 1700 1999 Sacerdotem
1734 1948 1825 2003 Dei
1853 1951 1986 2005 olfe-

392 2026 586 2068 rmnur
611 2016 822 2072 altario.
858 2019 1022 2091 Digna
1055 2040 1238 2080 revera
1267 2028 1493 2085 Domino
1522 2033 1691 2090 hostia
1726 2048 1830 2094 tam
1862 2058 1984 2109 prc-

388 2104 516 2158 tiosi
570 2107 821 2163 animalis
890 2113 1139 2177 oblatio,
1195 2128 1250 2172 et
1300 2123 1441 2175 nulla
1499 2127 1668 2194 magis
1719 2133 1768 2183 ei
1825 2149 1982 2200 quam

386 2190 640 2262 imaginis
683 2212 795 2252 suae
840 2199 1012 2254 hostia
1064 2205 1341 2272 placitura.
1410 2214 1484 2267 De
1530 2190 1791 2283 ejustuodi
1837 2221 1981 2278 enim

387 2286 703 2351 Apostolum
755 2294 1021 2360 ιιι-κώριιο
1055 2296 1255 2352 dixisse
1303 2317 1425 2356 reor
1476 2320 1488 2356 ;
1544 2309 1764 2363 Obsecro
1801 2324 1979 2366 autem

385 2389 474 2429 ros
500 2415 517 2441 ,
548 2380 735 2445 [ratus
762 2421 778 2444 ,
828 2398 918 2449 per
964 2387 1363 2445 misericordiam
1416 2392 1515 2448 Dei
1538 2438 1552 2459 ,
1603 2412 1654 2451 tu
1702 2403 1980 2460 exhibeam

382 2481 602 2536 corpora
633 2482 794 2525 vestra
833 2473 1053 2528 hostiam
1081 2479 1326 2535 viventem
1347 2523 1362 2547 ,
1407 2500 1637 2542 sanctam
1660 2531 1675 2555 ,
1720 2492 1826 2547 Deo
1864 2498 1977 2563 pla-

384 2571 581 2615 centem
609 2564 785 2633 (Ποιιι.
811 2583 905 2634 an,
933 2570 1009 2638 l).
1036 2571 1279 2629 Possidet
1305 2595 1353 2637 ei
1367 2592 1436 2647 go
1465 2582 1742 2653 virginitas
1762 2598 1815 2640 et
1836 2590 1976 2657 quod

385 2650 477 2703 alii
516 2652 756 2721 habent,
785 2666 836 2711 et
869 2663 1009 2726 quod
1039 2663 1129 2717 alii
1163 2680 1270 2719 non
1312 2668 1507 2725 habent
1542 2650 1565 2724 ί
1588 2677 1713 2729 dum
1742 2690 1796 2733 et.
1829 2650 1977 2735 eom-

382 2754 599 2796 munem
626 2753 682 2798 et
710 2747 1033 2814 peculiarem
1062 2753 1268 2809 obtinet
1290 2760 1536 2827 gratiam,
1564 2772 1620 2818 et
1651 2772 1889 2835 proprio,
1916 2779 1977 2825 ut

382 2829 453 2882 ita
482 2830 741 2901 dixerim,
763 2842 1187 2899 consecrationis
1212 2847 1493 2918 privilegio
1519 2829 1732 2921 gaudet.
1752 2829 1893 2912 liam
1919 2872 1976 2917 et

378 2918 576 2975 Christi
631 2938 859 2994 sponsas
919 2930 1152 3001 virgines
1189 2936 1370 2994 dicere
1409 2918 1782 2999 Ecelesiastica
1818 2950 1972 3004 nobis

380 3019 642 3082 permittit
678 3022 1000 3087 auctoritas;
1030 3027 1158 3082 dum
1183 3028 1237 3083 in
1258 3046 1575 3100 sponsarum
1604 3040 1820 3094 modum
1841 3057 1972 3112 quas

377 3118 656 3162 consecrat
686 3110 912 3168 Domino
948 3118 1088 3171 velat
1124 3137 1136 3170 :
1171 3124 1461 3179 ostendens
1496 3143 1590 3183 eas
1612 3132 1692 3185 vel
1740 3136 1969 3191 maxime

379 3195 652 3252 habituras
692 3202 935 3269 spiritale
981 3210 1341 3276 cunnubtim,
1389 3232 1506 3284 qua:
1551 3221 2041 3294 subterfugerintC

375 3289 594 3341 carna'e
620 3293 970 3349 cmisOrtium.
1024 3296 1088 3351 Et
1130 3299 1290 3370 digne
1345 3303 1454 3359 Deo
1500 3323 1596 3374 per
1638 3289 1962 3371 matrimonii

371 3381 829 3445 comparationem
860 3386 1170 3453 spiritaliter
1197 3401 1511 3459 copu'antur
1536 3439 1552 3464 ,
1592 3416 1711 3469 qua:
1736 3406 1853 3472 ejus
1880 3407 1963 3461 di-

371 3471 617 3527 lectionis
645 3492 802 3530 causa
836 3480 1063 3537 humana
1092 3490 1356 3545 connubia
1401 3507 1738 3563 spreverunt.
1793 3503 1845 3556 ln
1878 3503 1963 3559 liis

367 3578 526 3629 quam
569 3568 801 3625 maxime
842 3572 1097 3642 impletur
1142 3579 1266 3634 illud
1312 3584 1551 3654 Apostoli
1601 3604 1616 3642 :
1663 3591 1764 3656 Qui
1790 3606 1959 3649 autem

366 3655 595 3710 udltcrct
630 3658 850 3715 Domino
877 3680 1009 3719 titius
1038 3671 1245 3735 spiritus
1275 3685 1347 3726 ist
1377 3675 1421 3746 (Ι
1450 3675 1571 3732 Cor.
1604 3682 1821 3753 Vt,l7).

436 3745 492 3800 2.
534 3748 751 3808 Grande
790 3765 874 3809 est
910 3768 968 3812 et
1015 3757 1349 3832 immortale,
1381 3778 1435 3822 et
1466 3786 1600 3834 pene
1639 3774 1773 3828 ultra
1802 3786 1959 3831 natu-

366 3851 480 3889 ram
510 3852 827 3910 corpoream
853 3883 869 3906 ,
910 3848 1087 3916 mpii'e
1133 3853 1395 3909 luxuriam
1426 3866 1483 3912 et
1509 3864 1957 3933 concupiscentia:

365 3926 639 3981 llatnrnam
676 3932 1057 3990 adoTeseentiz
1102 3941 1305 3998 lacibus
1344 3961 1622 4003 accensam
1653 3956 1817 4008 animi
1850 3960 1955 4011 vir-

363 4028 477 4073 tute
521 4022 885 4093 restinguere,
928 4042 980 4083 et
1017 4032 1242 4099 spiritali
1290 4051 1483 4093 conatu
1548 4046 1652 4098 vim
1709 4063 1788 4118 get
1815 4050 1953 4106 uiua:

358 4108 735 4167 oblectationis
764 4118 1264 4187 cxeludere,vivere
1291 4143 1473 4183 contra
1497 4134 1708 4191 humani
1737 4145 1951 4209 generis

363 4213 590 4267 morem,
618 4203 893 4272 deSpicere
916 4213 1100 4266 solatia
1128 4216 1434 4286 conjngmn,
1459 4203 1796 4284 dulcedinem
1819 4245 1952 4285 cun.

362 4298 603 4347 temnere
654 4294 738 4347 lib.
761 4312 943 4352 rerum
971 4338 986 4363 ,
1033 4313 1086 4356 et
1122 4321 1452 4376 qua-cunque
1504 4318 1781 4382 praesentis
1831 4322 1951 4379 vita:

360 4394 480 4434 esse
510 4388 791 4439 conm-uda
824 4403 1066 4459 possunt,
1093 4411 1189 4463 pro
1234 4400 1400 4454 nihilo
1431 4417 1524 4473 spe
1562 4406 1754 4462 futurae
1784 4411 1951 4466 beati-

361 4470 563 4524 tudinis
588 4489 919 4543 computare.
967 4481 1152 4553 Magna
1199 4487 1345 4554 hare,
1385 4503 1440 4545 ut
1462 4470 1598 4560 dixi,
1626 4509 1682 4551 et
1711 4500 1947 4556 admira-

360 4562 480 4614 bilis
525 4566 693 4620 virtus
741 4578 859 4636 cst,
913 4581 968 4627 et
1012 4590 1117 4630 non

360 4652 561 4707 laboris
610 4660 691 4710 sui
730 4664 926 4733 ingenti
966 4670 1186 4734 praemio
1224 4671 1509 4729 destinata.
1557 4678 1740 4745 Dabo,
1772 4684 1943 4753 inquit

362 4744 622 4799 lkiniinus
645 4788 660 4811 ,
698 4754 1011 4818 spadonibus
1039 4759 1160 4811 nisis
1196 4760 1249 4813 in
1286 4762 1435 4817 domo
1465 4782 1575 4820 mea
1598 4809 1612 4833 ,
1645 4781 1689 4823 et
1718 4772 1770 4825 in
1799 4789 1942 4827 muro

357 4851 467 4887 meo
518 4839 691 4891 locum
735 4844 1053 4899 nominatum
1095 4853 1355 4906 meliorem
1400 4874 1431 4909 ιι
1480 4860 1602 4921 ﬁliis
1646 4873 1693 4915 et
1742 4865 1944 4929 filiabus

362 4923 568 4993 Israel,
620 4944 800 4985 nomen
845 4943 1093 4991 internum
1131 4942 1263 4993 dabo
1298 4945 1373 4997 eis
1420 4950 1558 5016 quod
1599 4966 1700 5004 non
1748 4955 1945 5022 deﬁciet

362 5011 517 5081 (Issi.
570 5034 675 5084 t.vt,
724 5021 803 5090 4).
862 5026 935 5082 De
975 5030 1167 5094 quibus
1214 5011 1538 5099 spadonibus
1583 5011 1837 5099 Dominus
1893 5050 1944 5100 in

359 5106 652 5179 Evangelii)
682 5115 907 5182 repetit,
935 5118 1117 5176 dicens
1168 5141 1180 5173 :
1225 5125 1360 5180 Sunt
1404 5131 1537 5182 enim
1581 5138 1833 5202 spadones
1860 5143 1945 5208 qui

358 5198 549 5267 “ipsos
575 5216 925 5260 castrarernnt
958 5225 1167 5280 propter
1194 5230 1405 5287 regnum
1436 5224 1676 5278 cu'lorum
1729 5227 1939 5293 (Matth.

362 5302 473 5348 ιιι.
504 5290 616 5359 12).
668 5294 887 5362 Magnus
935 5302 1149 5369 quidem
1187 5315 1272 5359 est
1315 5309 1580 5375 pudicitia:
1613 5290 1797 5382 labor,
1850 5324 1942 5376 s.d

358 5381 531 5448 majus
560 5388 834 5451 pra-mium
867 5405 883 5441 :
916 5397 1221 5461 temporalis
1247 5400 1487 5457 custodia
1512 5446 1529 5471 ,
1576 5411 1668 5459 sed
1700 5424 1947 5466 remune-

360 5471 497 5524 ratio
515 5486 735 5530 aeterua.
767 5477 841 5531 De
867 5481 949 5534 his
974 5485 1115 5538 enim
1135 5499 1185 5537 et
1214 5486 1399 5544 beatus
1414 5491 1645 5549 Joannes
1673 5509 1943 5567 apostolus

358 5559 590 5625 loquiur
621 5603 639 5630 ,
696 5568 836 5634 quod
884 5585 1163 5640 aquantur
1220 5593 1411 5646 agnum
1471 5601 1766 5654 quocunque
1829 5594 1941 5646 irrit

359 5655 538 5717 μινυς.
571 5671 677 5723 λιν,
708 5661 784 5729 4).
818 5666 969 5728 Quod
1000 5667 1067 5719 ita
1097 5667 1497 5741 intelligendum
1527 5692 1651 5745 puta
1680 5724 1693 5745 ,
1731 5684 1931 5741 nullum

352 5748 433 5798 eis
462 5748 634 5805 locum
662 5751 715 5805 in
746 5756 948 5809 rcelesti
981 5758 1097 5813 aula
1124 5761 1475 5821 claudendum
1504 5809 1519 5833 ,
1549 5778 1604 5823 et
1631 5788 1821 5831 cuneta
1854 5781 1934 5834 eis

1166 4580 1432 4636 immerito
1461 4602 1556 4653 pro
1585 4590 1947 4659 magnitudine
1977 4588 2023 4645 Ι)
2051 4607 2150 4660 bus
2185 4580 2516 4680 nequaquam
2557 4614 2786 4672 fructum
2816 4620 3007 4676 aliene
3043 4626 3270 4681 suflie3at

2093 1049 2392 1109 divinarum
2426 1059 2764 1120 mansionum
2804 1065 3101 1129 habitacula
3141 1083 3448 1138 reseranda.
3490 1088 3596 1142 Sed
3625 1102 3683 1145 ut

2095 1139 2357 1199 illustrius
2387 1151 2701 1217 virginitatis
2751 1160 3001 1216 meritum
3040 1166 3236 1223 elareal
3259 1210 3275 1233 ,
3302 1184 3357 1227 et
3382 1190 3540 1244 quam
3574 1180 3683 1237 ilco

2094 1231 2253 1300 digna
2282 1238 2350 1290 sit
2378 1243 2711 1301 manifestius
2740 1251 2908 1317 possit
2938 1253 3159 1328 intelligi
3187 1304 3203 1320 .
3236 1231 3365 1317 illud
3392 1231 3678 1340 cogitetur,

2093 1326 2233 1388 quod
2267 1327 2520 1387 Dominus
2544 1345 2599 1389 et
2627 1340 2862 1395 salvator
2889 1356 3071 1402 uoster
3115 1326 3282 1415 ilcus,
3314 1369 3434 1411 cum
3463 1371 3681 1432 propter

2096 1415 2309 1473 humani
2356 1427 2566 1489 generis
2616 1431 2839 1487 salutem
2890 1437 3159 1495 hominem
3189 1443 3499 1513 dignaretur
3527 1468 3679 1510 assu-

2093 1522 2240 1564 mere
2262 1554 2277 1575 ,
2333 1529 2436 1567 non
2466 1520 2625 1572 alium
2657 1537 2814 1590 quam
2842 1527 3159 1599 virginalem
3189 1539 3409 1605 elegerit
3441 1556 3673 1602 uterum.

2094 1601 2158 1655 Et
2191 1614 2246 1656 ut
2277 1605 2578 1673 hujusmodi
2624 1615 2909 1681 plurimum
2962 1624 3061 1677 sibi
3095 1601 3302 1695 placere
3331 1643 3674 1704 monstraret,

2089 1701 2145 1746 et
2170 1696 2437 1760 pudicitia:
2465 1702 2658 1756 bonum
2692 1710 2900 1776 utrique
2928 1717 3077 1769 sexui
3104 1718 3389 1788 intimaret,
3417 1728 3675 1797 virginem

2092 1784 2275 1841 habuit
2318 1801 2541 1847 matrem
2595 1798 2743 1869 virgo
2791 1818 3073 1864 mansurus
3108 1827 3123 1873 ;
3172 1815 3223 1868 in
3253 1830 3311 1871 se
3343 1819 3469 1876 viris
3491 1864 3508 1889 ,
3539 1836 3593 1879 et
3623 1831 3673 1882 in

2091 1888 2261 1934 matre
2292 1881 2503 1938 feminis
2552 1892 2777 1955 praebuit
2825 1899 2936 1967 virg
2960 1903 3141 1955 nitatis
3183 1908 3490 1981 exemplum
3522 1932 3536 1967 :
3569 1936 3674 1988 quo

3347 1967 3377 1981 υ.
3575 1967 3670 1988 1“"

2084 1967 2549 2031 demonstraretur
2577 1980 2629 2033 in
2662 1991 2887 2052 utroque
2917 2004 3047 2043 scxu
3078 1994 3285 2050 beatam
3316 2002 3673 2073 integritatem

2084 2059 2375 2119 divinitatis
2415 2067 2628 2133 haberi,
2661 2085 2715 2129 et
2756 2077 3141 2145 plenitudinem
3189 2059 3455 2149 meruisse
3478 2114 3492 2161 ;
3543 2059 3670 2155 dum

2083 2159 2251 2208 totum
2281 2156 2331 2210 in
2359 2170 2529 2215 matre
2568 2163 2679 2229 fuit,
2710 2168 2967 2238 quidquid
2996 2173 3290 2235 habebatur
3317 2184 3367 2236 in
3390 2156 3514 2242 lilio.
3563 2190 3669 2246 Sed

2082 2245 2208 2310 quid
2237 2260 2337 2315 ego
2364 2261 2550 2321 satago
2588 2258 2859 2314 excellens
2904 2278 2968 2318 ac
3011 2266 3237 2322 sublime
3267 2272 3532 2340 pudicitia:
3561 2298 3667 2335 uie-

2081 2337 2242 2391 ritum
2271 2343 2537 2405 revelare,
2570 2359 2622 2401 et
2646 2350 2893 2414 glorioszc
2924 2358 3242 2424 virginuati~
3268 2367 3463 2424 bonum
3489 2388 3667 2430 os'en-

2078 2425 2238 2491 dere;
2285 2446 2407 2485 cum
2455 2434 2523 2488 de
2569 2436 2668 2492 hac
2712 2454 2772 2496 re
2818 2444 3098 2517 plerosque
3126 2467 3407 2519 pcrnrasse
3438 2478 3543 2516 non
3575 2481 3666 2520 ne-

2078 2518 2275 2583 sciam,
2308 2532 2361 2583 et
2396 2525 2514 2592 ejus
2546 2529 2925 2591 beatitudinem
2959 2543 3405 2603 manifestissimis
3444 2557 3664 2608 rationi-

2078 2607 2175 2661 bus
2206 2616 2585 2680 comprobasse
2605 2660 2621 2685 ,
2649 2632 2702 2676 et
2735 2627 2862 2679 nulli
2894 2634 3118 2698 sapienti
3151 2640 3332 2691 venire
3362 2642 3412 2694 in
3443 2607 3661 2698 dubium

2079 2712 2236 2766 posse
2260 2743 2275 2765 ,
2306 2718 2423 2758 eam
2455 2723 2566 2762 rem
2595 2715 2812 2780 majoris
2832 2732 2954 2775 esse
2982 2727 3155 2779 meriti
3188 2745 3306 2791 qua?
3341 2734 3411 2785 sit
3434 2737 3661 2803 ampli-i-

2077 2790 2151 2843 ris
2199 2793 2431 2848 laboris?
2485 2799 2740 2870 Quisquis
2782 2808 2925 2863 enim
2974 2790 3279 2880 pudicitiam
3324 2833 3416 2876 aut
3466 2790 3661 2879 nullius

2074 2883 2275 2947 pra‘mii
2302 2923 2316 2945 ,
2364 2896 2453 2938 aut
2484 2893 2631 2958 parvi
2658 2893 2964 2966 existimat,
3015 2917 3221 2960 certum
3269 2920 3349 2963 est
3378 2911 3525 2965 illmn
3566 2928 3659 2969 aut

2073 2971 2339 3041 ignorare,
2374 2988 2461 3032 aut
2491 2995 2596 3035 non
2644 2984 3000 3045 voluntarium
3048 2995 3188 3050 ferre
3217 2998 3471 3056 laborem.
3507 3000 3659 3061 l'nde

2071 3058 2145 3114 illi
2172 3077 2385 3134 semper
2410 3071 2642 3127 castitati
2686 3073 2981 3148 derogant,
3030 3086 3119 3151 qui
3148 3102 3266 3141 eam
3310 3104 3401 3144 aut
3427 3109 3531 3147 non
3563 3097 3658 3151 ba-

2072 3153 2220 3219 bent,
2249 3168 2342 3210 aut
2372 3159 2571 3220 habere
2595 3179 2857 3234 coguntur
2888 3171 3059 3229 inviti.
3418 3179 3424 3186 ’

2144 3246 2196 3299 3.
2240 3246 2388 3301 Nunc.
2435 3250 2611 3321 itaque
2659 3260 2909 3325 quoniam
2951 3268 3129 3331 paucis
3178 3269 3340 3337 licet,
3373 3284 3479 3327 tam
3506 3275 3654 3331 labo-

2066 3348 2179 3389 rem
2208 3352 2370 3403 quam
2418 3346 2665 3400 meritum
2710 3348 3027 3420 integritatis
3054 3362 3421 3429 ostendimus;
3470 3381 3538 3421 ne
3568 3383 3655 3423 res

2065 3440 2185 3492 quat
2211 3429 2397 3496 grandi
2425 3434 2620 3490 virtute
2648 3450 2878 3505 eonsmt,
2909 3454 2965 3499 et
3006 3447 3203 3516 in’geuti
3237 3455 3458 3521 praemio
3482 3456 3651 3512 desti-

2068 3527 2247 3582 natur,
2279 3536 2466 3579 carere
2493 3528 2664 3582 lructu
2696 3545 2795 3585 suo
2829 3537 3017 3602 possit,
3048 3539 3349 3609 diligentius
3376 3552 3651 3602 excutiam

2061 3607 2186 3660 dmn
2213 3620 2315 3663 est.
2344 3612 2554 3679 Quanto
2579 3619 2721 3673 enim
2750 3637 3081 3696 quaecunque
3116 3607 3323 3698 simcies
3365 3637 3649 3703 pretiosior

2060 3701 2242 3768 fuerit,
2272 3716 2421 3761 tanto
2450 3711 2636 3780 majori
2663 3716 3023 3776 sollicitudine
3047 3726 3363 3783 custoditur.
3409 3731 3475 3787 Et
3511 3748 3646 3802 quo-

2059 3792 2201 3847 niam
2250 3798 2431 3851 multa:
2473 3814 2597 3856 sunt
2641 3819 2761 3873 quin
2807 3807 2948 3865 bono
3000 3817 3215 3883 proprio
3262 3833 3487 3887 carent,
3540 3827 3641 3880 nisi

2061 3882 2282 3937 aliarum
2312 3902 2489 3944 rerum
2506 3893 2762 3961 juventur
2780 3901 3008 3956 auxilio:
3038 3915 3092 3959 ut
3113 3918 3191 3961 est
3216 3911 3390 3966 mellis
3412 3915 3640 3983 species,

2058 3990 2177 4041 quae
2204 3977 2302 4030 nisi
2326 3995 2567 4037 cerarum
2592 3989 2825 4043 custodia
2849 4002 2904 4045 et
2928 3993 3165 4049 favorum
3191 4001 3396 4057 cellulis
3420 4019 3639 4060 conser-

2056 4075 2206 4118 vetur
2235 4106 2250 4130 ,
2280 4077 2333 4120 et
2382 4070 2463 4135 (ut
2492 4075 2669 4129 verius
2697 4078 2952 4152 dixerim)
3002 4088 3265 4141 nutriatur
3293 4131 3305 4151 ,
3342 4094 3636 4150 naturalem

2054 4158 2275 4223 gratiam
2298 4162 2491 4228 perdit,
2515 4175 2566 4217 et
2592 4169 2883 4226 subsistere
2912 4187 3006 4239 per
3027 4190 3084 4229 se
3116 4177 3285 4247 ipsam
3314 4198 3417 4235 non
3442 4196 3635 4252 potest.

2054 4246 2202 4302 Sicut
2246 4260 2301 4304 et
2329 4254 2434 4306 vini
2473 4257 2679 4322 species
2704 4297 2719 4323 ,
2761 4261 2903 4329 quod
2935 4266 3035 4318 nisi
3070 4246 3195 4321 boui
3219 4270 3400 4325 odoris
3427 4289 3517 4327 vas
3543 4277 3633 4338 sit.

2055 4348 2103 4391 et
2138 4342 2400 4405 reparatis
2428 4343 2668 4398 crebrius
2712 4349 2918 4415 p‘cibus
2959 4351 3219 4419 foveatur,
3251 4362 3496 4427 genuina:
3527 4366 3633 4419 vim

2054 4428 2332 4482 suavitatis
2360 4432 2575 4487 amittit.
2628 4440 2893 4493 Attentius
2931 4455 3061 4511 ergo
3106 4449 3489 4514 providendum
3526 4467 3627 4520 est,

2054 4531 2123 4570 ne
2155 4516 2291 4573 forte
2318 4533 2371 4575 et
2400 4524 2686 4592 virginitati
2713 4529 2813 4582 alia
2848 4533 2953 4585 sint
2984 4538 3281 4591 necessaria
3301 4581 3315 4601 ,
3358 4541 3474 4597 sine
3508 4546 3629 4613 qui-

3314 4647 3328 4681 :
3371 4642 3426 4685 et
3453 4644 3630 4689 tantus

2052 4700 2179 4751 nihil
2232 4703 2468 4769 proderit
2506 4706 2697 4771 labor,
2741 4710 2866 4763 dum
2918 4729 3050 4767 \atte
3094 4718 3347 4783 prodesse
3392 4726 3629 4781 cied.tur

2052 4789 2189 4857 quod
2262 4791 2461 4861 absque
2522 4795 2680 4851 rebus
2748 4806 3063 4856 necessariis
3126 4809 3445 4875 possidetur.
3517 4814 3626 4871 Nisi

2050 4882 2190 4933 enim
2222 4881 2413 4950 lallor,
2467 4888 2533 4940 ob
2582 4889 2816 4944 etelestis
2846 4895 2993 4961 regni
3042 4896 3317 4962 praemium
3360 4903 3625 4969 pudicitiae

2050 4982 2292 5027 servatur
2337 4975 2611 5046 iu'egritas
2637 5021 2650 5042 ,
2694 4983 2834 5049 quod
2870 4986 2985 5038 sine
3026 4998 3241 5041 interna:
3285 4991 3406 5046 vitae
3435 5000 3625 5049 nnnim

2054 5076 2320 5116 neminem
2346 5070 2597 5135 consequi
2628 5086 2783 5135 posse
2810 5075 2937 5125 satis
2965 5085 3166 5130 eertum
3197 5090 3295 5133 est.
3345 5083 3485 5138 Aitct
3501 5103 3621 5142 nam

2050 5168 2178 5206 vero
2212 5156 2368 5208 vitam
2415 5174 2518 5211 non
2561 5160 2658 5213 nisi
2695 5177 2789 5228 per
2818 5180 3030 5218 omnem
3080 5168 3384 5226 divinorum
3423 5192 3624 5243 praere-

2046 5253 2255 5307 ptorum
2286 5250 2579 5301 custodiam
2624 5254 2915 5317 promereri
2960 5269 3118 5322 posse
3155 5257 3427 5330 Scriptura
3461 5278 3623 5322 testa-

2047 5341 2161 5394 tur,
2201 5336 2385 5391 diCens
2415 5356 2429 5391 :
2464 5339 2523 5393 Si
2558 5343 2630 5395 vis
2669 5346 2735 5395 ad
2779 5346 2929 5398 vitam
2979 5350 3171 5415 venire,
3202 5368 3343 5406 serua
3380 5366 3619 5415 mundata

2049 5423 2261 5491 (Matth.
2293 5444 2416 5492 XIX,
2452 5431 2563 5501 ΓΙ).
2622 5433 2791 5487 Vitam
2845 5452 2973 5505 ergo
3022 5454 3126 5494 non
3175 5442 3333 5498 habet
3381 5448 3481 5501 nisi
3531 5454 3621 5517 qui

2050 5529 2237 5572 cuneta
2290 5522 2422 5593 legis
2472 5527 2718 5580 mandata
2764 5532 3054 5585 servaverit
3082 5550 3097 5584 :
3126 5544 3179 5588 ct
3205 5537 3294 5602 qui
3328 5541 3484 5593 vitam
3517 5558 3620 5597 non

2052 5607 2295 5663 habuerit
2320 5650 2335 5673 ,
2369 5612 2599 5665 caelestis
2633 5618 2781 5683 regni
2816 5633 2918 5669 nun
2968 5630 3142 5688 potest
3176 5637 3295 5677 esse
3326 5641 3617 5693 possessor,

2050 5696 2099 5748 in
2128 5714 2232 5765 quo
2262 5718 2364 5753 non
2394 5705 2588 5757 iuurtui
2614 5745 2629 5770 ,
2662 5708 2755 5759 Sed
2786 5723 2885 5759 νιν.
2911 5710 3105 5778 quique
3134 5715 3447 5783 regnabant.
3481 5719 3618 5774 Nihil

2043 5801 2170 5854 ergo
2196 5791 2469 5859 virginizas
2491 5795 2601 5848 sola
2630 5796 2891 5863 proﬁciet,
2921 5813 3039 5865 qua:
3067 5802 3301 5858 cwlestis
3330 5806 3475 5876 regni
3501 5809 3615 5873 glo-
