4180 6446
637 346 704 399 79
1930 335 2267 392 AL'C'l‘OlllS
2307 332 2612 388 ANUNHH
3818 332 3887 381 SD

636 460 764 508 riatu
794 463 999 520 sperat;
1030 452 1126 503 ιιῐδί
1155 460 1204 502 et
1238 448 1363 502 illud
1401 446 1671 514 habuerit,
1700 444 1785 499 cui
1818 457 2067 515 perpetua
2100 447 2204 496 vita
2233 447 2279 503 Α
2310 452 2391 495 est
2420 442 2563 494 aliud
2589 455 2743 508 quant
2778 455 2879 493 non
2915 454 3154 508 peccare.
3191 438 3301 493 Non
3338 454 3555 508 peccare
3584 454 3651 491 au
3678 454 3782 500 eui,
3807 450 3893 492 est

635 545 954 614 promittitur
980 588 993 609 ,
1028 556 1298 611 perquam
1325 542 1557 594 etelestis
1600 537 1747 607 regni
1780 537 2054 606 prazmiutu
2085 551 2205 605 pos-

632 639 854 689 sidetur.
878 635 1015 689 Ante
1044 649 1171 702 ergo
1195 633 1370 686 omnia
1405 631 1707 701 pudicitiam
1742 630 2205 697 integritatemque

631 728 966 780 servantibus
1000 735 1049 780 et
1090 724 1207 793 ejus
1256 721 1736 777 remunerationem
1767 737 1795 772 a
1829 719 1920 771 ι).ςί
1955 719 2207 787 aequitate

632 816 965 886 sperantibus
992 816 1361 869 mandatorum
1388 823 1510 867 sunt
1537 809 1883 866 custodienda
1913 817 2207 878 prtecepta,

635 927 700 963 ne
728 907 975 978 gloriosa!
1001 906 1262 961 castitatis
1292 915 1344 959 et
1368 904 1710 959 continentiae
1736 901 1885 955 labor
1915 901 1967 953 in
1996 899 2204 952 irritum

632 1002 945 1055 deducatur.
969 997 1141 1066 Supra
1170 999 1477 1050 mandatum
1500 998 1579 1050 vel
1605 1001 1922 1063 praeceptum
1954 1004 2074 1044 esse
2104 990 2211 1042 vir-

637 1092 906 1156 trinitatem
932 1128 949 1154 ,
997 1088 1210 1157 sapiens
1254 1096 1309 1141 et
1347 1088 1527 1154 legens
1559 1084 1732 1138 nullus
1770 1084 2017 1152 ignorat;
2071 1082 2210 1147 Apo-

636 1182 774 1235 stulo
801 1181 1009 1234 dicente
1040 1196 1052 1230 :
1087 1178 1161 1231 De
1185 1177 1457 1248 virginibus
1483 1187 1646 1229 autem
1676 1180 1981 1242 praeceptum
2007 1170 2208 1223 Domini

637 1288 732 1326 non
754 1271 914 1324 habeo
936 1312 952 1336 ,
982 1270 1246 1323 comitium
1275 1278 1443 1320 autem
1488 1267 1552 1318 do
1582 1265 1624 1335 (ι
1647 1264 1766 1319 Cor.
1797 1278 1889 1327 vlt,
1917 1260 2033 1329 ‘25).
2076 1261 2208 1313 Cum

636 1382 763 1432 ergo
788 1364 1091 1419 obtinenda).
1129 1359 1444 1429 virginitatis
1482 1358 1761 1411 consilium
1792 1353 1904 1419 dat,
1936 1367 2047 1407 non
2075 1365 2211 1420 prte-

636 1468 846 1524 ceptutu
877 1454 1087 1515 Statuit;
1120 1466 1283 1520 supra
1308 1450 1613 1503 mandatum
1640 1449 1723 1502 vel
1747 1454 2069 1515 praeceptum
2091 1457 2213 1498 eam

638 1566 757 1602 esse
816 1546 1087 1616 professus
1148 1553 1249 1599 est.
1313 1542 1626 1610 Quicunque
1678 1552 1804 1608 ergo
1851 1534 2210 1605 virginitatem

638 1648 849 1695 servant
871 1682 886 1703 ,
919 1638 1086 1708 magis
1112 1650 1269 1705 quam
1321 1642 1644 1703 princeptum
1674 1642 1755 1685 est
1796 1628 2012 1683 faciunt.
2063 1626 2214 1680 Tunc

638 1734 780 1786 enim
824 1730 1062 1802 proderit
1108 1728 1335 1797 amplius
1366 1727 1552 1782 fecisse
1592 1740 1749 1794 quam
1775 1723 1983 1791 jussum
2014 1731 2093 1777 est
2117 1761 2135 1787 ,
2165 1720 2213 1775 si

2313 534 2443 602 legis
2469 542 2727 602 praecepta
2758 547 2993 586 servare.
3050 532 3441 601 Prteceptorum
3489 542 3662 584 autem
3707 530 3895 586 obser-

2312 628 2452 677 vatio
2476 623 2671 690 dup'it-i
2697 638 2897 689 genere
2927 622 3262 676 custoditur:
3298 630 3355 676 ut
3399 620 3526 675 nihil
3558 636 3741 675 eorum
3772 639 3895 690 uita:

2314 714 2661 783 prohibentur
2689 714 2848 768 facias
2872 756 2889 779 ,
2937 723 2993 766 et
3015 724 3204 768 cuncta
3232 729 3353 782 qua:
3388 715 3643 783 iubentur
3673 714 3897 785 implere

2296 806 2623 858 :t-outendas.
2661 805 2772 877 Hoc
2802 815 2883 860 est
2906 806 3045 872 quod
3078 804 3204 859 dicit
3236 806 3465 859 :llecedc
3493 824 3526 858 α
3550 807 3709 871 malo,
3734 815 3778 861 et
3810 808 3897 876 [uc

2311 898 2499 949 bonum
2532 888 2755 961 (Psultn.
2801 913 2963 951 nam
2992 939 3004 963 ,
3041 898 3153 966 15).
3201 897 3334 951 Nolo
3356 899 3496 952 enim
3523 912 3676 967 putes
3713 898 3763 953 in
3792 897 3897 952 hoc

2311 1000 2560 1042 constare
2582 987 2866 1056 illst-liam,
2899 997 2956 1041 ιιι
2979 986 3175 1042 malum
3210 1004 3314 1043 non
3338 989 3527 1051 facias;
3569 1003 3690 1043 cum
3719 997 3774 1043 et
3801 987 3897 1043 ho-

2315 1094 2440 1132 num
2473 1093 2577 1131 non
2609 1079 2782 1133 facere
2813 1079 3009 1132 malum
3040 1078 3151 1143 sit,
3177 1088 3234 1133 et
3258 1082 3309 1133 in
3343 1088 3569 1147 utroque
3598 1078 3731 1149 legis
3762 1092 3897 1146 prte-

2314 1171 2564 1223 varicatio
2606 1170 2990 1225 couunittatur.
3022 1171 3282 1239 Quoniam
3312 1171 3402 1239 qui
3430 1172 3565 1226 dixit
3591 1188 3607 1224 ε
3645 1172 3835 1226 Recede
3861 1188 3894 1223 α

2312 1264 2479 1327 malo;
2510 1274 2562 1318 ct
2589 1263 2703 1333 ipse
2731 1263 2864 1319 dixit
2885 1308 2899 1328 ,
2955 1269 3037 1332 [ac
3065 1265 3267 1318 bonum.
3304 1266 3358 1320 Si
3410 1282 3441 1317 a
3472 1267 3612 1319 ma’o
3658 1278 3893 1319 recesse-

2314 1356 2386 1409 ris
2414 1367 2469 1410 et
2490 1370 2593 1409 non
2625 1355 2816 1410 ieceris
2848 1357 3066 1415 bonum,
3100 1364 3460 1425 transgressor
3480 1370 3537 1409 es
3563 1354 3742 1424 Legis;
3773 1367 3893 1423 quae

2315 1459 2420 1497 non
2454 1454 2655 1497 tantum
2685 1446 2735 1498 in
2768 1446 3028 1499 malorum
3068 1458 3281 1499 actuum
3324 1444 3722 1500 abominatione
3745 1485 3761 1510 ,
3795 1444 3889 1498 sed

2314 1544 2367 1590 et
2391 1536 2440 1588 in
2474 1536 2733 1589 bonorum
2762 1552 2981 1604 operum
3012 1537 3336 1607 perfectione
3359 1537 3679 1606 completur.
3712 1537 3893 1604 Neque

2315 1630 2457 1681 enim
2484 1627 2583 1682 hoc
2605 1630 2773 1681 solum
2801 1628 2892 1681 tibi
2918 1628 3220 1697 prateipitur
3238 1668 3255 1693 ,
3289 1638 3348 1682 ut
3376 1626 3624 1685 vestitum
3652 1630 3763 1682 suis
3787 1641 3893 1680 non

2316 1716 2513 1787 spolies
2543 1716 2872 1774 indumentis
2893 1733 2907 1781 ;
2935 1720 3027 1772 sed
3049 1729 3103 1773 et
3130 1728 3186 1772 ut
3214 1717 3495 1789 spoliatum
3517 1720 3729 1786 operias
3748 1717 3851 1771 tuis
3874 1733 3889 1769 :

640 1826 782 1892 quod
824 1824 1024 1892 iussum
1072 1832 1156 1877 est
1203 1820 1386 1873 facias.
1434 1818 1667 1887 Cupiens
1708 1816 1942 1869 divinum
1993 1813 2212 1881 implere
2244 1807 2289 1865 Β
2318 1824 2490 1879 neque
2523 1819 2582 1863 ut
2614 1809 2827 1864 habenti
2868 1825 3058 1879 partem
3082 1828 3097 1882 ;
3117 1826 3222 1866 non
3252 1811 3465 1866 auferas
3498 1826 3682 1876 suum,
3708 1809 3801 1864 sed
3834 1821 3894 1864 ut

640 1915 943 1976 consilium,
976 1923 1099 1968 ante
1126 1910 1303 1965 omnia
1327 1924 1483 1964 serva
1508 1907 1813 1963 mandatum
1847 1922 1860 1956 :
1890 1903 2077 1957 volens
2109 1900 2215 1955 vir-

639 2004 875 2072 ginitatis
901 2001 1177 2071 praemium
1198 2000 1473 2068 consequi,
1501 1998 1625 2052 vitae
1649 1999 1969 2065 amplectere
1997 1993 2209 2057 merita,

642 2107 699 2151 ut
725 2106 811 2151 tua
835 2092 1164 2149 remunerari
1189 2092 1409 2148 castitas
1438 2090 1622 2160 possit.
1652 2087 1781 2142 Nam
1806 2097 1864 2141 ut
1887 2086 2045 2139 vitam
2074 2099 2213 2154 prte-

642 2196 747 2239 stat
768 2182 1130 2240 remuneratio
1156 2182 1557 2246 mandatorum;
1585 2182 1653 2234 ita
1682 2195 1713 2235 e
1740 2177 2006 2234 contrario
2028 2190 2212 2229 eorum

642 2284 864 2347 generat
892 2276 1259 2345 praevaricatio
1287 2285 1534 2328 mortem.
1569 2272 1631 2326 Et
1659 2271 1749 2341 qui
1786 2284 1878 2337 per
1906 2268 2213 2337 praevarica-

645 2369 840 2420 tionem
866 2366 919 2419 itt
950 2374 1175 2419 mortem
1206 2362 1365 2419 fuerit
1388 2363 1689 2431 deputatus,
1722 2358 2036 2428 virginitatis
2058 2371 2214 2412 coro-

645 2474 765 2511 nant
793 2470 1011 2526 sperare
1041 2470 1143 2509 non
1174 2457 1399 2523 poterit;
1442 2466 1613 2521 neque
1642 2450 1903 2520 pudicitia:
1938 2448 2212 2519 praemium

640 2556 951 2617 exspectare
977 2546 1299 2601 constitutus
1331 2548 1382 2598 in
1413 2559 1587 2612 pecua.
1920 2539 1928 2547 ’

710 2642 762 2693 ι.
804 2639 845 2693 'l’
850 2652 937 2693 res
962 2636 1102 2693 enim
1132 2640 1339 2705 species
1366 2645 1507 2701 sunt,
1533 2648 1623 2702 per
1652 2648 1784 2703 quas
1810 2632 2041 2691 ccelestis
2064 2630 2210 2701 regni

642 2710 906 2797 possessio
955 2729 1218 2783 introitur.
1278 2718 1451 2781 Prima
1499 2736 1581 2781 est
1629 2724 1925 2794 pudicitia;
1981 2725 2211 2779 secunda

638 2819 821 2873 mundi
843 2828 1213 2886 contemptus;
1243 2819 1393 2872 tertia
1425 2833 1549 2870 vero
1573 2818 1776 2886 justitia
1812 2832 1825 2867 :
1851 2831 1970 2883 qua:
2002 2825 2058 2869 ut
2083 2830 2212 2869 con-

642 2925 793 2964 uerte
825 2910 1107 2978 plurimum
1136 2922 1199 2963 se
1246 2908 1642 2977 possidentibus
1692 2914 1981 2974 prestant;
2032 2906 2100 2958 ita
2131 2906 2212 2959 di-

637 3007 771 3057 visa:
819 3003 1077 3072 prodesse
1120 3000 1337 3055 difficile
1389 3008 1609 3068 possunt
1656 3017 1667 3050 :
1714 3000 1840 3053 dum
1888 3013 2214 3067 unaqmqnc

638 3107 824 3146 earum
851 3105 955 3145 non
985 3100 1199 3159 propter
1226 3105 1284 3145 se
1317 3100 1517 3145 tantum
1544 3132 1558 3156 ,
1590 3089 1681 3144 sed
1710 3098 1926 3159 propter
1948 3090 2105 3143 aliam
2138 3091 2214 3143 el-

2313 1914 2420 1954 non
2442 1900 2657 1954 habenti
2681 1940 2698 1965 ,
2734 1911 2880 1955 tuum
2919 1902 3148 1955 libenter
3173 1901 3447 1970 impertias
3470 1921 3484 1955 ;
3508 1916 3681 1972 neque
3717 1902 3891 1956 solum

2313 2001 2371 2045 ut
2403 2006 2689 2061 pauperem
2710 2006 2811 2045 suo
2844 2006 2949 2047 non
2982 1994 3150 2062 pellas
3186 1996 3451 2063 hospitio;
3480 1995 3575 2050 sed
3597 2006 3648 2048 ut
3672 1995 3885 2065 pulsum

2313 2094 2492 2137 etnon
2519 2083 2803 2139 habentem
2828 2086 3053 2155 recipias
3079 2096 3189 2140 tuo.
3220 2087 3549 2156 Praeceptum
3572 2088 3712 2144 enim
3740 2088 3891 2144 nobis

2312 2184 2417 2239 est,
2447 2173 2595 2228 Flere
2614 2193 2731 2230 cans
2750 2177 2986 2244 ﬂentibus
3008 2178 3185 2246 (Rom.
3211 2193 3305 2243 stt,
3333 2178 3441 2249 15).
3468 2179 3743 2245 Quomodo
3768 2194 3889 2235 cum

2312 2266 2421 2321 illis
2440 2267 2648 2335 ﬂemus,
2674 2270 2717 2323 si
2742 2270 2791 2323 in
2816 2271 2962 2324 nullo
2982 2286 3166 2325 eorum
3184 2272 3593 2328 necessitatibus
3616 2274 3891 2342 participa-

2316 2372 2455 2422 mus,
2480 2372 2575 2412 nec
2597 2358 2813 2428 aliquod
2835 2360 2914 2413 eis
2940 2360 2992 2413 in
3024 2361 3106 2413 Itis
3134 2370 3354 2430 propter
3383 2378 3514 2430 quas
3536 2365 3893 2434 lacrymantur

2315 2450 2493 2503 causis
2550 2451 2851 2519 praebemus
2906 2453 3162 2508 auxilium
3190 2456 3215 2507 τ
3271 2454 3453 2525 Neque
3491 2460 3630 2512 enim
3673 2459 3889 2514 ﬂetuum

2320 2554 2619 2596 nosrorutn
2646 2542 2784 2597 Deus
2808 2542 3192 2610 infructuosum
3231 2548 3422 2615 quierit
3458 2550 3759 2614 humorem;
3792 2551 3887 2605 sed

2319 2632 2440 2701 quia
2477 2631 2722 2702 lacrymte
2758 2634 2957 2688 doloris
2996 2636 3245 2691 indicium
3281 2650 3426 2704 sunt,
3455 2642 3563 2691 vult
3591 2648 3643 2693 te
3670 2640 3739 2692 ita
3759 2641 3889 2692 a'te-

2320 2726 2429 2775 rius
2449 2723 2723 2791 angustias
2745 2726 2947 2779 sentire
2978 2737 3033 2778 ut
3060 2740 3211 2787 tuas;
3248 2739 3298 2779 ct
3320 2728 3587 2796 quomodo
3610 2732 3701 2782 tibi
3725 2729 3775 2782 itt
3802 2732 3887 2783 tali

2322 2813 2657 2868 tribulatione
2679 2814 2723 2866 si
2744 2829 2892 2869 esses
2913 2816 3184 2870 subveniri
3217 2832 3461 2884 cuperes,
3491 2820 3559 2871 ita
3584 2820 3739 2873 alteri
3760 2821 3889 2873 sub-

2319 2905 2500 2957 vt-nias
2546 2916 2763 2974 propter
2810 2905 2936 2960 illud
2977 2922 2991 2957 :
3052 2907 3372 2975 ﬂumenque
3408 2909 3560 2963 vultis
3608 2920 3661 2962 ut
3701 2911 3888 2978 faciant

2316 2997 2453 3049 voltis
2502 2997 2726 3050 homines
2778 2998 2945 3061 bona,
2996 3000 3068 3051 ita
3110 3013 3157 3053 et
3205 3018 3291 3053 uos
3333 3002 3483 3070 [iteite
3514 3002 3618 3056 illis
3661 3005 3891 3058 similiter

2317 3086 2528 3157 (Matth.
2560 3103 2655 3152 vn,
2690 3089 2800 3156 11).
2826 3090 2954 3143 Nam
2977 3107 3095 3145 cum
3128 3092 3288 3147 ﬂente
3312 3092 3466 3157 ﬂere,
3497 3106 3551 3149 et
3583 3096 3734 3161 nihil,
3767 3111 3887 3150 cum

642 3187 672 3236 ll
693 3192 925 3254 igtatur.
959 3181 1012 3236 lu
1041 3182 1224 3249 primis
1254 3196 1382 3250 ergo
1411 3181 1665 3250 quaeritur
1696 3180 1965 3249 pudicitia,
2000 3190 2056 3235 ut
2086 3178 2214 3233 laci-
2237 3169 2283 3231 C
2319 3180 2522 3247 possis,
2565 3178 2711 3234 ﬂenti
2749 3181 3018 3244 cooferre,
3057 3183 3509 3251 subsannationis,
3541 3201 3645 3238 non
3679 3188 3888 3253 pietatis

643 3276 742 3326 lius
788 3273 1052 3341 subsequa
1080 3287 1144 3325 ur
1189 3271 1367 3324 mundi
1416 3281 1753 3339 contemptus
1789 3273 1949 3340 :quia
1990 3272 2057 3325 ab
2110 3272 2211 3325 illis

641 3365 869 3418 mundus
898 3366 1166 3418 contemni
1197 3363 1364 3418 levius
1395 3373 1602 3432 potest,
1643 3364 1733 3433 qui
1764 3364 2085 3418 matrimonii
2117 3378 2213 3418 ne-

639 3458 793 3510 xtbus
823 3470 927 3508 non
960 3464 1115 3508 tenen
1142 3469 1226 3507 ur.
1253 3455 1429 3507 Mundi
1462 3468 1587 3509 vero
1608 3465 1942 3521 contemptus
1971 3457 2213 3521 exposci-

640 3558 765 3613 tur,
796 3560 852 3600 ut
882 3549 1078 3614 iustitia
1108 3558 1490 3608 conservetur;
1541 3561 1697 3616 quam
1745 3545 1966 3614 implere
1995 3546 2212 3598 ditftcle

643 3648 894 3704 possunt,
932 3640 1020 3708 qui
1069 3636 1400 3690 smcularium
1443 3636 1699 3692 bonorum
1730 3648 1783 3690 et
1825 3635 2209 3690 tnundzutarutn

644 3732 968 3798 voluptatum
1001 3728 1222 3798 negotiis
1252 3727 1622 3796 implicantur!
1652 3727 1898 3795 Quisquis
1927 3742 2053 3793 ergo
2085 3741 2206 3794 pos-

639 3821 777 3873 sidet
808 3823 1028 3887 primam
1076 3820 1307 3887 speciem
1348 3817 1612 3885 pudicitia:
1637 3857 1651 3880 ,
1684 3828 1736 3870 et
1778 3818 2061 3869 secundam
2091 3830 2211 3884 quae

641 3922 722 3963 est
753 3908 935 3961 mundi
962 3919 1294 3975 contemptus
1320 3948 1333 3971 ,
1361 3922 1465 3959 non
1495 3909 1588 3960 obt
1610 3917 1719 3972 net,
1754 3922 1886 3975 pene
1911 3908 2023 3961 sine
2052 3921 2211 3961 causa

644 4000 878 4065 possidet
903 3998 1159 4065 primam,
1190 4013 1221 4066 q
1246 3998 1402 4049 tando
1429 3996 1714 4051 secundam
1746 4013 1850 4051 non
1882 3997 2055 4063 habet,
2091 4012 2215 4065 pru-

644 4100 760 4157 pter
779 4103 934 4153 quam
959 4085 1121 4155 prima
1144 4089 1362 4156 quae-ita
1392 4098 1493 4142 est.
1527 4088 1589 4142 Et
1618 4091 1660 4141 si
1697 4089 1916 4157 primatu
1945 4101 1997 4143 et
2021 4102 2211 4143 Secun-

643 4181 763 4233 dam
798 4181 981 4233 habeat
1003 4219 1019 4243 ,
1048 4180 1130 4234 cui
1165 4181 1346 4244 tertia,
1377 4195 1495 4248 qua:
1526 4191 1607 4233 est
1631 4182 1837 4248 justitta
1858 4221 1872 4243 .
1905 4182 2075 4245 desit;
2111 4180 2214 4234 fru-

643 4283 751 4327 stra
784 4270 986 4324 laborat
1016 4286 1030 4323 :
1066 4270 1312 4339 quoniam
1345 4272 1647 4338 :ttperiores
1676 4272 1791 4325 dua:
1822 4280 2034 4339 propter
2057 4271 2211 4340 justi-

646 4364 771 4415 tiam
830 4361 1095 4428 praecipue
1158 4362 1522 4428 requiruntur.
1595 4360 1729 4426 Quid
1786 4363 1927 4415 enim
2000 4362 2214 4430 prodest

647 4460 861 4522 propter
902 4449 1083 4504 tttuntli
1122 4460 1483 4517 contemptum
1535 4450 1839 4516 pudicitiam
1883 4450 2112 4515 habere,
2160 4461 2212 4505 et

2315 3270 2563 3323 indicium
2594 3280 2695 3324 est.
2740 3270 2978 3338 Denique
3016 3272 3261 3328 Salvator
3294 3284 3478 3328 noster
3497 3290 3614 3329 cum
3639 3277 3795 3330 Maria
3836 3289 3889 3332 tt

2315 3360 2516 3412 Martha
2559 3359 2740 3412 Lauri
2762 3359 3041 3415 sororibus
3065 3362 3244 3426 ﬂevit;
3284 3372 3339 3417 et
3376 3364 3651 3419 immensa:
3689 3365 3889 3421 miseri-

2312 3452 2510 3505 cordia:
2536 3450 2782 3505 allectum
2817 3450 3171 3517 lacrimarum
3204 3454 3525 3509 contestatio
3563 3472 3595 3509 e
3627 3466 3880 3510 monstra-

2315 3542 2409 3603 vit,
2433 3550 2489 3595 t-t
2510 3556 2649 3595 verte
2673 3542 2881 3610 pietatis
2904 3542 3094 3597 iudicia
3119 3560 3241 3599 mox
3260 3560 3418 3613 Opera
3438 3545 3718 3601 subsecuta
3741 3558 3885 3613 sunt,

2313 3646 2433 3685 cum
2466 3632 2751 3686 suscitatus
2793 3632 3065 3698 Laut-us,
3111 3635 3264 3703 citius
3305 3650 3463 3690 causa
3510 3638 3882 3704 fundebantur,

2313 3723 2586 3777 sororibus
2624 3723 2881 3778 reddtur.
2928 3724 3037 3779 lloc
3078 3725 3172 3779 fuit
3204 3726 3288 3793 pie
3316 3743 3437 3782 cum
3473 3730 3717 3784 flentibus
3739 3731 3884 3797 ﬂere,

2314 3819 2653 3868 occasionem
2677 3814 2833 3868 ﬂetus
2854 3815 3086 3870 auferre.
3117 3814 3221 3869 Sed
3242 3816 3391 3886 quasi
3424 3833 3633 3885 potens,
3658 3820 3883 3887 inquit-5,

2316 3904 2459 3957 fecit.
2505 3904 2699 3958 Verum
2736 3919 2832 3959 uec
2866 3904 2957 3958 tbi
2982 3907 3308 3973 itnpoSsibile
3341 3908 3534 3977 aliquid
3558 3910 3882 3980 imperatur:

2316 3998 2550 4061 implevit
2584 3998 2760 4051 omnia
2793 4000 2880 4067 qui
2914 3999 3053 4066 quod
3084 4002 3250 4066 potuit
3283 4002 3423 4055 fecit.

2386 4093 2439 4143 6.
2480 4089 2610 4154 Sed,
2654 4099 2708 4141 ut
2747 4090 2927 4143 dicere
2960 4103 3312 4161 coeperamus,
3359 4108 3464 4146 non
3504 4094 3697 4150 sufficit
3733 4095 3882 4151 Citri-

2315 4180 2490 4234 stiano
2514 4195 2542 4232 a
2566 4182 2718 4234 malis
2749 4198 2808 4236 se
2835 4182 3123 4245 abstinere,
3156 4186 3254 4236 nisi
3280 4190 3439 4238 etam
3466 4186 3726 4240 bonorum
3767 4204 3889 4255 cpe-

2318 4289 2435 4326 rum
2466 4272 2640 4327 oﬂicia
2682 4274 2980 4342 perfecerit.
3026 4275 3175 4341 Quod
3222 4277 3309 4331 illo
3348 4278 3428 4331 vel
3472 4282 3702 4335 maxime
3739 4283 3887 4334 tesii-

2317 4367 2499 4420 monio
2555 4369 2972 4436 comprobatur,
3030 4372 3172 4436 quod
3234 4369 3584 4425 comminatur
3638 4374 3886 4426 ιιυιηίιιει

2317 4456 2499 4509 aitetni
2528 4456 2665 4525 ignis
2689 4472 2810 4510 reos
2841 4459 2972 4522 fore,
2998 4460 3087 4525 qui
3128 4460 3369 4523 quamvis
3395 4462 3516 4514 mali
3560 4464 3686 4516 nihil
3710 4479 3883 4529 gesse-

647 4556 862 4614 propter
888 4547 1026 4611 quod
1057 4558 1175 4599 eam
1217 4544 1303 4598 ha!
1323 4559 1415 4599 eas
1465 4560 1568 4598 non
1601 4546 1794 4600 habere
1820 4562 1835 4609 ;
1884 4545 1967 4599 vel
1996 4561 2090 4599 cur
2128 4559 2212 4598 res
2241 4532 2292 4590 D
2317 4548 2441 4611 rint,
2462 4562 2567 4599 non
2591 4547 3139 4614 feceriutomnequotl
3164 4549 3358 4602 bonum
3380 4561 3481 4612 est,
3503 4550 3684 4606 dicens
3708 4570 3721 4603 :
3750 4553 3887 4604 Tunc

648 4639 829 4688 mundi
858 4646 1200 4699 contemnas,
1231 4639 1273 4688 si
1301 4636 1586 4703 justitiam,
1621 4648 1837 4705 propter
1864 4652 2019 4705 quam
2067 4637 2214 4703 pudi-

646 4723 821 4778 t'itiam
850 4737 902 4778 et
934 4726 1109 4778 tuundi
1135 4734 1491 4793 contemptum
1524 4726 1721 4781 habere
1746 4737 1796 4783 te
1816 4728 2083 4790 convenit,
2106 4743 2212 4781 non

644 4816 955 4868 custodias?
1002 4815 1131 4880 Quia
1164 4826 1220 4869 ut
1249 4818 1417 4884 prima
1447 4818 1649 4885 species
1681 4830 1897 4887 propter
1923 4822 2208 4874 secundant

644 4912 757 4967 est;
810 4906 875 4956 ita
921 4905 1086 4973 prima
1117 4917 1171 4960 et
1211 4905 1441 4960 secunda
1492 4916 1705 4973 propter
1737 4912 1942 4962 tertiam
1975 4927 1989 4965 :
2018 4925 2137 4979 qua:
2165 4909 2210 4963 si

646 5010 750 5046 nun
775 4995 948 5058 fuerit,
980 5009 1081 5049 nec
1107 4998 1273 5062 prima
1306 5011 1402 5050 nec
1423 5000 1652 5051 st-eunda
1681 5002 1936 5067 proficiet.

714 5082 764 5135 εἰ.
812 5085 951 5137 Dicis
983 5085 1230 5149 forsitan,
1259 5087 1395 5141 Doce
1431 5102 1555 5156 ergo
1583 5103 1667 5143 nte
1698 5090 1822 5157 quid
1872 5092 1939 5144 sit
1961 5090 2162 5157 justitia
2192 5108 2205 5155 ;

645 5186 696 5224 ut
723 5188 837 5227 eaut
862 5178 903 5227 si
933 5177 1271 5245 cognoverim
1317 5178 1519 5232 facilius
1560 5181 1778 5247 implere
1805 5180 2083 5237 sulllciam.
2121 5183 2207 5235 Di-

642 5279 755 5315 t-aut
789 5267 1015 5319 breviter
1037 5278 1091 5320 ut
1120 5269 1293 5333 valeo,
1325 5277 1378 5322 et
1414 5270 1696 5323 verborum
1728 5284 1843 5324 utar
1872 5273 2208 5342 simplicitate

642 5358 998 5408 cutntttuuiutu
1036 5376 1043 5405 ;
1079 5360 1199 5423 quia
1246 5373 1403 5413 causa
1451 5360 1517 5412 de
1559 5375 1659 5427 qua
1706 5361 1909 5429 agimus
1957 5366 2077 5417 talis
2104 5375 2203 5428 est,

643 5460 758 5512 qua:
787 5446 1154 5501 disertioribus
1196 5448 1454 5503 facundia:
1499 5453 1832 5505 sermonibus
1875 5468 2205 5523 nequaquam

641 5535 798 5589 tlehet
827 5539 1094 5591 obscurari
1122 5582 1135 5601 ,
1166 5540 1259 5593 sed
1300 5541 1707 5605 simplicioribus
1736 5544 2053 5609 eloquentia:
2084 5559 2204 5597 nar-

644 5626 931 5679 rationibus
965 5628 1120 5694 pandi
1163 5644 1177 5680 :
1220 5643 1305 5682 res
1344 5632 1483 5683 enim
1516 5631 1566 5683 itt
1596 5645 1878 5687 commune
1907 5637 2204 5688 necessaria

642 5717 903 5768 tontmuni
928 5718 1083 5770 debet
1107 5734 1351 5774 sermone
1376 5724 1676 5775 monstrari.
1710 5722 1915 5777 Justitia
1945 5742 2071 5792 ergo
2104 5744 2203 5779 non

2314 4638 2443 4689 dicet
2475 4636 2585 4690 Rea:
2616 4638 2692 4689 Itis
2720 4640 2805 4705 qui
2839 4639 2907 4689 ad
2929 4639 3186 4691 sinistram
3223 4650 3339 4691 sunt
3373 4654 3392 4694 :
3428 4638 3678 4692 Discedite
3716 4659 3748 4693 α
3788 4658 3885 4703 me,

2315 4728 2573 4779 maledicti
2596 4767 2611 4789 ,
2656 4729 2710 4778 in
2737 4729 2902 4798 ignem
2922 4740 3166 4780 retentum
3185 4771 3198 4794 ,
3230 4745 3373 4796 quem
3402 4732 3701 4797 praeparauit
3735 4729 3887 4785 Pater

2314 4833 2450 4871 metu
2496 4819 2696 4871 diabolo
2748 4828 2795 4871 et
2837 4819 3030 4887 angelis
3066 4823 3197 4889 ejus.
3262 4819 3462 4873 Esnrioi
3498 4823 3663 4886 enim,
3704 4834 3749 4874 ct
3786 4840 3886 4876 mm

2315 4912 2521 4963 deustis
2548 4911 2673 4962 mihi
2706 4912 3039 4974 manducare,
3070 4920 3172 4963 etc.
3216 4909 3425 4982 (Matth.
3458 4927 3582 4975 xxv,
3616 4915 3729 4977 41).
3771 4912 3884 4966 Non

2313 5001 2446 5053 dixit
2470 5018 2482 5051 :
2508 5000 2773 5055 Discedite
2811 5016 2837 5052 a
2873 5017 2978 5063 tne,
3022 5000 3329 5064 maledicti,
3356 5001 3476 5069 quia
3524 5003 3883 5066 homicidium,

2312 5096 2431 5156 quia
2462 5092 2800 5159 adulterium,
2844 5103 2933 5144 aut
2970 5096 3091 5161 qu'a
3136 5092 3270 5147 furta
3316 5095 3513 5148 fecistis
3552 5113 3565 5147 :
3598 5112 3701 5149 non
3744 5098 3884 5149 enim

2310 5184 2431 5251 quia
2463 5182 2658 5235 malum
2692 5180 2970 5243 fecissent;
3003 5183 3094 5236 sed
3124 5185 3246 5252 quia
3285 5185 3477 5238 bonum
3522 5202 3624 5238 non
3651 5186 3887 5241 fecerant

2311 5276 2732 5327 condemnamur
2768 5283 2821 5327 et
2869 5284 3081 5329 maternae
3127 5277 3384 5342 gehennte
3429 5279 3700 5346 suppliciis
3739 5280 3884 5334 addi-

2312 5375 2503 5419 cuntur
2538 5382 2551 5419 :
2584 5380 2682 5418 nec
2719 5364 2842 5431 quia
2886 5380 3001 5432 quae
3045 5363 3304 5433 prohibita
3344 5374 3469 5419 sunt
3508 5367 3881 5431 admisissent;

2313 5457 2405 5511 sed
2427 5458 2546 5525 quia
2570 5472 2689 5525 qua:
2716 5466 2975 5523 praecepta
3014 5464 3167 5509 erant
3203 5456 3425 5524 implere
3465 5458 3703 5512 noluere.
3737 5459 3774 5513 U
3820 5461 3884 5512 de

2312 5552 2692 5605 advertendum
2732 5560 2851 5613 est,
2902 5565 3058 5614 quam
3114 5564 3262 5616 spem
3314 5552 3509 5604 habere
3558 5552 3758 5612 lossiut
3794 5552 3880 5617 qui

2312 5644 2484 5696 adhuc
2521 5642 2715 5707 aliquid
2756 5656 2938 5695 eorum
2975 5643 3173 5694 lac.uut
3200 5658 3316 5705 qua:
3351 5642 3727 5708 prohilnntur;
3759 5659 3879 5695 cum

2310 5737 2467 5789 etiam
2510 5735 2585 5786 rei
2626 5733 2859 5797 suntqui
2900 5750 3001 5786 non
3036 5736 3271 5787 lecernnt
3311 5750 3424 5801 que
3442 5735 3712 5803 jnbenlnr.
3752 5735 3882 5788 tVoio
