4180 6440
396 368 454 416 Rl
1390 363 1828 420 ΕΧΙιΟιῖΤΑΤΕΟ
1869 364 1958 419 AD

2059 366 2298 423 δυΝδΑιι
2340 369 2620 427 CllillSTl.
3562 382 3629 433 ΒΞ

396 476 535 527 enim
561 474 651 527 tibi
676 474 727 526 in
751 474 851 528 line
870 473 1180 541 blandiaris,
1206 474 1249 528 si
1271 475 1443 545 aliqua
1471 492 1575 530 non
1603 478 1815 540 feceris.
1838 492 1959 546 quia
1988 485 2035 537 Α
2065 482 2118 533 in
2147 495 2306 538 carne
2338 486 2574 552 placendi
2595 487 2768 541 studio
2794 499 3001 556 compte
3025 500 3079 543 et
3101 500 3286 546 ornate
3311 493 3588 561 procedant
3615 512 3628 555 ;

396 566 567 631 aliqua
595 563 806 628 feceris,
851 580 970 619 cum
1004 567 1259 633 scriptum
1283 578 1363 620 est
1392 584 1409 623 :
1439 566 1537 630 Qui
1578 568 1865 621 universum
1895 570 1969 621 le-

394 674 502 728 gem
546 659 813 713 servaverit
837 699 853 723 ,
883 657 1108 725 oﬁ‘enrlat
1132 668 1297 712 autem
1328 659 1380 713 in
1408 675 1508 712 uno
1532 697 1548 723 ,
1577 661 1743 727 {actus
1771 666 1841 713 est
1867 675 1967 711 ont-

395 750 534 801 nium
561 747 1073 818 re~s(Jac.ll,10).
1113 747 1283 804 Adam
1321 749 1463 804 enim
1503 749 1667 804 semel
1705 750 1962 817 peccavit,

393 849 449 891 et
476 850 718 892 Ithl‘luus
743 849 827 894 est
854 848 946 894 :et
976 847 1032 893 ιιι
1075 849 1125 895 te
1163 842 1341 894 vivere
1364 841 1637 895 existimas
1665 839 1791 895 illud
1821 855 1966 905 saepe

391 930 760 996 committens,
791 929 933 999 quod
964 930 1123 985 alium
1145 929 1268 985 dum
1298 931 1465 986 semel
1489 938 1853 1001 perpetrasset
1883 945 1968 984 oc-

389 1022 554 1076 cidit?
574 1024 657 1078 An
672 1022 873 1091 grande
893 1023 1039 1076 illum
1058 1022 1391 1077 commisisse
1410 1022 1611 1076 crimen
1635 1032 1808 1089 putas,
1826 1020 1967 1073 unde

392 1114 586 1168 merito
619 1128 776 1184 postia
821 1111 1100 1166 damnatus
1136 1112 1206 1167 sit
1234 1112 1425 1167 acriori
1452 1111 1476 1165 τ
1532 1112 1812 1165 Videamus
1839 1125 1966 1180 ergo

388 1206 517 1272 quid
540 1204 726 1260 fecerit
743 1213 928 1260 contra
951 1203 1278 1258 mandatum.
1312 1202 1386 1259 De
1410 1203 1582 1257 fructu
1605 1203 1812 1257 arboris
1831 1202 1964 1258 edit.

385 1295 524 1364 Quid
545 1296 711 1365 ergo?
752 1295 975 1364 Propter
1011 1296 1216 1349 arboris
1260 1292 1488 1349 fructum
1524 1294 1663 1349 Deus
1695 1292 1964 1348 hominem

387 1395 563 1441 morte
592 1386 896 1441 mulctavit?
940 1386 1052 1440 Non
1096 1396 1313 1455 propter
1345 1385 1553 1439 arboris
1585 1384 1837 1448 fructum,
1870 1384 1966 1440 sed

389 1489 609 1547 prapter
647 1479 881 1534 mandati
924 1490 1310 1549 contemptum.
1362 1480 1501 1549 Ergo
1546 1492 1652 1533 non
1688 1478 1860 1546 agitur
1898 1478 1965 1532 de

385 1570 647 1639 qualitate
675 1573 900 1640 peccati,
928 1571 1020 1625 sed
1053 1570 1121 1625 de
1153 1569 1574 1638 transgressione
1608 1568 1861 1622 mandati.
1898 1568 1965 1623 Et

386 1662 479 1726 qui
500 1660 635 1717 dixit
656 1660 814 1727 Adze,
844 1670 899 1714 ut
922 1660 988 1715 de
1018 1659 1226 1714 arboris
1259 1658 1432 1713 l'ructu
1464 1672 1567 1712 non
1600 1657 1737 1711 cdert
1762 1668 1810 1722 t;
1853 1659 1963 1726 ipse

388 1751 481 1803 tibi
516 1750 769 1820 praecepit
800 1760 855 1804 ut
890 1765 994 1805 non
1028 1747 1341 1812 maledicas,
1377 1763 1482 1802 non
1528 1748 1830 1810 mentiaris,
1858 1762 1962 1799 non

385 1842 663 1908 detrahas,
684 1856 792 1896 non
818 1841 1187 1897 detrahentem
1224 1840 1509 1903 auscultes,
1535 1847 1590 1891 ut
1617 1839 1832 1891 omnino
1855 1851 1957 1891 nan
1990 1835 2036 1895 Β

385 1932 556 2000 iures,
580 1941 637 1986 ut
660 1948 767 1988 non
789 1933 1154 2002 concupiscas,
1178 1945 1283 1986 non
1319 1930 1579 1991 invideas,
1605 1946 1708 1983 non
1729 1930 1801 1983 sis
1827 1932 1959 1992 tepi-

386 2024 510 2088 dus,
533 2038 639 2078 non
662 2025 736 2078 sis
755 2038 980 2089 avarus;
1006 2032 1061 2078 ut
1084 2022 1211 2077 nulli
1244 2021 1438 2076 malum
1464 2035 1560 2091 pro
1583 2021 1720 2075 malo
1749 2020 1959 2083 reddas,

388 2126 449 2169 nt
470 2115 716 2171 inimicos
738 2125 857 2169 tuos
876 2115 1085 2183 diligas,
1110 2124 1165 2169 ut
1196 2113 1636 2169 maledicentibus
1656 2112 1958 2176 benedicas,

387 2218 445 2261 ut
489 2221 585 2276 pro
622 2206 1097 2261 calumniatoribus
1135 2213 1192 2261 et
1237 2220 1333 2274 pro
1389 2203 1818 2274 persecutoribus
1860 2213 1963 2255 tuis

388 2314 536 2362 ores,
558 2308 616 2353 ut
639 2299 951 2368 percutienti
981 2298 1246 2353 maxillam
1272 2299 1493 2353 alteram
1522 2298 1765 2367 praebeas
1785 2336 1798 2359 ,
1830 2305 1883 2351 ut
1912 2296 1964 2348 in

386 2391 586 2461 iudicio
607 2390 853 2447 steeulari
874 2405 976 2445 non
1000 2390 1193 2460 litiges,
1215 2400 1276 2445 nt
1295 2390 1340 2445 si
1361 2391 1478 2460 quis
1508 2397 1597 2443 tua
1631 2388 1843 2443 anl’erre
1866 2402 1962 2440 vo-

392 2481 584 2548 luerit,
614 2490 887 2552 gratanter
908 2481 1145 2548 amittas,
1173 2492 1230 2535 ut
1259 2496 1356 2536 nec
1386 2478 1694 2544 iracundia},
1720 2494 1818 2534 nec
1844 2478 1963 2543 ze'i,

392 2588 495 2629 nec
529 2573 710 2629 livoris
747 2574 944 2629 malum
982 2573 1117 2626 intra
1152 2581 1337 2641 pectus
1374 2572 1655 2638 admittas,
1682 2579 1742 2626 ut
1761 2570 1967 2625 crimen

393 2664 635 2720 avaritiae
659 2665 858 2735 fugias,
889 2674 943 2719 ut
974 2665 1147 2718 omnis
1181 2664 1444 2733 superbiae
1474 2679 1537 2718 ac
1560 2664 1828 2733 iactantiae
1857 2677 1969 2716 ma-

396 2758 506 2812 lum
533 2771 753 2822 caveas,
778 2766 833 2811 et
860 2756 1075 2810 humilis
1112 2770 1175 2809 ac
1203 2755 1346 2810 mitis
1376 2755 1575 2810 Christi
1610 2755 1754 2809 vivas
1783 2760 1967 2810 exem-

397 2852 487 2918 plo
517 2867 534 2909 :
570 2850 832 2903 malorum
871 2848 1141 2902 consortia
1174 2848 1226 2901 in
1268 2856 1471 2901 tantum
1513 2847 1715 2911 vitans,
1756 2854 1817 2900 ut
1848 2860 1969 2901 cum

398 2939 835 3003 fornicatoribus,
871 2948 961 2992 ant
991 2938 1201 3002 avaris,
1239 2948 1332 2992 aut
1374 2927 1840 3003 malediceniibbs,
1882 2945 1973 2991 aut

396 3029 608 3093 invidis,
634 3040 729 3083 aut
752 3028 1162 3091 detractoribus,
1186 3036 1277 3082 aut
1295 3028 1525 3082 ebriusis
1541 3068 1557 3092 ,
1582 3038 1671 3082 aut
1695 3028 1972 3097 rapacibus

398 3142 499 3181 nec
516 3124 692 3182 cibum
721 3125 921 3192 capias.
947 3123 1116 3189 Quem
1152 3123 1195 3176 si
1221 3122 1270 3174 in
1296 3123 1473 3190 aliquo
1493 3121 1902 3189 contempseris,
1925 3119 1973 3176 si

400 3216 634 3285 pepercit
652 3187 804 3278 Adae,
826 3187 1010 3281 parcet
1033 3220 1087 3267 et
1108 3212 1220 3267 tibi.
1246 3213 1354 3267 lmo
1375 3187 1450 3266 illi
1470 3212 1634 3282 magis
1650 3187 1969 3282 parcendum
1996 3187 2044 3251 (ἶ

399 3308 608 3375 fuerat,
639 3305 729 3375 qui
765 3303 937 3359 adhuc
975 3303 1122 3358 rudis
1157 3311 1215 3357 et
1247 3304 1486 3358 novellus
1519 3311 1660 3368 erat,
1694 3313 1748 3358 et
1779 3302 1975 3357 nullius

399 3407 524 3452 ante
550 3396 815 3467 peccantis
838 3406 895 3450 et
935 3406 1151 3463 pr0p'cr
1192 3402 1462 3461 peccatum
1503 3408 1656 3447 suum
1699 3393 1975 3448 morientis

399 3487 772 3543 retrahebatnr
807 3485 1053 3557 exemplo
1094 3485 1118 3543 Ξ
1155 3484 1249 3542 tibi
1301 3498 1426 3539 vero
1468 3494 1587 3554 post
1622 3493 1766 3541 tanta
1807 3484 1976 3540 docu-

401 3594 606 3643 mena,
642 3587 764 3647 post
796 3579 988 3649 legem,
1020 3587 1140 3646 post
1175 3573 1496 3645 Prophetas,
1533 3586 1648 3642 post
1670 3574 1974 3645 Evangelia,

402 3682 524 3742 post
552 3671 834 3741 Apostolos
864 3710 880 3735 ,
921 3668 967 3724 si
1009 3667 1322 3738 delinquere
1379 3667 1614 3723 volueris
1655 3686 1668 3720 :
1712 3666 1978 3737 quomodo

403 3764 678 3834 indulgere
708 3763 879 3832 possit
908 3760 1117 3830 ignoro.

474 3855 529 3908 7.
571 3854 652 3908 An
689 3852 780 3907 tibi
833 3851 900 3908 de
938 3851 1255 3919 virginitatis
1294 3848 1640 3919 prasrogativa
1678 3848 1977 3904 blandiris?

403 3953 675 4001 memento
693 3944 861 4001 Adam
882 3954 936 4001 et
962 3942 1121 4000 Evam
1144 3942 1374 4013 virgines
1394 3940 1701 4009 deliquisse,
1724 3956 1821 3998 nec
1845 3940 1980 3997 inte-

401 4039 651 4106 gritatem
688 4035 928 4106 corporis
963 4032 1225 4104 profuisse
1261 4031 1620 4101 peccantibus.
1659 4031 1822 4101 Virgo
1859 4041 1978 4103 quin

407 4135 614 4198 peccat,
653 4126 797 4195 Evaa,
831 4141 939 4181 non
974 4124 1152 4179 Mariae
1172 4123 1527 4193 comparanda
1550 4132 1648 4177 est.
1673 4124 1787 4177 Non
1818 4135 1979 4193 nega-

406 4232 527 4272 mus
549 4221 600 4271 in
625 4218 869 4285 prtesenti
896 4224 1135 4281 tempore
1163 4213 1488 4281 poenitentiae
1519 4213 1841 4278 remedium;
1882 4214 1978 4269 sed

406 4307 687 4362 hortamur
738 4307 907 4377 magis
962 4307 1236 4375 prarminm
1287 4318 1506 4371 sperare
1562 4305 1760 4360 debere
1821 4321 1977 4375 quam

406 4399 638 4453 veniam.
705 4396 884 4465 Turpe
926 4404 1010 4450 est
1046 4395 1189 4449 enim
1233 4394 1336 4447 illis
1380 4394 1560 4449 delicti
1601 4396 1977 4464 indulgentiam

410 4490 712 4558 postulare,
749 4476 866 4558 qua
901 4488 1125 4555 palmam
1165 4487 1479 4556 virginitatis
1524 4496 1873 4555 exspectant;
1926 4497 1980 4542 et

409 4584 649 4638 illicitum
683 4581 878 4649 aliquid
909 4581 1198 4646 incurrere,
1225 4594 1347 4649 quae
1369 4592 1427 4632 se
1452 4579 1613 4633 etiam
1642 4594 1671 4633 a
1701 4580 1862 4634 licitis
1887 4595 1981 4634 ca-

406 4682 665 4729 stravere.
720 4672 942 4727 Licinum
978 4671 1171 4739 quippe
1204 4678 1288 4723 est
1322 4670 1642 4724 matrimonii
1683 4669 1815 4724 inire
1848 4684 1978 4723 con-

411 4762 654 4824 sortium.
686 4761 754 4817 Et
786 4768 844 4817 ut
880 4761 1155 4815 laudanda:
1189 4766 1338 4824 sunt,
1373 4774 1493 4828 quae
1531 4767 1751 4828 propter
1782 4758 1978 4814 Christi

408 4869 646 4910 antorem
675 4862 731 4910 et
766 4854 1002 4908 celestis
1036 4851 1182 4919 regni
1219 4850 1441 4919 gloriam
1478 4849 1719 4915 copulam
1746 4858 1981 4905 contem-

412 4947 616 5014 pserint
660 4945 994 5013 nuptiarum;
1044 4943 1114 4997 ita
1152 4942 1467 4995 damnandre
1510 4957 1614 4996 non
1657 4948 1821 5007 sunt,
1866 4956 1982 5007 quac

414 5045 632 5107 propter
658 5033 974 5090 innocentia:
1008 5032 1333 5086 voluntatem
1365 5031 1597 5087 nondum
1643 5031 1752 5086 Deo
1779 5032 1984 5086 devotae

415 5124 653 5182 remedio
674 5124 962 5192 apostolico
989 5123 1295 5177 abutuntur.
1329 5122 1486 5190 Ergo,
1514 5130 1569 5174 ut
1591 5122 1839 5188 diximus,
1870 5138 1986 5190 qua:

416 5218 676 5272 connubia
701 5216 990 5279 deserunt,
1024 5228 1125 5266 non
1163 5211 1343 5265 illicita
1370 5252 1385 5275 ,
1413 5212 1507 5267 sed
1537 5212 1676 5267 licita
1707 5222 1981 5278 spernunt.

421 5308 694 5377 Ejusmodi
735 5317 909 5363 autem
950 5307 996 5361 si
1021 5306 1199 5376 iurent
1222 5347 1234 5369 ,
1269 5306 1312 5359 si
1352 5306 1669 5359 maledicam
1692 5346 1705 5370 ,
1738 5305 1783 5358 si
1811 5304 1987 5358 detra-

422 5401 551 5454 hant
570 5442 585 5464 ,
615 5402 661 5452 si
686 5399 1024 5454 detrahentes
1051 5397 1314 5464 patiantur
1342 5396 1525 5448 audire
1548 5438 1561 5460 ,
1594 5397 1637 5448 si
1665 5396 1859 5449 malum
1895 5409 1987 5460 pro

421 5494 563 5548 maio
588 5491 850 5555 reddant,
896 5492 939 5543 si
972 5488 1273 5557 cupiditatis
1303 5489 1353 5540 in
1378 5487 1564 5540 alienis
1590 5527 1605 5551 ,
1636 5496 1727 5540 aut
1755 5486 1988 5539 avaritiae

423 5586 476 5638 in
521 5580 750 5652 propriis
784 5582 983 5637 crimen
1031 5582 1300 5634 incurrant
1326 5620 1338 5639 ,
1370 5578 1411 5629 si
1443 5578 1540 5631 zeli
1571 5587 1659 5629 aut
1690 5576 1869 5631 livoris
1898 5591 1991 5629 ve.

428 5687 561 5728 uena
593 5670 915 5736 possideant,
944 5671 986 5721 si
1012 5679 1193 5723 contra
1224 5667 1408 5733 legalis
1440 5674 1491 5720 et
1521 5665 1809 5733 apostolica
1838 5666 1989 5719 insti-

428 5774 533 5817 tnta
569 5761 820 5818 indecens
856 5760 1049 5824 aliquid
1081 5770 1169 5813 aut
1211 5759 1490 5825 loquamur
1521 5766 1609 5811 aut
1637 5758 1904 5824 cogitent;
1950 5761 1989 5813 εἰ

2066 572 2111 627 si
2143 573 2315 642 aliqua
2356 591 2504 643 qum,
2544 585 2602 629 ut
2632 578 2856 642 assolet,
2890 580 3064 633 illicita
3095 591 3220 636 sunt
3252 581 3472 649 faciant,
3506 584 3631 652 quid

2067 663 2301 732 proderit
2328 665 2406 719 eis
2432 669 2702 736 sprevisse
2729 669 2868 737 quod
2899 669 3042 724 licuit
3067 712 3082 734 ,
3134 681 3185 723 et
3213 685 3465 727 exercere
3491 674 3630 741 quod

2070 771 2173 810 non
2205 756 2365 811 licet?
2401 757 2458 813 Si
2487 760 2569 812 vis
2599 759 2851 827 prodesse
2879 761 2969 815 tibi
2996 761 3137 830 quod
3167 762 3364 816 licitum
3395 776 3633 818 contem-

2069 847 2257 915 psisti;
2310 848 2433 902 vide
2475 864 2543 905 ne
2573 850 2695 914 quid
2735 865 2917 906 eorum
2963 866 3079 921 qua:
3124 865 3230 905 non
3260 852 3419 907 licent
3448 851 3626 907 facias.

2067 935 2295 991 Stultum
2324 939 2466 993 enim
2495 950 2575 994 cst
2617 940 2853 997 timuisse
2895 941 3034 1009 quod
3080 943 3255 998 minus
3293 952 3415 1011 est,
3445 952 3498 997 ιι
3524 960 3630 998 non

2069 1028 2256 1080 timere
2300 1029 2441 1097 quod
2490 1030 2658 1100 majus
2687 1043 2768 1086 est
2797 1050 2809 1084 :
2842 1045 2934 1086 aut
2962 1036 3030 1087 ab
3073 1031 3156 1087 his
3186 1048 3288 1087 non
3333 1035 3483 1088 vitari
3511 1052 3630 1101 qua:

2068 1115 2459 1187 prohibentur,
2522 1122 2566 1175 si
2620 1123 3031 1192 subterfugerint
3079 1139 3198 1195 qua
3246 1125 3627 1180 canenduntnr.

2068 1208 2204 1264 Dicit
2249 1213 2391 1265 enim
2432 1214 2717 1279 Apostolus
2763 1229 2778 1267 :
2823 1211 3049 1282 Innupta
3074 1216 3256 1287 cogitat
3285 1232 3398 1283 qua:
3428 1215 3577 1269 Domi
3613 1217 3631 1268 i

2063 1309 2212 1366 sunt,
2242 1303 2493 1367 quomodo
2521 1303 2714 1369 placeat
2744 1302 2848 1358 Deo
2871 1344 2887 1369 ,
2933 1311 2990 1356 ut
3030 1306 3094 1357 sit
3134 1313 3307 1359 sancta
3348 1322 3556 1372 corpore
3585 1316 3631 1360 et

2064 1390 2263 1460 spiritu.
2298 1392 2423 1455 Qua
2460 1404 2630 1445 autem
2658 1405 2812 1463 nupta
2839 1404 2912 1448 est
2934 1434 2949 1459 ,
2986 1396 3170 1465 cogitat
3193 1410 3307 1463 qut:
3332 1404 3448 1447 sunt
3477 1396 3631 1465 hujus

2066 1485 2269 1549 mundi,
2298 1485 2546 1552 quomodo
2575 1485 2767 1552 placeat
2792 1486 2897 1538 viro
2926 1486 2967 1552 (l
2997 1484 3113 1540 Cor.
3140 1501 3232 1550 vn,
3258 1484 3373 1553 δι).
3405 1484 3627 1553 Νιψι.ιιιι

2066 1575 2277 1642 placere
2323 1576 2441 1628 viro
2490 1574 2719 1638 asserit,
2766 1574 3047 1643 cogitando
3088 1590 3207 1644 qua:
3252 1575 3432 1630 mundi
3458 1583 3624 1631 sunt:

2066 1665 2337 1732 innuptam
2371 1679 2496 1719 vero
2526 1664 2635 1718 Deo
2656 1706 2670 1727 ,
2700 1679 2764 1719 eo
2795 1666 2937 1734 quod
2978 1664 3122 1719 nulla
3157 1681 3284 1719 cura
3317 1666 3393 1718 illi
3429 1665 3495 1719 sit
3532 1681 3629 1720 εω-

2064 1754 2192 1808 culi.
2222 1753 2372 1809 Dicat
2391 1770 2517 1825 ergo
2546 1755 2674 1810 mihi
2695 1771 2812 1822 qua:
2839 1757 3009 1811 virum
3038 1770 3143 1810 non
3176 1756 3354 1820 habet,
3377 1766 3427 1811 et
3455 1768 3627 1810 tamin

2065 1860 2181 1910 quae
2226 1856 2350 1897 sunt
2402 1845 2582 1899 mundi
2630 1847 2867 1915 cogitat,
2918 1847 3003 1901 cui
3058 1846 3267 1913 placere
3312 1845 3632 1917 desiderati

2065 1932 2249 1987 Nonne
2287 1934 2504 2003 incipiet
2543 1934 2618 1989 illi
2658 1944 2819 2002 nupta
2861 1935 3141 2003 praponif
3195 1935 3317 2005 quia
3358 1935 3452 1988 illa
3491 1937 3633 2001 cogi-

2066 2023 2226 2079 tando
2263 2041 2379 2093 qum
2421 2026 2599 2080 mundi
2640 2035 2785 2090 sunt,
2817 2028 3113 2096 cumplacet
3155 2026 3238 2080 vel
3281 2026 3510 2082 marito:
3539 2036 3630 2081 ;sta

2065 2131 2193 2171 vero
2232 2133 2334 2171 non
2374 2117 2583 2185 marito,
2628 2133 2783 2189 quem
2823 2134 2927 2173 non
2970 2119 3145 2183 habet,
3188 2127 3360 2189 potest
3402 2119 3628 2188 placere,

2067 2223 2164 2264 nec
2190 2210 2319 2263 Deo.

2135 2299 2189 2354 8.
2226 2299 2329 2355 Sed
2371 2314 2469 2353 nec
2510 2300 2638 2355 illud
2673 2300 2888 2354 silentio
2918 2298 3195 2370 pranerire
3225 2313 3323 2354 nos
3350 2298 3632 2357 convenit.

2065 2389 2205 2460 quod
2233 2390 2403 2445 dixit:
2447 2389 2676 2459 lnnupta
2710 2390 2899 2461 cogitat
2928 2405 3039 2459 qm
3064 2388 3273 2442 Domini
3311 2396 3460 2451 sunt,
3501 2402 3629 2453 quo-

2066 2481 2217 2534 modo
2258 2481 2453 2549 placeat
2492 2481 2632 2548 Deo,
2675 2488 2736 2533 ut
2773 2482 2840 2533 sit
2879 2490 3057 2533 sancta
3100 2494 3312 2549 corpore
3356 2487 3403 2532 et
3452 2478 3631 2548 spiritu

2072 2572 2116 2640 (l
2143 2569 2260 2625 Cor.
2292 2587 2384 2635 vn,
2411 2571 2522 2640 3t).
2574 2570 2704 2636 Quae
2731 2573 2856 2624 sunt
2892 2584 3022 2640 ergo
3049 2568 3283 2634 Domini,
3313 2568 3455 2624 dicat
3492 2568 3631 2636 Apo-

2069 2661 2274 2715 stolus:
2328 2660 2650 2728 Quaecunque
2693 2668 2813 2713 sunt
2852 2669 3060 2720 sancto,
3113 2673 3420 2727 quacunque
3457 2660 3630 2727 justo,

2070 2766 2379 2820 qua'cunque
2416 2749 2679 2814 amabilia,
2724 2763 3032 2819 quacunque
3061 2749 3203 2802 bona
3228 2749 3397 2819 [unum
3446 2747 3508 2802 Si
3535 2762 3633 2815 qua

2072 2842 2250 2904 virtus,
2278 2843 2321 2895 si
2359 2857 2456 2910 qua
2497 2841 2609 2893 laus
2633 2840 2918 2909 disciplima
2939 2836 3113 2910 (Prol.
3134 2852 3207 2904 tv,
3237 2838 3317 2909 8).
3369 2837 3470 2891 Ista
3511 2847 3636 2890 sunt

2076 2931 2303 2997 Domini,
2334 2946 2452 2999 qua:
2478 2939 2675 2985 sanctae
2701 2938 2758 2985 et
2785 2944 2949 2996 verte,
2997 2938 3054 2985 et
3077 2928 3379 2998 apostolicae
3406 2925 3635 2993 virgines

2072 3024 2162 3080 die
2182 3034 2445 3093 noctuque
2468 3025 2585 3078 sine
2605 3015 2714 3077 ullo
2738 3022 2991 3091 temporis
3012 3021 3293 3077 intervallo
3316 3019 3636 3074 meditantur

2074 3124 2128 3169 ct
2156 3116 2405 3185 cogitant.
2456 3113 2663 3168 Domini
2701 3125 2783 3169 est
2821 3126 3042 3183 regnum
3081 3112 3379 3175 calorum;
3428 3108 3637 3163 Domini

2076 3217 2161 3263 est
2201 3207 2519 3262 resurrectio
2550 3215 2919 3268 mortuorum;
2970 3202 3177 3259 Domini
3226 3201 3633 3262 immortalitas;

2077 3300 2407 3370 incorruptio
2439 3300 2647 3353 Domini
2688 3311 2808 3363 est;
2857 3297 3109 3367 splendor
3148 3295 3275 3350 solis
3312 3294 3402 3363 qui
3440 3294 3638 3347 sanctis

2078 3392 2405 3463 promittitur
2436 3391 2639 3445 Domini
2670 3400 2777 3457 est,
2823 3393 2960 3446 sicut
2990 3390 3042 3444 in
3069 3387 3358 3459 Evangelia
3382 3387 3638 3456 scriptum

2078 3494 2196 3539 est:
2243 3482 2384 3536 Tunc
2422 3483 2546 3549 iusti
2591 3480 2855 3553 fulgebunt
2897 3482 3027 3533 sicut
3065 3480 3145 3533 sol
3183 3479 3235 3531 in
3283 3492 3441 3548 regno
3481 3478 3641 3545 patris

2080 3589 2253 3629 eorum
2284 3573 2494 3641 (Matth.
2520 3574 2659 3641 xm).
2712 3572 2916 3627 Domini
2955 3580 3080 3626 sunt
3115 3570 3295 3641 plures
3334 3578 3637 3624 sanctorum

2080 3667 2132 3719 in
2157 3664 2464 3718 caelestibus
2492 3664 2825 3724 lnansiones;
2874 3659 3084 3715 Domini
3124 3670 3206 3714 est
3245 3660 3449 3714 fructus
3479 3658 3639 3712 trice—

2056 3745 2246 3809 'sit‘nus
2285 3763 2339 3809 et
2378 3755 2733 3823 sexagesimus
2761 3758 2918 3820 atque
2945 3750 3285 3805 centesimus.
3335 3750 3456 3804 lltec
3494 3747 3639 3816 cogi-

2080 3855 2213 3907 tant,
2247 3854 2299 3901 et
2327 3844 2515 3914 quibus
2546 3843 2745 3913 possint
2788 3840 3041 3910 operibus
3076 3842 3366 3911 promereri
3396 3855 3514 3909 qua:
3541 3838 3641 3892 Do-

2081 3938 2208 3992 mini
2251 3946 2371 3990 sunt
2406 3938 2661 4003 cogitant.
2717 3928 2923 3988 Domini
2963 3944 3045 3987 est
3080 3932 3239 3988 etiam
3282 3934 3365 3988 les
3415 3930 3545 3984 Novi
3589 3941 3640 3983 et

2080 4028 2288 4082 Veteris
2306 4026 2655 4090 Testamenti,
2676 4025 2727 4076 in
2749 4024 2941 4094 quibus
2962 4025 3068 4077 oris
3093 4024 3207 4090 ejus
3231 4022 3434 4093 eloquia
3461 4032 3641 4076 saneta

2082 4119 2369 4185 refulgent;
2422 4132 2539 4187 quae
2584 4120 2627 4171 si
2675 4133 2793 4185 qua:
2826 4117 3053 4186 virgines
3093 4116 3208 4170 sine
3251 4114 3642 4169 intermissione

2081 4210 2421 4274 meditantur,
2450 4224 2567 4278 quae
2593 4208 2802 4262 Domini
2828 4216 2951 4273 sunt
2974 4206 3237 4275 cogitant;
3271 4213 3327 4259 et
3350 4206 3645 4271 completur

2083 4305 2134 4357 in
2166 4303 2243 4358 eis
2271 4302 2396 4355 illud
2429 4300 2835 4372 propheticum:
2871 4297 3228 4351 Fundamenta
3265 4306 3452 4351 (eterna
3494 4312 3643 4362 super

2083 4402 2275 4461 petram
2298 4392 2514 4444 solidam
2535 4409 2554 4445 :
2583 4400 2632 4443 et
2661 4389 2905 4443 mandata
2930 4386 3137 4442 Domini
3166 4387 3218 4440 in
3246 4385 3397 4440 corde
3421 4385 3644 4438 mulieris

2084 4482 2507 4551 sauctw(Ecclcs.
2536 4496 2679 4542 sxvr,
2706 4480 2820 4549 ιιι).
2854 4478 3134 4543 Sequitur:
3163 4476 3427 4542 Quomodo
3452 4476 3643 4546 placent

2090 4576 2215 4627 Deo.
2267 4575 2405 4639 Dcn,
2450 4575 2691 4641 inquam,
2738 4588 2841 4625 non
2878 4569 3219 4624 hominibus:
3268 4567 3336 4622 Ut
3372 4568 3433 4622 sit
3474 4578 3637 4621 sancti

2087 4682 2298 4734 corpore
2324 4674 2370 4717 et
2390 4652 2583 4725 spiritu
2612 4662 2666 4732 (l
2695 4662 2813 4715 Cor.
2844 4677 2937 4722 vlt,
2965 4660 3079 4729 54).
3131 4658 3245 4713 Non
3276 4660 3435 4721 dixit,
3486 4668 3543 4710 ut
3581 4660 3648 4708 sit

2086 4766 2266 4812 sancta
2294 4757 2531 4809 membro
2558 4766 2641 4805 aut
2672 4766 2895 4821 corpore
2917 4761 3148 4814 tantum;
3174 4748 3291 4813 sed,
3316 4758 3368 4800 ut
3394 4749 3455 4801 sit
3478 4765 3598 4803 sane
3618 4767 3649 4797 ιι

2086 4861 2297 4914 corpore
2323 4853 2367 4897 et
2397 4844 2598 4911 spiritu.
2647 4841 2936 4894 bletnbrum
2964 4840 3105 4891 enim
3133 4850 3237 4892 una
3262 4837 3502 4906 corporis
3526 4851 3648 4904 pars

2088 4946 2171 4990 est
2196 4954 2208 4986 :
2236 4950 2425 5001 corpus
2450 4948 2575 4985 vero
2596 4931 2829 4984 omnium
2852 4942 3109 4996 compago
3148 4926 3504 4980 membrorum
3545 4938 3645 4978 νει.

2087 5028 2219 5082 Cum
2247 5041 2373 5097 ergo
2400 5024 2527 5078 dicit
2556 5040 2568 5074 :
2614 5034 2666 5074 ut
2710 5022 2774 5075 sit
2814 5030 2991 5073 sancta
3027 5033 3266 5086 corpore,
3308 5032 3374 5070 es
3405 5017 3650 5069 omnibus

2089 5117 2340 5175 membris
2366 5131 2481 5169 eam
2510 5112 2827 5168 sanctificari
2853 5111 3050 5164 debere
3083 5118 3319 5163 testatur.
3370 5110 3500 5173 Quia
3545 5121 3649 5159 non

2089 5208 2327 5279 proderit
2349 5214 2663 5261 caeterorum
2696 5198 3046 5254 sanctificatio
3073 5195 3465 5257 membrorum,
3503 5195 3545 5246 si
3573 5196 3648 5245 in-

2091 5297 2329 5352 veniatur
2352 5294 2434 5348 vel
2467 5296 2517 5345 in
2547 5305 2652 5343 uno
2679 5290 2965 5356 corruptio.
3003 5287 3067 5340 Et
3086 5285 3193 5353 jam
3219 5301 3322 5337 non
3346 5286 3445 5336 t‘l’it
3470 5294 3647 5335 sam‘ta

2055 5439 2059 5443 .
2096 5400 2337 5452 corpore,
2368 5383 2506 5451 quod
2536 5397 2597 5434 cx
2627 5381 2872 5433 omnibus
2899 5388 3106 5432 constat
3136 5375 3409 5440 membris,
3434 5392 3546 5442 εμιειι
3574 5377 3649 5426 ιι“ἰ

2098 5480 2254 5533 unius
2280 5476 2436 5530 fuerit
2463 5472 2891 5540 coinquinationc
2917 5469 3139 5537 polluta.

2168 5570 2219 5624 9.
2261 5567 2366 5623 Sed
2401 5575 2459 5620 ut
2486 5566 2625 5634 quod
2654 5563 2772 5617 dico
2803 5557 3131 5614 manifestius
3173 5565 3227 5610 et
3268 5555 3490 5606 lucidius
3532 5556 3613 5604 lii.

2102 5673 2238 5729 esto,
2280 5664 2349 5717 sit
2392 5669 2717 5725 quacunque
2762 5652 2994 5706 ninnium
3035 5648 3388 5702 membrorum
3420 5646 3650 5695 mittitu-

2104 5761 2306 5811 (ταὶς-ηρ
2338 5759 2583 5821 purgata,
2632 5760 2678 5800 cl
2714 5749 2884 5814 lingua
2918 5758 3001 5797 tan
3032 5740 3277 5794 inmundo
3307 5754 3384 5806 per
3408 5752 3480 5789 tt‘l
3502 5777 3514 5797 ,
3554 5757 3651 5803 qua
