4180 6474
584 351 655 414 33
1885 347 1949 401 Al
1963 343 2219 399 ’(ῖτοιιις
2261 345 2436 397 ΛΝΟΧ
2451 346 2480 398 Υ
2498 345 2563 399 .\l|
3767 343 3837 398 84

590 470 677 514 aut
700 460 1046 527 ωςιςριιιπικει,
1074 466 1163 512 aut
1190 457 1382 513 falsum
1411 456 1770 511 testiinonium
1798 455 1971 512 dicat;
2021 469 2155 506 nun-
2184 457 2228 511 Α
2261 454 2385 505 dum
2417 465 2541 519 sitit,
2570 454 2633 507 ad
2666 454 2897 507 dandum
2926 465 3102 510 autem
3132 455 3392 517 colli-etut,
3419 472 3515 509 nec.
3547 456 3608 509 ad
3640 457 3838 509 ferien-

591 551 711 615 rptid
758 551 1050 602 liberalium
1082 552 1257 602 omnia
1305 548 1542 602 membra
1589 548 1796 598 unum?
1844 559 1908 595 an
1943 553 2159 610 propter

592 658 749 694 nuntn
776 642 1155 710 judieubnntur
1182 650 1233 694 ct
1259 650 1450 694 caetera
1476 640 1497 690 ?
1546 638 1685 708 Ergo
1721 640 1762 688 si
1802 650 1897 688 nec
1932 636 2158 687 aliorum

592 735 950 787 membrorum
981 733 1188 785 sant-till
1224 734 1333 784 atio
1364 732 1622 796 proderit,
1671 745 1790 783 ‹·ιιιιι
1844 732 1892 777 in
1942 744 2046 779 uno
2095 727 2162 775 ιιι

595 827 807 889 vitium;
849 836 1049 895 quanto
1086 824 1253 895 magis
1282 825 1324 878 si
1358 823 1691 877 diversorum
1723 821 1923 888 ﬂagitio
1960 832 2161 883 pecca-

593 929 765 972 torum
811 918 989 971 omnia
1038 927 1485 986 corrumpimur,
1535 915 1692 968 unius
1742 913 1871 965 nihil
1927 908 2164 977 proderit

597 1007 914 1077 integritas?
964 1008 1116 1063 Unde
1140 1023 1322 1077 qttazso
1354 1018 1426 1075 te,
1456 1008 1626 1075 virgo,
1654 1020 1824 1071 neque
1853 1004 1904 1054 in
1932 1003 2043 1055 sala
2072 999 2164 1051 tibi

597 1099 840 1166 pudicitia
870 1098 1193 1161 blandiaris,
1241 1113 1305 1151 ne
1336 1098 1389 1151 in
1421 1097 1574 1149 unius
1606 1094 1830 1148 membri
1864 1092 2167 1159 integritate

596 1188 861 1242 conﬁdas:
884 1188 978 1242 sed
1002 1188 1292 1241 secundum
1318 1189 1627 1257 Apostolum
1650 1187 1745 1239 soli
1776 1185 1886 1238 Deo
1909 1198 1989 1237 eo
2015 1196 2165 1237 serva

597 1283 836 1348 corporis
872 1282 1226 1334 sanctitatem.
1279 1280 1471 1333 Munda
1500 1280 1566 1332 ab
1590 1277 1735 1333 omni
1769 1277 2169 1343 inquinamento

600 1383 792 1438 caput:
837 1371 959 1439 quia
986 1372 1190 1425 crimen
1219 1384 1301 1427 est
1331 1371 1461 1426 illud
1491 1381 1609 1441 post
1637 1369 1943 1421 chrismatis
1974 1366 2171 1419 saneti-

602 1464 919 1526 lit-stionem,
941 1468 1034 1513 aut
1056 1462 1222 1527 croci,
1245 1470 1335 1514 aut
1359 1460 1574 1515 alterius
1596 1460 1879 1528 cujuslibet
1909 1454 2167 1524 pignteoti

601 1551 721 1603 luco
761 1551 840 1603 vel
891 1550 1115 1617 pulvere
1161 1550 1457 1614 sordidari;
1508 1560 1598 1603 aut
1646 1564 1776 1601 auro
1819 1549 1902 1599 vel
1950 1546 2171 1613 gemmis

604 1644 964 1708 uniuscuntpte
1015 1653 1242 1696 terrena:
1276 1643 1474 1711 speciei
1502 1642 1681 1696 comi:
1729 1641 1867 1709 quod
1905 1639 2011 1705 jam
2060 1651 2169 1689 co!-

606 1735 749 1786 lestis
800 1746 1020 1786 ornatus
1067 1736 1352 1801 splendore
1402 1735 1646 1803 refulget.
1703 1732 1928 1787 Grande
1981 1729 2174 1796 ψιίντδθ

606 1827 793 1877 divinae
824 1827 1004 1892 gratim
1034 1826 1352 1879 (Σοιιιιιιιιιιιιιι
1391 1837 1472 1880 est
1514 1825 1766 1877 mundani
1812 1832 1865 1874 et
1904 1819 2173 1873 sa-eularis

607 1916 906 1969 ornamenti
940 1917 1200 1984 pra-latin.
1235 1917 1424 1970 Munda
1454 1917 1699 1973 frontem.
1733 1928 1787 1967 ut
1817 1912 2043 1964 qunana
2072 1925 2175 1963 non

610 2008 789 2060 divina
820 2022 978 2077 opera
1011 2006 1320 2070 erubescat,
1368 2018 1418 2061 et
1464 2008 1607 2061 illam
1637 2004 2007 2059 cool‘usinnetn
2040 2004 2174 2056 reci-

608 2098 745 2164 Ρῖίην
796 2110 913 2165 (1⁸ιέ
956 2112 1061 2147 Mn
1107 2106 1417 2164 peccatum,
1469 2097 1563 2150 ειδὰ
1607 2096 1698 2149 Dei
1740 2096 1964 2163 gloriam
2007 2093 2176 2160 parit,

608 2188 879 2256 Scriptura
911 2186 1160 2243 dicente:
1202 2188 1291 2240 Est
1320 2189 1552 2257 confusio
1580 2190 1838 2241 adducens
1878 2195 2135 2256 peccatum
2160 2201 2179 2237 :

609 2288 651 2330 et
681 2288 753 2329 est
775 2278 1006 2346 confusio
1031 2279 1293 2331 adducens
1314 2277 1525 2349 gloriam
1546 2276 1730 2346 (Eccli.
1754 2293 1825 2344 tv,
1845 2276 1959 2343 25).
1990 2276 2178 2330 Munda

614 2368 843 2436 collum,
893 2380 949 2427 ut
998 2384 1102 2421 non
1148 2384 1307 2422 aurea
1356 2370 1574 2423 rcticula
1614 2369 1836 2441 capillus
1865 2377 2080 2438 portet,
2126 2380 2180 2423 et

609 2474 867 2527 suspensa
898 2458 1133 2522 monilia,
1165 2460 1258 2514 sed
1297 2460 1381 2511 illa
1404 2461 1587 2542 potius
1617 2469 1927 2514 ornamenta
1955 2461 2181 2513 circum-

611 2546 765 2615 ferat,
790 2548 858 2602 de
885 2548 1076 2617 qnibus
1100 2548 1371 2618 Scriptura
1399 2550 1524 2605 dicit
1550 2568 1561 2602 :
1600 2551 1953 2603 Misericordia
1980 2561 2026 2605 el
2054 2552 2181 2615 ﬁdes

610 2656 709 2691 non
738 2639 979 2705 deﬁciant
1009 2655 1041 2689 α
1068 2649 1144 2704 te,
1182 2643 1432 2704 suspende
1456 2652 1627 2693 autem
1664 2641 1753 2693 illa
1789 2643 1841 2693 in
1872 2643 2020 2692 corde
2049 2640 2183 2693 velut

612 2730 663 2779 in
694 2728 827 2782 collo
852 2737 940 2781 tuo
960 2726 1141 2796 (Prov.
1166 2744 1241 2795 ιίι,
1269 2728 1377 2798 15).
1414 2730 1599 2782 Munda
1623 2729 1742 2783 ocul
1766 2744 1825 2792 is,
1850 2728 1973 2781 dum
2000 2744 2093 2782 eos
2117 2733 2182 2782 ub

614 2820 758 2872 omni
786 2819 1215 2889 concupiscentia
1241 2821 1490 2885 retrahis,
1514 2832 1562 2874 et
1587 2822 1653 2874 ab
1677 2819 1865 2873 intuitu
1890 2834 2181 2888 pauperum

613 2922 883 2978 nunquam
932 2910 1159 2975 avertis,
1205 2919 1257 2963 et
1299 2909 1366 2963 ab
1401 2911 1650 2964 omnibus
1698 2910 1833 2964 fucis
1880 2911 2073 2964 liberos
2117 2926 2179 2965 ea

612 3012 731 3062 quire
774 3010 805 3048 a
849 2998 956 3051 Deo
999 2997 1119 3052 laeti
1150 3010 1276 3052 sunt
1317 3000 1622 3053 sinceritate
1647 3000 1935 3053 custodias.
1990 3000 2179 3053 Munda

615 3088 844 3154 linguam
878 3104 907 3139 τι
934 3089 1250 3143 mendacio:
1282 3091 1426 3157 quia,
1466 3106 1520 3142 os
1554 3091 1690 3157 quod
1723 3093 1961 3143 mentitur
1999 3090 2180 3142 occidit

614 3152 835 3229 animum
862 3178 1018 3246 (Sap.
1045 3194 1083 3247 l,
1116 3178 1225 3246 ll).
1280 3152 1468 3235 Ilunda
1511 3152 1627 3235 eam
1672 3196 1701 3232 a
1747 3183 2105 3247 detractione,
2150 3198 2178 3233 ιι
2206 3152 2254 3215 c

615 3266 933 3333 iuramento,
964 3267 1032 3319 ab
1058 3267 1389 3331 adulatione,
1433 3286 1459 3321 a
1497 3270 1750 3339 periurio.
1806 3272 1938 3324 Nolo
1971 3287 2179 3340 pra-po-

614 3368 815 3410 sterum
862 3358 1105 3411 ordinem
1159 3370 1344 3426 putes,
1396 3360 1535 3428 quod
1588 3360 1733 3429 prius
1780 3376 1810 3414 a
1855 3361 2178 3430 iuramento,

614 3462 770 3514 quam
802 3463 827 3498 a
858 3449 1090 3515 perjurio
1121 3449 1351 3517 linguam
1377 3452 1485 3503 dixi
1517 3450 1714 3506 debere
1740 3452 1982 3505 mundari
2010 3468 2023 3503 :
2059 3454 2181 3522 quia

617 3549 744 3591 tunc
774 3540 1062 3605 perjnrium
1092 3538 1300 3593 facilius
1328 3539 1566 3609 ell'ugies,
1592 3542 1635 3593 si
1666 3541 1717 3593 in
1749 3550 1859 3595 toto
1883 3557 1985 3595 non
2009 3542 2181 3608 jures.

618 3627 898 3693 ltnplcatur
930 3630 980 3682 in
1022 3642 1075 3683 te
1115 3631 1200 3683 illa
1241 3636 1539 3685 sententia;
1572 3631 1760 3687 Cohibe
1789 3632 2011 3705 linguam
2041 3644 2182 3686 luam

614 3735 647 3770 a
670 3721 825 3784 malo,
853 3729 897 3772 et
926 3719 1060 3773 labia
1086 3730 1174 3772 tua
1203 3738 1262 3773 ne
1288 3722 1559 3790 loquantur
1581 3724 1759 3776 dolum
1780 3724 1953 3793 (Psal.
1974 3725 2185 3794 sunt).

621 3809 684 3862 Et
714 3827 918 3864 tnetnor
947 3825 1063 3866 esto
1090 3812 1315 3867 dicentis
1346 3816 1586 3885 Apostoli
1613 3833 1627 3867 :
1660 3816 1969 3881 Benedicite,
2014 3828 2061 3870 et
2095 3835 2185 3871 no—

618 3901 707 3953 lite
751 3901 1050 3955 maledicere
1096 3901 1272 3965 (Itoni.
1312 3919 1409 3972 xu,
1457 3907 1567 3973 li).
1620 3905 1725 3961 Sed
1771 3907 1897 3960 illud
1946 3907 2186 3962 crebrius

619 3993 901 4045 recordare
926 4009 939 4044 :
976 3990 1149 4045 Videte
1173 4009 1235 4046 ne
1256 3996 1370 4062 quis
1399 3997 1591 4048 malum
1619 4011 1711 4064 pro
1740 3998 1869 4050 bono
1894 3997 2049 4051 alicui
2070 4000 2185 4050 red—

618 4079 725 4144 dat,
760 4096 919 4149 neque
945 4084 1267 4136 maledictum
1288 4101 1380 4153 pro
1420 4084 1721 4151 maledicto;
1758 4089 1846 4141 sed
1898 4092 2184 4142 econtrario

617 4173 961 4226 benedicettles
979 4192 999 4228 .·
1022 4176 1143 4243 quia
1167 4177 1218 4228 in
1247 4177 1341 4229 hoc
1368 4180 1529 4230 uocati
1554 4180 1690 4243 estis,
1717 4191 1769 4233 ut
1792 4181 2184 4234 benedictionem

617 4261 911 4315 hcet-editum
936 4267 1236 4333 possidentis
1256 4270 1299 4335 (l
1324 4264 1462 4319 Pctr.
1491 4283 1567 4331 tu,
1592 4267 1680 4337 9);
1712 4277 1769 4324 et
1796 4271 1957 4325 illud:
1989 4271 2049 4325 Si
2074 4273 2188 4339 quis

617 4362 783 4405 autem
820 4356 872 4405 in
910 4356 1082 4424 lingua
1115 4372 1219 4408 non
1255 4356 1497 4424 offendit,
1538 4360 1621 4411 hic
1661 4360 1908 4427 perfectus
1944 4371 2018 4415 est
2045 4361 2183 4431 (Jac.

620 4455 700 4505 tu,
726 4442 805 4508 2).
845 4443 1005 4497 Nefas
1033 4456 1114 4497 est
1142 4449 1282 4498 enim
1313 4458 1366 4498 ut
1396 4448 1530 4501 labia
1566 4449 1650 4502 illa
1681 4449 1874 4516 quibus
1903 4452 2182 4505 Dominum

619 4535 911 4597 conliteris,
946 4550 1122 4604 rogas,
1154 4538 1445 4600 benedicis,
1485 4550 1539 4593 et
1572 4540 1781 4604 laudas,
1812 4544 2034 4609 alicujus
2075 4545 2185 4610 pol~

621 4621 834 4675 tuantur
880 4624 1039 4679 sorde
1089 4629 1312 4693 peccati.
1368 4630 1557 4683 Nescio
1601 4647 1704 4700 Qua
1755 4636 2081 4689 conscientia
2132 4645 2186 4688 et

622 4711 796 4780 lingua
827 4712 946 4782 quis
977 4714 1141 4768 Deum
1177 4729 1322 4787 rogat
1343 4759 1357 4781 ,
1400 4735 1502 4786 qua
1528 4730 1621 4774 aut
1650 4723 1922 4786 mentitur,
1953 4730 2045 4777 aut
2074 4740 2188 4777 ma-

621 4800 818 4863 ledicit,
850 4811 944 4857 aut
967 4803 1218 4859 detrahit.
1272 4808 1432 4861 Labia
1461 4823 1641 4864 sancta
1672 4813 1887 4867 exaudit
1921 4815 2089 4878 Deus;
2133 4826 2188 4869 et

621 4891 750 4955 ipsis
783 4895 971 4947 annuit
1005 4894 1113 4949 cito
1157 4900 1426 4965 precibus,
1474 4916 1605 4967 quas
1636 4905 1811 4973 lingua
1847 4905 2185 4960 immaculata

623 4978 947 5045 pronuntiat.
994 4984 1185 5040 Munda
1216 5004 1395 5053 aures,
1444 5002 1502 5043 ut
1549 5009 1652 5045 non
1702 4994 1802 5048 nisi
1847 4997 2184 5050 sertnottibus

621 5073 819 5125 sanctis
848 5083 901 5126 ct
926 5078 1063 5129 veris
1093 5079 1330 5132 auditum
1363 5083 1660 5147 pradicant;
1696 5096 1751 5137 ut
1796 5100 2063 5154 nunquam
2088 5086 2186 5140 ob-

623 5174 807 5224 scena,
850 5175 940 5216 aut
969 5169 1139 5233 turpia
1160 5208 1174 5231 ,
1221 5180 1311 5222 aut
1340 5171 1616 5225 saacnlaria
1649 5174 1809 5228 verba
1859 5177 2184 5245 suscipiant,

624 5257 713 5300 aut
748 5252 975 5319 aliquem
1001 5259 1069 5308 de
1094 5257 1263 5311 altero
1300 5262 1517 5314 audiant
1545 5262 1924 5331 derogantetn,
1971 5276 2188 5335 propter

626 5338 750 5393 illud
778 5359 848 5408 qu
872 5344 918 5397 id
947 5348 1200 5413 scriptum
1226 5361 1343 5403 est:
1386 5352 1508 5422 Sepi
1552 5371 1699 5407 aures
1743 5368 1855 5411 tuas
1901 5359 2092 5425 spinis,
2136 5371 2188 5415 et

626 5430 729 5483 noli
749 5435 929 5486 audite
949 5437 1171 5505 linguam
1194 5455 1406 5506 aequant
1425 5442 1609 5511 (Eccli.
1630 5460 1813 5506 xxvut,
1835 5447 1958 5517 '29);
1989 5457 2046 5501 ut
2066 5465 2187 5505 cum

628 5538 692 5573 eo
721 5523 917 5577 habere
947 5542 1144 5591 partem
1178 5535 1346 5598 possis
1367 5572 1382 5596 ,
1426 5534 1494 5587 tle
1537 5552 1642 5602 quo
1679 5536 1894 5603 dicitur,
1937 5541 2186 5606 quoniam

627 5616 807 5665 atnlnu
836 5627 889 5667 et
915 5633 1027 5670 visu
1058 5618 1225 5685 iusuts
1255 5632 1396 5687 erat;
1431 5625 1533 5679 boc
1561 5634 1665 5690 est,
1697 5642 1794 5681 tice
1821 5629 2057 5696 auribus,
2089 5646 2187 5684 nec

632 5704 796 5756 ocuzis
823 5705 1181 5778 delinquebat.
1230 5712 1411 5767 Manus
1438 5729 1506 5769 ne
1536 5726 1795 5781 porrectae
1824 5719 1889 5772 ad
1922 5722 2186 5787 accipien-

2260 550 2385 598 dum
2420 557 2639 613 parum,
2669 548 2760 599 sed
2797 546 2860 598 nd
2893 549 3069 599 omnia
3112 547 3491 602 misericordiae
3528 556 3583 600 et
3620 549 3757 615 picta
3786 549 3833 601 is

2261 651 2421 703 opera
2450 641 2579 690 satis
2609 648 2887 706 promptae.
2926 636 3111 691 Munda
3143 639 3326 706 mles,
3354 653 3421 693 ne
3448 639 3603 691 latum
3630 648 3684 690 et
3708 652 3834 704 spa-

2264 730 2451 781 tiosaut
2484 739 2705 799 pergant
2737 729 2895 791 viam,
2928 744 3045 796 qud!
3076 728 3225 782 ducit
3252 728 3317 781 ad
3347 730 3623 798 splendida
3651 730 3833 783 saeu'i

2263 830 2318 873 et
2345 820 2572 887 pretiosa
2599 821 2868 881 ccuriria;
2902 821 2994 873 sed
3024 821 3248 874 arduum
3275 824 3445 891 magis
3470 831 3526 879 et
3548 831 3832 890 angustum

2262 911 2572 976 gradiuntur
2592 912 2713 976 iter,
2732 912 2871 978 quod
2903 911 3073 965 tendit
3099 911 3166 964 ad
3194 912 3408 975 calum,
3434 912 3556 979 quia
3577 911 3833 980 scriptum

2265 1007 2347 1050 est
2372 1015 2385 1049 :
2426 996 2532 1053 lter
2557 1010 2751 1054 rectum
2775 1001 2929 1069 facile
2953 1001 3164 1069 pedibus
3190 1003 3367 1056 vestris
3395 999 3544 1071 (lui.
3566 1016 3691 1063 un,
3722 998 3833 1067 14).

2266 1092 2508 1162 Agnosco
2556 1094 2651 1147 tibi
2699 1108 2729 1146 a
2781 1093 2890 1148 Deo
2936 1095 3140 1149 artilice
3182 1110 3286 1148 non
3330 1096 3395 1149 ad
3427 1095 3581 1161 vitia,
3611 1096 3722 1149 'sel
3764 1096 3834 1148 ad

2268 1182 2517 1235 virtutem
2550 1183 2786 1235 membra
2820 1181 3042 1235 fortnata
3072 1200 3085 1235 :
3131 1193 3185 1237 et
3223 1198 3343 1238 cum
3372 1184 3650 1240 universos
3686 1192 3837 1238 artus

2272 1273 2612 1328 mandaveris
2653 1277 2721 1327 ab
2763 1275 2907 1329 omni
2955 1276 3113 1331 sorde
3158 1277 3384 1342 peccati,
3424 1287 3480 1333 et
3522 1285 3637 1330 toto
3674 1275 3840 1328 lucris

2272 1364 2598 1418 Sttnt‘tilieata
2644 1379 2895 1429 corpore,
2944 1377 3066 1416 tunc
3114 1366 3206 1419 tibi
3246 1367 3542 1421 enstitatem
3575 1365 3841 1434 iutel‘igtts

2276 1457 2631 1523 profuturam,
2656 1467 2711 1509 et
2735 1473 2855 1511 enin
2887 1457 3030 1509 omni
3061 1456 3249 1513 ﬁducia
3277 1458 3500 1527 palmam
3525 1457 3843 1533 virginitatis

2272 1560 2546 1611 exaperta.

2348 1641 2433 1694 10.
2477 1639 2612 1704 Quid
2651 1641 2720 1697 sit
2756 1649 2995 1693 sanctam
3022 1653 3142 1694 esse
3181 1655 3414 1707 corpore,
3454 1638 3685 1695 breviter
3722 1636 3841 1705 qui-

2277 1729 2423 1796 dem,
2454 1730 2546 1782 sed
2577 1732 2731 1798 plcue
2761 1746 2847 1784 me
2877 1731 3186 1799 exposuisse
3213 1731 3480 1786 arbitror:
3525 1745 3665 1783 nunc.
3701 1731 3839 1795 quod

2204 1803 2253 1864 Β
2279 1830 2550 1893 sequitur,
2594 1835 2642 1878 et
2673 1825 2890 1891 spiritu,
2936 1838 3093 1878 nosse
3131 1823 3427 1879 debemus:
3480 1823 3581 1876 ltoc
3623 1830 3735 1883 est,
3788 1832 3842 1873 ot

2278 1919 2419 1986 quod
2449 1931 2612 1985 opere
2643 1916 2793 1970 nefas
2833 1925 2914 1969 est
2943 1916 3094 1983 ﬁeri,
3140 1931 3239 1970 nec
3282 1914 3362 1968 l'us
3406 1914 3479 1967 sit
3523 1911 3843 1981 cegitatinue

2279 2008 2582 2075 concipere.
2634 2008 2727 2062 Illa
2766 2011 2908 2063 cnim
2946 2020 3029 2062 est
3070 2018 3249 2061 sancta
3294 2017 3398 2060 tam
3437 2020 3666 2072 corpore
3690 2013 3845 2073 quam

2280 2102 2489 2169 Spiritu,
2523 2114 2640 2165 qua:
2673 2113 2769 2151 nec
2807 2108 3005 2161 mente,
3037 2113 3135 2151 nec
3160 2100 3325 2151 corde
3347 2097 3638 2166 delinquit;
3674 2098 3847 2148 scit-ns

2280 2190 2439 2241 etiam
2489 2188 2669 2242 cordis
2718 2203 2839 2242 esse
2887 2189 3242 2256 inspectorem
3293 2187 3499 2243 Deum:
3548 2196 3604 2240 et
3651 2185 3849 2240 ideirco

2278 2280 2468 2346 satagit
2512 2288 2569 2332 ut
2611 2277 2921 2332 omnimodo
2962 2280 3119 2333 etiam
3161 2278 3399 2332 animum
3452 2292 3574 2331 cum
3621 2290 3849 2345 corpore

2283 2370 2536 2420 mundum
2583 2367 2769 2421 habeat
2816 2383 2845 2422 a
2890 2379 3128 2435 peccato,
3176 2368 3351 2422 sciens
3390 2370 3647 2436 scriptum
3688 2382 3846 2422 esse:

2286 2458 2439 2511 Omni
2465 2460 2864 2511 custodiascrva
2894 2474 2980 2511 cor
3012 2470 3153 2511 tuum
3180 2456 3362 2527 (Prov.
3392 2474 3463 2523 tv,
3483 2458 3613 2525 25);
3661 2468 3716 2512 et
3755 2459 3850 2511 itte-

2285 2562 2400 2602 rum
2428 2569 2438 2599 :
2480 2549 2654 2618 Diligit
2688 2549 2934 2603 Dominus
2958 2560 3134 2605 sancta
3164 2552 3353 2615 corda;
3391 2552 3579 2620 accepti
3610 2560 3725 2602 sunt
3752 2567 3847 2602 auo

2284 2650 2379 2691 om
2402 2641 2445 2691 ei
2466 2656 2637 2692 omnes
2661 2640 3000 2705 immuculali;
3029 2650 3081 2692 et
3101 2640 3224 2693 alibi
3251 2658 3263 2691 :
3296 2639 3440 2694 Beati
3466 2641 3654 2695 mundo
3679 2642 3847 2701 corde,

2283 2731 2516 2797 quoniam
2555 2731 2651 2797 ipsi
2692 2730 2851 2783 Deum
2879 2730 3113 2783 videbunt
3144 2730 3358 2802 (Matth.
3393 2747 3445 2796 ν,
3479 2731 3556 2801 8).
3604 2731 3754 2795 Quod
3785 2733 3851 2781 tle

2283 2821 2388 2874 illis
2420 2820 2521 2873 dici
2553 2819 2807 2881 arbitror,
2852 2836 2988 2888 quos
3022 2821 3347 2875 conscientia
3388 2823 3440 2875 iit
3483 2824 3623 2877 nulla
3669 2822 3849 2875 redar-

2282 2911 2392 2980 gnit
2423 2912 2575 2978 culpa
2608 2911 2831 2979 peccati.
2882 2909 2956 2962 De.
2994 2911 3187 2978 Quibus
3221 2909 3480 2965 Joannem
3521 2910 3573 2965 in
3615 2912 3849 2979 Epistula

2284 2999 2480 3053 dixisse
2512 3014 2666 3053 reor:
2717 3000 2776 3050 Si
2823 3016 2907 3049 cor
2950 3009 3178 3053 nostrum
3226 3018 3319 3056 nos
3369 3017 3469 3053 non
3512 3000 3850 3068 reprehendit,

2286 3092 2532 3157 ﬁduciam
2561 3090 2799 3143 habemus
2827 3093 2894 3143 ad
2926 3090 3110 3156 Deum,
3142 3101 3188 3143 et
3230 3108 3539 3161 quacunque
3569 3094 3856 3157 petierimus

2285 3184 2593 3249 accipiemus
2621 3182 2682 3233 ab
2712 3201 2769 3233 eo
2799 3184 2839 3253 (Ι
2864 3183 3022 3235 Joun.
3057 3199 3139 3249 ut,
3171 3182 3286 3251 20).
3332 3184 3463 3238 Nolo
3492 3188 3766 3238 existimes
3804 3193 3855 3236 te

2284 3277 2487 3330 crimen
2515 3276 2709 3343 fugisst:
2743 3278 2975 3343 peccati,
3020 3278 3061 3329 si
3098 3277 3425 3333 voluntatem
3463 3296 3566 3331 non
3602 3290 3857 3349 sequatur

2283 3364 2525 3434 eﬂ'ectus,
2556 3383 2676 3421 cum
2708 3369 2964 3435 setiptuiit
2996 3369 3099 3420 sit:
3135 3370 3432 3437 Quicunque
3468 3371 3648 3429 viderit
3678 3371 3854 3423 mulie-

2287 3474 2394 3511 rem
2421 3459 2488 3511 (τά
2528 3462 2975 3529 concupiscendam
3019 3478 3160 3526 eam,
3203 3465 3316 3532 jam
3364 3464 3635 3518 inachath
3680 3473 3752 3517 est
3800 3468 3855 3517 in

2287 3551 2439 3603 corde
2466 3567 2558 3602 suo
2587 3544 2864 3622 (unum,
2894 3552 3001 3622 η).
3034 3548 3139 3607 Nec
3168 3554 3335 3618 dicas,
3366 3556 3591 3622 cogitavi
3616 3555 3851 3624 quidem,

2287 3640 2381 3692 sed
2415 3655 2518 3693 non
2546 3640 2742 3705 perfeci
2772 3659 2784 3693 :
2825 3643 2946 3711 quia
2978 3643 3138 3696 etiam
3168 3647 3548 3713 concupiscere
3575 3644 3724 3699 nelas
3749 3654 3851 3701 est.

2289 3731 2439 3785 Unde
2464 3733 2649 3786 beitus
2675 3732 2863 3785 Petrus
2891 3735 3144 3802 prtcccpit
3172 3734 3355 3790 dieens
3379 3752 3389 3786 ς
3426 3735 3633 3792 Animas
3670 3746 3856 3789 vestras

2287 3822 2620 3889 castiﬁcanles
2648 3822 2689 3892 (Ι
2722 3822 2861 3876 Petr.
2890 3839 2926 3888 t,
2948 3824 3062 3893 εξ),
3094 3826 3182 3893 qui
3213 3826 3257 3878 si
3286 3828 3483 3881 nullutn
3508 3828 3699 3881 animm
3726 3843 3852 3881 con-

2286 3913 2668 3976 smprationent
2692 3922 2894 3977 nosset,
2915 3929 3013 3967 nec
3033 3915 3314 3969 castilicari
3337 3930 3452 3971 eant
3474 3916 3851 3974 desiderasset.

2287 4002 2390 4055 Sed
2422 4014 2475 4057 et
2517 4003 2689 4057 locum
2731 4004 2877 4058 illttm
2908 4021 3014 4073 quo
3054 4006 3396 4059 continetur:
3439 4006 3510 4060 Hi
3544 4024 3657 4067 sunt
3688 4012 3776 4077 qui
3805 4026 3858 4060 se

2288 4110 2400 4144 rum
2449 4093 2741 4145 mulieribus
2789 4111 2890 4145 non
2934 4097 3418 4166 crtinqttiuavet'ttnl,
3466 4101 3680 4170 virgines
3722 4102 3857 4158 enim

2288 4195 2670 4251 permanserunt
2692 4200 2711 4238 :
2749 4186 2801 4237 hi
2842 4200 3124 4255 sequuntur
3151 4189 3372 4260 Agnum,
3415 4206 3709 4257 quocunque
3744 4192 3858 4243 ierit

2289 4272 2472 4342 (Apoc.
2520 4288 2627 4339 xiv,
2670 4274 2764 4342 4),
2814 4277 3069 4329 attentius
3116 4277 3456 4332 considerare
3501 4279 3760 4338 debemus
3803 4292 3856 4335 et

2289 4366 2736 4429 animadvertere,
2768 4366 2812 4419 si
2835 4369 3003 4421 solius
3030 4367 3348 4437 intcgricttis
3377 4371 3641 4439 pudicitia
3667 4373 3859 4438 merito

2292 4458 2388 4522 ipsi
2417 4456 2600 4509 divino
2637 4459 2908 4511 enmitntui
2949 4462 3284 4525 copulentur,
3326 4471 3382 4515 et
3418 4478 3514 4532 per
3537 4466 3714 4521 omnia
3742 4479 3853 4519 cm—

2292 4548 2461 4599 lnrnm
2505 4549 2733 4600 tabulata
2772 4547 3108 4602 discurrant:
3155 4565 3221 4603 an
3259 4562 3312 4604 et
3347 4552 3449 4604 alia
3487 4553 3621 4618 sint,
3665 4555 3859 4624 quibus

2290 4637 2533 4704 adjuncta
2568 4637 2844 4705 virginitas
2885 4648 3044 4691 tanta?
3088 4640 3429 4694 beatitudinis
3463 4644 3686 4711 gloriam
3727 4658 3855 4698 cou-

2289 4741 2559 4795 scquatur.
2588 4728 2693 4781 Sed
2722 4728 2862 4782 unde
2886 4729 2987 4781 bne
3012 4729 3149 4782 seire
3173 4732 3503 4796 poterimus?
3535 4731 3609 4790 De
3629 4748 3857 4803 sequen-

2291 4819 2453 4884 tibus,
2486 4817 2586 4869 nisi
2630 4818 2805 4886 lallor,
2848 4819 2897 4870 in
2927 4819 3118 4886 quibus
3156 4824 3412 4891 scriptum
3439 4834 3555 4877 est:
3602 4823 3673 4876 lli
3701 4827 3858 4893 empti

2289 4920 2407 4962 sunt
2444 4926 2507 4963 ea:
2544 4910 2831 4963 hominibus
2872 4912 3110 4978 primititz
3152 4911 3258 4967 Deo
3298 4922 3347 4966 et
3386 4914 3549 4984 Agna.
3594 4926 3640 4969 et
3680 4919 3734 4971 in
3771 4935 3858 4970 ore

2291 5002 2518 5066 ipsorum
2559 5017 2657 5054 non
2708 5010 2783 5054 est
2828 5002 3080 5055 inretitum
3122 5004 3479 5069 mendacium:
3509 5007 3618 5059 sine
3655 5010 3856 5059 macula

2294 5092 2425 5142 enim
2455 5103 2569 5141 sunt
2600 5088 2763 5160 (Ibid.
2799 5105 2876 5155 IV,
2910 5092 2985 5159 5).
3021 5091 3180 5146 Vides
3207 5107 3336 5161 ergo
3361 5095 3501 5169 quod
3532 5111 3635 5154 non
3666 5095 3720 5157 in
3751 5114 3859 5158 uno

2295 5190 2495 5233 tantum
2526 5181 2765 5234 membro
2791 5181 3069 5238 dominicis
3095 5186 3391 5257 referantur
3416 5185 3676 5253 inbtererc
3698 5188 3858 5243 vesti-

2294 5272 2428 5339 giis;
2469 5273 2563 5327 sed
2595 5274 2665 5326 illi
2696 5277 2782 5342 qui
2815 5283 3011 5345 praeter
3036 5276 3390 5347 virginitatem
3417 5278 3485 5340 ab
3502 5278 3648 5335 omni
3677 5291 3859 5341 contus

2293 5362 2450 5432 ginno
2481 5365 2680 5429 peccati
2719 5366 3109 5419 immaculataxn
3142 5367 3403 5435 gus~erint
3430 5370 3609 5421 vitam.
3657 5368 3857 5421 ltlcirco

2295 5455 2443 5520 virgo
2488 5455 2567 5507 vel
2605 5456 2834 5507 maxime
2865 5454 3076 5525 nuptias
3104 5458 3335 5524 spernit,
3380 5467 3433 5509 ιιι
3462 5457 3589 5511 dum
3616 5458 3859 5511 securior

2290 5554 2392 5603 est,
2428 5543 2652 5609 facilius,
2686 5546 2824 5613 quod
2854 5546 3014 5599 etiam
3056 5561 3085 5599 a
3122 5545 3441 5601 nubentibus
3468 5549 3745 5617 quzcritur,
3788 5549 3856 5598 ab

2291 5634 2435 5687 omni
2475 5649 2535 5687 se
2570 5635 2763 5688 delicto
2792 5635 3077 5700 cu~todiat,
3101 5646 3149 5690 et
3178 5640 3423 5690 universa
3453 5636 3579 5703 legis
3608 5636 3851 5688 mandata

2290 5725 2549 5798 perﬁciat.
2583 5725 2711 5779 Nunt
2739 5727 2781 5779 si
2814 5742 2919 5781 non
2947 5727 3128 5790 nubat,
3156 5736 3207 5782 et
3234 5743 3292 5781 ca
3327 5727 3670 5785 ttttnlontinus
3699 5727 3855 5779 lacittt
