4180 6494
445 364 517 420 85
1441 366 1880 421 EXHDR'I‘A'HO
1921 366 2011 421 AD

2107 366 2359 422 PONSAM
2398 367 2685 424 CHRISTI.
3154 404 3157 405 ν
3619 375 3688 434 86

446 489 473 523 a
522 473 718 541 quibus
768 481 822 526 ct
866 482 1045 541 nupta:
1093 486 1211 527 esse
1261 472 1515 541 jubentnr
1558 476 1854 539 immunes,
1907 491 2010 529 non
2041 479 2086 536 Α
2115 478 2208 531 sed
2260 478 2603 534 interioribus
2647 488 3006 551 ornamentis,
3060 496 3112 541 et
3159 490 3524 558 spiritualiter,
3579 509 3685 547 non

446 566 692 632 nupsisse
719 565 844 633 quid
872 564 1148 632 proderit?
1190 566 1505 633 Quanquam
1536 569 1677 620 cnim
1709 571 1839 623 nulli
1861 568 2016 622 Clini-

444 657 742 710 Stianorum
789 670 1011 723 peccare
1042 657 1225 719 liceat,
1273 668 1326 711 rt
1363 674 1549 712 omnes
1579 661 1880 731 quicunque
1908 664 2017 729 spi-

446 746 619 800 ritalis
649 746 842 800 lavacri
886 746 1306 802 sanctificatione
1336 760 1647 816 purgamur,
1676 751 2013 807 immaculata

442 836 733 891 decurrere
758 838 1041 891 conveniat
1066 838 1198 903 vita;
1242 849 1298 891 ut
1330 839 1579 894 Ecclesia
1607 855 1728 909 quae
1755 843 1872 895 sine
1903 858 2013 895 ma-

442 927 585 991 cula,
608 929 725 983 sine
745 942 896 997 ruga,
919 929 1034 983 sine
1055 929 1231 998 aliquo
1252 930 1513 996 ejusmodi
1533 946 1655 986 esse
1677 930 2011 1000 describitur,

445 1020 649 1085 possint
676 1017 976 1074 visceribus
1004 1019 1233 1073 intimari
1258 1038 1272 1074 :
1315 1021 1484 1075 multo
1510 1024 1678 1091 magis
1706 1033 1882 1077 tamen
1915 1026 2015 1079 hoc

446 1108 717 1176 Vrginem
748 1108 972 1177 implere
1001 1124 1221 1164 necesse
1252 1120 1355 1173 est,
1381 1125 1538 1180 quam
1567 1127 1663 1166 nec
1689 1114 1887 1180 mariti,
1916 1127 2015 1168 nec

446 1199 699 1262 lii-orum,
718 1213 815 1253 nec
836 1200 1056 1253 alterius
1079 1200 1409 1255 necessitatis
1421 1216 1578 1255 causa
1599 1202 1866 1269 prohibet,
1884 1218 2016 1271 quo-

444 1288 621 1343 minus
647 1289 879 1342 divinam
910 1290 1238 1361 Scriptorum
1283 1293 1553 1359 perﬁciat;
1602 1308 1701 1349 nec
1738 1295 1935 1365 aliqua,
1968 1296 2011 1349 si

444 1390 654 1450 peccet,
684 1385 877 1449 putcrit
902 1386 1244 1439 excusatione
1273 1384 1503 1441 defendi.

517 1472 604 1525 ll.
643 1473 689 1526 υ
720 1471 895 1541 Virgo,
919 1488 995 1526 set
1016 1487 1071 1525 va
1098 1476 1427 1542 propositum
1457 1474 1550 1528 tibi
1577 1491 1768 1543 magno
1795 1478 2011 1543 prmmiu

440 1563 790 1617 destinatum.
842 1563 1102 1617 Prmclara
1129 1574 1216 1618 est
1240 1565 1380 1633 apud
1411 1564 1575 1619 Deum
1606 1568 1919 1636 virginitatis
1958 1580 2013 1624 et

443 1651 716 1719 pudicitiae
744 1653 928 1721 virtus,
951 1654 997 1708 si
1023 1669 1127 1708 non
1157 1653 1275 1708 aliis
1305 1664 1641 1724 peccatorum
1670 1667 1722 1711 et
1750 1660 2009 1714 malorum

444 1745 681 1806 lapsibus
711 1744 1033 1801 inllrtnetur.
1080 1746 1326 1814 Agnosco
1354 1756 1548 1801 statum
1582 1756 1751 1816 tuum,
1782 1764 2011 1820 agnosce

2117 569 2405 623 carnaliter
2430 582 2777 640 componatur
2804 594 2814 626 :
2843 577 2965 645 quia
2998 577 3133 630 Dens
3162 594 3269 632 non
3297 582 3562 649 corporis,
3591 584 3683 637 sed

2118 659 2307 712 anitum
2336 662 2584 717 decorem
2614 664 2665 718 in
2698 665 2786 719 illa
2815 668 3138 724 considerat.
3186 671 3325 741 Ergo
3352 681 3407 725 et
3436 682 3512 736 tu,
3540 689 3685 741 qua:-

2116 763 2326 818 cunque
2372 750 2604 807 animam
2656 764 2798 808 tuam
2864 771 2892 809 a
2946 758 3054 811 Deo
3097 759 3245 829 diligi
3299 770 3353 816 et
3400 761 3682 819 inhabitari

2114 840 2469 908 concupiscis,
2498 845 2641 896 omni
2684 860 2801 900 eam
2830 847 3100 916 diligentia
3127 862 3408 914 compone.
3439 860 3495 907 et
3521 853 3681 920 spirl~

2115 927 2309 981 talibus
2340 929 2663 987 indumentis
2692 949 2910 988 exorna.
2965 936 3105 992 Nihil
3148 938 3200 991 in
3236 953 3300 995 ea
3335 939 3680 1007 dedecorum,

2116 1019 2245 1073 nihil
2286 1021 2483 1076 tadum
2531 1035 2806 1093 appareat.
2861 1027 3219 1097 ReSptendeat
3261 1046 3392 1085 auro
3436 1030 3677 1100 justitim,

2112 1112 2339 1177 geminis
2379 1110 2635 1181 refulgent
2675 1115 3007 1183 sanctitatis,
3053 1131 3117 1171 ac
3160 1118 3540 1187 pretiosissimo
3583 1138 3678 1185 pu-

2114 1199 2306 1254 dicitite
2362 1204 2648 1272 ntargarito
2690 1217 2960 1261 coruscet.
3028 1208 3132 1263 Pro
3170 1208 3328 1278 bysso
3372 1220 3429 1263 ct
3470 1212 3675 1277 serico,

2116 1293 2497 1349 misericordia:
2536 1304 2590 1349 et
2629 1298 2840 1363 pietatis
2879 1300 3053 1355 tunica
3082 1302 3355 1365 vestiatur,
3386 1304 3678 1355 secundum

2113 1383 2252 1450 quod
2284 1384 2541 1453 scriptum
2570 1396 2684 1439 est:
2724 1387 2930 1441 [mittite
2954 1405 3072 1458 ergo
3098 1407 3205 1451 vos,
3233 1393 3360 1445 sicut
3387 1395 3532 1445 electi
3568 1393 3681 1455 Dei.

2112 1472 2276 1523 sancti
2303 1482 2350 1524 et
2380 1474 2577 1541 dilecti,
2626 1477 2817 1531 viscera
2852 1479 3247 1546 misericordiae,
3292 1482 3676 1551 benignitatem,

2113 1559 2478 1627 humilitatem,
2508 1574 2611 1617 etc.
2644 1566 2831 1633 (Color.
2878 1583 2955 1631 ιιι,
3001 1570 3112 1637 li).
3168 1570 3233 1625 Et
3280 1549 3675 1626 nonvdecitrctn

2112 1664 2346 1706 cerussae
2370 1663 2458 1705 aut
2483 1655 2701 1708 alterius
2725 1658 2973 1725 pigtnenti
2996 1670 3219 1726 quaerat,
3243 1661 3335 1715 sed
3364 1664 3679 1717 innocentur

2113 1755 2174 1795 ac
2190 1744 2543 1809 simplicitatis
2559 1749 2842 1801 candorem
2866 1749 3073 1803 habeat.
3098 1750 3325 1806 lioseunt
3347 1757 3678 1808 verecundiae

442 1836 644 1897 locum,
678 1850 910 1904 agnosce
939 1841 1291 1906 propositum,
1331 1836 1527 1894 Christi
1556 1854 1750 1907 sponsa
1780 1842 2006 1908 diceris;
2042 1833 2084 1892 Β
2109 1834 2344 1887 colorem
2376 1845 2429 1887 ct
2465 1851 2787 1904 pttt‘pttl‘Cllttt
2813 1841 3021 1893 ruboris
3042 1841 3360 1912 pudorisque
3387 1844 3675 1913 possideat.

442 1926 567 1979 vide
612 1941 680 1978 ne
722 1926 847 1994 quid
888 1925 1159 1996 indignum
1195 1942 1289 1992 co,
1330 1930 1415 1983 cui
1444 1928 1763 1998 desponsata
1793 1933 2011 1998 videris,

440 2014 731 2069 admittas:
764 2017 872 2070 cito
896 2017 1096 2073 scribet
1134 2018 1446 2087 repudium,
1489 2020 1533 2072 si
1574 2021 1628 2074 in
1662 2032 1712 2074 te
1737 2021 1817 2077 vel
1847 2038 2008 2077 unum

442 2106 641 2161 viderit
683 2105 1021 2162 adulterium.
1089 2108 1430 2176 Qutecunque
1470 2111 1614 2165 enim
1660 2112 2009 2168 humanorum

443 2197 839 2265 sponsaliorum
869 2198 1177 2267 pignoribus
1203 2200 1572 2267 subarrhatur,
1618 2206 1795 2257 statim
1840 2219 1870 2259 a
1912 2205 2011 2260 do-

440 2288 700 2353 mesticis,
732 2301 760 2340 a
788 2285 1159 2353 familiaribus,
1191 2291 1259 2344 ab
1283 2292 1469 2345 amicis
1493 2293 1673 2359 sponsi
1704 2294 1931 2350 sollicite
1957 2307 2010 2351 rt

440 2379 727 2447 diligenter
757 2371 981 2448 'requirit
1022 2389 1079 2433 et
1124 2397 1155 2435 a
1193 2382 1439 2449 servulis,
1468 2387 1653 2453 quales
1678 2385 1888 2452 juvenis
1918 2389 2011 2441 ha-

440 2470 567 2521 beat
593 2475 793 2534 mores,
824 2471 951 2538 quid
982 2472 1313 2539 potissimum
1340 2474 1559 2543 diligat,
1598 2478 1724 2545 quid
1754 2482 2008 2548 accipiat,

438 2576 548 2627 quo
576 2576 676 2615 usu
704 2563 882 2628 vivat,
923 2579 1024 2634 qua
1069 2579 1128 2619 sc
1168 2570 1553 2625 consuetudine
1597 2581 1776 2641 regat.
1818 2575 2010 2641 quibus

443 2663 623 2706 utatur
648 2653 892 2721 dapibus,
922 2656 1116 2725 quibus
1145 2659 1410 2728 prtecipue
1449 2662 1611 2716 rebus
1636 2663 1929 2719 delectetur
1958 2674 2012 2718 et

440 2743 690 2809 gaudeat.
720 2744 849 2812 Qua:
876 2761 997 2801 cum
1025 2747 1294 2814 didicerit,
1330 2751 1397 2803 ita
1428 2766 1487 2803 se
1518 2751 1570 2804 in
1602 2753 1849 2807 omnibus
1878 2764 2012 2808 tem-

444 2844 626 2902 perat,
668 2845 727 2890 ut
751 2838 930 2902 sponsi
963 2838 1198 2893 moribus
1226 2854 1379 2894 suum
1407 2840 1718 2909 obsequium
1739 2884 1754 2906 ,
1799 2859 1891 2897 sua
1920 2846 2009 2912 jus

441 2927 716 2991 cundtas,
760 2943 853 2981 sua
885 2929 1190 2997 diligentia;
1231 2944 1327 2984 sua
1357 2932 1459 2985 vita
1490 2929 1801 2987 cuucordét.
1850 2934 1918 2989 Et
1954 2946 2008 2989 tu

441 3031 561 3086 qum
586 3017 857 3071 Christum
886 3033 1139 3087 sponsum
1172 3020 1357 3088 bibes,
1385 3037 1415 3074 a
1441 3021 1749 3078 domesticis
1777 3034 1829 3077 et
1856 3024 2009 3078 fami-

443 3109 665 3163 liaribus
687 3111 824 3177 ejus,
857 3114 1038 3179 sponsi
1069 3114 1141 3166 tui
1174 3128 1350 3169 mores
1380 3115 1665 3184 interroga,
1698 3126 1751 3171 et
1791 3128 2007 3172 strenue

2113 1920 2324 1976 Caelesti
2355 1924 2595 1978 abluatur
2618 1928 2758 1980 nitro
2782 1928 3056 1990 doctrinae.
3080 1940 3133 1983 et
3157 1930 3401 1985 lamentis
3430 1935 3679 2001 spiritua-

2114 2012 2250 2066 libus
2276 2013 2610 2069 emundetur.
2665 2015 2817 2069 Nulla
2851 2018 2901 2070 in
2927 2032 2990 2072 ea
3022 2020 3268 2088 malitize,
3311 2021 3456 2075 nulla
3482 2024 3677 2077 diaboli

2112 2103 2316 2156 macula
2364 2104 2730 2171 relinquatur;
2782 2117 2838 2161 et
2885 2123 2951 2163 ne
2999 2112 3212 2176 quando
3258 2114 3398 2166 atate
3442 2113 3679 2168 redoleat

2112 2197 2279 2251 odore
2324 2199 2559 2265 peccati,
2611 2211 2881 2269 unguento
2927 2201 3259 2257 suavissimae
3304 2205 3582 2274 sapientiae
3626 2218 3677 2259 ct

2110 2288 2347 2343 scicntia:
2374 2288 2735 2356 perfundatur.

2187 2378 2268 2432 l3.
2312 2379 2621 2446 llnjusmodi
2654 2381 2791 2437 Deus
2817 2386 3007 2451 quzrit
3042 2399 3309 2452 ornatum,
3349 2396 3406 2441 et
3444 2389 3672 2441 animum

2113 2469 2287 2525 taliter
2336 2474 2684 2540 compositam
2737 2474 3084 2543 concupiscit.
3155 2476 3423 2531 Memento
3469 2488 3529 2535 ,te
3580 2479 3673 2531 Dri

2112 2561 2269 2613 liliam
2299 2561 2401 2615 dici
2446 2563 2739 2618 secundum
2783 2566 2925 2629 quod
2973 2566 3083 2621 ait:
3117 2569 3273 2635 Audi,
3304 2571 3436 2636 ﬁlia,
3469 2580 3514 2622 et
3562 2571 3674 2622 vide

2112 2648 2278 2718 (Psal.
2305 2668 2445 2717 suv,
2468 2653 2578 2721 ll).
2627 2654 2736 2709 Sed
2762 2663 2819 2709 et
2841 2664 2895 2711 tu
2926 2656 3034 2727 ipsa
3059 2660 3481 2727 quotiescunque
3510 2660 3674 2712 Deum

2113 2750 2314 2807 patrem
2346 2743 2608 2805 nominas,
2643 2744 2735 2799 Dei
2763 2752 2815 2798 te
2841 2746 3001 2800 tiliam
3029 2760 3149 2801 esse
3180 2747 3414 2801 testaris.
3460 2748 3598 2817 Ergo
3631 2748 3673 2800 si
3710 2806 3713 2809 λ

2113 2829 2205 2884 Dei
2243 2829 2344 2884 lilia
2386 2846 2476 2896 cs,
2518 2832 2637 2888 vide
2679 2848 2747 2888 ne
2782 2836 2906 2901 quid
2946 2850 3132 2890 eorum
3161 2837 3355 2899 facias,
3403 2852 3521 2906 quae
3570 2838 3676 2891 Deo

2111 2919 2253 2973 Patri
2288 2920 2571 2989 incongrua
2602 2922 2741 2987 sint;
2783 2923 2876 2976 sed
2915 2937 3012 2993 age
3039 2926 3216 2979 otnnia
3243 2926 3391 2995 quasi
3420 2928 3524 2980 lilia
3560 2926 3671 3003 Dei.

2108 3012 2385 3079 Cognosce
2414 3012 2682 3080 quomodo
2727 3012 2885 3081 hujus
2928 3016 3111 3068 saeculi
3160 3016 3415 3070 nobilium
3457 3031 3516 3069 se
3555 3014 3676 3068 tiliae

2107 3112 2311 3170 gerant,
2333 3104 2524 3170 quibus
2544 3112 2854 3157 assuescant
2877 3104 3136 3167 moribus,
3162 3106 3421 3174 quibusve
3440 3119 3500 3159 se
3519 3106 3675 3158 disci~

442 3216 505 3254 ac
534 3202 760 3256 solerter
790 3202 1029 3270 inquire;
1076 3205 1126 3256 in
1169 3204 1359 3276 quibus
1403 3207 1665 3273 prmcipne
1693 3206 2003 3276 delectetur,

2112 3194 2267 3260 plinis
2300 3194 2596 3247 instituant.
2639 3194 2808 3247 Tanta
2849 3194 3163 3263 quibusdam
3208 3198 3524 3250 verecundia
3570 3206 3673 3259 est,

444 3292 654 3358 qualem
681 3293 1122 3360 compositionem
1151 3292 1203 3347 in
1236 3304 1287 3348 te
1320 3296 1543 3348 vestium
1577 3296 1779 3365 diligat,
1828 3301 2007 3364 cujus-

445 3380 586 3433 modi
614 3382 957 3449 concupiscat
982 3393 1251 3437 ornatum.
1302 3383 1450 3437 Dieat
1494 3385 1583 3438 tibi
1622 3386 1738 3454 ejus
1777 3387 2006 3443 familia—

443 3471 689 3525 rissimus
720 3471 936 3536 Petrus,
978 3475 1067 3544 qui
1112 3490 1179 3529 ne
1219 3479 1395 3545 nuptis
1422 3476 1635 3545 quidem
1677 3479 2005 3544 corporalem

444 3560 700 3626 permittit
738 3572 1016 3630 ornatum,
1065 3566 1203 3618 sicut
1246 3564 1300 3618 in
1347 3566 1568 3634 epistola
1615 3583 1709 3621 sua
1754 3570 2002 3635 scripsit:

448 3650 686 3704 Mulieres
726 3652 960 3705 similiter
987 3652 1227 3724 subjectis
1267 3655 1387 3709 viris
1428 3658 1562 3721 suis,
1608 3669 1660 3710 ut
1696 3661 1742 3711 si
1780 3661 1866 3720 qui
1904 3676 2004 3712 non

444 3744 651 3795 credunt
680 3744 847 3807 verba,
876 3760 965 3812 per
988 3745 1251 3799 mulierum
1280 3750 1701 3801 concertationem
1730 3751 1835 3803 sine
1863 3754 2007 3803 verbo

443 3835 699 3902 lucri/iant
722 3848 740 3885 :
768 3838 1145 3888 considerantes
1182 3838 1231 3888 in
1258 3839 1434 3889 timore
1460 3838 1553 3890 Dei
1579 3853 1767 3892 castam
1797 3857 2005 3894 (aurer-

442 3929 688 3979 sationem
714 3937 946 3991 vestram,
983 3942 1198 3992 quorum
1229 3927 1292 3978 sit
1326 3943 1423 3979 non
1452 3930 1761 3982 extrinsecus
1794 3932 2006 4000 capita-

444 4028 579 4079 tttra,
618 4025 705 4069 aut
744 4016 1074 4068 rircuntdatio
1102 4017 1237 4077 auri,
1284 4025 1373 4069 aut
1415 4020 1699 4070 indumenti
1741 4020 2006 4073 t-estimen-

444 4121 607 4157 tnrum
633 4108 831 4167 cultus:
870 4110 959 4160 sed
986 4109 1071 4175 qui
1108 4110 1377 4161 absronsus
1417 4108 1585 4161 cordis
1622 4118 1692 4160 cst
1728 4109 1909 4170 homo,
1952 4110 2004 4161 in

435 4191 911 4261 susurruptibtlitale
933 4213 998 4259 qu
1022 4211 1084 4247 en
1116 4206 1158 4246 οἰ
1190 4196 1397 4247 modesti
1422 4197 1655 4262 spiritus,
1685 4200 1820 4266 quod
1849 4209 1921 4250 cst
1952 4202 2001 4251 in

442 4292 709 4349 conspectu
740 4279 832 4336 Dei
862 4281 1086 4349 locuples
1108 4284 1150 4351 (l
1184 4283 1322 4336 Petr.
1358 4300 1444 4349 ιιι,
1485 4289 1505 4339 l
1542 4286 1720 4355 seqq.)
1767 4288 1915 4341 Dicat
1952 4298 2004 4341 et

443 4373 577 4427 alius
621 4374 896 4439 apostolus
936 4373 1120 4428 beatus
1151 4372 1378 4441 Paulus,
1426 4374 1513 4441 qui
1558 4377 1624 4428 ad
1662 4377 2001 4430 Timotheum

443 4463 675 4517 scribens
717 4462 1053 4531 episcOpum,
1098 4462 1283 4516 cadent
1320 4464 1387 4516 de
1426 4463 1655 4518 ﬁdelium
1689 4466 2000 4521 feminarum

2111 3288 2252 3333 tanta
2277 3282 2529 3348 gravitas,
2559 3281 2700 3335 tanta
2731 3282 3015 3347 modestia,
3061 3292 3120 3336 ut
3163 3292 3478 3337 cancrorum
3510 3286 3675 3336 homi—

2110 3386 2236 3424 num
2285 3372 2442 3424 ritum
2491 3372 2682 3427 intuitu
2721 3374 2964 3427 humante
3006 3374 3342 3443 ingenuitatis
3378 3378 3672 3428 excellant.

2109 3470 2163 3513 et
2209 3474 2276 3513 ne
2323 3476 2480 3528 quam
2527 3459 2765 3515 honestis
2814 3464 3125 3527 parentibus
3170 3463 3284 3516 suis
3330 3477 3424 3529 per
3471 3464 3674 3529 lapsum

2109 3564 2263 3604 suum
2295 3549 2525 3604 inlamia’:
2557 3551 2770 3605 inurunt
2799 3561 3000 3617 notant,
3033 3553 3253 3606 alteram
3290 3554 3391 3606 sibi
3420 3554 3675 3620 quodam-

2110 3642 2270 3694 modo
2302 3642 2438 3694 inter
2466 3641 2709 3694 homines
2757 3642 3156 3695 consuetudinis
3202 3644 3452 3696 studeant
3499 3642 3674 3696 facem

2112 3744 2373 3783 namram.
2420 3729 2486 3782 Et
2516 3739 2569 3781 tu
2598 3745 2725 3798 ergo
2751 3733 3010 3798 originem
3054 3743 3196 3785 tuam
3228 3734 3465 3799 respice.
3508 3749 3677 3800 genus

2109 3819 2334 3880 intuere,
2363 3819 2585 3886 gloriam
2623 3820 2914 3873 nobilitatis
2946 3821 3203 3876 adverte:
3237 3835 3462 3885 agitosce
3493 3835 3542 3875 te
3573 3843 3673 3875 uuu

2110 3908 2369 3974 hominis,
2414 3907 2507 3963 sed
2540 3907 2633 3963 Dei
2661 3909 2821 3963 tiliam
2843 3953 2855 3972 ,
2900 3921 2956 3965 et
2982 3911 3175 3964 divina:
3206 3913 3495 3965 nativitatis
3525 3916 3676 3964 nubi-

2110 3998 2256 4051 litate
2284 3998 2611 4051 decoratum.
2669 3998 2742 4053 Ita
2786 4011 2837 4052 te
2877 3999 3093 4061 exhibe.
3144 4009 3201 4053 ut
3248 4000 3302 4053 in
3350 4012 3401 4054 te
3442 4004 3675 4055 uelo-stis

2108 4088 2353 4141 uativitas
2381 4097 2584 4155 pareat,
2629 4098 2681 4141 et
2726 4088 3021 4155 ingenuitas
3052 4089 3232 4142 divin’a
3260 4092 3535 4142 clarescat.
3594 4098 3675 4143 sit

2108 4177 2159 4230 itt
2192 4186 2243 4231 te
2270 4191 2400 4231 nova
2428 4176 2687 4246 gravitas,
2739 4179 2985 4231 honestas
3014 4177 3365 4242 admirabilis,
3416 4183 3674 4248 Stupeuda

2105 4268 2458 4334 Verecundia,
2504 4269 2634 4322 mira
2668 4268 2948 4336 patientia,
2982 4268 3256 4337 virginalis
3299 4271 3571 4335 incessus,
3617 4284 3673 4324 et

2110 4373 2250 4413 verte
2280 4359 2545 4427 pudicitia:
2574 4360 2808 4423 habitus,
2834 4368 2886 4413 ct
2915 4374 3092 4412 sertno
3132 4372 3343 4427 semper
3374 4360 3670 4421 modestus,

2105 4460 2155 4503 et
2184 4465 2283 4504 suo
2315 4451 2364 4503 in
2395 4460 2636 4517 tempore
2667 4448 3053 4517 proferendus;
3092 4458 3148 4502 ut
3177 4449 3415 4517 quisquis
3447 4460 3496 4503 te
3529 4450 3673 4503 vidc-

441 4552 717 4619 disciplina
748 4559 1003 4607 testatur:
1036 4552 1269 4606 Mulieres
1294 4554 1524 4606 simiiter
1545 4556 1594 4606 in
1622 4556 1797 4607 habitu
1824 4568 2001 4608 ornato

2112 4543 2200 4606 rit,
2231 4541 2525 4596 admiretur
2556 4552 2610 4595 et
2634 4542 2777 4595 dicat
2804 4560 2813 4591 :
2848 4558 2966 4609 (pia:
3006 4546 3120 4595 lucc
3160 4556 3308 4594 nova:
3340 4542 3480 4595 inter
3503 4542 3672 4595 homi-

443 4657 554 4694 cum
584 4643 882 4695 verecundia
908 4653 958 4696 et
987 4645 1254 4697 sobrietate
1278 4654 1516 4698 amantes
1544 4660 1625 4706 se,
1664 4662 1764 4699 non
1801 4646 2001 4699 intortis

440 4731 681 4794 crinibus,
718 4740 807 4783 aut
840 4747 983 4797 astro,
1012 4741 1103 4784 aut
1131 4733 1441 4800 margaritis,
1473 4742 1560 4785 aut
1587 4744 1717 4806 veste
1744 4737 2000 4802 pretiosa;

442 4825 530 4875 sed
565 4826 702 4893 quod
739 4823 879 4877 decet
912 4824 1152 4878 mulieres
1198 4829 1542 4889 promittentes
1589 4824 1871 4878 castita'em
1913 4841 2003 4895 per

443 4914 623 4966 bonam
648 4914 1075 4967 conversationem
1097 4912 1136 4984 (l
1162 4913 1292 4967 Tim.
1319 4930 1378 4979 tt,
1396 4912 1477 4984 9).

515 5004 601 5058 l2.
640 5003 746 5057 Sed
782 5003 1002 5058 forsitan
1038 5004 1207 5059 dicis:
1252 5020 1349 5058 cur
1388 5005 1498 5058 ba'c
1540 5003 1728 5057 iisdem
1773 5004 2002 5071 apostoli

450 5094 736 5161 virginibus
765 5110 869 5149 non
891 5095 1206 5164 jusserunt?
1235 5096 1367 5162 Quia
1397 5111 1500 5149 non
1530 5094 1889 5148 necessarium
1917 5094 2003 5162 ju-

444 5182 728 5237 dicabant:
762 5196 834 5238 ne
860 5184 978 5239 talis
1007 5184 1298 5251 virginibus
1325 5182 1670 5237 commonitio
1713 5181 1889 5250 potius
1926 5183 2007 5235 in-

442 5270 578 5339 juria
606 5287 763 5340 quam
803 5274 1101 5327 emendatio
1146 5272 1431 5327 videretur.
1487 5271 1593 5326 Sed
1637 5286 1733 5325 nec
1772 5286 1865 5325 eas
1905 5286 2003 5325 un-

448 5376 599 5427 quam
624 5374 779 5416 taut.»
802 5364 1108 5417 temeritatis
1132 5362 1243 5416 fore
1264 5363 1634 5425 credidissent,
1658 5375 1715 5416 ut
1740 5380 1803 5415 nc
1826 5364 2003 5431 nuptis

446 5452 653 5518 quidem
684 5469 931 5507 concessa
955 5454 1192 5507 carnalia
1215 5464 1525 5507 mnamcma
1551 5463 1604 5504 et
1634 5462 1840 5506 terrena
1870 5466 2002 5518 pra)-

448 5554 737 5597 sumercut.
804 5544 1006 5599 Revera
1045 5558 1235 5600 ornare
1280 5560 1339 5599 se
1382 5553 1435 5599 et
1477 5559 1800 5611 componere
1839 5543 2002 5611 Virgo

445 5631 635 5689 debet:
678 5647 800 5687 nam
839 5634 1105 5703 quomodo
1146 5650 1343 5703 sponso
1388 5649 1484 5687 suo
1526 5635 1735 5701 placere
1777 5636 1998 5701 poterit,

450 5724 543 5776 nisi
570 5729 859 5783 cntmmsita
889 5734 941 5777 ct
970 5735 1154 5779 ornata
1182 5724 1544 5786 t'roccsscrit?
1575 5732 1790 5777 ornetur
1816 5724 1996 5787 plane,

2111 4647 2205 4688 nes
2228 4634 2501 4701 gravitatis
2525 4633 2771 4699 patientia
2796 4636 2911 4684 est?
2940 4634 3067 4696 Qua:
3092 4630 3307 4700 pudoris
3323 4632 3675 4685 verecundia?

2109 4725 2238 4789 Quae
2265 4724 2562 4778 honestatis
2588 4722 2841 4776 modestia
2866 4722 2888 4774 ?
2916 4722 3044 4785 Quae
3067 4723 3342 4774 maturitas
3363 4721 3675 4789 sapientiae?

2110 4815 2224 4871 Non
2255 4824 2335 4869 est
2367 4816 2433 4867 ita
2466 4816 2692 4866 humana
2723 4811 3006 4876 institutio,
3046 4825 3144 4865 nec
3168 4811 3447 4881 disciplina
3478 4821 3673 4865 morta-

2112 4908 2178 4962 lis
2203 4924 2214 4957 :
2248 4906 2467 4961 cozleSte
2495 4905 2622 4958 mihi
2651 4904 2848 4973 aliquid
2875 4904 2927 4956 in
2954 4913 3169 4958 terreno
3193 4917 3417 4972 corpore
3447 4903 3671 4957 redolet.

2113 4996 2247 5051 Puto
2287 4998 2426 5065 quod
2473 4995 2673 5048 habitet
2720 4996 2769 5048 in
2816 4993 3132 5063 quibusdam
3181 4992 3482 5048 hominibus
3512 4994 3667 5045 Dem.

2115 5088 2179 5142 Et
2206 5101 2325 5142 cum
2360 5096 2409 5141 tc
2436 5087 2632 5139 Christi
2662 5085 2911 5139 latnulam
2943 5098 3064 5139 esse
3091 5087 3431 5152 cognoverit,
3474 5086 3674 5152 majore

2107 5191 2327 5247 stupor-3.
2360 5180 2644 5240 tenebitur,
2676 5186 2732 5232 et
2758 5177 3008 5244 cogitabit
3046 5175 3221 5245 qualis
3265 5175 3354 5230 ilic
3395 5176 3463 5229 sit
3495 5175 3673 5228 Domi-

2110 5285 2229 5334 nus,
2254 5269 2404 5336 Cujus
2437 5268 2558 5321 talis
2584 5267 2772 5320 ancilla
2802 5276 2903 5318 cst.

2183 5359 2267 5415 η.
2308 5360 2361 5414 Si
2392 5364 2472 5412 vis
2501 5375 2627 5425 ergo
2658 5372 2779 5410 esse
2807 5371 2926 5410 cum
2963 5355 3207 5419 Christo,
3255 5364 3309 5406 et
3348 5361 3550 5420 partem
3582 5352 3673 5401 ha-

2110 5452 2237 5505 bere
2275 5466 2392 5505 cum
2433 5450 2677 5511 Christo,
2724 5448 2919 5501 Christi
2966 5446 3055 5500 tibi
3102 5447 3347 5511 excmp'n
3386 5441 3672 5495 vivendum

2103 5552 2216 5604 θςι,
2257 5541 2344 5609 qui
2388 5542 2454 5593 ab
2485 5540 2622 5591 omni
2658 5538 2859 5590 malitia
2892 5546 2944 5589 ct
2977 5535 3207 5602 nequitia
3253 5535 3321 5588 ita
3365 5535 3460 5587 luit
3500 5545 3675 5585 rura—

2106 5647 2256 5695 nens,
2289 5641 2341 5684 ttt
2374 5646 2468 5684 nec
2500 5631 2723 5683 iniuries
2764 5630 2975 5697 quidem
3010 5626 3176 5679 virent
3220 5626 3501 5685 redderet.
3546 5624 3669 5688 quin

2108 5722 2280 5787 potius
2325 5730 2375 5773 ct
2416 5738 2510 5787 ιιέο
2555 5721 2683 5785 ipsis
2730 5727 2923 5770 oraret.
2970 5715 3101 5769 Nolo
3144 5715 3283 5769 enim
3329 5727 3419 5766 cas
3466 5726 3675 5764 ειηιιηιιδ
