4180 6470
597 318 665 370 87
1231 317 1563 375 Αιιιιτυιιιδ
1604 319 1905 375 ANONYMI
1950 320 2157 375 liXllOl

2259 319 2389 373 tTlO
2432 321 2520 373 AD
2558 319 2870 376 SPONSAM
2911 320 3198 377 ClllllSTl.

3792 327 3863 376 88

597 430 925 484 t.hristianas
963 429 1265 494 existimes,
1305 447 1427 500 qua:
1464 444 1556 486 aut
1593 433 1786 489 fratres
1824 446 1916 488 aut
1955 448 2167 488 sorores
2197 445 2244 493 Α
2273 436 2485 497 cohibe.
2516 452 2568 489 et
2596 439 2674 490 ori
2705 447 2795 491 tuo
2825 440 3030 493 rremini
3067 438 3220 506 [.egis
3260 441 3511 505 impone;
3550 451 3606 494 nt
3632 451 3778 505 tunc,
3810 445 3861 495 si

601 536 704 576 non
735 522 855 575 dico
883 521 1140 587 oderunt,
1186 522 1282 577 sed
1316 539 1435 592 quae
1475 527 1745 591 proximos
1775 536 1885 579 toto
1915 526 2074 580 corde
2116 536 2170 579 et

598 614 919 670 conscientia
950 628 1127 666 coram
1160 613 1250 667 Dei
1284 616 1589 669 testimonio
1631 632 1734 669 non
1766 617 2016 680 dilicuut;
2049 632 2168 671 cum

594 706 929 767 Christianis,
950 705 1144 759 tlhristi
1166 706 1528 763 similitudine.
1553 709 1792 761 inimicos
1812 709 1969 762 etiam
1989 725 2168 763 amare

597 811 817 852 necesse
844 800 928 850 sit.
977 796 1033 852 Si
1064 808 1371 852 sanctorum
1403 801 1552 867 cupis
1584 800 1782 854 habere
1813 804 2164 865 consertium,

594 904 623 943 ει
651 890 867 944 malitiae
892 900 944 944 et
972 890 1221 957 nequitize
1246 891 1479 959 cogitatu
1509 900 1695 958 pectus
1718 892 1969 947 cmunda.
2000 893 2167 948 Nemo

597 993 648 1036 te
674 983 1088 1050 circumveniat,
1138 996 1295 1036 nemo
1336 991 1389 1037 te
1433 982 1603 1035 lallaci
1637 998 1885 1038 sermone
1923 983 2162 1037 sedncat.

594 1076 707 1128 Non
738 1073 840 1128 nisi
884 1086 1097 1127 sanctos
1125 1084 1178 1127 et
1199 1074 1371 1141 justos
1399 1082 1453 1125 et
1480 1074 1746 1141 simplices
1770 1084 1823 1128 et
1850 1075 2165 1129 innocentes

593 1176 645 1221 et
673 1179 834 1233 puros
858 1164 1090 1219 cmlestis
1118 1168 1235 1217 aula
1267 1164 1540 1230 suscipiet.
1590 1165 1799 1217 Nullum
1828 1168 1967 1231 apud
2000 1165 2163 1219 Detnn

593 1257 752 1312 habet
781 1256 979 1309 malitia
1010 1257 1204 1309 locum.
1236 1254 1321 1308 Ab
1341 1256 1484 1307 omni
1514 1258 1745 1322 nequitia
1778 1264 1831 1308 ll
1858 1254 1982 1308 dolo
2011 1271 2165 1307 mun—

594 1351 714 1404 dum
737 1364 856 1403 esse
881 1361 1097 1401 necesse
1120 1356 1223 1411 est,
1248 1349 1335 1415 qui
1363 1362 1446 1408 cui
1472 1345 1506 1399 it
1538 1361 1759 1414 regnare
1784 1362 1903 1413 cum
1926 1347 2158 1399 Chrism.

592 1439 727 1495 Nihil
778 1449 882 1519 tam
932 1436 1282 1499 contrarium,
1332 1436 1463 1489 nihil
1500 1446 1605 1487 tam
1652 1437 1981 1489 exsecrabile
2027 1435 2158 1502 Deo,

590 1547 744 1599 quam
775 1531 1003 1599 aliquem
1040 1531 1251 1591 odisse,
1298 1528 1529 1594 aliquem
1575 1528 1709 1580 velle
1754 1528 1984 1580 Itidere:
2031 1526 2160 1581 nihil

592 1638 695 1677 tam
727 1623 1022 1691 probabile,
1054 1636 1212 1690 quam
1242 1634 1430 1673 clunes
1458 1632 1663 1671 attiare.
1712 1618 1861 1684 Quod
1896 1618 2157 1683 Propheta

588 1717 763 1769 sciens
804 1724 1026 1767 testatur
1054 1713 1280 1767 dicens:
1317 1712 1417 1778 Qui
1453 1712 1666 1779 diligitis
1696 1710 1991 1776 Dominum,
2025 1713 2159 1764 adite

588 1807 778 1859 malum
807 1803 977 1872 (I’sal.
1011 1819 1150 1869 xcvr,
1184 1804 1297 1869 10).

661 1896 747 1949 15.
778 1893 908 1948 Vide
935 1908 1000 1947 ne
1030 1895 1083 1947 in
1113 1892 1289 1962 aliquo
1331 1892 1614 1945 humanam
1654 1891 1876 1961 gloriam
1915 1891 2103 1960 diligas
2140 1908 2155 1954 ;

590 2001 655 2040 ne
675 1994 730 2039 et
755 1994 842 2038 tua
862 1989 1000 2040 inter
1024 1984 1143 2037 illos
1165 1983 1339 2052 portio
1359 1991 1717 2050 computetur.
1740 1982 1931 2049 quibus
1959 1982 2156 2037 dictum

588 2087 668 2130 est
690 2092 706 2131 :
732 2076 996 2143 Quomodo
1020 2091 1105 2129 vos
1127 2076 1337 2142 potestis
1357 2076 1580 2137 credere,
1604 2073 1821 2142 gloriam
1851 2075 1914 2126 ab
1942 2076 2156 2128 invicem

586 2183 865 2241 quis-rentes
886 2170 1068 2245 (Joan.
1094 2185 1151 2237 v,
1172 2170 1267 2237 ιι)
1294 2170 1313 2221 l
1336 2170 1400 2224 Et
1419 2170 1485 2224 de
1503 2169 1695 2239 quibus
1721 2184 1812 2235 per
1836 2168 2154 2235 PrOpbctatn

586 2264 781 2317 dicitur
806 2282 816 2315 :
851 2262 989 2333 Auge
1016 2263 1086 2315 eis
1119 2260 1276 2325 mala,
1304 2276 1435 2331 auge
1462 2262 1597 2312 mala
1623 2260 1861 2328 gloriosis
1892 2268 2058 2312 terrm.
2092 2259 2157 2313 Et

584 2356 710 2410 alibi
741 2375 753 2407 :
786 2354 1167 2426 Confundimini
1193 2371 1225 2407 a
1254 2353 1555 2423 gloriatione
1578 2361 1763 2417 vestra,
1796 2353 1857 2404 ab
1886 2352 2156 2420 obprobrio

583 2449 637 2501 in
663 2457 930 2510 conspectu
957 2446 1050 2499 Dei
1073 2447 1090 2513 (
1105 2444 1228 2498 lsai.
1254 2443 1405 2512 xcv).
1425 2444 1553 2497 Nolo
1573 2443 1717 2496 enim
1743 2442 1859 2495 illas
1880 2443 2153 2510 respicias,

583 2554 701 2608 quze
726 2537 931 2600 saeculi,
960 2550 1062 2589 noa
1086 2534 1281 2589 Christi
1307 2546 1428 2588 sunt
1457 2534 1691 2603 virgines
1716 2549 1729 2588 ε
1755 2548 1872 2602 quae
1900 2533 2153 2600 propositi

583 2630 664 2683 sui
693 2640 747 2683 et
774 2628 1116 2697 professionis
1146 2628 1491 2680 immemores
1519 2624 1750 2694 gaudent
1777 2624 1827 2677 in
1860 2624 2083 2683 deliciis.
2104 2625 2154 2676 in

582 2720 776 2787 opibus
815 2719 1173 2783 delectantur,
1213 2728 1268 2770 et
1302 2730 1577 2783 corporea!
1619 2714 1907 2768 nobilitatis
1951 2715 2157 2783 origine

583 2811 935 2864 delectantur.
965 2808 1094 2875 Quae
1122 2808 1165 2860 si
1199 2807 1436 2875 profecto
1468 2807 1558 2860 Dei
1583 2805 1717 2859 tilias
1740 2819 1799 2859 se
1824 2822 1942 2859 esse
1970 2806 2158 2860 crede-

584 2914 701 2956 rcnt
726 2944 740 2965 ,
778 2915 1046 2969 nunquam
1080 2913 1197 2967 post
1231 2899 1438 2953 divinos
1468 2900 1670 2952 nit-des
1699 2897 2028 2950 nobilitatem
2058 2898 2153 2951 ad-

585 2995 905 3047 mirarentur
938 2992 1245 3053 humanam,
1279 3005 1377 3043 nec
1398 2989 1753 3057 gloriarentur
1774 2988 1826 3041 iu
1858 2999 2006 3058 patre
2028 3003 2157 3057 quo-

587 3086 714 3139 libet
746 3084 1039 3138 honorato:
1072 3083 1114 3136 si
1146 3082 1352 3136 Patrem
1386 3083 1542 3135 Deum
1576 3095 1633 3135 se
1656 3080 1849 3134 habere
1871 3082 2149 3147 sentirent,

588 3177 913 3231 nobilitatem
937 3176 1115 3228 carnis
1143 3184 1246 3227 non
1278 3185 1535 3227 amarent.
1574 3171 1709 3236 Quid
1742 3171 1833 3224 tibi
1863 3173 1911 3223 iu
1943 3170 2155 3239 generis

587 3268 857 3323 nobilitate
880 3266 1033 3321 hiand
1062 3265 1135 3318 ris
1158 3272 1213 3318 et
1237 3280 1352 3317 com
1363 3267 1534 3330 places
1554 3263 1577 3315 ‘l
1604 3263 1746 3316 Duos
1770 3261 2009 3316 homines
2031 3260 2155 3314 fecit

585 3359 654 3412 ab
679 3358 903 3412 exordio
942 3357 1100 3417 Deus,
1140 3370 1204 3409 ex
1251 3355 1443 3423 quibus
1483 3355 1646 3407 totius
1687 3353 1895 3421 generis
1940 3353 2153 3406 humani

585 3450 715 3505 silva
744 3449 1019 3504 descendit
1050 3465 1061 3498 :
1097 3446 1417 3500 mundanam
1446 3445 1777 3499 nobilitatem
1820 3459 1923 3497 non
1954 3452 2154 3498 natura:

585 3542 807 3609 :cquitas
826 3537 1196 3609 pr;i-stitit,sed
1219 3537 1521 3607 cupiditatis
1538 3537 1773 3592 ambitio.
1790 3534 1947 3589 Ccrte
1967 3551 2154 3589 omnes

586 3650 679 3702 per
709 3631 868 3685 divini
901 3630 1096 3684 lavacri
1122 3630 1517 3700 generationem
1541 3628 1770 3695 aequales
1794 3619 2073 3682 efficimur.
2100 3638 2154 3682 et

587 3726 729 3779 nulla
761 3726 897 3779 inter
922 3737 1015 3777 eos
1053 3730 1228 3790 peteSt
1264 3736 1382 3776 esse
1423 3722 1693 3784 discretio,
1738 3734 1872 3789 quos
1908 3721 2155 3775 nativitas

584 3815 815 3872 secunda
844 3816 1144 3885 generavit;
1190 3827 1287 3880 per
1316 3827 1473 3882 quam
1504 3823 1609 3867 tam
1645 3811 1797 3868 dives
1830 3827 1989 3877 quant
2022 3826 2152 3878 pau-

588 3923 707 3974 per,
736 3916 842 3961 tam
874 3905 1008 3960 liber
1034 3918 1192 3973 quam
1222 3917 1430 3968 servus,
1455 3912 1563 3957 tam
1594 3901 1789 3957 nobilis
1818 3917 1974 3970 qnam
2008 3902 2154 3969 igno-

586 4001 727 4069 bilis,
760 3999 850 4054 Dei
878 3996 1108 4053 efficitur
1135 3993 1332 4059 Filius;
1364 4005 1419 4049 et
1453 4004 1660 4049 terrena
1693 3992 1940 4048 nobilitas
1976 3993 2155 4060 splen-

585 4092 714 4144 dore
738 4090 973 4145 cmlestis
987 4086 1171 4157 gloria!
1196 4086 1563 4151 adumbratur,
1582 4095 1635 4139 et
1657 4100 1825 4155 nusqu
1845 4100 1913 4137 :m
1935 4084 2153 4137 omnino

578 4185 690 4250 jam
717 4192 991 4248 comparet
1016 4196 1028 4230 :
1070 4178 1194 4232 dum
1224 4179 1313 4245 qui
1349 4190 1494 4232 retro
1522 4179 1574 4230 in
1616 4174 1960 4231 saecularibus
1989 4175 2153 4227 llOllo-

586 4272 732 4326 ribus
759 4272 989 4339 impares
1019 4268 1250 4333 fuerant,
1280 4269 1514 4322 cmlestis
1552 4275 1606 4320 et
1635 4266 1828 4320 divina:
1868 4266 2154 4318 nobilitatis

582 4361 753 4430 gloria
792 4359 1067 4429 tequaliter
1105 4359 1417 4411 vestiuntur.
1463 4356 1649 4409 Nullus
1688 4355 1795 4423 jam
1841 4354 2154 4421 ignobilitati

585 4458 754 4523 locus,
785 4468 883 4508 nec
910 4452 1144 4519 degener
1169 4451 1445 4519 quisquam
1472 4458 1585 4513 est,
1614 4463 1770 4515 quem
1797 4446 1988 4500 divina:
2017 4447 2149 4498 nati-

589 4548 768 4600 vitatis
792 4543 1091 4599 sublimitas
1121 4550 1295 4600 ornat,
1327 4539 1425 4592 nisi
1457 4538 1594 4609 apud
1619 4540 1759 4600 illos.
1791 4538 1883 4606 qui
1914 4552 2019 4592 non
2048 4552 2145 4605 pn-

585 4645 702 4691 lant
733 4635 977 4689 humanis
1020 4632 1255 4686 caelestia
1300 4628 1649 4697 prteponenda
1693 4640 1828 4682 :aut
1855 4630 1900 4683 si
1942 4638 2151 4699 putant,

586 4741 744 4796 quam
772 4739 962 4778 vanum
992 4732 1094 4786 est,
1120 4731 1177 4774 ut
1203 4736 1262 4774 se
1292 4721 1396 4773 illis
1426 4722 1476 4772 in
1519 4719 1811 4773 minoribus
1837 4718 2144 4786 przelerant.

584 4830 719 4885 quos
739 4816 838 4869 sibi
868 4815 919 4868 in
943 4812 1232 4879 majoribus
1262 4824 1414 4879 pares
1441 4810 1634 4867 sciunt.
1670 4821 1721 4863 et
1754 4808 1897 4875 quasi
1929 4808 2061 4862 inira
2088 4823 2149 4862 se

586 4910 788 4976 positos
814 4908 865 4960 in
894 4914 1032 4959 terra
1059 4905 1385 4963 existiment,
1416 4915 1549 4971 quos
1579 4902 1676 4955 sibi
1708 4903 1939 4966 aequales
1970 4902 2021 4953 in
2042 4915 2151 4954 rm.

585 5000 804 5052 lestibus
827 4995 1087 5050 credunt?
1124 4993 1200 5046 Tn
1226 5002 1399 5046 autem
1436 5006 1767 5060 quascunque
1794 4992 2014 5051 Christi,
2043 5005 2146 5042 non

584 5090 758 5143 δευειιιι
794 5090 943 5156 virgo
973 5100 1049 5147 es,
1075 5100 1286 5138 omnem
1318 5084 1595 5150 pﬂPSOIllla‘
1620 5084 1739 5136 vita:
1764 5083 1984 5150 gloriam
2008 5082 2147 5150 lnge,

582 5196 629 5231 ne
666 5196 781 5232 eam
814 5194 929 5244 qua:
953 5179 1003 5230 in
1028 5178 1204 5229 l'nturo
1231 5176 1555 5242 promittitur
1582 5175 1947 5242 consequaris.

652 5270 737 5321 lii.
777 5266 1186 5322 Contentionnm
1235 5265 1416 5326 verba,
1461 5272 1517 5318 et
1559 5264 1913 5316 animasitatis
1958 5278 2146 5317 causas

584 5361 747 5420 evita;
780 5357 1160 5410 discordiarum
1191 5370 1399 5423 quoque
1421 5365 1474 5408 ct
1503 5354 1669 5406 litium
1693 5356 1997 5407 occasiones
2025 5355 2147 5407 Sub-

586 5454 805 5517 tri-lnge.
849 5450 976 5502 Nam
1016 5448 1058 5500 si
1098 5448 1243 5515 juxta
1282 5448 1519 5512 Apostoli
1556 5446 1851 5500 doctrinam
1885 5465 1896 5498 :
1933 5447 2147 5501 Servum

585 5542 790 5593 Domini
831 5542 1030 5610 litigare
1054 5556 1154 5591 non
1182 5546 1375 5604 oportet
1408 5537 1470 5605 (ll
1510 5537 1641 5591 Tim.
1690 5553 1747 5601 ιι,
1788 5538 1907 5603 ‘2‘);
1951 5551 2148 5603 quanto

582 5637 744 5701 magis
774 5636 862 5688 θεῖ
891 5633 1172 5687 ancillam?
1194 5631 1343 5695 cujus
1367 5644 1471 5696 quo
1494 5631 1846 5683 verecundior
1867 5643 1948 5684 est
1968 5648 2144 5691 sexus,

583 5730 783 5782 miluus
816 5726 971 5779 debet
1003 5740 1117 5779 esse
1148 5723 1457 5776 modestior.
1492 5719 1745 5787 Linguam
1779 5740 1805 5774 ει
1837 5722 2145 5789 maliloquio

2274 526 2409 578 {arte
2455 526 2710 591 loquaris,
2745 527 2955 591 quando
2993 539 3169 583 tacere
3210 541 3482 595 peceatum
3511 530 3602 595 sit,
3632 547 3763 587 cave
3789 547 3859 586 ne

2275 618 2402 685 quid
2451 620 2590 687 quod
2643 620 2694 671 in
2742 622 3213 687 reprehensionem
3263 626 3437 675 veniat
3478 623 3647 677 dicas.
3696 625 3735 678 ι,
3774 624 3857 692 pia

2271 712 2499 762 emissus
2544 719 2628 764 est
2668 726 2845 764 sermo
2886 716 3160 779 prolatus;
3207 726 3533 784 quapropter
3568 717 3658 771 diu
3689 728 3847 771 ante-

2268 814 2426 866 quam
2468 800 2766 868 proferatur
2796 802 3107 870 cogilandns
3147 814 3253 859 est.
3296 806 3454 861 Beata
3488 807 3684 878 quippe
3713 808 3849 861 labia

2269 899 2413 954 sunt,
2459 907 2579 962 quae
2625 908 2891 962 nunquam
2936 895 3078 963 quod
3128 911 3382 951 revocare
3421 897 3615 953 iterum
3663 900 3847 967 velint,

2268 980 2538 1036 emittunt.
2568 982 2779 1036 Pndicre
2811 984 3007 1038 mentis
3037 1000 3217 1041 sermo
3248 989 3406 1041 etiam
3429 986 3587 1042 debet
3611 1003 3733 1044 esse
3756 1006 3847 1056 pu-

2267 1071 2440 1136 dicus,
2483 1072 2572 1138 qui
2616 1074 2843 1129 :edilicet
2886 1090 3100 1143 semper
3137 1082 3327 1146 magis.
3368 1091 3524 1145 quam
3563 1080 3848 1149 aliquando

2267 1163 2503 1217 destruat
2543 1165 2841 1229 audientes,
2879 1168 3174 1222 secundum
3218 1170 3359 1237 quod
3400 1172 3652 1238 pracepit
3702 1178 3841 1241 Apa-

2264 1254 2431 1306 suilns
2454 1253 2639 1306 dicens
2672 1271 2687 1305 :
2733 1255 2908 1309 Omnis
2936 1273 3101 1309 sermo
3139 1258 3307 1313 malus
3341 1275 3407 1313 ex
3430 1277 3517 1314 ore
3555 1271 3716 1315 vestro
3742 1279 3842 1315 non

2262 1344 2509 1412 procedat
2536 1358 2555 1396 :
2582 1344 2670 1397 sed
2696 1346 2740 1398 si
2767 1347 2880 1414 quis
2907 1346 3068 1399 bonus
3097 1349 3166 1400 ad
3194 1350 3589 1415 aediﬁcationem
3612 1351 3752 1419 ﬁdei,
3782 1368 3839 1409 ut

2262 1434 2343 1487 det
2369 1435 2582 1503 gratiam
2613 1437 2935 1491 audientibus
2968 1437 3182 1509 (Ephes.
3213 1456 3290 1503 tv,
3315 1441 3433 1507 29).
3467 1442 3700 1497 Pretiosa
3725 1444 3835 1497 Deo

2264 1526 2439 1595 lingua
2476 1536 2578 1591 est,
2621 1543 2740 1595 qua:
2772 1544 2875 1581 non
2910 1530 3026 1584 sine
3063 1532 3260 1585 divinis
3301 1533 3457 1587 rebus
3496 1538 3643 1588 novit
3681 1538 3835 1589 verba

2260 1627 2605 1677 construere;
2654 1630 2708 1673 et
2750 1634 2992 1675 sanctum
3036 1637 3117 1679 os.
3165 1626 3303 1676 unde
3346 1627 3585 1681 caelestia
3626 1643 3838 1694 semper

2261 1708 2468 1778 eloquia
2506 1709 2867 1775 profirnntur.
2909 1712 3226 1768 Absentinm
3265 1717 3657 1771 obtrectatores
3686 1718 3835 1785 qna-i

2192 1783 2239 1842 Β
2265 1799 2542 1866 malignos,
2588 1800 2880 1863 Seriptnraz
2918 1804 3236 1857 auctoritate
3278 1806 3536 1861 deterre:
3583 1783 3712 1874 quia
3736 1812 3834 1860 hoc

2259 1891 2397 1945 inter
2426 1891 2645 1946 virtutes
2673 1892 2893 1959 perfecti
2926 1896 3155 1948 hominis
3195 1896 3459 1964 Propheta
3497 1913 3827 1951 commemo-

2260 1992 2363 2047 rat,
2396 1985 2439 2036 si
2470 1994 2595 2037 ante
2638 1995 2983 2052 conspectum
3008 1986 3135 2052 justi
3184 1987 3446 2056 malignus
3490 1988 3557 2041 ad
3606 1989 3829 2042 nihilum

2258 2073 2573 2138 deducatur,
2601 2075 2690 2143 qui
2720 2084 2903 2128 contra
2936 2078 3235 2143 proximum
3262 2091 3365 2131 non
3409 2079 3674 2145 probanda
3709 2096 3830 2147 pro-

2260 2167 2467 2222 tulerit.
2500 2169 2615 2221 Non
2648 2167 2765 2221 licet
2798 2166 2889 2221 tibi
2910 2170 3131 2222 alterius
3151 2172 3594 2237 vituperationem
3618 2171 3740 2237 pati:
3761 2186 3826 2224 n-

2264 2269 2347 2312 ter
2374 2257 2589 2319 audirc;
2622 2257 2743 2323 quia
2767 2272 2867 2311 nec
2895 2257 2965 2311 ab
2984 2258 3102 2312 aliis
3126 2266 3277 2328 optas
3298 2259 3462 2325 recipi
3492 2270 3633 2315 tuam
3658 2261 3829 2327 (Psal.

2259 2365 2438 2414 uxrv,
2471 2350 2544 2417 5).
2580 2348 2835 2409 iniustum
2862 2346 3058 2417 quippe
3083 2356 3161 2402 est
3188 2348 3443 2419 quidquid
3472 2361 3655 2403 contra
3675 2349 3832 2404 Chr--

2262 2444 2330 2495 sti
2363 2439 2707 2508 Evangelium
2743 2441 2905 2501 venit,
2937 2442 2979 2491 si
3011 2438 3167 2493 alteri
3199 2441 3339 2507 quod
3369 2439 3462 2494 tibi
3492 2441 3559 2493 ab
3583 2442 3687 2493 alio
3718 2440 3828 2493 ﬁeri

2260 2534 2542 2586 molestum
2566 2540 2663 2592 est,
2697 2531 2914 2597 patiaris
2944 2529 3149 2583 inferri.
3178 2530 3401 2598 Semper
3424 2532 3654 2600 linguam
3685 2540 3828 2584 tuam

2259 2624 2327 2678 de
2356 2624 2506 2675 bonis
2543 2624 2682 2689 quIt:
2720 2621 3001 2683 ad-nesce,
3030 2632 3083 2677 et
3113 2620 3351 2674 auditum
3386 2630 3532 2675 tuum
3569 2623 3634 2674 ad
3667 2623 3828 2675 bono-

2260 2730 2376 2768 rum
2395 2728 2559 2777 magis
2582 2713 2811 2778 laudem,
2830 2728 2985 2781 quam
3009 2714 3074 2765 ad
3099 2714 3358 2767 malorum
3388 2712 3826 2783 vituperatioiient

2258 2806 2626 2861 accommoda.
2686 2804 2814 2859 Vide
2859 2814 2916 2858 ut
2951 2806 3126 2858 omnia
3166 2819 3494 2875 quacunque
3539 2805 3824 2867 beneﬁcis,

2262 2910 2477 2969 propter
2506 2898 2669 2952 Deum
2704 2898 2896 2961 lacius;
2920 2899 3095 2952 sciens
3116 2898 3232 2964 ejus
3253 2898 3328 2952 rei
3359 2907 3563 2952 tantum
3589 2907 3644 2952 te
3670 2912 3699 2951 a
3726 2898 3830 2952 Dm

2262 2992 2331 3044 mi
2359 3006 2405 3043 ιο
2435 2999 2768 3057 recepturum
2795 3004 2914 3044 esse
2943 2989 3267 3055 mercedem,
3292 3005 3451 3059 quam
3480 2990 3596 3058 ejus
3624 2990 3829 3045 timoris

2260 3092 2313 3138 ct
2352 3083 2652 3137 dilectionis
2692 3097 2850 3135 causa
2897 3083 3201 3147 perfeceris.
3260 3082 3455 3137 Sancta
3506 3082 3671 3151 magis
3708 3099 3828 3139 esse

2258 3189 2415 3244 quam
2445 3173 2606 3227 mderi
2639 3173 2790 3227 studi:
2818 3191 2829 3224 :
2861 3173 2983 3242 quia
3014 3173 3142 3225 nihil
3172 3174 3388 3241 prodest
3409 3173 3659 3228 :cstimari
3685 3188 3754 3240 qn
3793 3173 3827 3225 il

2258 3282 2363 3320 non
2402 3266 2471 3319 sit
2507 3284 2518 3317 :
2562 3275 2613 3320 et
2640 3265 2867 3334 duplicis
2896 3266 3095 3331 peccati
3136 3277 3315 3320 reatus
3353 3275 3458 3331 est,
3498 3279 3601 3317 non
3633 3265 3829 3319 habere

2256 3357 2395 3427 quod
2419 3357 2673 3421 creditur,
2702 3365 2757 3409 et
2781 3356 2921 3425 quod
2948 3370 3050 3409 non
3084 3355 3279 3409 habeas
3306 3354 3575 3410 simulare.

2328 3451 2415 3505 l7.
2460 3450 2513 3502 In
2554 3450 2770 3518 jejnniis
2820 3450 2989 3518 magis
3034 3464 3192 3517 quam
3225 3449 3276 3503 in
3319 3448 3489 3515 epulis
3533 3447 3621 3501 del
3656 3455 3823 3504 etate.

2258 3542 2400 3596 illius
2426 3541 2597 3596 vidua:
2636 3556 2860 3603 memor.
2902 3555 3022 3605 qua:
3049 3555 3154 3593 non
3184 3539 3492 3595 discedebat
3527 3539 3595 3594 de
3624 3537 3824 3606 templo

2252 3631 2466 3700 jejuniis
2487 3642 2543 3686 et
2569 3629 3029 3685 obsecrationibus
3059 3631 3166 3684 Deo
3186 3632 3427 3685 serviens
3446 3629 3533 3685 die
3559 3644 3619 3684 at:
3645 3638 3824 3685 noctr.

2261 3722 2324 3775 tt
2351 3721 2397 3775 si
2429 3721 2582 3776 vidua
2613 3722 2828 3790 quidem
2854 3722 2903 3775 in
2925 3720 3106 3775 Iudaea
3131 3720 3247 3775 talis
3270 3732 3385 3775 erat
3407 3737 3423 3784 ;
3451 3720 3660 3789 qualem
3683 3734 3825 3773 nunc

2258 3812 2518 3882 virginem
2548 3811 2799 3866 convenit
2824 3825 2946 3865 esse
2976 3809 3199 3865 Christi.
3230 3806 3433 3865 Divina:
3455 3809 3622 3880 magis
3644 3808 3826 3864 lectio-

2258 3903 2341 3957 nis
2367 3902 2669 3957 convivium
2701 3901 2884 3970 dilige,
2922 3910 2976 3955 et
3013 3900 3343 3968 spiritalibus
3375 3911 3429 3954 te
3464 3902 3687 3954 saturari
3724 3901 3821 3953 da-

2240 3994 2413 4060 .pibus
2436 3991 2788 4059 concupisce;
2819 4002 2872 4044 et
2894 3992 3015 4046 illos
3038 3992 3214 4059 potius
3242 4006 3421 4057 qutere
3443 3992 3608 4052 cibos,
3633 3989 3824 4059 quibus

2254 4087 2429 4138 anima
2466 4084 2633 4153 magis
2662 4099 2820 4153 quam
2861 4083 3059 4151 corpus
3094 4082 3385 4138 rellciatur.
3417 4080 3607 4135 Carnis
3635 4092 3687 4134 et
3714 4082 3818 4133 vini

2256 4176 2462 4242 species
2480 4176 2630 4242 quasi
2661 4173 3113 4228 caloris'ul'omenta
3135 4182 3189 4227 et
3218 4172 3450 4227 libidinis
3481 4173 3819 4227 inritamenta

2256 4269 2401 4335 l'nge.
2429 4274 2483 4319 et
2511 4273 2655 4329 tunc,
2686 4264 2731 4317 si
2768 4263 2928 4329 forte,
2968 4265 3094 4318 vino
3128 4264 3318 4331 exiguo
3347 4272 3517 4326 ntere,
3548 4277 3668 4316 cum
3709 4273 3819 4316 sto-

2259 4360 2429 4415 machi
2461 4359 2615 4413 dolor
2644 4370 2699 4413 et
2727 4358 2884 4411 nimia
2920 4356 3161 4426 corporis
3194 4356 3481 4425 compellat
3518 4357 3816 4409 infirmitas.

2260 4451 2585 4506 Iracundiam
2621 4453 2796 4515 vince;
2825 4450 3215 4503 animositatem
3240 4448 3462 4510 cohibe;
3486 4457 3541 4501 et
3563 4448 3816 4516 quidquid

2258 4546 2385 4599 illud
2406 4543 2663 4614 est,qnod
2688 4552 2807 4613 post
2834 4541 3030 4596 factum
3057 4541 3419 4611 paenitentiam
3447 4543 3659 4610 ingerit,
3676 4542 3820 4594 velut

2258 4636 2478 4704 proximi
2503 4635 2740 4689 criminis
2769 4632 3217 4687 abominationem
3253 4632 3481 4685 declina.
3506 4632 3655 4687 Satis
3686 4640 3821 4684 tran-

2252 4726 2469 4796 qnillam
2499 4735 2553 4780 et
2577 4727 2807 4790 quietam
2834 4724 3077 4776 convenit
3099 4737 3218 4775 esse
3237 4731 3486 4784 mentem,
3509 4735 3562 4774 et
3586 4722 3653 4774 ab
3674 4723 3818 4774 oinni

2255 4818 2653 4887 perturbatione
2689 4817 2881 4870 luroris
2908 4816 3159 4876 alienam,
3194 4828 3314 4884 quas
3345 4814 3434 4868 1)ηοί
3460 4813 3562 4868 hab
3585 4813 3815 4867 Iaculuni

2253 4924 2372 4965 esse
2394 4910 2691 4969 desiderat;
2722 4909 2812 4974 qui
2842 4921 2934 4975 per
2962 4907 3281 4973 Prophetam
3311 4916 3537 4962 testatur
3563 4920 3617 4959 et
3645 4903 3771 4958 dicit
3803 4928 3814 4956 .

2257 5002 2423 5068 Super
2446 5018 2591 5069 quem
2620 5001 2925 5066 requiescam
2959 4999 3139 5063 alium,
3175 5000 3275 5053 nisi
3313 5016 3464 5069 super
3492 4999 3731 5051 humilem
3771 5010 3817 5049 rt

2253 5098 2498 5166 quietum,
2550 5106 2594 5146 el
2643 5103 2932 5146 trementem
2977 5093 3122 5145 verba
3166 5108 3277 5144 mea
3324 5092 3342 5159 (
3365 5091 3491 5145 lsai.
3538 5105 3682 5152 La",
3724 5090 3821 5153 3)?

2254 5185 2500 5240 Omnium
2546 5198 2764 5249 0pcrnm
2824 5191 2875 5235 et
2910 5181 3286 5250 cogitationum
3328 5189 3537 5235 tuarum
3578 5181 3819 5247 specula-

2254 5286 2425 5329 torem
2449 5274 2612 5327 Deum
2639 5272 2816 5337 crede,
2840 5281 2892 5325 et
2909 5287 3037 5325 eave
3060 5288 3126 5325 ne
3147 5271 3433 5339 quidquam
3457 5270 3597 5337 quod
3624 5270 3818 5323 divmis

2254 5359 2420 5412 oculis
2453 5359 2720 5426 indignum
2752 5359 2837 5417 sit,
2867 5368 2957 5410 ant
2978 5357 3236 5424 opereris,
3264 5364 3355 5407 aut
3380 5356 3601 5421 cogites.

2325 5449 2413 5503 18.
2454 5447 2583 5501 Cum
2613 5447 2906 5501 orationem
2935 5447 3205 5500 celebrare
3230 5446 3536 5502 desideras,
3565 5447 3724 5495 talem
3768 5453 3819 5495 te

2253 5540 2444 5595 exhibe
2468 5538 2615 5606 quasi
2637 5554 2752 5607 qum
2774 5539 2847 5590 sis
2867 5552 2984 5589 cum
3001 5536 3225 5590 Domino
3251 5535 3508 5587 locutura.
3534 5534 3663 5586 Cum
3688 5541 3818 5599 psat.

2254 5645 2397 5684 mum
2427 5630 2578 5691 dicis,
2609 5630 2759 5693 cujus
2800 5627 2961 5682 verba
2999 5626 3130 5680 dicis
3168 5640 3425 5693 agnosce;
3472 5638 3523 5676 ct
3570 5623 3620 5676 in
3670 5638 3819 5674 cum-

2254 5721 2537 5790 puuctione
2562 5722 2724 5785 magis
2757 5719 2919 5771 animi
2951 5734 3104 5784 quam
3130 5717 3181 5770 in
3213 5716 3427 5771 lineola:
3455 5717 3596 5769 κυρίη
3639 5716 3814 5768 dalcc~
