  <div class='ocr_page' id='page_1' title='image "/cluster/home/n/w/nwhite01/storage/ocr_20150623/18/umn.319510024773129/064.png"; bbox 0 0 4180 6446; ppageno 0'>
   <div class='ocr_carea' id='block_1_1' title="bbox 325 377 428 432">
    <p class='ocr_par' dir='ltr' id='par_1_1' title="bbox 325 377 428 432">
     <span class='ocr_line' id='line_1_1' title="bbox 325 377 428 432; baseline 0 0"><span class='ocrx_word' id='word_1_1' title='bbox 325 377 428 432; x_wconf 79' lang='lat'><strong>105</strong></span> 
     </span>
    </p>
   </div>
   <div class='ocr_carea' id='block_1_2' title="bbox 999 375 2904 437">
    <p class='ocr_par' dir='ltr' id='par_1_2' title="bbox 999 375 2904 437">
     <span class='ocr_line' id='line_1_2' title="bbox 999 375 2904 437; baseline -0.001 -3"><span class='ocrx_word' id='word_1_2' title='bbox 999 377 1360 434; x_wconf 77' lang='lat' dir='ltr'><strong>SEBMONES</strong></span> <span class='ocrx_word' id='word_1_3' title='bbox 1398 376 1574 435; x_wconf 80' lang='lat' dir='ltr'><strong>TRES</strong></span> <span class='ocrx_word' id='word_1_4' title='bbox 1614 375 1706 432; x_wconf 75' lang='lat' dir='ltr'><strong>ex</strong></span> <span class='ocrx_word' id='word_1_5' title='bbox 1744 375 1895 432; x_wconf 87' lang='lat' dir='ltr'><strong>COD.</strong></span> <span class='ocrx_word' id='word_1_6' title='bbox 1940 375 2378 435; x_wconf 73' lang='lat' dir='ltr'><strong>SESSORIANO.</strong></span> <span class='ocrx_word' id='word_1_7' title='bbox 2419 411 2488 421; x_wconf 90' lang='lat'><strong>—-</strong></span> <span class='ocrx_word' id='word_1_8' title='bbox 2527 380 2904 437; x_wconf 68' lang='lat' dir='ltr'><strong>Pli/EFATIO.</strong></span> 
     </span>
    </p>
   </div>
   <div class='ocr_carea' id='block_1_3' title="bbox 3474 379 3575 438">
    <p class='ocr_par' dir='ltr' id='par_1_3' title="bbox 3474 379 3575 438">
     <span class='ocr_line' id='line_1_3' title="bbox 3474 379 3575 438; baseline -0.02 -1"><span class='ocrx_word' id='word_1_9' title='bbox 3474 379 3575 438; x_wconf 72' lang='lat'><strong>106</strong></span> 
     </span>
    </p>
   </div>
   <div class='ocr_carea' id='block_1_4' title="bbox 325 485 1904 559">
    <p class='ocr_par' dir='ltr' id='par_1_4' title="bbox 325 488 1899 554">
     <span class='ocr_line' id='line_1_4' title="bbox 325 488 1899 554; baseline -0.005 -10"><span class='ocrx_word' id='word_1_10' title='bbox 325 490 450 545; x_wconf 81' lang='lat' dir='ltr'><strong>Edit</strong></span> <span class='ocrx_word' id='word_1_11' title='bbox 508 488 596 543; x_wconf 89' lang='lat' dir='ltr'><strong>ubi</strong></span> <span class='ocrx_word' id='word_1_12' title='bbox 631 501 782 554; x_wconf 82' lang='lat' dir='ltr'><strong>sup.,</strong></span> <span class='ocrx_word' id='word_1_13' title='bbox 825 489 924 544; x_wconf 89' lang='lat' dir='ltr'><strong>col.</strong></span> <span class='ocrx_word' id='word_1_14' title='bbox 978 490 1101 544; x_wconf 69' lang='lat'><strong>167.</strong></span> <span class='ocrx_word' id='word_1_15' title='bbox 1136 490 1254 544; x_wconf 84' lang='lat' dir='ltr'><strong>Fol.</strong></span> <span class='ocrx_word' id='word_1_16' title='bbox 1301 490 1423 544; x_wconf 74' lang='grc'><strong>148.</strong></span> <span class='ocrx_word' id='word_1_17' title='bbox 1457 498 1630 550; x_wconf 89' lang='lat' dir='ltr'><strong>recto,</strong></span> <span class='ocrx_word' id='word_1_18' title='bbox 1668 501 1852 540; x_wconf 88' lang='lat' dir='ltr'><strong>xxxmt</strong></span> <span class='ocrx_word' id='word_1_19' title='bbox 1888 504 1899 536; x_wconf 84' lang='lat'>:</span> 
     </span>
    </p>
   </div>
   <div class='ocr_carea' id='block_1_5' title="bbox 2010 485 3564 559">
    <p class='ocr_par' dir='ltr' id='par_1_5' title="bbox 2011 485 3564 559">
     <span class='ocr_line' id='line_1_5' title="bbox 2011 485 3564 559; baseline 0.001 -22"><span class='ocrx_word' id='word_1_20' title='bbox 2011 485 2111 540; x_wconf 86' lang='lat'><strong>167</strong></span> <span class='ocrx_word' id='word_1_21' title='bbox 2154 500 2400 554; x_wconf 79' lang='lat' dir='ltr'><strong>recto,t.\</strong></span> <span class='ocrx_word' id='word_1_22' title='bbox 2426 508 2436 544; x_wconf 85' lang='lat'>:</span> <span class='ocrx_word' id='word_1_23' title='bbox 2467 511 2482 540; x_wconf 84' lang='grc' dir='ltr'><strong>ι</strong></span> <span class='ocrx_word' id='word_1_24' title='bbox 2512 490 2654 558; x_wconf 88' lang='lat' dir='ltr'><strong>lncp.</strong></span> <span class='ocrx_word' id='word_1_25' title='bbox 2690 500 2810 559; x_wconf 87' lang='lat' dir='ltr'><strong>post</strong></span> <span class='ocrx_word' id='word_1_26' title='bbox 2851 489 3141 558; x_wconf 77' lang='lat' dir='ltr'><strong>Ephyiania</strong></span> <span class='ocrx_word' id='word_1_27' title='bbox 3161 489 3356 542; x_wconf 89' lang='lat' dir='ltr'><strong>dictum</strong></span> <span class='ocrx_word' id='word_1_28' title='bbox 3380 491 3522 558; x_wconf 77' lang='lat' dir='ltr'><strong>(sic).</strong></span> <span class='ocrx_word' id='word_1_29' title='bbox 3548 510 3564 538; x_wconf 74' lang='grc' dir='ltr'><strong>ι</strong></span> 
     </span>
    </p>
   </div>
   <div class='ocr_carea' id='block_1_6' title="bbox 331 578 1903 651">
    <p class='ocr_par' dir='ltr' id='par_1_6' title="bbox 331 578 1903 651">
     <span class='ocr_line' id='line_1_6' title="bbox 331 578 1903 651; baseline -0.003 -17"><span class='ocrx_word' id='word_1_30' title='bbox 331 601 348 633; x_wconf 83' lang='grc' dir='ltr'><strong>ι</strong></span> <span class='ocrx_word' id='word_1_31' title='bbox 388 586 515 635; x_wconf 88' lang='lat' dir='ltr'><strong>Item</strong></span> <span class='ocrx_word' id='word_1_32' title='bbox 544 580 820 650; x_wconf 74' lang='lat' dir='ltr'><strong>sequentia</strong></span> <span class='ocrx_word' id='word_1_33' title='bbox 846 623 860 646; x_wconf 92' lang='lat'><strong>,</strong></span> <span class='ocrx_word' id='word_1_34' title='bbox 893 588 949 634; x_wconf 84' lang='lat' dir='ltr'><strong>et</strong></span> <span class='ocrx_word' id='word_1_35' title='bbox 978 591 1216 651; x_wconf 88' lang='lat' dir='ltr'><strong>tempore</strong></span> <span class='ocrx_word' id='word_1_36' title='bbox 1254 581 1572 635; x_wconf 82' lang='lat' dir='ltr'><strong>ieiuniorum</strong></span> <span class='ocrx_word' id='word_1_37' title='bbox 1606 593 1710 632; x_wconf 89' lang='lat' dir='ltr'><strong>non</strong></span> <span class='ocrx_word' id='word_1_38' title='bbox 1749 578 1903 630; x_wconf 79' lang='lat' dir='ltr'><strong>luxn-</strong></span> 
     </span>
    </p>
   </div>
   <div class='ocr_carea' id='block_1_7' title="bbox 325 669 1900 738">
    <p class='ocr_par' dir='ltr' id='par_1_7' title="bbox 325 669 1900 738">
     <span class='ocr_line' id='line_1_7' title="bbox 325 669 1900 738; baseline -0.004 -13"><span class='ocrx_word' id='word_1_39' title='bbox 325 671 591 725; x_wconf 84' lang='lat' dir='ltr'><strong>riandum.</strong></span> <span class='ocrx_word' id='word_1_40' title='bbox 626 689 644 721; x_wconf 78' lang='grc' dir='ltr'><strong>ι</strong></span> <span class='ocrx_word' id='word_1_41' title='bbox 677 671 818 724; x_wconf 81' lang='lat' dir='ltr'><strong>Edit.</strong></span> <span class='ocrx_word' id='word_1_42' title='bbox 852 672 938 725; x_wconf 85' lang='lat' dir='ltr'><strong>ubi</strong></span> <span class='ocrx_word' id='word_1_43' title='bbox 961 684 1106 738; x_wconf 87' lang='lat' dir='ltr'><strong>sup.,</strong></span> <span class='ocrx_word' id='word_1_44' title='bbox 1133 671 1240 726; x_wconf 93' lang='lat' dir='ltr'><strong>col.</strong></span> <span class='ocrx_word' id='word_1_45' title='bbox 1267 670 1393 726; x_wconf 66' lang='lat'><strong>457.</strong></span> <span class='ocrx_word' id='word_1_46' title='bbox 1443 670 1557 724; x_wconf 79' lang='lat' dir='ltr'><strong>Fol.</strong></span> <span class='ocrx_word' id='word_1_47' title='bbox 1591 669 1682 722; x_wconf 89' lang='lat' dir='ltr'><strong>cit.</strong></span> <span class='ocrx_word' id='word_1_48' title='bbox 1724 680 1900 730; x_wconf 78' lang='lat' dir='ltr'><strong>verso,</strong></span> 
     </span>
    </p>
   </div>
   <div class='ocr_carea' id='block_1_8' title="bbox 325 759 1904 827">
    <p class='ocr_par' dir='ltr' id='par_1_8' title="bbox 325 759 1904 827">
     <span class='ocr_line' id='line_1_8' title="bbox 325 759 1904 827; baseline -0.002 -12"><span class='ocrx_word' id='word_1_49' title='bbox 325 777 469 815; x_wconf 75' lang='lat' dir='ltr'><strong>xxxv</strong></span> <span class='ocrx_word' id='word_1_50' title='bbox 501 777 514 814; x_wconf 88' lang='lat'><strong>:</strong></span> <span class='ocrx_word' id='word_1_51' title='bbox 553 780 570 814; x_wconf 86' lang='grc' dir='ltr'><strong>ι</strong></span> <span class='ocrx_word' id='word_1_52' title='bbox 611 761 757 827; x_wconf 84' lang='lat' dir='ltr'><strong>lncp.</strong></span> <span class='ocrx_word' id='word_1_53' title='bbox 806 760 874 816; x_wconf 86' lang='lat' dir='ltr'><strong>de</strong></span> <span class='ocrx_word' id='word_1_54' title='bbox 901 761 988 815; x_wconf 87' lang='lat' dir='ltr'><strong>die</strong></span> <span class='ocrx_word' id='word_1_55' title='bbox 1030 773 1216 816; x_wconf 86' lang='lat' dir='ltr'><strong>sancto</strong></span> <span class='ocrx_word' id='word_1_56' title='bbox 1249 763 1512 827; x_wconf 75' lang='lat' dir='ltr'><strong>Paschae,</strong></span> <span class='ocrx_word' id='word_1_57' title='bbox 1559 767 1615 814; x_wconf 89' lang='lat' dir='ltr'><strong>et</strong></span> <span class='ocrx_word' id='word_1_58' title='bbox 1640 759 1707 812; x_wconf 84' lang='lat' dir='ltr'><strong>de</strong></span> <span class='ocrx_word' id='word_1_59' title='bbox 1741 770 1904 812; x_wconf 87' lang='lat' dir='ltr'><strong>cruce</strong></span> 
     </span>
    </p>
   </div>
   <div class='ocr_carea' id='block_1_9' title="bbox 326 851 1901 922">
    <p class='ocr_par' dir='ltr' id='par_1_9' title="bbox 326 851 1901 922">
     <span class='ocr_line' id='line_1_9' title="bbox 326 851 1901 922; baseline -0.005 -14"><span class='ocrx_word' id='word_1_60' title='bbox 326 854 559 908; x_wconf 88' lang='lat' dir='ltr'><strong>Domini.</strong></span> <span class='ocrx_word' id='word_1_61' title='bbox 593 874 610 906; x_wconf 78' lang='grc' dir='ltr'><strong>ι</strong></span> <span class='ocrx_word' id='word_1_62' title='bbox 660 854 800 907; x_wconf 87' lang='lat' dir='ltr'><strong>Edit.</strong></span> <span class='ocrx_word' id='word_1_63' title='bbox 835 854 920 907; x_wconf 89' lang='lat' dir='ltr'><strong>ubi</strong></span> <span class='ocrx_word' id='word_1_64' title='bbox 962 867 1108 922; x_wconf 84' lang='lat' dir='ltr'><strong>sup.,</strong></span> <span class='ocrx_word' id='word_1_65' title='bbox 1134 868 1164 908; x_wconf 92' lang='lat' dir='ltr'><strong>e</strong></span> <span class='ocrx_word' id='word_1_66' title='bbox 1189 855 1235 908; x_wconf 82' lang='lat'><strong>~1.</strong></span> <span class='ocrx_word' id='word_1_67' title='bbox 1288 854 1410 907; x_wconf 85' lang='lat'><strong>151.</strong></span> <span class='ocrx_word' id='word_1_68' title='bbox 1446 853 1560 906; x_wconf 83' lang='lat' dir='ltr'><strong>Fol.</strong></span> <span class='ocrx_word' id='word_1_69' title='bbox 1599 851 1698 905; x_wconf 63' lang='lat'><strong>1.19</strong></span> <span class='ocrx_word' id='word_1_70' title='bbox 1724 863 1901 914; x_wconf 73' lang='lat' dir='ltr'><strong>verso,</strong></span> 
     </span>
    </p>
   </div>
   <div class='ocr_carea' id='block_1_10' title="bbox 325 941 1898 1000">
    <p class='ocr_par' dir='ltr' id='par_1_10' title="bbox 325 941 1898 1000">
     <span class='ocr_line' id='line_1_10' title="bbox 325 941 1898 1000; baseline -0.004 -2"><span class='ocrx_word' id='word_1_71' title='bbox 325 960 490 998; x_wconf 77' lang='lat' dir='ltr'><strong>xxxvi</strong></span> <span class='ocrx_word' id='word_1_72' title='bbox 517 961 532 999; x_wconf 88' lang='lat'><strong>:</strong></span> <span class='ocrx_word' id='word_1_73' title='bbox 573 963 591 995; x_wconf 81' lang='grc' dir='ltr'><strong>ι</strong></span> <span class='ocrx_word' id='word_1_74' title='bbox 625 944 752 998; x_wconf 89' lang='lat' dir='ltr'><strong>ltem</strong></span> <span class='ocrx_word' id='word_1_75' title='bbox 777 944 844 999; x_wconf 87' lang='lat' dir='ltr'><strong>de</strong></span> <span class='ocrx_word' id='word_1_76' title='bbox 873 959 1030 1000; x_wconf 93' lang='lat' dir='ltr'><strong>cruce</strong></span> <span class='ocrx_word' id='word_1_77' title='bbox 1050 954 1104 999; x_wconf 90' lang='lat' dir='ltr'><strong>et</strong></span> <span class='ocrx_word' id='word_1_78' title='bbox 1128 944 1194 999; x_wconf 87' lang='lat' dir='ltr'><strong>de</strong></span> <span class='ocrx_word' id='word_1_79' title='bbox 1217 945 1606 1000; x_wconf 89' lang='lat' dir='ltr'><strong>resurrectione</strong></span> <span class='ocrx_word' id='word_1_80' title='bbox 1628 941 1856 995; x_wconf 83' lang='lat' dir='ltr'><strong>Domini.</strong></span> <span class='ocrx_word' id='word_1_81' title='bbox 1879 957 1898 992; x_wconf 77' lang='grc' dir='ltr'><strong>ι</strong></span> 
     </span>
    </p>
   </div>
   <div class='ocr_carea' id='block_1_11' title="bbox 332 1034 1900 1102">
    <p class='ocr_par' dir='ltr' id='par_1_11' title="bbox 332 1034 1900 1102">
     <span class='ocr_line' id='line_1_11' title="bbox 332 1034 1900 1102; baseline -0.003 -14"><span class='ocrx_word' id='word_1_82' title='bbox 332 1035 474 1088; x_wconf 82' lang='lat' dir='ltr'><strong>Edit.</strong></span> <span class='ocrx_word' id='word_1_83' title='bbox 527 1034 618 1089; x_wconf 88' lang='lat' dir='ltr'><strong>ubi</strong></span> <span class='ocrx_word' id='word_1_84' title='bbox 661 1049 801 1102; x_wconf 88' lang='lat' dir='ltr'><strong>sup.,</strong></span> <span class='ocrx_word' id='word_1_85' title='bbox 827 1036 931 1090; x_wconf 92' lang='lat' dir='ltr'><strong>col.</strong></span> <span class='ocrx_word' id='word_1_86' title='bbox 983 1035 1103 1090; x_wconf 79' lang='lat'><strong>155.</strong></span> <span class='ocrx_word' id='word_1_87' title='bbox 1141 1035 1256 1090; x_wconf 77' lang='lat' dir='ltr'><strong>Fol.</strong></span> <span class='ocrx_word' id='word_1_88' title='bbox 1310 1037 1411 1091; x_wconf 85' lang='lat'><strong>150</strong></span> <span class='ocrx_word' id='word_1_89' title='bbox 1460 1045 1605 1090; x_wconf 90' lang='lat' dir='ltr'><strong>recto</strong></span> <span class='ocrx_word' id='word_1_90' title='bbox 1633 1073 1648 1097; x_wconf 96' lang='lat'><strong>,</strong></span> <span class='ocrx_word' id='word_1_91' title='bbox 1682 1049 1900 1087; x_wconf 83' lang='lat' dir='ltr'><strong>xxxvu:</strong></span> 
     </span>
    </p>
   </div>
   <div class='ocr_carea' id='block_1_12' title="bbox 335 1124 1899 1194">
    <p class='ocr_par' dir='ltr' id='par_1_12' title="bbox 335 1124 1899 1194">
     <span class='ocr_line' id='line_1_12' title="bbox 335 1124 1899 1194; baseline -0.003 -16"><span class='ocrx_word' id='word_1_92' title='bbox 335 1145 354 1177; x_wconf 79' lang='grc' dir='ltr'><strong>ι</strong></span> <span class='ocrx_word' id='word_1_93' title='bbox 395 1124 541 1194; x_wconf 90' lang='lat' dir='ltr'><strong>lncp.</strong></span> <span class='ocrx_word' id='word_1_94' title='bbox 572 1127 845 1193; x_wconf 70' lang='lat' dir='ltr'><strong>sequentia</strong></span> <span class='ocrx_word' id='word_1_95' title='bbox 874 1125 941 1181; x_wconf 90' lang='lat' dir='ltr'><strong>de</strong></span> <span class='ocrx_word' id='word_1_96' title='bbox 964 1127 1250 1193; x_wconf 87' lang='lat' dir='ltr'><strong>sepulchro</strong></span> <span class='ocrx_word' id='word_1_97' title='bbox 1290 1126 1498 1180; x_wconf 87' lang='lat' dir='ltr'><strong>Domini</strong></span> <span class='ocrx_word' id='word_1_98' title='bbox 1529 1125 1843 1181; x_wconf 65' lang='lat' dir='ltr'><strong>Saluatoris.</strong></span> <span class='ocrx_word' id='word_1_99' title='bbox 1882 1143 1899 1173; x_wconf 75' lang='grc' dir='ltr'><strong>ι</strong></span> 
     </span>
    </p>
   </div>
   <div class='ocr_carea' id='block_1_13' title="bbox 325 1215 1903 1284">
    <p class='ocr_par' dir='ltr' id='par_1_13' title="bbox 325 1215 1903 1284">
     <span class='ocr_line' id='line_1_13' title="bbox 325 1215 1903 1284; baseline -0.002 -14"><span class='ocrx_word' id='word_1_100' title='bbox 325 1215 470 1270; x_wconf 81' lang='lat' dir='ltr'><strong>Edit.</strong></span> <span class='ocrx_word' id='word_1_101' title='bbox 514 1215 652 1284; x_wconf 83' lang='lat' dir='ltr'><strong>apud</strong></span> <span class='ocrx_word' id='word_1_102' title='bbox 685 1215 740 1270; x_wconf 91' lang='lat' dir='ltr'><strong>S.</strong></span> <span class='ocrx_word' id='word_1_103' title='bbox 770 1217 1110 1271; x_wconf 81' lang='lat' dir='ltr'><strong>Ambrosium</strong></span> <span class='ocrx_word' id='word_1_104' title='bbox 1133 1217 1232 1271; x_wconf 79' lang='lat' dir='ltr'><strong>sub</strong></span> <span class='ocrx_word' id='word_1_105' title='bbox 1261 1231 1408 1272; x_wconf 90' lang='lat' dir='ltr'><strong>num.</strong></span> <span class='ocrx_word' id='word_1_106' title='bbox 1441 1217 1509 1272; x_wconf 78' lang='lat'><strong>53</strong></span> <span class='ocrx_word' id='word_1_107' title='bbox 1529 1217 1683 1269; x_wconf 80' lang='lat' dir='ltr'><strong>Rom.</strong></span> <span class='ocrx_word' id='word_1_108' title='bbox 1711 1215 1903 1269; x_wconf 87' lang='lat' dir='ltr'><strong>editio-</strong></span> 
     </span>
    </p>
   </div>
   <div class='ocr_carea' id='block_1_14' title="bbox 323 1307 1905 1377">
    <p class='ocr_par' dir='ltr' id='par_1_14' title="bbox 323 1307 1905 1377">
     <span class='ocr_line' id='line_1_14' title="bbox 323 1307 1905 1377; baseline -0.003 -13"><span class='ocrx_word' id='word_1_109' title='bbox 323 1309 430 1364; x_wconf 89' lang='lat' dir='ltr'><strong>nis.</strong></span> <span class='ocrx_word' id='word_1_110' title='bbox 465 1307 576 1362; x_wconf 84' lang='lat' dir='ltr'><strong>Fol.</strong></span> <span class='ocrx_word' id='word_1_111' title='bbox 610 1307 703 1360; x_wconf 91' lang='lat' dir='ltr'><strong>cit.</strong></span> <span class='ocrx_word' id='word_1_112' title='bbox 735 1323 914 1375; x_wconf 79' lang='lat' dir='ltr'><strong>verso,</strong></span> <span class='ocrx_word' id='word_1_113' title='bbox 949 1324 1147 1362; x_wconf 78' lang='lat' dir='ltr'><strong>xxxvnt</strong></span> <span class='ocrx_word' id='word_1_114' title='bbox 1178 1327 1190 1360; x_wconf 94' lang='lat'>:</span> <span class='ocrx_word' id='word_1_115' title='bbox 1226 1327 1244 1360; x_wconf 83' lang='grc' dir='ltr'><strong>ι</strong></span> <span class='ocrx_word' id='word_1_116' title='bbox 1285 1308 1427 1377; x_wconf 90' lang='lat' dir='ltr'><strong>lncp.</strong></span> <span class='ocrx_word' id='word_1_117' title='bbox 1462 1309 1527 1362; x_wconf 85' lang='lat' dir='ltr'><strong>de</strong></span> <span class='ocrx_word' id='word_1_118' title='bbox 1557 1307 1905 1361; x_wconf 79' lang='lat' dir='ltr'><strong>Pentecosten</strong></span> 
     </span>
    </p>
   </div>
   <div class='ocr_carea' id='block_1_15' title="bbox 320 1399 1905 1472">
    <p class='ocr_par' dir='ltr' id='par_1_15' title="bbox 320 1399 1905 1472">
     <span class='ocr_line' id='line_1_15' title="bbox 320 1399 1905 1472; baseline -0.003 -17"><span class='ocrx_word' id='word_1_119' title='bbox 320 1402 475 1472; x_wconf 81' lang='lat' dir='ltr'><strong>(sic).</strong></span> <span class='ocrx_word' id='word_1_120' title='bbox 507 1410 562 1455; x_wconf 82' lang='lat' dir='ltr'><strong>et</strong></span> <span class='ocrx_word' id='word_1_121' title='bbox 586 1403 650 1455; x_wconf 88' lang='lat' dir='ltr'><strong>de</strong></span> <span class='ocrx_word' id='word_1_122' title='bbox 685 1402 890 1468; x_wconf 80' lang='lat' dir='ltr'><strong>psalmo</strong></span> <span class='ocrx_word' id='word_1_123' title='bbox 931 1405 1224 1457; x_wconf 86' lang='lat' dir='ltr'><strong>centesimo</strong></span> <span class='ocrx_word' id='word_1_124' title='bbox 1255 1416 1412 1457; x_wconf 88' lang='lat' dir='ltr'><strong>nono.</strong></span> <span class='ocrx_word' id='word_1_125' title='bbox 1449 1419 1468 1452; x_wconf 76' lang='grc' dir='ltr'><strong>ι</strong></span> <span class='ocrx_word' id='word_1_126' title='bbox 1512 1400 1651 1455; x_wconf 84' lang='lat' dir='ltr'><strong>Edit.</strong></span> <span class='ocrx_word' id='word_1_127' title='bbox 1683 1400 1818 1454; x_wconf 86' lang='lat' dir='ltr'><strong>inter</strong></span> <span class='ocrx_word' id='word_1_128' title='bbox 1846 1399 1905 1456; x_wconf 92' lang='grc'><strong>8.</strong></span> 
     </span>
    </p>
   </div>
   <div class='ocr_carea' id='block_1_16' title="bbox 322 1490 1902 1560">
    <p class='ocr_par' dir='ltr' id='par_1_16' title="bbox 322 1490 1902 1560">
     <span class='ocr_line' id='line_1_16' title="bbox 322 1490 1902 1560; baseline -0.003 -15"><span class='ocrx_word' id='word_1_129' title='bbox 322 1491 540 1545; x_wconf 78' lang='lat' dir='ltr'><strong>Maximi</strong></span> <span class='ocrx_word' id='word_1_130' title='bbox 573 1505 732 1560; x_wconf 85' lang='lat' dir='ltr'><strong>opera</strong></span> <span class='ocrx_word' id='word_1_131' title='bbox 755 1533 770 1551; x_wconf 83' lang='lat'><strong>,</strong></span> <span class='ocrx_word' id='word_1_132' title='bbox 801 1492 904 1544; x_wconf 88' lang='lat' dir='ltr'><strong>col.</strong></span> <span class='ocrx_word' id='word_1_133' title='bbox 943 1490 1066 1546; x_wconf 86' lang='lat'><strong>197.</strong></span> <span class='ocrx_word' id='word_1_134' title='bbox 1110 1491 1224 1546; x_wconf 80' lang='lat' dir='ltr'><strong>Fol.</strong></span> <span class='ocrx_word' id='word_1_135' title='bbox 1283 1491 1378 1548; x_wconf 81' lang='lat'><strong>151</strong></span> <span class='ocrx_word' id='word_1_136' title='bbox 1416 1502 1598 1556; x_wconf 87' lang='lat' dir='ltr'><strong>recto,</strong></span> <span class='ocrx_word' id='word_1_137' title='bbox 1639 1505 1856 1544; x_wconf 76' lang='lat' dir='ltr'><strong>xxxvnu</strong></span> <span class='ocrx_word' id='word_1_138' title='bbox 1891 1507 1902 1541; x_wconf 90' lang='lat'><strong>:</strong></span> 
     </span>
    </p>
   </div>
   <div class='ocr_carea' id='block_1_17' title="bbox 327 1580 1909 1653">
    <p class='ocr_par' dir='ltr' id='par_1_17' title="bbox 327 1580 1909 1653">
     <span class='ocr_line' id='line_1_17' title="bbox 327 1580 1909 1653; baseline 0 -18"><span class='ocrx_word' id='word_1_139' title='bbox 327 1602 348 1635; x_wconf 79' lang='grc' dir='ltr'><strong>ι</strong></span> <span class='ocrx_word' id='word_1_140' title='bbox 387 1580 534 1652; x_wconf 86' lang='lat' dir='ltr'><strong>lncp.</strong></span> <span class='ocrx_word' id='word_1_141' title='bbox 555 1583 620 1638; x_wconf 92' lang='lat' dir='ltr'><strong>de</strong></span> <span class='ocrx_word' id='word_1_142' title='bbox 642 1583 865 1653; x_wconf 86' lang='lat' dir='ltr'><strong>eoqnod</strong></span> <span class='ocrx_word' id='word_1_143' title='bbox 895 1585 1150 1653; x_wconf 90' lang='lat' dir='ltr'><strong>scriptum</strong></span> <span class='ocrx_word' id='word_1_144' title='bbox 1179 1593 1257 1638; x_wconf 86' lang='lat' dir='ltr'><strong>est</strong></span> <span class='ocrx_word' id='word_1_145' title='bbox 1281 1585 1332 1637; x_wconf 91' lang='lat' dir='ltr'><strong>in</strong></span> <span class='ocrx_word' id='word_1_146' title='bbox 1350 1584 1638 1652; x_wconf 75' lang='lat' dir='ltr'><strong>Euangelio</strong></span> <span class='ocrx_word' id='word_1_147' title='bbox 1671 1600 1684 1634; x_wconf 92' lang='lat'>:</span> <span class='ocrx_word' id='word_1_148' title='bbox 1716 1581 1909 1650; x_wconf 76' lang='lat' dir='ltr'><strong>Vulpes</strong></span> 
     </span>
    </p>
   </div>
   <div class='ocr_carea' id='block_1_18' title="bbox 324 1673 1904 1743">
    <p class='ocr_par' dir='ltr' id='par_1_18' title="bbox 324 1673 1904 1743">
     <span class='ocr_line' id='line_1_18' title="bbox 324 1673 1904 1743; baseline 0.001 -17"><span class='ocrx_word' id='word_1_149' title='bbox 324 1677 514 1743; x_wconf 83' lang='lat' dir='ltr'><strong>faueas</strong></span> <span class='ocrx_word' id='word_1_150' title='bbox 544 1675 748 1738; x_wconf 76' lang='lat' dir='ltr'><strong>habent,</strong></span> <span class='ocrx_word' id='word_1_151' title='bbox 780 1681 835 1728; x_wconf 88' lang='lat' dir='ltr'><strong>et</strong></span> <span class='ocrx_word' id='word_1_152' title='bbox 857 1675 1079 1742; x_wconf 88' lang='lat' dir='ltr'><strong>reliqua.</strong></span> <span class='ocrx_word' id='word_1_153' title='bbox 1115 1695 1132 1726; x_wconf 78' lang='grc' dir='ltr'><strong>ι</strong></span> <span class='ocrx_word' id='word_1_154' title='bbox 1169 1674 1311 1729; x_wconf 83' lang='lat' dir='ltr'><strong>Edit.</strong></span> <span class='ocrx_word' id='word_1_155' title='bbox 1356 1674 1442 1728; x_wconf 90' lang='lat' dir='ltr'><strong>ubi</strong></span> <span class='ocrx_word' id='word_1_156' title='bbox 1474 1689 1618 1743; x_wconf 89' lang='lat' dir='ltr'><strong>sup.,</strong></span> <span class='ocrx_word' id='word_1_157' title='bbox 1647 1674 1750 1728; x_wconf 86' lang='lat' dir='ltr'><strong>col.</strong></span> <span class='ocrx_word' id='word_1_158' title='bbox 1780 1673 1904 1728; x_wconf 81' lang='lat'><strong>579.</strong></span> 
     </span>
    </p>
   </div>
   <div class='ocr_carea' id='block_1_19' title="bbox 321 1763 1906 1834">
    <p class='ocr_par' dir='ltr' id='par_1_19' title="bbox 321 1763 1906 1834">
     <span class='ocr_line' id='line_1_19' title="bbox 321 1763 1906 1834; baseline -0.003 -15"><span class='ocrx_word' id='word_1_159' title='bbox 321 1763 442 1819; x_wconf 80' lang='lat' dir='ltr'><strong>F01.</strong></span> <span class='ocrx_word' id='word_1_160' title='bbox 470 1763 570 1821; x_wconf 76' lang='lat'><strong>15?.</strong></span> <span class='ocrx_word' id='word_1_161' title='bbox 601 1774 766 1830; x_wconf 84' lang='lat' dir='ltr'><strong>recto,</strong></span> <span class='ocrx_word' id='word_1_162' title='bbox 799 1781 904 1819; x_wconf 87' lang='lat' dir='ltr'><strong>xt.:</strong></span> <span class='ocrx_word' id='word_1_163' title='bbox 939 1783 956 1816; x_wconf 82' lang='grc' dir='ltr'><strong>ι</strong></span> <span class='ocrx_word' id='word_1_164' title='bbox 996 1764 1292 1834; x_wconf 79' lang='lat' dir='ltr'><strong>Increpatio</strong></span> <span class='ocrx_word' id='word_1_165' title='bbox 1322 1765 1388 1817; x_wconf 86' lang='lat' dir='ltr'><strong>ad</strong></span> <span class='ocrx_word' id='word_1_166' title='bbox 1420 1765 1648 1832; x_wconf 85' lang='lat' dir='ltr'><strong>plebem,</strong></span> <span class='ocrx_word' id='word_1_167' title='bbox 1672 1763 1813 1818; x_wconf 89' lang='lat' dir='ltr'><strong>etde</strong></span> <span class='ocrx_word' id='word_1_168' title='bbox 1842 1777 1906 1816; x_wconf 84' lang='lat' dir='ltr'><strong>eo</strong></span> 
     </span>
    </p>
   </div>
   <div class='ocr_carea' id='block_1_20' title="bbox 2010 580 3574 648">
    <p class='ocr_par' dir='ltr' id='par_1_20' title="bbox 2010 580 3574 648">
     <span class='ocr_line' id='line_1_20' title="bbox 2010 580 3574 648; baseline -0.001 -14"><span class='ocrx_word' id='word_1_169' title='bbox 2010 580 2151 634; x_wconf 86' lang='lat' dir='ltr'><strong>Edit.</strong></span> <span class='ocrx_word' id='word_1_170' title='bbox 2185 581 2320 634; x_wconf 90' lang='lat' dir='ltr'><strong>inter</strong></span> <span class='ocrx_word' id='word_1_171' title='bbox 2341 581 2399 634; x_wconf 93' lang='lat' dir='ltr'><strong>S.</strong></span> <span class='ocrx_word' id='word_1_172' title='bbox 2428 581 2689 634; x_wconf 82' lang='lat' dir='ltr'><strong>Ambrosii</strong></span> <span class='ocrx_word' id='word_1_173' title='bbox 2718 595 2992 634; x_wconf 85' lang='lat' dir='ltr'><strong>sermones</strong></span> <span class='ocrx_word' id='word_1_174' title='bbox 3017 581 3066 634; x_wconf 90' lang='lat' dir='ltr'><strong>in</strong></span> <span class='ocrx_word' id='word_1_175' title='bbox 3086 581 3312 648; x_wconf 87' lang='lat' dir='ltr'><strong>append.</strong></span> <span class='ocrx_word' id='word_1_176' title='bbox 3345 580 3574 647; x_wconf 83' lang='lat' dir='ltr'><strong>rejectos</strong></span> 
     </span>
    </p>
   </div>
   <div class='ocr_carea' id='block_1_21' title="bbox 2005 669 3573 737">
    <p class='ocr_par' dir='ltr' id='par_1_21' title="bbox 2005 669 3573 737">
     <span class='ocr_line' id='line_1_21' title="bbox 2005 669 3573 737; baseline -0.001 -13"><span class='ocrx_word' id='word_1_177' title='bbox 2005 683 2167 724; x_wconf 86' lang='lat' dir='ltr'><strong>serm.</strong></span> <span class='ocrx_word' id='word_1_178' title='bbox 2203 669 2301 732; x_wconf 89' lang='lat'><strong>11,</strong></span> <span class='ocrx_word' id='word_1_179' title='bbox 2334 670 2436 723; x_wconf 87' lang='lat' dir='ltr'><strong>col.</strong></span> <span class='ocrx_word' id='word_1_180' title='bbox 2468 671 2590 725; x_wconf 70' lang='lat'><strong>502.</strong></span> <span class='ocrx_word' id='word_1_181' title='bbox 2615 671 2731 724; x_wconf 83' lang='lat' dir='ltr'><strong>Fol.</strong></span> <span class='ocrx_word' id='word_1_182' title='bbox 2783 671 2873 725; x_wconf 91' lang='lat' dir='ltr'><strong>cit.</strong></span> <span class='ocrx_word' id='word_1_183' title='bbox 2908 685 3083 732; x_wconf 79' lang='lat' dir='ltr'><strong>verso,</strong></span> <span class='ocrx_word' id='word_1_184' title='bbox 3117 686 3198 723; x_wconf 71' lang='lat' dir='ltr'><strong>ut</strong></span> <span class='ocrx_word' id='word_1_185' title='bbox 3226 687 3238 722; x_wconf 89' lang='lat'><strong>:</strong></span> <span class='ocrx_word' id='word_1_186' title='bbox 3270 689 3286 719; x_wconf 84' lang='grc' dir='ltr'><strong>ι</strong></span> <span class='ocrx_word' id='word_1_187' title='bbox 3321 671 3464 737; x_wconf 83' lang='lat' dir='ltr'><strong>lncp.</strong></span> <span class='ocrx_word' id='word_1_188' title='bbox 3505 672 3573 723; x_wconf 77' lang='lat' dir='ltr'><strong>de</strong></span> 
     </span>
    </p>
   </div>
   <div class='ocr_carea' id='block_1_22' title="bbox 2005 759 3572 830">
    <p class='ocr_par' dir='ltr' id='par_1_22' title="bbox 2005 759 3572 830">
     <span class='ocr_line' id='line_1_22' title="bbox 2005 759 3572 830; baseline -0.001 -16"><span class='ocrx_word' id='word_1_189' title='bbox 2005 771 2186 816; x_wconf 87' lang='lat' dir='ltr'><strong>sancta</strong></span> <span class='ocrx_word' id='word_1_190' title='bbox 2232 759 2663 829; x_wconf 78' lang='lat' dir='ltr'><strong>Quadragesima.</strong></span> <span class='ocrx_word' id='word_1_191' title='bbox 2713 781 2729 811; x_wconf 85' lang='grc'>›</span> <span class='ocrx_word' id='word_1_192' title='bbox 2780 762 2925 815; x_wconf 88' lang='lat' dir='ltr'><strong>Edit.</strong></span> <span class='ocrx_word' id='word_1_193' title='bbox 2978 761 3116 830; x_wconf 79' lang='lat' dir='ltr'><strong>apud</strong></span> <span class='ocrx_word' id='word_1_194' title='bbox 3162 763 3215 815; x_wconf 94' lang='grc'><strong>8.</strong></span> <span class='ocrx_word' id='word_1_195' title='bbox 3265 761 3572 818; x_wconf 79' lang='lat' dir='ltr'><strong>Maximum.</strong></span> 
     </span>
    </p>
   </div>
   <div class='ocr_carea' id='block_1_23' title="bbox 2005 849 3573 920">
    <p class='ocr_par' dir='ltr' id='par_1_23' title="bbox 2005 849 3573 920">
     <span class='ocr_line' id='line_1_23' title="bbox 2005 849 3573 920; baseline 0.003 -18"><span class='ocrx_word' id='word_1_196' title='bbox 2005 851 2108 903; x_wconf 89' lang='lat' dir='ltr'><strong>col.</strong></span> <span class='ocrx_word' id='word_1_197' title='bbox 2155 849 2276 904; x_wconf 83' lang='lat'><strong>109.</strong></span> <span class='ocrx_word' id='word_1_198' title='bbox 2313 850 2426 902; x_wconf 85' lang='lat' dir='ltr'><strong>Fol.</strong></span> <span class='ocrx_word' id='word_1_199' title='bbox 2472 850 2572 905; x_wconf 87' lang='lat'><strong>168</strong></span> <span class='ocrx_word' id='word_1_200' title='bbox 2612 866 2794 915; x_wconf 84' lang='lat' dir='ltr'><strong>verso,</strong></span> <span class='ocrx_word' id='word_1_201' title='bbox 2840 869 2990 905; x_wconf 70' lang='lat' dir='ltr'><strong>uti:</strong></span> <span class='ocrx_word' id='word_1_202' title='bbox 3030 871 3049 902; x_wconf 79' lang='grc' dir='ltr'><strong>ι</strong></span> <span class='ocrx_word' id='word_1_203' title='bbox 3100 852 3240 920; x_wconf 86' lang='lat' dir='ltr'><strong>lncp.</strong></span> <span class='ocrx_word' id='word_1_204' title='bbox 3290 867 3468 905; x_wconf 87' lang='lat' dir='ltr'><strong>sermo</strong></span> <span class='ocrx_word' id='word_1_205' title='bbox 3513 857 3573 906; x_wconf 85' lang='grc'><strong>8.</strong></span> 
     </span>
    </p>
   </div>
   <div class='ocr_carea' id='block_1_24' title="bbox 2006 941 3572 1012">
    <p class='ocr_par' dir='ltr' id='par_1_24' title="bbox 2006 941 3572 1012">
     <span class='ocr_line' id='line_1_24' title="bbox 2006 941 3572 1012; baseline 0.002 -18"><span class='ocrx_word' id='word_1_206' title='bbox 2006 941 2283 1008; x_wconf 77' lang='lat' dir='ltr'><strong>Augustini</strong></span> <span class='ocrx_word' id='word_1_207' title='bbox 2311 941 2377 996; x_wconf 92' lang='lat' dir='ltr'><strong>de</strong></span> <span class='ocrx_word' id='word_1_208' title='bbox 2409 942 2457 994; x_wconf 88' lang='lat' dir='ltr'><strong>id</strong></span> <span class='ocrx_word' id='word_1_209' title='bbox 2483 941 2602 1012; x_wconf 79' lang='lat' dir='ltr'><strong>(sic)</strong></span> <span class='ocrx_word' id='word_1_210' title='bbox 2635 947 2773 1011; x_wconf 90' lang='lat' dir='ltr'><strong>quod</strong></span> <span class='ocrx_word' id='word_1_211' title='bbox 2803 945 3057 1011; x_wconf 72' lang='lat' dir='ltr'><strong>scriptum</strong></span> <span class='ocrx_word' id='word_1_212' title='bbox 3083 955 3160 998; x_wconf 88' lang='lat' dir='ltr'><strong>est</strong></span> <span class='ocrx_word' id='word_1_213' title='bbox 3189 962 3200 994; x_wconf 93' lang='lat'>:</span> <span class='ocrx_word' id='word_1_214' title='bbox 3231 943 3332 996; x_wconf 87' lang='lat' dir='ltr'><strong>Hic</strong></span> <span class='ocrx_word' id='word_1_215' title='bbox 3354 955 3423 995; x_wconf 73' lang='lat' dir='ltr'><strong>est</strong></span> <span class='ocrx_word' id='word_1_216' title='bbox 3446 945 3572 1006; x_wconf 61' lang='lat' dir='ltr'><strong>ilics,</strong></span> 
     </span>
    </p>
   </div>
   <div class='ocr_carea' id='block_1_25' title="bbox 2004 1032 3574 1102">
    <p class='ocr_par' dir='ltr' id='par_1_25' title="bbox 2004 1032 3574 1102">
     <span class='ocr_line' id='line_1_25' title="bbox 2004 1032 3574 1102; baseline 0.002 -18"><span class='ocrx_word' id='word_1_217' title='bbox 2004 1047 2152 1102; x_wconf 77' lang='lat' dir='ltr'><strong>quem</strong></span> <span class='ocrx_word' id='word_1_218' title='bbox 2190 1033 2304 1102; x_wconf 79' lang='lat' dir='ltr'><strong>fecit</strong></span> <span class='ocrx_word' id='word_1_219' title='bbox 2337 1032 2618 1101; x_wconf 76' lang='lat' dir='ltr'><strong>Dominus,</strong></span> <span class='ocrx_word' id='word_1_220' title='bbox 2675 1036 3012 1098; x_wconf 78' lang='lat' dir='ltr'><strong>exsultemus,</strong></span> <span class='ocrx_word' id='word_1_221' title='bbox 3067 1045 3114 1086; x_wconf 86' lang='lat' dir='ltr'><strong>et</strong></span> <span class='ocrx_word' id='word_1_222' title='bbox 3146 1035 3481 1086; x_wconf 73' lang='lat' dir='ltr'><strong>iucundcntur</strong></span> <span class='ocrx_word' id='word_1_223' title='bbox 3524 1039 3574 1088; x_wconf 77' lang='lat' dir='ltr'><strong>in</strong></span> 
     </span>
    </p>
   </div>
   <div class='ocr_carea' id='block_1_26' title="bbox 2007 1122 3577 1192">
    <p class='ocr_par' dir='ltr' id='par_1_26' title="bbox 2007 1122 3577 1192">
     <span class='ocr_line' id='line_1_26' title="bbox 2007 1122 3577 1192; baseline 0.001 -16"><span class='ocrx_word' id='word_1_224' title='bbox 2007 1139 2084 1176; x_wconf 79' lang='lat' dir='ltr'><strong>eo.</strong></span> <span class='ocrx_word' id='word_1_225' title='bbox 2119 1141 2137 1174; x_wconf 72' lang='grc' dir='ltr'><strong>ι</strong></span> <span class='ocrx_word' id='word_1_226' title='bbox 2176 1122 2316 1176; x_wconf 84' lang='lat' dir='ltr'><strong>Edit.</strong></span> <span class='ocrx_word' id='word_1_227' title='bbox 2349 1124 2486 1192; x_wconf 85' lang='lat' dir='ltr'><strong>apud</strong></span> <span class='ocrx_word' id='word_1_228' title='bbox 2521 1125 2875 1178; x_wconf 74' lang='lat' dir='ltr'><strong>Lovauienses</strong></span> <span class='ocrx_word' id='word_1_229' title='bbox 2927 1136 3055 1178; x_wconf 91' lang='lat' dir='ltr'><strong>tom.</strong></span> <span class='ocrx_word' id='word_1_230' title='bbox 3104 1125 3152 1178; x_wconf 78' lang='grc' dir='ltr'>Χ</span> <span class='ocrx_word' id='word_1_231' title='bbox 3188 1143 3337 1192; x_wconf 81' lang='lat' dir='ltr'><strong>oper.</strong></span> <span class='ocrx_word' id='word_1_232' title='bbox 3370 1126 3426 1178; x_wconf 92' lang='lat' dir='ltr'><strong>S.</strong></span> <span class='ocrx_word' id='word_1_233' title='bbox 3472 1131 3577 1178; x_wconf 79' lang='lat' dir='ltr'><strong>Au-</strong></span> 
     </span>
    </p>
   </div>
   <div class='ocr_carea' id='block_1_27' title="bbox 2006 1212 3573 1283">
    <p class='ocr_par' dir='ltr' id='par_1_27' title="bbox 2006 1212 3573 1283">
     <span class='ocr_line' id='line_1_27' title="bbox 2006 1212 3573 1283; baseline 0.003 -20"><span class='ocrx_word' id='word_1_234' title='bbox 2006 1212 2203 1283; x_wconf 76' lang='lat' dir='ltr'><strong>gustini</strong></span> <span class='ocrx_word' id='word_1_235' title='bbox 2226 1254 2240 1279; x_wconf 89' lang='lat'><strong>,</strong></span> <span class='ocrx_word' id='word_1_236' title='bbox 2273 1228 2436 1267; x_wconf 89' lang='lat' dir='ltr'><strong>serm.</strong></span> <span class='ocrx_word' id='word_1_237' title='bbox 2470 1215 2538 1268; x_wconf 85' lang='lat'><strong>89</strong></span> <span class='ocrx_word' id='word_1_238' title='bbox 2561 1255 2575 1276; x_wconf 85' lang='lat'><strong>.</strong></span> <span class='ocrx_word' id='word_1_239' title='bbox 2606 1218 2709 1269; x_wconf 89' lang='lat' dir='ltr'><strong>col.</strong></span> <span class='ocrx_word' id='word_1_240' title='bbox 2762 1214 2884 1269; x_wconf 87' lang='lat'><strong>560.</strong></span> <span class='ocrx_word' id='word_1_241' title='bbox 2914 1216 3028 1269; x_wconf 88' lang='lat' dir='ltr'><strong>Fol.</strong></span> <span class='ocrx_word' id='word_1_242' title='bbox 3077 1218 3175 1272; x_wconf 89' lang='lat'><strong>169</strong></span> <span class='ocrx_word' id='word_1_243' title='bbox 3207 1227 3370 1276; x_wconf 81' lang='lat' dir='ltr'><strong>recto.</strong></span> <span class='ocrx_word' id='word_1_244' title='bbox 3409 1232 3529 1270; x_wconf 76' lang='lat' dir='ltr'><strong>mn</strong></span> <span class='ocrx_word' id='word_1_245' title='bbox 3560 1235 3573 1269; x_wconf 86' lang='lat'>:</span> 
     </span>
    </p>
   </div>
   <div class='ocr_carea' id='block_1_28' title="bbox 2014 1303 3575 1377">
    <p class='ocr_par' dir='ltr' id='par_1_28' title="bbox 2014 1303 3575 1377">
     <span class='ocr_line' id='line_1_28' title="bbox 2014 1303 3575 1377; baseline 0.008 -26"><span class='ocrx_word' id='word_1_246' title='bbox 2014 1320 2032 1351; x_wconf 77' lang='grc' dir='ltr'><strong>ι</strong></span> <span class='ocrx_word' id='word_1_247' title='bbox 2070 1303 2214 1371; x_wconf 85' lang='lat' dir='ltr'><strong>lncp.</strong></span> <span class='ocrx_word' id='word_1_248' title='bbox 2243 1317 2421 1357; x_wconf 85' lang='lat' dir='ltr'><strong>sermo</strong></span> <span class='ocrx_word' id='word_1_249' title='bbox 2451 1305 2506 1358; x_wconf 94' lang='grc'><strong>8.</strong></span> <span class='ocrx_word' id='word_1_250' title='bbox 2545 1305 2848 1376; x_wconf 82' lang='lat' dir='ltr'><strong>Hieronymi</strong></span> <span class='ocrx_word' id='word_1_251' title='bbox 2882 1307 2946 1360; x_wconf 90' lang='lat' dir='ltr'><strong>de</strong></span> <span class='ocrx_word' id='word_1_252' title='bbox 2978 1307 3144 1361; x_wconf 81' lang='lat' dir='ltr'><strong>Exod.</strong></span> <span class='ocrx_word' id='word_1_253' title='bbox 3175 1309 3226 1360; x_wconf 90' lang='lat' dir='ltr'><strong>in</strong></span> <span class='ocrx_word' id='word_1_254' title='bbox 3274 1309 3575 1377; x_wconf 73' lang='lat' dir='ltr'><strong>Quadrago-</strong></span> 
     </span>
    </p>
   </div>
   <div class='ocr_carea' id='block_1_29' title="bbox 2007 1394 3576 1467">
    <p class='ocr_par' dir='ltr' id='par_1_29' title="bbox 2007 1394 3576 1467">
     <span class='ocr_line' id='line_1_29' title="bbox 2007 1394 3576 1467; baseline 0.006 -20"><span class='ocrx_word' id='word_1_255' title='bbox 2007 1394 2140 1447; x_wconf 82' lang='lat' dir='ltr'><strong>sima</strong></span> <span class='ocrx_word' id='word_1_256' title='bbox 2195 1404 2318 1449; x_wconf 86' lang='lat' dir='ltr'><strong>ante</strong></span> <span class='ocrx_word' id='word_1_257' title='bbox 2365 1395 2588 1448; x_wconf 80' lang='lat' dir='ltr'><strong>Pascha.</strong></span> <span class='ocrx_word' id='word_1_258' title='bbox 2635 1413 2652 1445; x_wconf 77' lang='grc' dir='ltr'><strong>ι</strong></span> <span class='ocrx_word' id='word_1_259' title='bbox 2694 1397 2830 1449; x_wconf 79' lang='lat' dir='ltr'><strong>Edit.</strong></span> <span class='ocrx_word' id='word_1_260' title='bbox 2865 1412 2894 1449; x_wconf 92' lang='lat' dir='ltr'><strong>a</strong></span> <span class='ocrx_word' id='word_1_261' title='bbox 2948 1397 3205 1450; x_wconf 75' lang='lat' dir='ltr'><strong>Vallarsio</strong></span> <span class='ocrx_word' id='word_1_262' title='bbox 3249 1400 3298 1450; x_wconf 89' lang='lat' dir='ltr'><strong>in</strong></span> <span class='ocrx_word' id='word_1_263' title='bbox 3345 1401 3576 1467; x_wconf 75' lang='lat' dir='ltr'><strong>apprnd.</strong></span> 
     </span>
    </p>
   </div>
   <div class='ocr_carea' id='block_1_30' title="bbox 2011 1482 3575 1548">
    <p class='ocr_par' dir='ltr' id='par_1_30' title="bbox 2011 1482 3575 1548">
     <span class='ocr_line' id='line_1_30' title="bbox 2011 1482 3575 1548; baseline 0.004 -12"><span class='ocrx_word' id='word_1_264' title='bbox 2011 1494 2137 1537; x_wconf 91' lang='lat' dir='ltr'><strong>tom.</strong></span> <span class='ocrx_word' id='word_1_265' title='bbox 2173 1482 2263 1547; x_wconf 79' lang='lat' dir='ltr'><strong>XI,</strong></span> <span class='ocrx_word' id='word_1_266' title='bbox 2283 1485 2383 1538; x_wconf 89' lang='lat' dir='ltr'><strong>col.</strong></span> <span class='ocrx_word' id='word_1_267' title='bbox 2415 1482 2540 1548; x_wconf 71' lang='lat'><strong>210,</strong></span> <span class='ocrx_word' id='word_1_268' title='bbox 2570 1485 2816 1539; x_wconf 81' lang='lat' dir='ltr'><strong>editiOnis</strong></span> <span class='ocrx_word' id='word_1_269' title='bbox 2847 1486 3184 1541; x_wconf 79' lang='lat' dir='ltr'><strong>Veronensis.</strong></span> <span class='ocrx_word' id='word_1_270' title='bbox 3217 1487 3326 1542; x_wconf 88' lang='lat' dir='ltr'><strong>Suh</strong></span> <span class='ocrx_word' id='word_1_271' title='bbox 3347 1490 3445 1543; x_wconf 86' lang='lat' dir='ltr'><strong>hoc</strong></span> <span class='ocrx_word' id='word_1_272' title='bbox 3469 1507 3575 1542; x_wconf 83' lang='lat' dir='ltr'><strong>ser-</strong></span> 
     </span>
    </p>
   </div>
   <div class='ocr_carea' id='block_1_31' title="bbox 2009 1572 3576 1642">
    <p class='ocr_par' dir='ltr' id='par_1_31' title="bbox 2009 1572 3576 1642">
     <span class='ocr_line' id='line_1_31' title="bbox 2009 1572 3576 1642; baseline 0.006 -18"><span class='ocrx_word' id='word_1_273' title='bbox 2009 1587 2170 1627; x_wconf 85' lang='lat' dir='ltr'><strong>mone</strong></span> <span class='ocrx_word' id='word_1_274' title='bbox 2192 1572 2416 1642; x_wconf 83' lang='lat' dir='ltr'><strong>aliisque</strong></span> <span class='ocrx_word' id='word_1_275' title='bbox 2447 1574 2580 1628; x_wconf 80' lang='lat' dir='ltr'><strong>infra</strong></span> <span class='ocrx_word' id='word_1_276' title='bbox 2613 1575 2859 1630; x_wconf 81' lang='lat' dir='ltr'><strong>notandis</strong></span> <span class='ocrx_word' id='word_1_277' title='bbox 2890 1590 3056 1640; x_wconf 60' lang='lat' dir='ltr'><strong>usque</strong></span> <span class='ocrx_word' id='word_1_278' title='bbox 3085 1577 3149 1628; x_wconf 87' lang='lat' dir='ltr'><strong>ad</strong></span> <span class='ocrx_word' id='word_1_279' title='bbox 3183 1576 3272 1630; x_wconf 80' lang='lat' dir='ltr'><strong>fol.</strong></span> <span class='ocrx_word' id='word_1_280' title='bbox 3305 1579 3405 1632; x_wconf 82' lang='lat'><strong>176</strong></span> <span class='ocrx_word' id='word_1_281' title='bbox 3454 1580 3576 1634; x_wconf 87' lang='lat' dir='ltr'><strong>latet</strong></span> 
     </span>
    </p>
   </div>
   <div class='ocr_carea' id='block_1_32' title="bbox 2009 1660 3578 1735">
    <p class='ocr_par' dir='ltr' id='par_1_32' title="bbox 2009 1660 3578 1735">
     <span class='ocr_line' id='line_1_32' title="bbox 2009 1660 3578 1735; baseline 0.005 -22"><span class='ocrx_word' id='word_1_282' title='bbox 2009 1660 2306 1715; x_wconf 85' lang='lat' dir='ltr'><strong>Plinianum</strong></span> <span class='ocrx_word' id='word_1_283' title='bbox 2364 1663 2609 1718; x_wconf 63' lang='lat' dir='ltr'><strong>Himerius</strong></span> <span class='ocrx_word' id='word_1_284' title='bbox 2654 1666 2911 1719; x_wconf 74' lang='lat' dir='ltr'><strong>naturalis</strong></span> <span class='ocrx_word' id='word_1_285' title='bbox 2956 1665 3340 1735; x_wconf 78' lang='lat' dir='ltr'><strong>fragmentum,</strong></span> <span class='ocrx_word' id='word_1_286' title='bbox 3393 1669 3578 1722; x_wconf 78' lang='lat' dir='ltr'><strong>iisdem</strong></span> 
     </span>
    </p>
   </div>
   <div class='ocr_carea' id='block_1_33' title="bbox 2011 1757 3578 1826">
    <p class='ocr_par' dir='ltr' id='par_1_33' title="bbox 2011 1757 3578 1826">
     <span class='ocr_line' id='line_1_33' title="bbox 2011 1757 3578 1826; baseline 0.003 -16"><span class='ocrx_word' id='word_1_287' title='bbox 2011 1757 2260 1823; x_wconf 77' lang='lat' dir='ltr'><strong>spatiosis</strong></span> <span class='ocrx_word' id='word_1_288' title='bbox 2299 1757 2492 1812; x_wconf 81' lang='lat' dir='ltr'><strong>litteris</strong></span> <span class='ocrx_word' id='word_1_289' title='bbox 2534 1770 2841 1822; x_wconf 84' lang='lat' dir='ltr'><strong>exaratum,</strong></span> <span class='ocrx_word' id='word_1_290' title='bbox 2891 1759 3160 1826; x_wconf 85' lang='lat' dir='ltr'><strong>quibusin</strong></span> <span class='ocrx_word' id='word_1_291' title='bbox 3210 1761 3459 1813; x_wconf 80' lang='lat' dir='ltr'><strong>Vaticano</strong></span> <span class='ocrx_word' id='word_1_292' title='bbox 3491 1778 3578 1826; x_wconf 81' lang='lat' dir='ltr'><strong>pa-</strong></span> 
     </span>
    </p>
   </div>
   <div class='ocr_carea' id='block_1_34' title="bbox 322 1845 3580 1926">
    <p class='ocr_par' dir='ltr' id='par_1_34' title="bbox 322 1845 3580 1926">
     <span class='ocr_line' id='line_1_34' title="bbox 322 1845 3580 1926; baseline -0.001 -18"><span class='ocrx_word' id='word_1_293' title='bbox 322 1854 468 1925; x_wconf 87' lang='lat' dir='ltr'><strong>quod</strong></span> <span class='ocrx_word' id='word_1_294' title='bbox 511 1857 768 1924; x_wconf 85' lang='lat' dir='ltr'><strong>scriptum</strong></span> <span class='ocrx_word' id='word_1_295' title='bbox 802 1865 885 1909; x_wconf 89' lang='lat' dir='ltr'><strong>est</strong></span> <span class='ocrx_word' id='word_1_296' title='bbox 930 1855 982 1909; x_wconf 90' lang='lat' dir='ltr'><strong>in</strong></span> <span class='ocrx_word' id='word_1_297' title='bbox 1014 1855 1301 1926; x_wconf 76' lang='lat' dir='ltr'><strong>Euangelio</strong></span> <span class='ocrx_word' id='word_1_298' title='bbox 1329 1875 1338 1906; x_wconf 92' lang='lat'>:</span> <span class='ocrx_word' id='word_1_299' title='bbox 1373 1855 1468 1920; x_wconf 85' lang='lat' dir='ltr'><strong>Qui</strong></span> <span class='ocrx_word' id='word_1_300' title='bbox 1509 1854 1674 1921; x_wconf 80' lang='lat' dir='ltr'><strong>habet,</strong></span> <span class='ocrx_word' id='word_1_301' title='bbox 1708 1854 1907 1906; x_wconf 83' lang='lat' dir='ltr'><strong>dabitur</strong></span> <span class='ocrx_word' id='word_1_302' title='bbox 1936 1845 1984 1906; x_wconf 89' lang='lat' dir='ltr'><strong>B</strong></span> <span class='ocrx_word' id='word_1_303' title='bbox 2014 1846 2253 1901; x_wconf 87' lang='lat' dir='ltr'><strong>limsesto</strong></span> <span class='ocrx_word' id='word_1_304' title='bbox 2281 1849 2549 1915; x_wconf 87' lang='lat' dir='ltr'><strong>politicum</strong></span> <span class='ocrx_word' id='word_1_305' title='bbox 2578 1864 2713 1918; x_wconf 85' lang='lat' dir='ltr'><strong>opus</strong></span> <span class='ocrx_word' id='word_1_306' title='bbox 2741 1850 2807 1902; x_wconf 71' lang='grc'><strong>11.</strong></span> <span class='ocrx_word' id='word_1_307' title='bbox 2837 1849 2975 1906; x_wconf 87' lang='lat' dir='ltr'><strong>Tulli</strong></span> <span class='ocrx_word' id='word_1_308' title='bbox 3001 1852 3252 1919; x_wconf 75' lang='lat' dir='ltr'><strong>scriptum</strong></span> <span class='ocrx_word' id='word_1_309' title='bbox 3277 1852 3436 1906; x_wconf 57' lang='lat' dir='ltr'><strong>luisse</strong></span> <span class='ocrx_word' id='word_1_310' title='bbox 3456 1868 3580 1905; x_wconf 67' lang='grc' dir='ltr'><strong>(τους</strong></span> 
     </span>
    </p>
   </div>
   <div class='ocr_carea' id='block_1_35' title="bbox 319 1943 1905 2012">
    <p class='ocr_par' dir='ltr' id='par_1_35' title="bbox 319 1943 1905 2012">
     <span class='ocr_line' id='line_1_35' title="bbox 319 1943 1905 2012; baseline -0.004 -11"><span class='ocrx_word' id='word_1_311' title='bbox 319 1949 411 2012; x_wconf 75' lang='lat' dir='ltr'><strong>ei;</strong></span> <span class='ocrx_word' id='word_1_312' title='bbox 451 1955 502 2000; x_wconf 78' lang='lat' dir='ltr'><strong>et</strong></span> <span class='ocrx_word' id='word_1_313' title='bbox 529 1948 852 2000; x_wconf 82' lang='lat' dir='ltr'><strong>cantauimus</strong></span> <span class='ocrx_word' id='word_1_314' title='bbox 879 1946 1020 1999; x_wconf 79' lang='lat' dir='ltr'><strong>nobis</strong></span> <span class='ocrx_word' id='word_1_315' title='bbox 1045 1987 1060 2011; x_wconf 87' lang='lat'><strong>,</strong></span> <span class='ocrx_word' id='word_1_316' title='bbox 1091 1955 1135 2000; x_wconf 82' lang='lat' dir='ltr'><strong>et</strong></span> <span class='ocrx_word' id='word_1_317' title='bbox 1166 1963 1264 1999; x_wconf 87' lang='lat' dir='ltr'><strong>non</strong></span> <span class='ocrx_word' id='word_1_318' title='bbox 1293 1948 1536 2000; x_wconf 83' lang='lat' dir='ltr'><strong>saltastis.</strong></span> <span class='ocrx_word' id='word_1_319' title='bbox 1579 1965 1595 1997; x_wconf 79' lang='grc' dir='ltr'><strong>ι</strong></span> <span class='ocrx_word' id='word_1_320' title='bbox 1643 1944 1782 1999; x_wconf 84' lang='lat' dir='ltr'><strong>Edit.</strong></span> <span class='ocrx_word' id='word_1_321' title='bbox 1817 1943 1905 1996; x_wconf 85' lang='lat' dir='ltr'><strong>ubi</strong></span> 
     </span>
    </p>
   </div>
   <div class='ocr_carea' id='block_1_36' title="bbox 320 2036 1907 2108">
    <p class='ocr_par' dir='ltr' id='par_1_36' title="bbox 320 2036 1907 2108">
     <span class='ocr_line' id='line_1_36' title="bbox 320 2036 1907 2108; baseline -0.003 -16"><span class='ocrx_word' id='word_1_322' title='bbox 320 2053 472 2108; x_wconf 80' lang='lat' dir='ltr'><strong>sup.,</strong></span> <span class='ocrx_word' id='word_1_323' title='bbox 502 2039 606 2094; x_wconf 90' lang='lat' dir='ltr'><strong>col.</strong></span> <span class='ocrx_word' id='word_1_324' title='bbox 637 2036 760 2094; x_wconf 78' lang='lat'><strong>661.</strong></span> <span class='ocrx_word' id='word_1_325' title='bbox 791 2036 906 2092; x_wconf 82' lang='lat' dir='ltr'><strong>Fol.</strong></span> <span class='ocrx_word' id='word_1_326' title='bbox 933 2038 1025 2094; x_wconf 85' lang='lat' dir='ltr'><strong>cit.</strong></span> <span class='ocrx_word' id='word_1_327' title='bbox 1060 2053 1240 2101; x_wconf 82' lang='lat' dir='ltr'><strong>verso,</strong></span> <span class='ocrx_word' id='word_1_328' title='bbox 1266 2053 1390 2090; x_wconf 84' lang='lat' dir='ltr'><strong>xu:</strong></span> <span class='ocrx_word' id='word_1_329' title='bbox 1427 2057 1443 2086; x_wconf 88' lang='grc'><strong>‹</strong></span> <span class='ocrx_word' id='word_1_330' title='bbox 1482 2037 1624 2104; x_wconf 87' lang='lat' dir='ltr'><strong>lncp.</strong></span> <span class='ocrx_word' id='word_1_331' title='bbox 1659 2036 1744 2089; x_wconf 88' lang='lat' dir='ltr'><strong>ubi</strong></span> <span class='ocrx_word' id='word_1_332' title='bbox 1769 2036 1907 2089; x_wconf 88' lang='lat' dir='ltr'><strong>Deus</strong></span> 
     </span>
    </p>
   </div>
   <div class='ocr_carea' id='block_1_37' title="bbox 320 2127 1907 2196">
    <p class='ocr_par' dir='ltr' id='par_1_37' title="bbox 320 2127 1907 2196">
     <span class='ocr_line' id='line_1_37' title="bbox 320 2127 1907 2196; baseline -0.004 -14"><span class='ocrx_word' id='word_1_333' title='bbox 320 2129 550 2182; x_wconf 80' lang='lat' dir='ltr'><strong>sabbato</strong></span> <span class='ocrx_word' id='word_1_334' title='bbox 591 2143 806 2183; x_wconf 85' lang='lat' dir='ltr'><strong>manum</strong></span> <span class='ocrx_word' id='word_1_335' title='bbox 845 2127 1050 2182; x_wconf 79' lang='lat' dir='ltr'><strong>aridam</strong></span> <span class='ocrx_word' id='word_1_336' title='bbox 1091 2128 1318 2182; x_wconf 79' lang='lat' dir='ltr'><strong>curauit.</strong></span> <span class='ocrx_word' id='word_1_337' title='bbox 1379 2148 1396 2179; x_wconf 77' lang='grc' dir='ltr'><strong>ι</strong></span> <span class='ocrx_word' id='word_1_338' title='bbox 1433 2127 1574 2182; x_wconf 83' lang='lat' dir='ltr'><strong>Edit.</strong></span> <span class='ocrx_word' id='word_1_339' title='bbox 1625 2127 1713 2182; x_wconf 87' lang='lat' dir='ltr'><strong>ubi</strong></span> <span class='ocrx_word' id='word_1_340' title='bbox 1761 2141 1907 2196; x_wconf 89' lang='lat' dir='ltr'><strong>sup.,</strong></span> 
     </span>
    </p>
   </div>
   <div class='ocr_carea' id='block_1_38' title="bbox 317 2219 1901 2289">
    <p class='ocr_par' dir='ltr' id='par_1_38' title="bbox 317 2219 1901 2289">
     <span class='ocr_line' id='line_1_38' title="bbox 317 2219 1901 2289; baseline -0.001 -15"><span class='ocrx_word' id='word_1_341' title='bbox 317 2219 429 2274; x_wconf 87' lang='lat' dir='ltr'><strong>col.</strong></span> <span class='ocrx_word' id='word_1_342' title='bbox 456 2219 580 2275; x_wconf 78' lang='lat'><strong>585.</strong></span> <span class='ocrx_word' id='word_1_343' title='bbox 614 2220 733 2274; x_wconf 77' lang='lat' dir='ltr'><strong>Fol.</strong></span> <span class='ocrx_word' id='word_1_344' title='bbox 766 2223 870 2277; x_wconf 83' lang='lat'><strong>153</strong></span> <span class='ocrx_word' id='word_1_345' title='bbox 898 2235 1073 2284; x_wconf 81' lang='lat' dir='ltr'><strong>verso,</strong></span> <span class='ocrx_word' id='word_1_346' title='bbox 1107 2236 1211 2275; x_wconf 82' lang='lat' dir='ltr'><strong>xui</strong></span> <span class='ocrx_word' id='word_1_347' title='bbox 1245 2239 1256 2274; x_wconf 88' lang='lat'>:</span> <span class='ocrx_word' id='word_1_348' title='bbox 1297 2240 1315 2273; x_wconf 88' lang='grc' dir='ltr'><strong>ι</strong></span> <span class='ocrx_word' id='word_1_349' title='bbox 1371 2221 1514 2289; x_wconf 87' lang='lat' dir='ltr'><strong>lncp.</strong></span> <span class='ocrx_word' id='word_1_350' title='bbox 1541 2222 1606 2274; x_wconf 89' lang='lat' dir='ltr'><strong>de</strong></span> <span class='ocrx_word' id='word_1_351' title='bbox 1643 2221 1901 2274; x_wconf 79' lang='lat' dir='ltr'><strong>Penteco-</strong></span> 
     </span>
    </p>
   </div>
   <div class='ocr_carea' id='block_1_39' title="bbox 319 2310 1906 2381">
    <p class='ocr_par' dir='ltr' id='par_1_39' title="bbox 319 2310 1906 2381">
     <span class='ocr_line' id='line_1_39' title="bbox 319 2310 1906 2381; baseline 0 -16"><span class='ocrx_word' id='word_1_352' title='bbox 319 2321 448 2367; x_wconf 78' lang='lat' dir='ltr'><strong>sten</strong></span> <span class='ocrx_word' id='word_1_353' title='bbox 479 2310 622 2380; x_wconf 89' lang='lat' dir='ltr'><strong>(sic).</strong></span> <span class='ocrx_word' id='word_1_354' title='bbox 665 2332 685 2365; x_wconf 74' lang='grc' dir='ltr'><strong>ι</strong></span> <span class='ocrx_word' id='word_1_355' title='bbox 719 2312 861 2368; x_wconf 83' lang='lat' dir='ltr'><strong>Edit.</strong></span> <span class='ocrx_word' id='word_1_356' title='bbox 893 2313 980 2366; x_wconf 90' lang='lat' dir='ltr'><strong>ubi</strong></span> <span class='ocrx_word' id='word_1_357' title='bbox 1006 2329 1153 2381; x_wconf 89' lang='lat' dir='ltr'><strong>sup.,</strong></span> <span class='ocrx_word' id='word_1_358' title='bbox 1181 2315 1288 2366; x_wconf 90' lang='lat' dir='ltr'><strong>col.</strong></span> <span class='ocrx_word' id='word_1_359' title='bbox 1319 2312 1437 2366; x_wconf 87' lang='lat'><strong>191.</strong></span> <span class='ocrx_word' id='word_1_360' title='bbox 1466 2312 1580 2367; x_wconf 88' lang='lat' dir='ltr'><strong>Fol.</strong></span> <span class='ocrx_word' id='word_1_361' title='bbox 1613 2311 1709 2366; x_wconf 74' lang='lat'><strong>151</strong></span> <span class='ocrx_word' id='word_1_362' title='bbox 1737 2321 1906 2374; x_wconf 86' lang='lat' dir='ltr'><strong>recto,</strong></span> 
     </span>
    </p>
   </div>
   <div class='ocr_carea' id='block_1_40' title="bbox 337 2401 1901 2474">
    <p class='ocr_par' dir='ltr' id='par_1_40' title="bbox 337 2401 1901 2474">
     <span class='ocr_line' id='line_1_40' title="bbox 337 2401 1901 2474; baseline -0.002 -19"><span class='ocrx_word' id='word_1_363' title='bbox 337 2417 467 2456; x_wconf 81' lang='lat' dir='ltr'><strong>xun</strong></span> <span class='ocrx_word' id='word_1_364' title='bbox 513 2418 529 2455; x_wconf 85' lang='lat'><strong>:</strong></span> <span class='ocrx_word' id='word_1_365' title='bbox 567 2422 586 2454; x_wconf 80' lang='grc' dir='ltr'><strong>ι</strong></span> <span class='ocrx_word' id='word_1_366' title='bbox 625 2403 768 2469; x_wconf 88' lang='lat' dir='ltr'><strong>lncp.</strong></span> <span class='ocrx_word' id='word_1_367' title='bbox 818 2402 888 2458; x_wconf 86' lang='lat' dir='ltr'><strong>de</strong></span> <span class='ocrx_word' id='word_1_368' title='bbox 935 2403 1022 2457; x_wconf 90' lang='lat' dir='ltr'><strong>die</strong></span> <span class='ocrx_word' id='word_1_369' title='bbox 1068 2414 1282 2457; x_wconf 88' lang='lat' dir='ltr'><strong>sanctae</strong></span> <span class='ocrx_word' id='word_1_370' title='bbox 1329 2401 1656 2473; x_wconf 81' lang='lat' dir='ltr'><strong>Ephyl‘aniae</strong></span> <span class='ocrx_word' id='word_1_371' title='bbox 1700 2402 1844 2474; x_wconf 89' lang='lat' dir='ltr'><strong>(sic).</strong></span> <span class='ocrx_word' id='word_1_372' title='bbox 1884 2421 1901 2452; x_wconf 73' lang='grc' dir='ltr'><strong>ι</strong></span> 
     </span>
    </p>
   </div>
   <div class='ocr_carea' id='block_1_41' title="bbox 332 2493 1906 2562">
    <p class='ocr_par' dir='ltr' id='par_1_41' title="bbox 332 2493 1906 2562">
     <span class='ocr_line' id='line_1_41' title="bbox 332 2493 1906 2562; baseline -0.003 -12"><span class='ocrx_word' id='word_1_373' title='bbox 332 2493 476 2550; x_wconf 81' lang='lat' dir='ltr'><strong>Edit.</strong></span> <span class='ocrx_word' id='word_1_374' title='bbox 496 2493 584 2548; x_wconf 87' lang='lat' dir='ltr'><strong>ubi</strong></span> <span class='ocrx_word' id='word_1_375' title='bbox 608 2510 751 2562; x_wconf 84' lang='lat' dir='ltr'><strong>sup.,</strong></span> <span class='ocrx_word' id='word_1_376' title='bbox 774 2494 878 2548; x_wconf 90' lang='lat' dir='ltr'><strong>col.</strong></span> <span class='ocrx_word' id='word_1_377' title='bbox 897 2493 1019 2549; x_wconf 68' lang='lat'><strong>415.</strong></span> <span class='ocrx_word' id='word_1_378' title='bbox 1046 2493 1161 2547; x_wconf 77' lang='lat' dir='ltr'><strong>Ful.</strong></span> <span class='ocrx_word' id='word_1_379' title='bbox 1187 2496 1279 2549; x_wconf 85' lang='lat' dir='ltr'><strong>cit.</strong></span> <span class='ocrx_word' id='word_1_380' title='bbox 1306 2508 1482 2558; x_wconf 87' lang='lat' dir='ltr'><strong>verso,</strong></span> <span class='ocrx_word' id='word_1_381' title='bbox 1512 2509 1693 2548; x_wconf 81' lang='lat' dir='ltr'><strong>xum:</strong></span> <span class='ocrx_word' id='word_1_382' title='bbox 1729 2512 1748 2543; x_wconf 79' lang='grc' dir='ltr'><strong>ι</strong></span> <span class='ocrx_word' id='word_1_383' title='bbox 1783 2495 1906 2545; x_wconf 86' lang='lat' dir='ltr'><strong>Item</strong></span> 
     </span>
    </p>
   </div>
   <div class='ocr_carea' id='block_1_42' title="bbox 328 2584 1911 2657">
    <p class='ocr_par' dir='ltr' id='par_1_42' title="bbox 328 2584 1911 2657">
     <span class='ocr_line' id='line_1_42' title="bbox 328 2584 1911 2657; baseline -0.001 -17"><span class='ocrx_word' id='word_1_384' title='bbox 328 2585 400 2640; x_wconf 82' lang='lat' dir='ltr'><strong>de</strong></span> <span class='ocrx_word' id='word_1_385' title='bbox 429 2585 516 2640; x_wconf 89' lang='lat' dir='ltr'><strong>die</strong></span> <span class='ocrx_word' id='word_1_386' title='bbox 549 2585 961 2656; x_wconf 72' lang='lat' dir='ltr'><strong>Ephyl’aniorum</strong></span> <span class='ocrx_word' id='word_1_387' title='bbox 995 2585 1141 2657; x_wconf 86' lang='lat' dir='ltr'><strong>(sic),</strong></span> <span class='ocrx_word' id='word_1_388' title='bbox 1170 2597 1221 2640; x_wconf 90' lang='lat' dir='ltr'><strong>et</strong></span> <span class='ocrx_word' id='word_1_389' title='bbox 1251 2587 1318 2639; x_wconf 90' lang='lat' dir='ltr'><strong>de</strong></span> <span class='ocrx_word' id='word_1_390' title='bbox 1351 2585 1658 2654; x_wconf 75' lang='lat' dir='ltr'><strong>Euangelio,</strong></span> <span class='ocrx_word' id='word_1_391' title='bbox 1692 2585 1776 2639; x_wconf 90' lang='lat' dir='ltr'><strong>ubi</strong></span> <span class='ocrx_word' id='word_1_392' title='bbox 1807 2584 1911 2638; x_wconf 87' lang='lat' dir='ltr'><strong>Do-</strong></span> 
     </span>
    </p>
   </div>
   <div class='ocr_carea' id='block_1_43' title="bbox 323 2674 1906 2746">
    <p class='ocr_par' dir='ltr' id='par_1_43' title="bbox 323 2674 1906 2746">
     <span class='ocr_line' id='line_1_43' title="bbox 323 2674 1906 2746; baseline -0.003 -15"><span class='ocrx_word' id='word_1_393' title='bbox 323 2678 503 2731; x_wconf 88' lang='lat' dir='ltr'><strong>minus</strong></span> <span class='ocrx_word' id='word_1_394' title='bbox 539 2677 836 2746; x_wconf 82' lang='lat' dir='ltr'><strong>baptizatns</strong></span> <span class='ocrx_word' id='word_1_395' title='bbox 883 2685 988 2739; x_wconf 86' lang='lat' dir='ltr'><strong>est,</strong></span> <span class='ocrx_word' id='word_1_396' title='bbox 1027 2685 1081 2731; x_wconf 92' lang='lat' dir='ltr'><strong>et</strong></span> <span class='ocrx_word' id='word_1_397' title='bbox 1129 2676 1195 2730; x_wconf 88' lang='lat' dir='ltr'><strong>de</strong></span> <span class='ocrx_word' id='word_1_398' title='bbox 1237 2676 1445 2746; x_wconf 79' lang='lat' dir='ltr'><strong>psalmo</strong></span> <span class='ocrx_word' id='word_1_399' title='bbox 1487 2691 1668 2730; x_wconf 80' lang='lat' dir='ltr'><strong>xxvnt.</strong></span> <span class='ocrx_word' id='word_1_400' title='bbox 1712 2695 1728 2725; x_wconf 73' lang='grc' dir='ltr'><strong>ι</strong></span> <span class='ocrx_word' id='word_1_401' title='bbox 1768 2674 1906 2728; x_wconf 78' lang='lat' dir='ltr'><strong>Edit.</strong></span> 
     </span>
    </p>
   </div>
   <div class='ocr_carea' id='block_1_44' title="bbox 323 2765 1909 2837">
    <p class='ocr_par' dir='ltr' id='par_1_44' title="bbox 323 2765 1909 2837">
     <span class='ocr_line' id='line_1_44' title="bbox 323 2765 1909 2837; baseline -0.001 -16"><span class='ocrx_word' id='word_1_402' title='bbox 323 2767 414 2822; x_wconf 87' lang='lat' dir='ltr'><strong>ubi</strong></span> <span class='ocrx_word' id='word_1_403' title='bbox 438 2781 582 2837; x_wconf 83' lang='lat' dir='ltr'><strong>sup.,</strong></span> <span class='ocrx_word' id='word_1_404' title='bbox 630 2769 732 2821; x_wconf 91' lang='lat' dir='ltr'><strong>col.</strong></span> <span class='ocrx_word' id='word_1_405' title='bbox 764 2765 893 2820; x_wconf 68' lang='lat'><strong>241.</strong></span> <span class='ocrx_word' id='word_1_406' title='bbox 943 2765 1058 2821; x_wconf 84' lang='lat' dir='ltr'><strong>Fol.</strong></span> <span class='ocrx_word' id='word_1_407' title='bbox 1095 2766 1197 2821; x_wconf 83' lang='lat'><strong>155</strong></span> <span class='ocrx_word' id='word_1_408' title='bbox 1228 2775 1410 2834; x_wconf 84' lang='lat' dir='ltr'><strong>recto,</strong></span> <span class='ocrx_word' id='word_1_409' title='bbox 1438 2783 1537 2819; x_wconf 73' lang='grc' dir='ltr'><strong>ην</strong></span> <span class='ocrx_word' id='word_1_410' title='bbox 1566 2786 1576 2818; x_wconf 89' lang='grc'>;</span> <span class='ocrx_word' id='word_1_411' title='bbox 1611 2785 1627 2816; x_wconf 82' lang='grc' dir='ltr'><strong>ι</strong></span> <span class='ocrx_word' id='word_1_412' title='bbox 1664 2765 1806 2834; x_wconf 88' lang='lat' dir='ltr'><strong>lncp.</strong></span> <span class='ocrx_word' id='word_1_413' title='bbox 1842 2766 1909 2820; x_wconf 88' lang='lat' dir='ltr'><strong>de</strong></span> 
     </span>
    </p>
   </div>
   <div class='ocr_carea' id='block_1_45' title="bbox 325 2856 1908 2927">
    <p class='ocr_par' dir='ltr' id='par_1_45' title="bbox 325 2856 1908 2927">
     <span class='ocr_line' id='line_1_45' title="bbox 325 2856 1908 2927; baseline -0.001 -15"><span class='ocrx_word' id='word_1_414' title='bbox 325 2871 394 2912; x_wconf 89' lang='lat' dir='ltr'><strong>eo</strong></span> <span class='ocrx_word' id='word_1_415' title='bbox 422 2857 564 2927; x_wconf 89' lang='lat' dir='ltr'><strong>quod</strong></span> <span class='ocrx_word' id='word_1_416' title='bbox 586 2858 842 2924; x_wconf 80' lang='lat' dir='ltr'><strong>scriptum</strong></span> <span class='ocrx_word' id='word_1_417' title='bbox 873 2867 951 2911; x_wconf 85' lang='lat' dir='ltr'><strong>est</strong></span> <span class='ocrx_word' id='word_1_418' title='bbox 984 2857 1033 2910; x_wconf 89' lang='lat' dir='ltr'><strong>in</strong></span> <span class='ocrx_word' id='word_1_419' title='bbox 1075 2856 1370 2926; x_wconf 79' lang='lat' dir='ltr'><strong>Enangelio</strong></span> <span class='ocrx_word' id='word_1_420' title='bbox 1405 2875 1414 2906; x_wconf 89' lang='lat'>:</span> <span class='ocrx_word' id='word_1_421' title='bbox 1465 2856 1700 2910; x_wconf 84' lang='lat' dir='ltr'><strong>Hominis</strong></span> <span class='ocrx_word' id='word_1_422' title='bbox 1739 2857 1908 2910; x_wconf 87' lang='lat' dir='ltr'><strong>cuius-</strong></span> 
     </span>
    </p>
   </div>
   <div class='ocr_carea' id='block_1_46' title="bbox 323 2946 1904 3017">
    <p class='ocr_par' dir='ltr' id='par_1_46' title="bbox 323 2946 1904 3017">
     <span class='ocr_line' id='line_1_46' title="bbox 323 2946 1904 3017; baseline -0.002 -16"><span class='ocrx_word' id='word_1_423' title='bbox 323 2954 443 3002; x_wconf 75' lang='lat' dir='ltr'><strong>dam</strong></span> <span class='ocrx_word' id='word_1_424' title='bbox 466 2949 643 3002; x_wconf 78' lang='lat' dir='ltr'><strong>diuitis</strong></span> <span class='ocrx_word' id='word_1_425' title='bbox 665 2948 860 3017; x_wconf 80' lang='lat' dir='ltr'><strong>[ructus</strong></span> <span class='ocrx_word' id='word_1_426' title='bbox 881 2949 1054 3000; x_wconf 77' lang='lat' dir='ltr'><strong>uberes</strong></span> <span class='ocrx_word' id='word_1_427' title='bbox 1080 2963 1200 3016; x_wconf 67' lang='lat' dir='ltr'><strong>ager</strong></span> <span class='ocrx_word' id='word_1_428' title='bbox 1220 2947 1422 3000; x_wconf 82' lang='lat' dir='ltr'><strong>adtulit.</strong></span> <span class='ocrx_word' id='word_1_429' title='bbox 1461 2966 1478 2998; x_wconf 78' lang='grc' dir='ltr'><strong>ι</strong></span> <span class='ocrx_word' id='word_1_430' title='bbox 1517 2946 1652 3001; x_wconf 86' lang='lat' dir='ltr'><strong>Edit.</strong></span> <span class='ocrx_word' id='word_1_431' title='bbox 1684 2946 1819 3000; x_wconf 87' lang='lat' dir='ltr'><strong>inter</strong></span> <span class='ocrx_word' id='word_1_432' title='bbox 1848 2947 1904 3000; x_wconf 89' lang='lat' dir='ltr'><strong>S.</strong></span> 
     </span>
    </p>
   </div>
   <div class='ocr_carea' id='block_1_47' title="bbox 330 3038 1910 3109">
    <p class='ocr_par' dir='ltr' id='par_1_47' title="bbox 330 3038 1910 3109">
     <span class='ocr_line' id='line_1_47' title="bbox 330 3038 1910 3109; baseline -0.001 -14"><span class='ocrx_word' id='word_1_433' title='bbox 330 3040 510 3095; x_wconf 83' lang='lat' dir='ltr'><strong>Basilii</strong></span> <span class='ocrx_word' id='word_1_434' title='bbox 540 3055 699 3107; x_wconf 82' lang='lat' dir='ltr'><strong>opera</strong></span> <span class='ocrx_word' id='word_1_435' title='bbox 734 3041 878 3093; x_wconf 92' lang='lat' dir='ltr'><strong>hom.</strong></span> <span class='ocrx_word' id='word_1_436' title='bbox 912 3038 964 3104; x_wconf 89' lang='lat'><strong>6,</strong></span> <span class='ocrx_word' id='word_1_437' title='bbox 997 3049 1126 3093; x_wconf 91' lang='lat' dir='ltr'><strong>tom.</strong></span> <span class='ocrx_word' id='word_1_438' title='bbox 1162 3039 1224 3103; x_wconf 86' lang='lat' dir='ltr'><strong>ll,</strong></span> <span class='ocrx_word' id='word_1_439' title='bbox 1260 3055 1378 3109; x_wconf 82' lang='lat' dir='ltr'><strong>pag.</strong></span> <span class='ocrx_word' id='word_1_440' title='bbox 1410 3038 1506 3106; x_wconf 67' lang='lat'><strong>«15,</strong></span> <span class='ocrx_word' id='word_1_441' title='bbox 1539 3055 1569 3093; x_wconf 90' lang='lat' dir='ltr'><strong>a</strong></span> <span class='ocrx_word' id='word_1_442' title='bbox 1599 3053 1698 3106; x_wconf 87' lang='lat' dir='ltr'><strong>qua</strong></span> <span class='ocrx_word' id='word_1_443' title='bbox 1732 3051 1910 3094; x_wconf 85' lang='lat' dir='ltr'><strong>tamen</strong></span> 
     </span>
    </p>
   </div>
   <div class='ocr_carea' id='block_1_48' title="bbox 326 3129 1900 3188">
    <p class='ocr_par' dir='ltr' id='par_1_48' title="bbox 326 3129 1900 3188">
     <span class='ocr_line' id='line_1_48' title="bbox 326 3129 1900 3188; baseline -0.004 0"><span class='ocrx_word' id='word_1_444' title='bbox 326 3134 522 3188; x_wconf 88' lang='lat' dir='ltr'><strong>multas</strong></span> <span class='ocrx_word' id='word_1_445' title='bbox 554 3133 640 3187; x_wconf 91' lang='lat' dir='ltr'><strong>hic</strong></span> <span class='ocrx_word' id='word_1_446' title='bbox 668 3133 834 3187; x_wconf 77' lang='lat' dir='ltr'><strong>nostri</strong></span> <span class='ocrx_word' id='word_1_447' title='bbox 867 3133 1067 3187; x_wconf 87' lang='lat' dir='ltr'><strong>codicis</strong></span> <span class='ocrx_word' id='word_1_448' title='bbox 1089 3148 1267 3187; x_wconf 80' lang='lat' dir='ltr'><strong>sermo</strong></span> <span class='ocrx_word' id='word_1_449' title='bbox 1296 3135 1563 3185; x_wconf 86' lang='lat' dir='ltr'><strong>variantes</strong></span> <span class='ocrx_word' id='word_1_450' title='bbox 1584 3131 1760 3185; x_wconf 85' lang='lat' dir='ltr'><strong>habet.</strong></span> <span class='ocrx_word' id='word_1_451' title='bbox 1784 3129 1900 3184; x_wconf 86' lang='lat' dir='ltr'><strong>Fol.</strong></span> 
     </span>
    </p>
   </div>
   <div class='ocr_carea' id='block_1_49' title="bbox 2009 1937 3578 2009">
    <p class='ocr_par' dir='ltr' id='par_1_49' title="bbox 2009 1937 3578 2009">
     <span class='ocr_line' id='line_1_49' title="bbox 2009 1937 3578 2009; baseline 0.002 -19"><span class='ocrx_word' id='word_1_452' title='bbox 2009 1937 2260 2007; x_wconf 85' lang='lat' dir='ltr'><strong>spicimus</strong></span> <span class='ocrx_word' id='word_1_453' title='bbox 2285 1938 2516 2009; x_wconf 86' lang='lat' dir='ltr'><strong>(a).Fol.</strong></span> <span class='ocrx_word' id='word_1_454' title='bbox 2547 1954 2665 2004; x_wconf 89' lang='lat' dir='ltr'><strong>sup.</strong></span> <span class='ocrx_word' id='word_1_455' title='bbox 2697 1940 2789 1993; x_wconf 90' lang='lat' dir='ltr'><strong>cit.</strong></span> <span class='ocrx_word' id='word_1_456' title='bbox 2823 1942 2922 1996; x_wconf 85' lang='grc'><strong>169</strong></span> <span class='ocrx_word' id='word_1_457' title='bbox 2956 1956 3134 2005; x_wconf 71' lang='lat' dir='ltr'><strong>verso,</strong></span> <span class='ocrx_word' id='word_1_458' title='bbox 3165 1957 3252 1995; x_wconf 83' lang='lat' dir='ltr'><strong>th</strong></span> <span class='ocrx_word' id='word_1_459' title='bbox 3279 1958 3312 1994; x_wconf 89' lang='grc' dir='ltr'><strong>ιι</strong></span> <span class='ocrx_word' id='word_1_460' title='bbox 3340 1959 3351 1994; x_wconf 92' lang='lat'>:</span> <span class='ocrx_word' id='word_1_461' title='bbox 3383 1961 3400 1991; x_wconf 79' lang='grc' dir='ltr'><strong>ι</strong></span> <span class='ocrx_word' id='word_1_462' title='bbox 3434 1943 3578 2002; x_wconf 82' lang='lat' dir='ltr'><strong>lncn.</strong></span> 
     </span>
    </p>
   </div>
   <div class='ocr_carea' id='block_1_50' title="bbox 2009 2029 3584 2099">
    <p class='ocr_par' dir='ltr' id='par_1_50' title="bbox 2009 2029 3584 2099">
     <span class='ocr_line' id='line_1_50' title="bbox 2009 2029 3584 2099; baseline 0.003 -18"><span class='ocrx_word' id='word_1_463' title='bbox 2009 2043 2189 2083; x_wconf 89' lang='lat' dir='ltr'><strong>sermo</strong></span> <span class='ocrx_word' id='word_1_464' title='bbox 2221 2029 2279 2085; x_wconf 92' lang='lat' dir='ltr'><strong>S.</strong></span> <span class='ocrx_word' id='word_1_465' title='bbox 2316 2030 2591 2098; x_wconf 80' lang='lat' dir='ltr'><strong>Augustini</strong></span> <span class='ocrx_word' id='word_1_466' title='bbox 2621 2030 2686 2082; x_wconf 88' lang='lat' dir='ltr'><strong>ad</strong></span> <span class='ocrx_word' id='word_1_467' title='bbox 2736 2040 3102 2099; x_wconf 80' lang='lat' dir='ltr'><strong>competentes</strong></span> <span class='ocrx_word' id='word_1_468' title='bbox 3148 2043 3202 2086; x_wconf 90' lang='lat' dir='ltr'><strong>et</strong></span> <span class='ocrx_word' id='word_1_469' title='bbox 3243 2034 3584 2086; x_wconf 67' lang='lat' dir='ltr'><strong>catechume-</strong></span> 
     </span>
    </p>
   </div>
   <div class='ocr_carea' id='block_1_51' title="bbox 2010 2121 3584 2190">
    <p class='ocr_par' dir='ltr' id='par_1_51' title="bbox 2010 2121 3584 2190">
     <span class='ocr_line' id='line_1_51' title="bbox 2010 2121 3584 2190; baseline 0.003 -16"><span class='ocrx_word' id='word_1_470' title='bbox 2010 2135 2127 2185; x_wconf 85' lang='lat' dir='ltr'><strong>nos,</strong></span> <span class='ocrx_word' id='word_1_471' title='bbox 2168 2141 2186 2171; x_wconf 73' lang='grc' dir='ltr'><strong>ι</strong></span> <span class='ocrx_word' id='word_1_472' title='bbox 2230 2122 2320 2190; x_wconf 89' lang='lat' dir='ltr'><strong>qui</strong></span> <span class='ocrx_word' id='word_1_473' title='bbox 2360 2122 2545 2189; x_wconf 60' lang='lat' dir='ltr'><strong>incipit</strong></span> <span class='ocrx_word' id='word_1_474' title='bbox 2575 2140 2586 2174; x_wconf 91' lang='lat'><strong>:</strong></span> <span class='ocrx_word' id='word_1_475' title='bbox 2622 2141 2640 2172; x_wconf 80' lang='grc' dir='ltr'><strong>ι</strong></span> <span class='ocrx_word' id='word_1_476' title='bbox 2669 2121 2900 2176; x_wconf 83' lang='lat' dir='ltr'><strong>Audiant</strong></span> <span class='ocrx_word' id='word_1_477' title='bbox 2937 2123 3328 2188; x_wconf 85' lang='lat' dir='ltr'><strong>catechumeni,</strong></span> <span class='ocrx_word' id='word_1_478' title='bbox 3372 2127 3584 2178; x_wconf 78' lang='lat' dir='ltr'><strong>audiant</strong></span> 
     </span>
    </p>
   </div>
   <div class='ocr_carea' id='block_1_52' title="bbox 2009 2213 3582 2278">
    <p class='ocr_par' dir='ltr' id='par_1_52' title="bbox 2009 2213 3582 2278">
     <span class='ocr_line' id='line_1_52' title="bbox 2009 2213 3582 2278; baseline 0 -13"><span class='ocrx_word' id='word_1_479' title='bbox 2009 2225 2215 2277; x_wconf 91' lang='lat' dir='ltr'><strong>omnes,</strong></span> <span class='ocrx_word' id='word_1_480' title='bbox 2240 2226 2425 2266; x_wconf 89' lang='lat' dir='ltr'><strong>omnes</strong></span> <span class='ocrx_word' id='word_1_481' title='bbox 2459 2213 2698 2275; x_wconf 88' lang='lat' dir='ltr'><strong>timeant,</strong></span> <span class='ocrx_word' id='word_1_482' title='bbox 2733 2229 2889 2268; x_wconf 85' lang='lat' dir='ltr'><strong>nemo</strong></span> <span class='ocrx_word' id='word_1_483' title='bbox 2919 2224 3253 2278; x_wconf 81' lang='lat' dir='ltr'><strong>contemnat;</strong></span> <span class='ocrx_word' id='word_1_484' title='bbox 3281 2216 3347 2268; x_wconf 87' lang='lat' dir='ltr'><strong>sit</strong></span> <span class='ocrx_word' id='word_1_485' title='bbox 3377 2215 3501 2268; x_wconf 87' lang='lat' dir='ltr'><strong>mihi</strong></span> <span class='ocrx_word' id='word_1_486' title='bbox 3533 2216 3582 2268; x_wconf 80' lang='lat' dir='ltr'><strong>iu</strong></span> 
     </span>
    </p>
   </div>
   <div class='ocr_carea' id='block_1_53' title="bbox 2009 2302 3582 2369">
    <p class='ocr_par' dir='ltr' id='par_1_53' title="bbox 2009 2302 3582 2369">
     <span class='ocr_line' id='line_1_53' title="bbox 2009 2302 3582 2369; baseline 0.002 -14"><span class='ocrx_word' id='word_1_487' title='bbox 2009 2302 2373 2355; x_wconf 87' lang='lat' dir='ltr'><strong>consolatione</strong></span> <span class='ocrx_word' id='word_1_488' title='bbox 2413 2312 2596 2356; x_wconf 78' lang='lat' dir='ltr'><strong>uester</strong></span> <span class='ocrx_word' id='word_1_489' title='bbox 2640 2304 2850 2358; x_wconf 83' lang='lat' dir='ltr'><strong>auditus</strong></span> <span class='ocrx_word' id='word_1_490' title='bbox 2880 2345 2894 2369; x_wconf 94' lang='lat'><strong>,</strong></span> <span class='ocrx_word' id='word_1_491' title='bbox 2949 2323 2966 2355; x_wconf 71' lang='grc' dir='ltr'><strong>ι</strong></span> <span class='ocrx_word' id='word_1_492' title='bbox 2997 2318 3098 2360; x_wconf 90' lang='lat' dir='ltr'><strong>etc.</strong></span> <span class='ocrx_word' id='word_1_493' title='bbox 3143 2309 3223 2359; x_wconf 86' lang='lat' dir='ltr'><strong>An</strong></span> <span class='ocrx_word' id='word_1_494' title='bbox 3273 2308 3358 2358; x_wconf 89' lang='lat' dir='ltr'><strong>hic</strong></span> <span class='ocrx_word' id='word_1_495' title='bbox 3406 2322 3582 2360; x_wconf 73' lang='lat' dir='ltr'><strong>st&#39;rtnu</strong></span> 
     </span>
    </p>
   </div>
   <div class='ocr_carea' id='block_1_54' title="bbox 2009 2395 3583 2464">
    <p class='ocr_par' dir='ltr' id='par_1_54' title="bbox 2009 2395 3583 2464">
     <span class='ocr_line' id='line_1_54' title="bbox 2009 2395 3583 2464; baseline 0.003 -15"><span class='ocrx_word' id='word_1_496' title='bbox 2009 2395 2301 2449; x_wconf 84' lang='lat' dir='ltr'><strong>anecdotus</strong></span> <span class='ocrx_word' id='word_1_497' title='bbox 2339 2397 2440 2460; x_wconf 88' lang='lat' dir='ltr'><strong>sit,</strong></span> <span class='ocrx_word' id='word_1_498' title='bbox 2485 2397 2833 2464; x_wconf 86' lang='lat' dir='ltr'><strong>pronuntiare</strong></span> <span class='ocrx_word' id='word_1_499' title='bbox 2859 2412 2962 2451; x_wconf 90' lang='lat' dir='ltr'><strong>non</strong></span> <span class='ocrx_word' id='word_1_500' title='bbox 3002 2400 3204 2463; x_wconf 87' lang='lat' dir='ltr'><strong>audeo;</strong></span> <span class='ocrx_word' id='word_1_501' title='bbox 3238 2400 3376 2453; x_wconf 88' lang='lat' dir='ltr'><strong>idem</strong></span> <span class='ocrx_word' id='word_1_502' title='bbox 3407 2400 3490 2452; x_wconf 89' lang='lat' dir='ltr'><strong>dic</strong></span> <span class='ocrx_word' id='word_1_503' title='bbox 3521 2401 3583 2454; x_wconf 87' lang='lat' dir='ltr'><strong>du</strong></span> 
     </span>
    </p>
   </div>
   <div class='ocr_carea' id='block_1_55' title="bbox 2012 2487 3582 2557">
    <p class='ocr_par' dir='ltr' id='par_1_55' title="bbox 2012 2487 3582 2557">
     <span class='ocr_line' id='line_1_55' title="bbox 2012 2487 3582 2557; baseline 0.001 -15"><span class='ocrx_word' id='word_1_504' title='bbox 2012 2487 2146 2549; x_wconf 89' lang='lat' dir='ltr'><strong>illis,</strong></span> <span class='ocrx_word' id='word_1_505' title='bbox 2193 2503 2420 2557; x_wconf 90' lang='lat' dir='ltr'><strong>quorum</strong></span> <span class='ocrx_word' id='word_1_506' title='bbox 2469 2487 2602 2542; x_wconf 83' lang='lat' dir='ltr'><strong>infra</strong></span> <span class='ocrx_word' id='word_1_507' title='bbox 2651 2489 2797 2543; x_wconf 90' lang='lat' dir='ltr'><strong>initia</strong></span> <span class='ocrx_word' id='word_1_508' title='bbox 2846 2489 3094 2544; x_wconf 78' lang='lat' dir='ltr'><strong>referam.</strong></span> <span class='ocrx_word' id='word_1_509' title='bbox 3125 2491 3238 2544; x_wconf 80' lang='lat' dir='ltr'><strong>Fol.</strong></span> <span class='ocrx_word' id='word_1_510' title='bbox 3277 2493 3374 2545; x_wconf 73' lang='lat'><strong>170</strong></span> <span class='ocrx_word' id='word_1_511' title='bbox 3407 2508 3582 2556; x_wconf 72' lang='lat' dir='ltr'><strong>verso,</strong></span> 
     </span>
    </p>
   </div>
   <div class='ocr_carea' id='block_1_56' title="bbox 2012 2579 3583 2649">
    <p class='ocr_par' dir='ltr' id='par_1_56' title="bbox 2012 2579 3583 2649">
     <span class='ocr_line' id='line_1_56' title="bbox 2012 2579 3583 2649; baseline 0.003 -17"><span class='ocrx_word' id='word_1_512' title='bbox 2012 2594 2155 2632; x_wconf 79' lang='lat' dir='ltr'><strong>va:</strong></span> <span class='ocrx_word' id='word_1_513' title='bbox 2191 2598 2208 2628; x_wconf 82' lang='grc' dir='ltr'><strong>ι</strong></span> <span class='ocrx_word' id='word_1_514' title='bbox 2244 2579 2375 2633; x_wconf 88' lang='lat' dir='ltr'><strong>item</strong></span> <span class='ocrx_word' id='word_1_515' title='bbox 2409 2579 2646 2635; x_wconf 87' lang='lat' dir='ltr'><strong>eiusdem</strong></span> <span class='ocrx_word' id='word_1_516' title='bbox 2683 2594 2860 2634; x_wconf 81' lang='lat' dir='ltr'><strong>sermo</strong></span> <span class='ocrx_word' id='word_1_517' title='bbox 2885 2580 2949 2634; x_wconf 90' lang='lat' dir='ltr'><strong>de</strong></span> <span class='ocrx_word' id='word_1_518' title='bbox 2987 2581 3302 2636; x_wconf 62' lang='lat' dir='ltr'><strong>remissiohe</strong></span> <span class='ocrx_word' id='word_1_519' title='bbox 3347 2595 3583 2649; x_wconf 63' lang='lat' dir='ltr'><strong>peceato-</strong></span> 
     </span>
    </p>
   </div>
   <div class='ocr_carea' id='block_1_57' title="bbox 2012 2670 3574 2738">
    <p class='ocr_par' dir='ltr' id='par_1_57' title="bbox 2012 2670 3574 2738">
     <span class='ocr_line' id='line_1_57' title="bbox 2012 2670 3574 2738; baseline 0.002 -14"><span class='ocrx_word' id='word_1_520' title='bbox 2012 2686 2158 2733; x_wconf 88' lang='lat' dir='ltr'><strong>rnm;</strong></span> <span class='ocrx_word' id='word_1_521' title='bbox 2199 2689 2217 2721; x_wconf 76' lang='grc' dir='ltr'><strong>ι</strong></span> <span class='ocrx_word' id='word_1_522' title='bbox 2263 2685 2418 2737; x_wconf 87' lang='lat' dir='ltr'><strong>quem</strong></span> <span class='ocrx_word' id='word_1_523' title='bbox 2451 2670 2622 2738; x_wconf 90' lang='lat' dir='ltr'><strong>primo</strong></span> <span class='ocrx_word' id='word_1_524' title='bbox 2643 2685 2705 2724; x_wconf 89' lang='lat' dir='ltr'><strong>ex</strong></span> <span class='ocrx_word' id='word_1_525' title='bbox 2735 2671 2833 2726; x_wconf 88' lang='lat' dir='ltr'><strong>hoc</strong></span> <span class='ocrx_word' id='word_1_526' title='bbox 2850 2672 3033 2725; x_wconf 88' lang='lat' dir='ltr'><strong>codice</strong></span> <span class='ocrx_word' id='word_1_527' title='bbox 3055 2684 3308 2727; x_wconf 84' lang='lat' dir='ltr'><strong>erncrnut</strong></span> <span class='ocrx_word' id='word_1_528' title='bbox 3335 2675 3574 2738; x_wconf 70' lang='lat' dir='ltr'><strong>Mam-iui,</strong></span> 
     </span>
    </p>
   </div>
   <div class='ocr_carea' id='block_1_58' title="bbox 2011 2761 3583 2833">
    <p class='ocr_par' dir='ltr' id='par_1_58' title="bbox 2011 2761 3583 2833">
     <span class='ocr_line' id='line_1_58' title="bbox 2011 2761 3583 2833; baseline 0.003 -16"><span class='ocrx_word' id='word_1_529' title='bbox 2011 2773 2064 2817; x_wconf 88' lang='lat' dir='ltr'><strong>et</strong></span> <span class='ocrx_word' id='word_1_530' title='bbox 2095 2762 2198 2815; x_wconf 76' lang='lat' dir='ltr'><strong>fide</strong></span> <span class='ocrx_word' id='word_1_531' title='bbox 2224 2761 2394 2816; x_wconf 81' lang='lat' dir='ltr'><strong>eidem</strong></span> <span class='ocrx_word' id='word_1_532' title='bbox 2425 2762 2592 2817; x_wconf 86' lang='lat' dir='ltr'><strong>codici</strong></span> <span class='ocrx_word' id='word_1_533' title='bbox 2628 2777 2848 2830; x_wconf 88' lang='lat' dir='ltr'><strong>prorsus</strong></span> <span class='ocrx_word' id='word_1_534' title='bbox 2891 2763 3123 2818; x_wconf 87' lang='lat' dir='ltr'><strong>adhibita</strong></span> <span class='ocrx_word' id='word_1_535' title='bbox 3146 2806 3160 2827; x_wconf 94' lang='lat'><strong>,</strong></span> <span class='ocrx_word' id='word_1_536' title='bbox 3192 2766 3328 2820; x_wconf 89' lang='lat' dir='ltr'><strong>inter</strong></span> <span class='ocrx_word' id='word_1_537' title='bbox 3357 2768 3583 2833; x_wconf 60' lang='lat' dir='ltr'><strong>genuina</strong></span> 
     </span>
    </p>
   </div>
   <div class='ocr_carea' id='block_1_59' title="bbox 2011 2853 3582 2924">
    <p class='ocr_par' dir='ltr' id='par_1_59' title="bbox 2011 2853 3582 2924">
     <span class='ocr_line' id='line_1_59' title="bbox 2011 2853 3582 2924; baseline 0.004 -17"><span class='ocrx_word' id='word_1_538' title='bbox 2011 2867 2168 2922; x_wconf 82' lang='lat' dir='ltr'><strong>opera</strong></span> <span class='ocrx_word' id='word_1_539' title='bbox 2200 2853 2258 2907; x_wconf 88' lang='grc'><strong>8.</strong></span> <span class='ocrx_word' id='word_1_540' title='bbox 2285 2855 2561 2922; x_wconf 85' lang='lat' dir='ltr'><strong>Augustini</strong></span> <span class='ocrx_word' id='word_1_541' title='bbox 2602 2855 2882 2908; x_wconf 87' lang='lat' dir='ltr'><strong>ediderunt</strong></span> <span class='ocrx_word' id='word_1_542' title='bbox 2935 2868 3062 2918; x_wconf 83' lang='lat' dir='ltr'><strong>tom.</strong></span> <span class='ocrx_word' id='word_1_543' title='bbox 3115 2857 3182 2922; x_wconf 87' lang='lat' dir='ltr'><strong>V,</strong></span> <span class='ocrx_word' id='word_1_544' title='bbox 3238 2868 3370 2924; x_wconf 85' lang='lat' dir='ltr'><strong>part.</strong></span> <span class='ocrx_word' id='word_1_545' title='bbox 3408 2875 3441 2920; x_wconf 84' lang='grc' dir='ltr'><strong>ι,</strong></span> <span class='ocrx_word' id='word_1_546' title='bbox 3477 2863 3582 2914; x_wconf 80' lang='lat' dir='ltr'><strong>eol.</strong></span> 
     </span>
    </p>
   </div>
   <div class='ocr_carea' id='block_1_60' title="bbox 2012 2942 3583 3015">
    <p class='ocr_par' dir='ltr' id='par_1_60' title="bbox 2012 2942 3583 3015">
     <span class='ocr_line' id='line_1_60' title="bbox 2012 2942 3583 3015; baseline 0.003 -15"><span class='ocrx_word' id='word_1_547' title='bbox 2012 2947 2133 3000; x_wconf 62' lang='grc' dir='ltr'><strong>δῖε.</strong></span> <span class='ocrx_word' id='word_1_548' title='bbox 2168 2946 2282 3000; x_wconf 86' lang='lat' dir='ltr'><strong>Fol.</strong></span> <span class='ocrx_word' id='word_1_549' title='bbox 2318 2942 2411 2999; x_wconf 89' lang='lat'><strong>171</strong></span> <span class='ocrx_word' id='word_1_550' title='bbox 2445 2962 2619 3005; x_wconf 78' lang='lat' dir='ltr'><strong>verso.</strong></span> <span class='ocrx_word' id='word_1_551' title='bbox 2652 2963 2770 3000; x_wconf 75' lang='lat' dir='ltr'><strong>1.th</strong></span> <span class='ocrx_word' id='word_1_552' title='bbox 2805 2964 2817 2999; x_wconf 89' lang='lat'><strong>:</strong></span> <span class='ocrx_word' id='word_1_553' title='bbox 2850 2966 2867 2997; x_wconf 86' lang='grc' dir='ltr'><strong>ι</strong></span> <span class='ocrx_word' id='word_1_554' title='bbox 2909 2948 3050 3015; x_wconf 90' lang='lat' dir='ltr'><strong>lncp.</strong></span> <span class='ocrx_word' id='word_1_555' title='bbox 3081 2949 3486 3005; x_wconf 85' lang='lat' dir='ltr'><strong>alius.einsdem</strong></span> <span class='ocrx_word' id='word_1_556' title='bbox 3518 2953 3583 3005; x_wconf 83' lang='lat' dir='ltr'><strong>de</strong></span> 
     </span>
    </p>
   </div>
   <div class='ocr_carea' id='block_1_61' title="bbox 2014 3037 3585 3111">
    <p class='ocr_par' dir='ltr' id='par_1_61' title="bbox 2014 3037 3585 3111">
     <span class='ocr_line' id='line_1_61' title="bbox 2014 3037 3585 3111; baseline -0.001 -20"><span class='ocrx_word' id='word_1_557' title='bbox 2014 3037 2199 3091; x_wconf 88' lang='lat' dir='ltr'><strong>missas</strong></span> <span class='ocrx_word' id='word_1_558' title='bbox 2224 3037 2519 3091; x_wconf 81' lang='lat' dir='ltr'><strong>cotidianas</strong></span> <span class='ocrx_word' id='word_1_559' title='bbox 2551 3037 2693 3106; x_wconf 86' lang='lat' dir='ltr'><strong>(sic),</strong></span> <span class='ocrx_word' id='word_1_560' title='bbox 2735 3057 2751 3089; x_wconf 74' lang='grc' dir='ltr'><strong>ι</strong></span> <span class='ocrx_word' id='word_1_561' title='bbox 2786 3041 2870 3106; x_wconf 88' lang='lat' dir='ltr'><strong>qui</strong></span> <span class='ocrx_word' id='word_1_562' title='bbox 2918 3039 3142 3106; x_wconf 81' lang='lat' dir='ltr'><strong>incipit:</strong></span> <span class='ocrx_word' id='word_1_563' title='bbox 3180 3059 3198 3092; x_wconf 82' lang='grc' dir='ltr'><strong>ι</strong></span> <span class='ocrx_word' id='word_1_564' title='bbox 3236 3040 3585 3111; x_wconf 75' lang='lat' dir='ltr'><strong>Congregatio</strong></span> 
     </span>
    </p>
   </div>
   <div class='ocr_carea' id='block_1_62' title="bbox 2010 3131 3585 3206">
    <p class='ocr_par' dir='ltr' id='par_1_62' title="bbox 2010 3131 3585 3206">
     <span class='ocr_line' id='line_1_62' title="bbox 2010 3131 3585 3206; baseline 0.004 -22"><span class='ocrx_word' id='word_1_565' title='bbox 2010 3131 2354 3185; x_wconf 81' lang='lat' dir='ltr'><strong>beatitudinis</strong></span> <span class='ocrx_word' id='word_1_566' title='bbox 2401 3142 2595 3187; x_wconf 79' lang='lat' dir='ltr'><strong>uestra:</strong></span> <span class='ocrx_word' id='word_1_567' title='bbox 2637 3132 2740 3187; x_wconf 83' lang='lat' dir='ltr'><strong>FF.</strong></span> <span class='ocrx_word' id='word_1_568' title='bbox 2769 3133 2878 3187; x_wconf 75' lang='lat' dir='ltr'><strong>KK.</strong></span> <span class='ocrx_word' id='word_1_569' title='bbox 2926 3135 3046 3188; x_wconf 84' lang='lat' dir='ltr'><strong>iacit</strong></span> <span class='ocrx_word' id='word_1_570' title='bbox 3075 3150 3172 3188; x_wconf 91' lang='lat' dir='ltr'><strong>nos</strong></span> <span class='ocrx_word' id='word_1_571' title='bbox 3204 3137 3366 3189; x_wconf 89' lang='lat' dir='ltr'><strong>nimio</strong></span> <span class='ocrx_word' id='word_1_572' title='bbox 3394 3139 3585 3206; x_wconf 73' lang='lat' dir='ltr'><strong>gaudio</strong></span> 
     </span>
    </p>
   </div>
   <div class='ocr_carea' id='block_1_63' title="bbox 329 3209 3585 3298">
    <p class='ocr_par' dir='ltr' id='par_1_63' title="bbox 329 3209 3585 3298">
     <span class='ocr_line' id='line_1_63' title="bbox 329 3209 3585 3298; baseline 0.001 -17"><span class='ocrx_word' id='word_1_573' title='bbox 329 3225 434 3281; x_wconf 85' lang='lat'><strong>158</strong></span> <span class='ocrx_word' id='word_1_574' title='bbox 458 3233 625 3284; x_wconf 85' lang='lat' dir='ltr'><strong>recto.</strong></span> <span class='ocrx_word' id='word_1_575' title='bbox 671 3238 789 3277; x_wconf 71' lang='lat' dir='ltr'><strong>xui</strong></span> <span class='ocrx_word' id='word_1_576' title='bbox 819 3239 833 3277; x_wconf 88' lang='lat'><strong>:</strong></span> <span class='ocrx_word' id='word_1_577' title='bbox 870 3241 888 3274; x_wconf 82' lang='grc' dir='ltr'><strong>ι</strong></span> <span class='ocrx_word' id='word_1_578' title='bbox 925 3223 1068 3292; x_wconf 88' lang='lat' dir='ltr'><strong>lncp.</strong></span> <span class='ocrx_word' id='word_1_579' title='bbox 1103 3224 1168 3278; x_wconf 90' lang='lat' dir='ltr'><strong>de</strong></span> <span class='ocrx_word' id='word_1_580' title='bbox 1214 3238 1279 3278; x_wconf 91' lang='lat' dir='ltr'><strong>eo</strong></span> <span class='ocrx_word' id='word_1_581' title='bbox 1319 3223 1458 3293; x_wconf 89' lang='lat' dir='ltr'><strong>quod</strong></span> <span class='ocrx_word' id='word_1_582' title='bbox 1499 3224 1750 3291; x_wconf 88' lang='lat' dir='ltr'><strong>scriptum</strong></span> <span class='ocrx_word' id='word_1_583' title='bbox 1780 3231 1862 3275; x_wconf 62' lang='grc' dir='ltr'><strong>εει</strong></span> <span class='ocrx_word' id='word_1_584' title='bbox 1893 3239 1903 3272; x_wconf 95' lang='lat'>:</span> <span class='ocrx_word' id='word_1_585' title='bbox 1935 3209 1978 3271; x_wconf 89' lang='lat' dir='ltr'>C</span> <span class='ocrx_word' id='word_1_586' title='bbox 2011 3237 2128 3276; x_wconf 89' lang='lat' dir='ltr'><strong>esse</strong></span> <span class='ocrx_word' id='word_1_587' title='bbox 2150 3224 2404 3291; x_wconf 87' lang='lat' dir='ltr'><strong>repletos,</strong></span> <span class='ocrx_word' id='word_1_588' title='bbox 2428 3226 2520 3279; x_wconf 88' lang='lat' dir='ltr'><strong>sed</strong></span> <span class='ocrx_word' id='word_1_589' title='bbox 2552 3226 2673 3294; x_wconf 91' lang='lat' dir='ltr'><strong>quia</strong></span> <span class='ocrx_word' id='word_1_590' title='bbox 2708 3236 2863 3293; x_wconf 89' lang='lat' dir='ltr'><strong>pauet</strong></span> <span class='ocrx_word' id='word_1_591' title='bbox 2904 3236 3088 3295; x_wconf 87' lang='lat' dir='ltr'><strong>pectus</strong></span> <span class='ocrx_word' id='word_1_592' title='bbox 3117 3237 3248 3282; x_wconf 72' lang='lat' dir='ltr'><strong>cate:</strong></span> <span class='ocrx_word' id='word_1_593' title='bbox 3275 3228 3318 3283; x_wconf 92' lang='lat' dir='ltr'><strong>is</strong></span> <span class='ocrx_word' id='word_1_594' title='bbox 3349 3232 3585 3298; x_wconf 87' lang='lat' dir='ltr'><strong>corporis</strong></span> 
     </span>
    </p>
   </div>
   <div class='ocr_carea' id='block_1_64' title="bbox 329 3313 1904 3385">
    <p class='ocr_par' dir='ltr' id='par_1_64' title="bbox 329 3313 1904 3385">
     <span class='ocr_line' id='line_1_64' title="bbox 329 3313 1904 3385; baseline 0 -18"><span class='ocrx_word' id='word_1_595' title='bbox 329 3314 458 3382; x_wconf 83' lang='lat' dir='ltr'><strong>Quis</strong></span> <span class='ocrx_word' id='word_1_596' title='bbox 506 3316 672 3385; x_wconf 87' lang='lat' dir='ltr'><strong>major</strong></span> <span class='ocrx_word' id='word_1_597' title='bbox 700 3323 775 3368; x_wconf 83' lang='lat' dir='ltr'><strong>est</strong></span> <span class='ocrx_word' id='word_1_598' title='bbox 819 3317 872 3367; x_wconf 83' lang='lat' dir='ltr'><strong>in</strong></span> <span class='ocrx_word' id='word_1_599' title='bbox 916 3331 1074 3384; x_wconf 84' lang='lat' dir='ltr'><strong>regno</strong></span> <span class='ocrx_word' id='word_1_600' title='bbox 1117 3315 1419 3369; x_wconf 84' lang='lat' dir='ltr'><strong>caelorum?</strong></span> <span class='ocrx_word' id='word_1_601' title='bbox 1473 3333 1490 3365; x_wconf 78' lang='grc' dir='ltr'><strong>ι</strong></span> <span class='ocrx_word' id='word_1_602' title='bbox 1527 3313 1646 3368; x_wconf 84' lang='lat' dir='ltr'><strong>Edit</strong></span> <span class='ocrx_word' id='word_1_603' title='bbox 1675 3313 1810 3381; x_wconf 88' lang='lat' dir='ltr'><strong>apud</strong></span> <span class='ocrx_word' id='word_1_604' title='bbox 1850 3313 1904 3367; x_wconf 90' lang='lat' dir='ltr'><strong>S.</strong></span> 
     </span>
    </p>
   </div>
   <div class='ocr_carea' id='block_1_65' title="bbox 322 3402 1905 3473">
    <p class='ocr_par' dir='ltr' id='par_1_65' title="bbox 322 3402 1905 3473">
     <span class='ocr_line' id='line_1_65' title="bbox 322 3402 1905 3473; baseline -0.004 -11"><span class='ocrx_word' id='word_1_605' title='bbox 322 3407 611 3462; x_wconf 70' lang='lat' dir='ltr'><strong>Maximum</strong></span> <span class='ocrx_word' id='word_1_606' title='bbox 633 3446 650 3473; x_wconf 90' lang='lat'><strong>,</strong></span> <span class='ocrx_word' id='word_1_607' title='bbox 683 3405 788 3459; x_wconf 84' lang='lat' dir='ltr'><strong>eol.</strong></span> <span class='ocrx_word' id='word_1_608' title='bbox 810 3405 936 3459; x_wconf 73' lang='lat'><strong>285.</strong></span> <span class='ocrx_word' id='word_1_609' title='bbox 971 3406 1088 3462; x_wconf 86' lang='lat' dir='ltr'><strong>F01.</strong></span> <span class='ocrx_word' id='word_1_610' title='bbox 1121 3406 1212 3460; x_wconf 88' lang='lat' dir='ltr'><strong>cit.</strong></span> <span class='ocrx_word' id='word_1_611' title='bbox 1260 3419 1440 3468; x_wconf 82' lang='lat' dir='ltr'><strong>verso,</strong></span> <span class='ocrx_word' id='word_1_612' title='bbox 1476 3419 1617 3458; x_wconf 75' lang='lat' dir='ltr'><strong>xum</strong></span> <span class='ocrx_word' id='word_1_613' title='bbox 1651 3419 1664 3456; x_wconf 93' lang='lat'><strong>:</strong></span> <span class='ocrx_word' id='word_1_614' title='bbox 1705 3422 1723 3454; x_wconf 84' lang='grc' dir='ltr'><strong>ι</strong></span> <span class='ocrx_word' id='word_1_615' title='bbox 1762 3402 1905 3472; x_wconf 89' lang='lat' dir='ltr'><strong>lncp.</strong></span> 
     </span>
    </p>
   </div>
   <div class='ocr_carea' id='block_1_66' title="bbox 321 3494 1906 3565">
    <p class='ocr_par' dir='ltr' id='par_1_66' title="bbox 321 3494 1906 3565">
     <span class='ocr_line' id='line_1_66' title="bbox 321 3494 1906 3565; baseline -0.004 -13"><span class='ocrx_word' id='word_1_616' title='bbox 321 3498 394 3553; x_wconf 90' lang='lat' dir='ltr'><strong>de</strong></span> <span class='ocrx_word' id='word_1_617' title='bbox 421 3497 627 3553; x_wconf 85' lang='lat' dir='ltr'><strong>duabus</strong></span> <span class='ocrx_word' id='word_1_618' title='bbox 666 3495 925 3550; x_wconf 88' lang='lat' dir='ltr'><strong>naniculis</strong></span> <span class='ocrx_word' id='word_1_619' title='bbox 956 3497 1008 3549; x_wconf 92' lang='lat' dir='ltr'><strong>in</strong></span> <span class='ocrx_word' id='word_1_620' title='bbox 1057 3496 1368 3565; x_wconf 79' lang='lat' dir='ltr'><strong>Euangelio.</strong></span> <span class='ocrx_word' id='word_1_621' title='bbox 1407 3513 1424 3544; x_wconf 78' lang='grc' dir='ltr'><strong>ι</strong></span> <span class='ocrx_word' id='word_1_622' title='bbox 1462 3495 1600 3549; x_wconf 78' lang='grc' dir='ltr'><strong>Εὼι.</strong></span> <span class='ocrx_word' id='word_1_623' title='bbox 1636 3494 1724 3548; x_wconf 83' lang='grc' dir='ltr'><strong>ιιὺί</strong></span> <span class='ocrx_word' id='word_1_624' title='bbox 1763 3509 1906 3563; x_wconf 90' lang='lat' dir='ltr'><strong>sup.,</strong></span> 
     </span>
    </p>
   </div>
   <div class='ocr_carea' id='block_1_67' title="bbox 322 3585 1908 3655">
    <p class='ocr_par' dir='ltr' id='par_1_67' title="bbox 322 3585 1908 3655">
     <span class='ocr_line' id='line_1_67' title="bbox 322 3585 1908 3655; baseline -0.005 -7"><span class='ocrx_word' id='word_1_625' title='bbox 322 3592 433 3648; x_wconf 88' lang='lat' dir='ltr'><strong>col.</strong></span> <span class='ocrx_word' id='word_1_626' title='bbox 456 3591 583 3646; x_wconf 83' lang='lat'><strong>659.</strong></span> <span class='ocrx_word' id='word_1_627' title='bbox 610 3588 727 3644; x_wconf 84' lang='lat' dir='ltr'><strong>Fol.</strong></span> <span class='ocrx_word' id='word_1_628' title='bbox 760 3589 861 3645; x_wconf 85' lang='lat'><strong>159</strong></span> <span class='ocrx_word' id='word_1_629' title='bbox 890 3602 1078 3654; x_wconf 83' lang='lat' dir='ltr'><strong>verso,</strong></span> <span class='ocrx_word' id='word_1_630' title='bbox 1130 3603 1316 3642; x_wconf 72' lang='lat' dir='ltr'><strong>xum.</strong></span> <span class='ocrx_word' id='word_1_631' title='bbox 1355 3605 1372 3637; x_wconf 82' lang='grc' dir='ltr'><strong>ι</strong></span> <span class='ocrx_word' id='word_1_632' title='bbox 1414 3587 1559 3655; x_wconf 88' lang='lat' dir='ltr'><strong>lncp.</strong></span> <span class='ocrx_word' id='word_1_633' title='bbox 1592 3586 1659 3643; x_wconf 90' lang='lat' dir='ltr'><strong>de</strong></span> <span class='ocrx_word' id='word_1_634' title='bbox 1700 3585 1908 3641; x_wconf 91' lang='lat' dir='ltr'><strong>ieiuniis</strong></span> 
     </span>
    </p>
   </div>
   <div class='ocr_carea' id='block_1_68' title="bbox 331 3677 1906 3749">
    <p class='ocr_par' dir='ltr' id='par_1_68' title="bbox 331 3677 1906 3749">
     <span class='ocr_line' id='line_1_68' title="bbox 331 3677 1906 3749; baseline -0.004 -14"><span class='ocrx_word' id='word_1_635' title='bbox 331 3683 418 3738; x_wconf 75' lang='lat' dir='ltr'><strong>vel</strong></span> <span class='ocrx_word' id='word_1_636' title='bbox 446 3688 628 3738; x_wconf 73' lang='lat' dir='ltr'><strong>sancta</strong></span> <span class='ocrx_word' id='word_1_637' title='bbox 657 3679 1090 3749; x_wconf 72' lang='lat' dir='ltr'><strong>Quadragesima.</strong></span> <span class='ocrx_word' id='word_1_638' title='bbox 1123 3697 1141 3730; x_wconf 67' lang='grc' dir='ltr'><strong>ι</strong></span> <span class='ocrx_word' id='word_1_639' title='bbox 1178 3679 1318 3734; x_wconf 86' lang='lat' dir='ltr'><strong>Edit.</strong></span> <span class='ocrx_word' id='word_1_640' title='bbox 1361 3678 1450 3732; x_wconf 91' lang='lat' dir='ltr'><strong>ubi</strong></span> <span class='ocrx_word' id='word_1_641' title='bbox 1481 3691 1625 3746; x_wconf 87' lang='lat' dir='ltr'><strong>sup.,</strong></span> <span class='ocrx_word' id='word_1_642' title='bbox 1652 3678 1754 3730; x_wconf 87' lang='lat' dir='ltr'><strong>eol.</strong></span> <span class='ocrx_word' id='word_1_643' title='bbox 1783 3677 1906 3731; x_wconf 71' lang='lat'><strong>461.</strong></span> 
     </span>
    </p>
   </div>
   <div class='ocr_carea' id='block_1_69' title="bbox 331 3767 1908 3838">
    <p class='ocr_par' dir='ltr' id='par_1_69' title="bbox 331 3767 1908 3838">
     <span class='ocr_line' id='line_1_69' title="bbox 331 3767 1908 3838; baseline -0.004 -10"><span class='ocrx_word' id='word_1_644' title='bbox 331 3771 452 3828; x_wconf 83' lang='lat' dir='ltr'><strong>Fel.</strong></span> <span class='ocrx_word' id='word_1_645' title='bbox 486 3771 590 3826; x_wconf 85' lang='lat'><strong>160</strong></span> <span class='ocrx_word' id='word_1_646' title='bbox 615 3779 781 3837; x_wconf 84' lang='lat' dir='ltr'><strong>recto,</strong></span> <span class='ocrx_word' id='word_1_647' title='bbox 813 3779 992 3823; x_wconf 80' lang='lat' dir='ltr'><strong>vanu</strong></span> <span class='ocrx_word' id='word_1_648' title='bbox 1021 3785 1036 3825; x_wconf 85' lang='lat'><strong>:</strong></span> <span class='ocrx_word' id='word_1_649' title='bbox 1070 3788 1088 3819; x_wconf 76' lang='grc' dir='ltr'><strong>ι</strong></span> <span class='ocrx_word' id='word_1_650' title='bbox 1123 3769 1264 3838; x_wconf 91' lang='lat' dir='ltr'><strong>lncp.</strong></span> <span class='ocrx_word' id='word_1_651' title='bbox 1298 3769 1366 3825; x_wconf 86' lang='lat' dir='ltr'><strong>de</strong></span> <span class='ocrx_word' id='word_1_652' title='bbox 1397 3768 1594 3822; x_wconf 89' lang='lat' dir='ltr'><strong>ieiunio</strong></span> <span class='ocrx_word' id='word_1_653' title='bbox 1626 3767 1833 3821; x_wconf 90' lang='lat' dir='ltr'><strong>Domini</strong></span> <span class='ocrx_word' id='word_1_654' title='bbox 1857 3770 1908 3821; x_wconf 94' lang='lat' dir='ltr'><strong>in</strong></span> 
     </span>
    </p>
   </div>
   <div class='ocr_carea' id='block_1_70' title="bbox 325 3857 1906 3931">
    <p class='ocr_par' dir='ltr' id='par_1_70' title="bbox 325 3857 1906 3931">
     <span class='ocr_line' id='line_1_70' title="bbox 325 3857 1906 3931; baseline -0.004 -12"><span class='ocrx_word' id='word_1_655' title='bbox 325 3863 566 3928; x_wconf 72' lang='lat' dir='ltr'><strong>daserto,</strong></span> <span class='ocrx_word' id='word_1_656' title='bbox 605 3871 659 3916; x_wconf 83' lang='lat' dir='ltr'><strong>et</strong></span> <span class='ocrx_word' id='word_1_657' title='bbox 685 3861 823 3931; x_wconf 88' lang='lat' dir='ltr'><strong>quod</strong></span> <span class='ocrx_word' id='word_1_658' title='bbox 851 3861 1026 3914; x_wconf 82' lang='lat' dir='ltr'><strong>nonin</strong></span> <span class='ocrx_word' id='word_1_659' title='bbox 1048 3859 1156 3913; x_wconf 87' lang='lat' dir='ltr'><strong>solo</strong></span> <span class='ocrx_word' id='word_1_660' title='bbox 1189 3876 1318 3928; x_wconf 82' lang='lat' dir='ltr'><strong>pane</strong></span> <span class='ocrx_word' id='word_1_661' title='bbox 1346 3859 1473 3912; x_wconf 86' lang='lat' dir='ltr'><strong>uiuit</strong></span> <span class='ocrx_word' id='word_1_662' title='bbox 1506 3862 1675 3913; x_wconf 76' lang='lat' dir='ltr'><strong>homo.</strong></span> <span class='ocrx_word' id='word_1_663' title='bbox 1711 3877 1727 3905; x_wconf 79' lang='grc' dir='ltr'><strong>ι</strong></span> <span class='ocrx_word' id='word_1_664' title='bbox 1766 3857 1906 3912; x_wconf 82' lang='lat' dir='ltr'><strong>Ed:t.</strong></span> 
     </span>
    </p>
   </div>
   <div class='ocr_carea' id='block_1_71' title="bbox 327 3950 1909 4025">
    <p class='ocr_par' dir='ltr' id='par_1_71' title="bbox 327 3950 1909 4025">
     <span class='ocr_line' id='line_1_71' title="bbox 327 3950 1909 4025; baseline -0.004 -13"><span class='ocrx_word' id='word_1_665' title='bbox 327 3957 417 4012; x_wconf 90' lang='lat' dir='ltr'><strong>ubi</strong></span> <span class='ocrx_word' id='word_1_666' title='bbox 445 3971 590 4025; x_wconf 89' lang='lat' dir='ltr'><strong>sup.,</strong></span> <span class='ocrx_word' id='word_1_667' title='bbox 614 3955 718 4009; x_wconf 83' lang='lat' dir='ltr'><strong>col.</strong></span> <span class='ocrx_word' id='word_1_668' title='bbox 743 3953 865 4008; x_wconf 74' lang='lat'><strong>455.</strong></span> <span class='ocrx_word' id='word_1_669' title='bbox 898 3954 1014 4010; x_wconf 59' lang='grc' dir='ltr'><strong>[θυι.</strong></span> <span class='ocrx_word' id='word_1_670' title='bbox 1042 3951 1136 4006; x_wconf 92' lang='grc'><strong>161</strong></span> <span class='ocrx_word' id='word_1_671' title='bbox 1184 3960 1352 4018; x_wconf 87' lang='lat' dir='ltr'><strong>recto,</strong></span> <span class='ocrx_word' id='word_1_672' title='bbox 1386 3969 1414 4005; x_wconf 76' lang='grc' dir='ltr'><strong>ι.</strong></span> <span class='ocrx_word' id='word_1_673' title='bbox 1439 3970 1450 4004; x_wconf 92' lang='lat'>:</span> <span class='ocrx_word' id='word_1_674' title='bbox 1484 3971 1499 4002; x_wconf 85' lang='grc' dir='ltr'><strong>ι</strong></span> <span class='ocrx_word' id='word_1_675' title='bbox 1527 3950 1653 4006; x_wconf 81' lang='lat' dir='ltr'><strong>Item</strong></span> <span class='ocrx_word' id='word_1_676' title='bbox 1681 3965 1909 4021; x_wconf 63' lang='lat' dir='ltr'><strong>sequeno</strong></span> 
     </span>
    </p>
   </div>
   <div class='ocr_carea' id='block_1_72' title="bbox 328 4042 1907 4112">
    <p class='ocr_par' dir='ltr' id='par_1_72' title="bbox 328 4042 1907 4112">
     <span class='ocr_line' id='line_1_72' title="bbox 328 4042 1907 4112; baseline -0.005 -12"><span class='ocrx_word' id='word_1_677' title='bbox 328 4049 403 4101; x_wconf 80' lang='lat' dir='ltr'><strong>tix</strong></span> <span class='ocrx_word' id='word_1_678' title='bbox 426 4046 492 4100; x_wconf 90' lang='lat' dir='ltr'><strong>de</strong></span> <span class='ocrx_word' id='word_1_679' title='bbox 526 4045 736 4099; x_wconf 76' lang='lat' dir='ltr'><strong>ieiuniis</strong></span> <span class='ocrx_word' id='word_1_680' title='bbox 763 4042 1233 4112; x_wconf 74' lang='lat' dir='ltr'><strong>Quadragesimae.</strong></span> <span class='ocrx_word' id='word_1_681' title='bbox 1272 4062 1290 4094; x_wconf 74' lang='grc' dir='ltr'><strong>ι</strong></span> <span class='ocrx_word' id='word_1_682' title='bbox 1325 4042 1463 4097; x_wconf 84' lang='lat' dir='ltr'><strong>Edit.</strong></span> <span class='ocrx_word' id='word_1_683' title='bbox 1507 4045 1593 4098; x_wconf 89' lang='lat' dir='ltr'><strong>ubi</strong></span> <span class='ocrx_word' id='word_1_684' title='bbox 1626 4056 1767 4111; x_wconf 88' lang='lat' dir='ltr'><strong>sup.,</strong></span> <span class='ocrx_word' id='word_1_685' title='bbox 1800 4042 1907 4095; x_wconf 93' lang='lat' dir='ltr'><strong>col.</strong></span> 
     </span>
    </p>
   </div>
   <div class='ocr_carea' id='block_1_73' title="bbox 329 4134 1904 4204">
    <p class='ocr_par' dir='ltr' id='par_1_73' title="bbox 329 4134 1904 4204">
     <span class='ocr_line' id='line_1_73' title="bbox 329 4134 1904 4204; baseline -0.004 -10"><span class='ocrx_word' id='word_1_686' title='bbox 329 4138 454 4194; x_wconf 69' lang='grc'><strong>165.</strong></span> <span class='ocrx_word' id='word_1_687' title='bbox 482 4137 712 4192; x_wconf 81' lang='lat' dir='ltr'><strong>Fol.cit.</strong></span> <span class='ocrx_word' id='word_1_688' title='bbox 756 4146 939 4204; x_wconf 67' lang='lat' dir='ltr'><strong>verso,</strong></span> <span class='ocrx_word' id='word_1_689' title='bbox 984 4146 1054 4189; x_wconf 81' lang='lat' dir='ltr'><strong>LI.</strong></span> <span class='ocrx_word' id='word_1_690' title='bbox 1096 4156 1111 4186; x_wconf 80' lang='grc' dir='ltr'><strong>ι</strong></span> <span class='ocrx_word' id='word_1_691' title='bbox 1155 4135 1300 4204; x_wconf 89' lang='lat' dir='ltr'><strong>lncp.</strong></span> <span class='ocrx_word' id='word_1_692' title='bbox 1331 4136 1396 4190; x_wconf 89' lang='lat' dir='ltr'><strong>de</strong></span> <span class='ocrx_word' id='word_1_693' title='bbox 1439 4135 1661 4190; x_wconf 74' lang='lat' dir='ltr'><strong>Pascha.</strong></span> <span class='ocrx_word' id='word_1_694' title='bbox 1701 4155 1719 4185; x_wconf 72' lang='grc' dir='ltr'><strong>ι</strong></span> <span class='ocrx_word' id='word_1_695' title='bbox 1764 4134 1904 4189; x_wconf 87' lang='lat' dir='ltr'><strong>Edit.</strong></span> 
     </span>
    </p>
   </div>
   <div class='ocr_carea' id='block_1_74' title="bbox 330 4220 1909 4298">
    <p class='ocr_par' dir='ltr' id='par_1_74' title="bbox 330 4220 1909 4298">
     <span class='ocr_line' id='line_1_74' title="bbox 330 4220 1909 4298; baseline -0.002 -14"><span class='ocrx_word' id='word_1_696' title='bbox 330 4230 424 4284; x_wconf 88' lang='lat' dir='ltr'><strong>ubi</strong></span> <span class='ocrx_word' id='word_1_697' title='bbox 451 4245 595 4298; x_wconf 88' lang='lat' dir='ltr'><strong>sup.,</strong></span> <span class='ocrx_word' id='word_1_698' title='bbox 629 4228 732 4283; x_wconf 84' lang='lat' dir='ltr'><strong>col.</strong></span> <span class='ocrx_word' id='word_1_699' title='bbox 785 4227 906 4282; x_wconf 90' lang='grc'><strong>179.</strong></span> <span class='ocrx_word' id='word_1_700' title='bbox 954 4226 1068 4281; x_wconf 86' lang='lat' dir='ltr'><strong>Fol.</strong></span> <span class='ocrx_word' id='word_1_701' title='bbox 1101 4224 1202 4281; x_wconf 72' lang='lat'><strong>162</strong></span> <span class='ocrx_word' id='word_1_702' title='bbox 1232 4220 1408 4290; x_wconf 78' lang='lat' dir='ltr'><strong>v&#39;erso,</strong></span> <span class='ocrx_word' id='word_1_703' title='bbox 1444 4242 1510 4280; x_wconf 77' lang='grc' dir='ltr'><strong>ιιι</strong></span> <span class='ocrx_word' id='word_1_704' title='bbox 1548 4245 1558 4277; x_wconf 89' lang='lat'>:</span> <span class='ocrx_word' id='word_1_705' title='bbox 1604 4245 1620 4278; x_wconf 88' lang='grc' dir='ltr'><strong>ι</strong></span> <span class='ocrx_word' id='word_1_706' title='bbox 1656 4227 1782 4280; x_wconf 87' lang='lat' dir='ltr'><strong>Item</strong></span> <span class='ocrx_word' id='word_1_707' title='bbox 1827 4241 1909 4281; x_wconf 89' lang='lat' dir='ltr'><strong>se-</strong></span> 
     </span>
    </p>
   </div>
   <div class='ocr_carea' id='block_1_75' title="bbox 329 4312 1906 4392">
    <p class='ocr_par' dir='ltr' id='par_1_75' title="bbox 329 4312 1906 4392">
     <span class='ocr_line' id='line_1_75' title="bbox 329 4312 1906 4392; baseline -0.004 -16"><span class='ocrx_word' id='word_1_708' title='bbox 329 4325 547 4392; x_wconf 81' lang='lat' dir='ltr'><strong>quentia</strong></span> <span class='ocrx_word' id='word_1_709' title='bbox 598 4321 664 4375; x_wconf 86' lang='lat' dir='ltr'><strong>de</strong></span> <span class='ocrx_word' id='word_1_710' title='bbox 689 4327 931 4374; x_wconf 86' lang='lat' dir='ltr'><strong>san&#39;ctum</strong></span> <span class='ocrx_word' id='word_1_711' title='bbox 961 4318 1083 4388; x_wconf 64' lang='lat' dir='ltr'><strong>(sic)</strong></span> <span class='ocrx_word' id='word_1_712' title='bbox 1119 4312 1368 4373; x_wconf 79' lang='lat' dir='ltr'><strong>Paschae.</strong></span> <span class='ocrx_word' id='word_1_713' title='bbox 1413 4337 1432 4369; x_wconf 74' lang='grc' dir='ltr'><strong>ι</strong></span> <span class='ocrx_word' id='word_1_714' title='bbox 1472 4318 1612 4372; x_wconf 87' lang='lat' dir='ltr'><strong>Edit.</strong></span> <span class='ocrx_word' id='word_1_715' title='bbox 1644 4318 1729 4371; x_wconf 88' lang='lat' dir='ltr'><strong>ubi</strong></span> <span class='ocrx_word' id='word_1_716' title='bbox 1758 4333 1906 4386; x_wconf 88' lang='lat' dir='ltr'><strong>sup.,</strong></span> 
     </span>
    </p>
   </div>
   <div class='ocr_carea' id='block_1_76' title="bbox 328 4408 1906 4477">
    <p class='ocr_par' dir='ltr' id='par_1_76' title="bbox 328 4408 1906 4477">
     <span class='ocr_line' id='line_1_76' title="bbox 328 4408 1906 4477; baseline -0.003 -10"><span class='ocrx_word' id='word_1_717' title='bbox 328 4414 438 4469; x_wconf 90' lang='lat' dir='ltr'><strong>col.</strong></span> <span class='ocrx_word' id='word_1_718' title='bbox 467 4412 587 4467; x_wconf 84' lang='grc'><strong>181.</strong></span> <span class='ocrx_word' id='word_1_719' title='bbox 623 4411 734 4465; x_wconf 82' lang='lat' dir='ltr'><strong>Fol.</strong></span> <span class='ocrx_word' id='word_1_720' title='bbox 769 4411 856 4464; x_wconf 87' lang='lat' dir='ltr'><strong>cit.</strong></span> <span class='ocrx_word' id='word_1_721' title='bbox 903 4422 992 4464; x_wconf 75' lang='lat' dir='ltr'><strong>un</strong></span> <span class='ocrx_word' id='word_1_722' title='bbox 1031 4408 1198 4464; x_wconf 70' lang='lat' dir='ltr'><strong>:ltetn</strong></span> <span class='ocrx_word' id='word_1_723' title='bbox 1245 4410 1540 4477; x_wconf 85' lang='lat' dir='ltr'><strong>sequentia.</strong></span> <span class='ocrx_word' id='word_1_724' title='bbox 1585 4429 1600 4460; x_wconf 77' lang='grc' dir='ltr'><strong>ι</strong></span> <span class='ocrx_word' id='word_1_725' title='bbox 1636 4409 1775 4463; x_wconf 85' lang='lat' dir='ltr'><strong>Edit.</strong></span> <span class='ocrx_word' id='word_1_726' title='bbox 1819 4409 1906 4462; x_wconf 85' lang='lat' dir='ltr'><strong>ubi</strong></span> 
     </span>
    </p>
   </div>
   <div class='ocr_carea' id='block_1_77' title="bbox 329 4489 1904 4573">
    <p class='ocr_par' dir='ltr' id='par_1_77' title="bbox 329 4489 1904 4573">
     <span class='ocr_line' id='line_1_77' title="bbox 329 4489 1904 4573; baseline -0.004 -14"><span class='ocrx_word' id='word_1_727' title='bbox 329 4519 472 4573; x_wconf 87' lang='lat' dir='ltr'><strong>sup.,</strong></span> <span class='ocrx_word' id='word_1_728' title='bbox 505 4503 610 4558; x_wconf 90' lang='lat' dir='ltr'><strong>col.</strong></span> <span class='ocrx_word' id='word_1_729' title='bbox 641 4502 760 4557; x_wconf 78' lang='lat'><strong>185.</strong></span> <span class='ocrx_word' id='word_1_730' title='bbox 797 4493 912 4555; x_wconf 76' lang='lat' dir='ltr'><strong>F01.</strong></span> <span class='ocrx_word' id='word_1_731' title='bbox 942 4489 1046 4557; x_wconf 71' lang='lat'><strong>165</strong></span> <span class='ocrx_word' id='word_1_732' title='bbox 1067 4505 1233 4566; x_wconf 85' lang='lat' dir='ltr'><strong>i&#39;ecto,</strong></span> <span class='ocrx_word' id='word_1_733' title='bbox 1269 4501 1349 4554; x_wconf 76' lang='lat' dir='ltr'><strong>Liv</strong></span> <span class='ocrx_word' id='word_1_734' title='bbox 1376 4519 1387 4554; x_wconf 89' lang='lat'><strong>:</strong></span> <span class='ocrx_word' id='word_1_735' title='bbox 1426 4519 1442 4551; x_wconf 83' lang='grc' dir='ltr'><strong>ι</strong></span> <span class='ocrx_word' id='word_1_736' title='bbox 1484 4501 1626 4568; x_wconf 88' lang='lat' dir='ltr'><strong>lncp.</strong></span> <span class='ocrx_word' id='word_1_737' title='bbox 1673 4500 1739 4554; x_wconf 88' lang='lat' dir='ltr'><strong>de</strong></span> <span class='ocrx_word' id='word_1_738' title='bbox 1770 4501 1904 4555; x_wconf 84' lang='lat' dir='ltr'><strong>Pen-</strong></span> 
     </span>
    </p>
   </div>
   <div class='ocr_carea' id='block_1_78' title="bbox 2015 3313 3586 3388">
    <p class='ocr_par' dir='ltr' id='par_1_78' title="bbox 2015 3313 3586 3388">
     <span class='ocr_line' id='line_1_78' title="bbox 2015 3313 3586 3388; baseline 0.003 -20"><span class='ocrx_word' id='word_1_739' title='bbox 2015 3313 2299 3382; x_wconf 78' lang='lat' dir='ltr'><strong>obligatnm</strong></span> <span class='ocrx_word' id='word_1_740' title='bbox 2327 3355 2343 3378; x_wconf 89' lang='lat'><strong>,</strong></span> <span class='ocrx_word' id='word_1_741' title='bbox 2375 3331 2479 3368; x_wconf 89' lang='lat' dir='ltr'><strong>non</strong></span> <span class='ocrx_word' id='word_1_742' title='bbox 2527 3331 2745 3383; x_wconf 71' lang='lat' dir='ltr'><strong>po~sum</strong></span> <span class='ocrx_word' id='word_1_743' title='bbox 2791 3317 3002 3383; x_wconf 85' lang='lat' dir='ltr'><strong>dicere,</strong></span> <span class='ocrx_word' id='word_1_744' title='bbox 3050 3329 3303 3388; x_wconf 89' lang='lat' dir='ltr'><strong>quantum</strong></span> <span class='ocrx_word' id='word_1_745' title='bbox 3335 3321 3586 3388; x_wconf 83' lang='lat' dir='ltr'><strong>splendor</strong></span> 
     </span>
    </p>
   </div>
   <div class='ocr_carea' id='block_1_79' title="bbox 2014 3405 3581 3479">
    <p class='ocr_par' dir='ltr' id='par_1_79' title="bbox 2014 3405 3581 3479">
     <span class='ocr_line' id='line_1_79' title="bbox 2014 3405 3581 3479; baseline 0.005 -22"><span class='ocrx_word' id='word_1_746' title='bbox 2014 3405 2176 3458; x_wconf 88' lang='lat' dir='ltr'><strong>animi</strong></span> <span class='ocrx_word' id='word_1_747' title='bbox 2201 3409 2361 3460; x_wconf 85' lang='lat' dir='ltr'><strong>uestri</strong></span> <span class='ocrx_word' id='word_1_748' title='bbox 2389 3407 2618 3461; x_wconf 84' lang='lat' dir='ltr'><strong>delectat</strong></span> <span class='ocrx_word' id='word_1_749' title='bbox 2641 3407 2855 3473; x_wconf 78' lang='lat' dir='ltr'><strong>aurl&#39;re;</strong></span> <span class='ocrx_word' id='word_1_750' title='bbox 2891 3418 3065 3462; x_wconf 85' lang='lat' dir='ltr'><strong>tamen</strong></span> <span class='ocrx_word' id='word_1_751' title='bbox 3097 3410 3400 3479; x_wconf 79' lang='lat' dir='ltr'><strong>adgredior,</strong></span> <span class='ocrx_word' id='word_1_752' title='bbox 3433 3430 3450 3461; x_wconf 79' lang='grc' dir='ltr'><strong>ι</strong></span> <span class='ocrx_word' id='word_1_753' title='bbox 3479 3421 3581 3465; x_wconf 76' lang='lat' dir='ltr'><strong>etc.</strong></span> 
     </span>
    </p>
   </div>
   <div class='ocr_carea' id='block_1_80' title="bbox 2014 3495 3585 3567">
    <p class='ocr_par' dir='ltr' id='par_1_80' title="bbox 2014 3495 3585 3567">
     <span class='ocr_line' id='line_1_80' title="bbox 2014 3495 3585 3567; baseline 0.003 -16"><span class='ocrx_word' id='word_1_754' title='bbox 2014 3495 2130 3551; x_wconf 86' lang='lat' dir='ltr'><strong>Fol.</strong></span> <span class='ocrx_word' id='word_1_755' title='bbox 2187 3498 2289 3551; x_wconf 77' lang='lat'><strong>172</strong></span> <span class='ocrx_word' id='word_1_756' title='bbox 2332 3507 2502 3562; x_wconf 75' lang='lat' dir='ltr'><strong>recto,</strong></span> <span class='ocrx_word' id='word_1_757' title='bbox 2547 3514 2691 3552; x_wconf 71' lang='lat' dir='ltr'><strong>nm</strong></span> <span class='ocrx_word' id='word_1_758' title='bbox 2721 3541 2733 3552; x_wconf 95' lang='lat'><strong>.</strong></span> <span class='ocrx_word' id='word_1_759' title='bbox 2772 3518 2789 3550; x_wconf 85' lang='grc' dir='ltr'><strong>ι</strong></span> <span class='ocrx_word' id='word_1_760' title='bbox 2840 3499 2984 3567; x_wconf 77' lang='lat' dir='ltr'><strong>lncp.</strong></span> <span class='ocrx_word' id='word_1_761' title='bbox 3027 3500 3094 3554; x_wconf 90' lang='lat' dir='ltr'><strong>de</strong></span> <span class='ocrx_word' id='word_1_762' title='bbox 3139 3501 3360 3555; x_wconf 83' lang='lat' dir='ltr'><strong>decimis</strong></span> <span class='ocrx_word' id='word_1_763' title='bbox 3407 3516 3585 3555; x_wconf 86' lang='lat' dir='ltr'><strong>sermo</strong></span> 
     </span>
    </p>
   </div>
   <div class='ocr_carea' id='block_1_81' title="bbox 2013 3590 3583 3662">
    <p class='ocr_par' dir='ltr' id='par_1_81' title="bbox 2013 3590 3583 3662">
     <span class='ocr_line' id='line_1_81' title="bbox 2013 3590 3583 3662; baseline 0.001 -18"><span class='ocrx_word' id='word_1_764' title='bbox 2013 3590 2272 3645; x_wconf 89' lang='lat' dir='ltr'><strong>eiusdem.</strong></span> <span class='ocrx_word' id='word_1_765' title='bbox 2309 3609 2324 3639; x_wconf 78' lang='grc' dir='ltr'><strong>ι</strong></span> <span class='ocrx_word' id='word_1_766' title='bbox 2360 3590 2480 3644; x_wconf 83' lang='lat' dir='ltr'><strong>Edit</strong></span> <span class='ocrx_word' id='word_1_767' title='bbox 2522 3591 2570 3643; x_wconf 90' lang='lat' dir='ltr'><strong>in</strong></span> <span class='ocrx_word' id='word_1_768' title='bbox 2614 3592 2842 3659; x_wconf 84' lang='lat' dir='ltr'><strong>append.</strong></span> <span class='ocrx_word' id='word_1_769' title='bbox 2879 3603 3006 3646; x_wconf 93' lang='lat' dir='ltr'><strong>tom.</strong></span> <span class='ocrx_word' id='word_1_770' title='bbox 3037 3590 3101 3656; x_wconf 78' lang='grc' dir='ltr'><strong>ν,</strong></span> <span class='ocrx_word' id='word_1_771' title='bbox 3129 3594 3231 3647; x_wconf 90' lang='lat' dir='ltr'><strong>col.</strong></span> <span class='ocrx_word' id='word_1_772' title='bbox 3264 3593 3388 3658; x_wconf 69' lang='lat'><strong>460,</strong></span> <span class='ocrx_word' id='word_1_773' title='bbox 3418 3609 3444 3644; x_wconf 89' lang='lat' dir='ltr'><strong>a</strong></span> <span class='ocrx_word' id='word_1_774' title='bbox 3476 3611 3583 3662; x_wconf 70' lang='lat' dir='ltr'><strong>qu-t</strong></span> 
     </span>
    </p>
   </div>
   <div class='ocr_carea' id='block_1_82' title="bbox 2015 3682 3582 3772">
    <p class='ocr_par' dir='ltr' id='par_1_82' title="bbox 2015 3682 3582 3772">
     <span class='ocr_line' id='line_1_82' title="bbox 2015 3682 3582 3772; baseline 0 -34"><span class='ocrx_word' id='word_1_775' title='bbox 2015 3692 2189 3738; x_wconf 87' lang='lat' dir='ltr'><strong>tamen</strong></span> <span class='ocrx_word' id='word_1_776' title='bbox 2220 3682 2394 3736; x_wconf 75' lang='lat' dir='ltr'><strong>dim-rt</strong></span> <span class='ocrx_word' id='word_1_777' title='bbox 2428 3683 2480 3736; x_wconf 91' lang='lat' dir='ltr'><strong>in</strong></span> <span class='ocrx_word' id='word_1_778' title='bbox 2523 3683 2812 3772; x_wconf 68' lang='lat' dir='ltr'><strong>npnuullis.</strong></span> <span class='ocrx_word' id='word_1_779' title='bbox 2857 3682 2970 3737; x_wconf 88' lang='lat' dir='ltr'><strong>Fol.</strong></span> <span class='ocrx_word' id='word_1_780' title='bbox 3021 3683 3121 3738; x_wconf 81' lang='lat'><strong>175</strong></span> <span class='ocrx_word' id='word_1_781' title='bbox 3168 3694 3344 3748; x_wconf 81' lang='lat' dir='ltr'><strong>rrcto,</strong></span> <span class='ocrx_word' id='word_1_782' title='bbox 3385 3701 3582 3739; x_wconf 72' lang='lat' dir='ltr'><strong>urm:</strong></span> 
     </span>
    </p>
   </div>
   <div class='ocr_carea' id='block_1_83' title="bbox 2019 3773 3584 3845">
    <p class='ocr_par' dir='ltr' id='par_1_83' title="bbox 2019 3773 3584 3845">
     <span class='ocr_line' id='line_1_83' title="bbox 2019 3773 3584 3845; baseline 0.003 -19"><span class='ocrx_word' id='word_1_783' title='bbox 2019 3793 2037 3826; x_wconf 84' lang='grc' dir='ltr'><strong>ι</strong></span> <span class='ocrx_word' id='word_1_784' title='bbox 2079 3773 2205 3828; x_wconf 88' lang='lat' dir='ltr'><strong>Item</strong></span> <span class='ocrx_word' id='word_1_785' title='bbox 2244 3775 2405 3827; x_wconf 90' lang='lat' dir='ltr'><strong>alium</strong></span> <span class='ocrx_word' id='word_1_786' title='bbox 2438 3774 2560 3842; x_wconf 77' lang='lat' dir='ltr'><strong>(sic)</strong></span> <span class='ocrx_word' id='word_1_787' title='bbox 2588 3773 2655 3828; x_wconf 90' lang='lat' dir='ltr'><strong>de</strong></span> <span class='ocrx_word' id='word_1_788' title='bbox 2697 3783 2882 3830; x_wconf 83' lang='lat' dir='ltr'><strong>sancto</strong></span> <span class='ocrx_word' id='word_1_789' title='bbox 2918 3775 3156 3830; x_wconf 83' lang='lat' dir='ltr'><strong>Ilelisseo</strong></span> <span class='ocrx_word' id='word_1_790' title='bbox 3189 3775 3338 3845; x_wconf 85' lang='lat' dir='ltr'><strong>(sic);</strong></span> <span class='ocrx_word' id='word_1_791' title='bbox 3380 3795 3397 3826; x_wconf 75' lang='grc' dir='ltr'><strong>ι</strong></span> <span class='ocrx_word' id='word_1_792' title='bbox 3432 3778 3584 3845; x_wconf 79' lang='lat' dir='ltr'><strong>cujus</strong></span> 
     </span>
    </p>
   </div>
   <div class='ocr_carea' id='block_1_84' title="bbox 2013 3865 3585 3935">
    <p class='ocr_par' dir='ltr' id='par_1_84' title="bbox 2013 3865 3585 3935">
     <span class='ocr_line' id='line_1_84' title="bbox 2013 3865 3585 3935; baseline 0.001 -16"><span class='ocrx_word' id='word_1_793' title='bbox 2013 3865 2218 3920; x_wconf 89' lang='lat' dir='ltr'><strong>initium</strong></span> <span class='ocrx_word' id='word_1_794' title='bbox 2250 3876 2323 3918; x_wconf 74' lang='grc' dir='ltr'><strong>ρει</strong></span> <span class='ocrx_word' id='word_1_795' title='bbox 2364 3883 2374 3918; x_wconf 91' lang='lat'><strong>:</strong></span> <span class='ocrx_word' id='word_1_796' title='bbox 2412 3883 2431 3917; x_wconf 85' lang='lat' dir='ltr'><strong>t</strong></span> <span class='ocrx_word' id='word_1_797' title='bbox 2463 3865 2644 3918; x_wconf 84' lang='lat' dir='ltr'><strong>Dulcis</strong></span> <span class='ocrx_word' id='word_1_798' title='bbox 2672 3865 2906 3918; x_wconf 86' lang='lat' dir='ltr'><strong>insonuit</strong></span> <span class='ocrx_word' id='word_1_799' title='bbox 2936 3867 3152 3918; x_wconf 80' lang='lat' dir='ltr'><strong>auribus</strong></span> <span class='ocrx_word' id='word_1_800' title='bbox 3194 3867 3391 3921; x_wconf 85' lang='lat' dir='ltr'><strong>nostris</strong></span> <span class='ocrx_word' id='word_1_801' title='bbox 3419 3884 3585 3935; x_wconf 88' lang='lat' dir='ltr'><strong>nuper</strong></span> 
     </span>
    </p>
   </div>
   <div class='ocr_carea' id='block_1_85' title="bbox 2013 3956 3584 4026">
    <p class='ocr_par' dir='ltr' id='par_1_85' title="bbox 2013 3956 3584 4026">
     <span class='ocr_line' id='line_1_85' title="bbox 2013 3956 3584 4026; baseline 0.001 -15"><span class='ocrx_word' id='word_1_802' title='bbox 2013 3958 2229 4011; x_wconf 83' lang='lat' dir='ltr'><strong>recitata</strong></span> <span class='ocrx_word' id='word_1_803' title='bbox 2255 3956 2492 4020; x_wconf 84' lang='lat' dir='ltr'><strong>libertas,</strong></span> <span class='ocrx_word' id='word_1_804' title='bbox 2519 3956 2642 4008; x_wconf 93' lang='lat' dir='ltr'><strong>dum</strong></span> <span class='ocrx_word' id='word_1_805' title='bbox 2667 3957 2836 4010; x_wconf 88' lang='lat' dir='ltr'><strong>saeuit</strong></span> <span class='ocrx_word' id='word_1_806' title='bbox 2870 3957 3006 4010; x_wconf 88' lang='lat' dir='ltr'><strong>inter</strong></span> <span class='ocrx_word' id='word_1_807' title='bbox 3030 3972 3124 4011; x_wconf 90' lang='lat' dir='ltr'><strong>nos</strong></span> <span class='ocrx_word' id='word_1_808' title='bbox 3153 3973 3328 4011; x_wconf 82' lang='lat' dir='ltr'><strong>amara</strong></span> <span class='ocrx_word' id='word_1_809' title='bbox 3359 3960 3584 4026; x_wconf 79' lang='lat' dir='ltr'><strong>captiui-</strong></span> 
     </span>
    </p>
   </div>
   <div class='ocr_carea' id='block_1_86' title="bbox 2012 4046 3584 4119">
    <p class='ocr_par' dir='ltr' id='par_1_86' title="bbox 2012 4046 3584 4119">
     <span class='ocr_line' id='line_1_86' title="bbox 2012 4046 3584 4119; baseline 0.001 -18"><span class='ocrx_word' id='word_1_810' title='bbox 2012 4057 2113 4112; x_wconf 84' lang='lat' dir='ltr'><strong>tas,</strong></span> <span class='ocrx_word' id='word_1_811' title='bbox 2147 4066 2164 4098; x_wconf 81' lang='grc' dir='ltr'><strong>ι</strong></span> <span class='ocrx_word' id='word_1_812' title='bbox 2199 4060 2301 4101; x_wconf 68' lang='lat' dir='ltr'><strong>etc.</strong></span> <span class='ocrx_word' id='word_1_813' title='bbox 2337 4046 2451 4100; x_wconf 84' lang='lat' dir='ltr'><strong>Fol.</strong></span> <span class='ocrx_word' id='word_1_814' title='bbox 2480 4046 2579 4099; x_wconf 63' lang='grc'><strong>174</strong></span> <span class='ocrx_word' id='word_1_815' title='bbox 2603 4057 2771 4111; x_wconf 88' lang='lat' dir='ltr'><strong>recto,</strong></span> <span class='ocrx_word' id='word_1_816' title='bbox 2799 4063 2977 4100; x_wconf 76' lang='grc' dir='ltr'><strong>ιχιίιιι</strong></span> <span class='ocrx_word' id='word_1_817' title='bbox 3006 4065 3017 4100; x_wconf 85' lang='grc'>;</span> <span class='ocrx_word' id='word_1_818' title='bbox 3050 4065 3067 4098; x_wconf 83' lang='grc' dir='ltr'><strong>ι</strong></span> <span class='ocrx_word' id='word_1_819' title='bbox 3107 4048 3248 4117; x_wconf 90' lang='lat' dir='ltr'><strong>lncp.</strong></span> <span class='ocrx_word' id='word_1_820' title='bbox 3273 4049 3432 4102; x_wconf 86' lang='lat' dir='ltr'><strong>alium</strong></span> <span class='ocrx_word' id='word_1_821' title='bbox 3461 4050 3584 4119; x_wconf 58' lang='grc' dir='ltr'><strong>(εἰς)</strong></span> 
     </span>
    </p>
   </div>
   <div class='ocr_carea' id='block_1_87' title="bbox 2012 4137 3586 4208">
    <p class='ocr_par' dir='ltr' id='par_1_87' title="bbox 2012 4137 3586 4208">
     <span class='ocr_line' id='line_1_87' title="bbox 2012 4137 3586 4208; baseline -0.001 -14"><span class='ocrx_word' id='word_1_822' title='bbox 2012 4139 2212 4194; x_wconf 83' lang='lat' dir='ltr'><strong>deloco</strong></span> <span class='ocrx_word' id='word_1_823' title='bbox 2240 4137 2457 4208; x_wconf 84' lang='lat' dir='ltr'><strong>(deest),</strong></span> <span class='ocrx_word' id='word_1_824' title='bbox 2494 4138 2580 4192; x_wconf 81' lang='lat' dir='ltr'><strong>ubi</strong></span> <span class='ocrx_word' id='word_1_825' title='bbox 2609 4139 2793 4192; x_wconf 88' lang='lat' dir='ltr'><strong>beatus</strong></span> <span class='ocrx_word' id='word_1_826' title='bbox 2826 4138 3014 4191; x_wconf 86' lang='lat' dir='ltr'><strong>Petrus</strong></span> <span class='ocrx_word' id='word_1_827' title='bbox 3059 4139 3108 4191; x_wconf 81' lang='lat' dir='ltr'><strong>iri</strong></span> <span class='ocrx_word' id='word_1_828' title='bbox 3137 4139 3267 4192; x_wconf 91' lang='lat' dir='ltr'><strong>mari</strong></span> <span class='ocrx_word' id='word_1_829' title='bbox 3302 4149 3586 4208; x_wconf 81' lang='lat' dir='ltr'><strong>tempesta-</strong></span> 
     </span>
    </p>
   </div>
   <div class='ocr_carea' id='block_1_88' title="bbox 2013 4229 3582 4297">
    <p class='ocr_par' dir='ltr' id='par_1_88' title="bbox 2013 4229 3582 4297">
     <span class='ocr_line' id='line_1_88' title="bbox 2013 4229 3582 4297; baseline -0.001 -12"><span class='ocrx_word' id='word_1_830' title='bbox 2013 4242 2118 4286; x_wconf 90' lang='lat' dir='ltr'><strong>tem</strong></span> <span class='ocrx_word' id='word_1_831' title='bbox 2147 4231 2395 4285; x_wconf 87' lang='lat' dir='ltr'><strong>sustinuit</strong></span> <span class='ocrx_word' id='word_1_832' title='bbox 2424 4230 2474 4283; x_wconf 94' lang='lat' dir='ltr'><strong>in</strong></span> <span class='ocrx_word' id='word_1_833' title='bbox 2500 4229 2640 4283; x_wconf 89' lang='lat' dir='ltr'><strong>naui.</strong></span> <span class='ocrx_word' id='word_1_834' title='bbox 2675 4249 2693 4281; x_wconf 73' lang='grc' dir='ltr'><strong>ι</strong></span> <span class='ocrx_word' id='word_1_835' title='bbox 2731 4229 2806 4282; x_wconf 84' lang='lat' dir='ltr'><strong>En</strong></span> <span class='ocrx_word' id='word_1_836' title='bbox 2836 4230 3001 4297; x_wconf 84' lang='lat' dir='ltr'><strong>prima</strong></span> <span class='ocrx_word' id='word_1_837' title='bbox 3042 4233 3199 4284; x_wconf 82' lang='lat' dir='ltr'><strong>verba</strong></span> <span class='ocrx_word' id='word_1_838' title='bbox 3238 4249 3247 4279; x_wconf 88' lang='lat'>:</span> <span class='ocrx_word' id='word_1_839' title='bbox 3287 4249 3303 4280; x_wconf 86' lang='grc' dir='ltr'><strong>ι</strong></span> <span class='ocrx_word' id='word_1_840' title='bbox 3343 4230 3582 4283; x_wconf 86' lang='lat' dir='ltr'><strong>Nutritos</strong></span> 
     </span>
    </p>
   </div>
   <div class='ocr_carea' id='block_1_89' title="bbox 2013 4321 3580 4394">
    <p class='ocr_par' dir='ltr' id='par_1_89' title="bbox 2013 4321 3580 4394">
     <span class='ocr_line' id='line_1_89' title="bbox 2013 4321 3580 4394; baseline -0.001 -18"><span class='ocrx_word' id='word_1_841' title='bbox 2013 4324 2259 4394; x_wconf 88' lang='lat' dir='ltr'><strong>hyrundo</strong></span> <span class='ocrx_word' id='word_1_842' title='bbox 2275 4322 2446 4392; x_wconf 87' lang='lat' dir='ltr'><strong>pullos</strong></span> <span class='ocrx_word' id='word_1_843' title='bbox 2475 4336 2621 4387; x_wconf 90' lang='lat' dir='ltr'><strong>suos,</strong></span> <span class='ocrx_word' id='word_1_844' title='bbox 2645 4336 2765 4376; x_wconf 90' lang='lat' dir='ltr'><strong>cum</strong></span> <span class='ocrx_word' id='word_1_845' title='bbox 2791 4321 3004 4374; x_wconf 86' lang='lat' dir='ltr'><strong>uolandi</strong></span> <span class='ocrx_word' id='word_1_846' title='bbox 3027 4332 3141 4375; x_wconf 88' lang='lat' dir='ltr'><strong>arte</strong></span> <span class='ocrx_word' id='word_1_847' title='bbox 3167 4321 3419 4389; x_wconf 68' lang='lat' dir='ltr'><strong>disponit,</strong></span> <span class='ocrx_word' id='word_1_848' title='bbox 3455 4337 3580 4389; x_wconf 87' lang='lat' dir='ltr'><strong>pau-</strong></span> 
     </span>
    </p>
   </div>
   <div class='ocr_carea' id='block_1_90' title="bbox 2010 4414 3571 4482">
    <p class='ocr_par' dir='ltr' id='par_1_90' title="bbox 2010 4414 3571 4482">
     <span class='ocr_line' id='line_1_90' title="bbox 2010 4414 3571 4482; baseline -0.004 -11"><span class='ocrx_word' id='word_1_849' title='bbox 2010 4418 2172 4471; x_wconf 92' lang='lat' dir='ltr'><strong>lulum</strong></span> <span class='ocrx_word' id='word_1_850' title='bbox 2202 4416 2413 4482; x_wconf 88' lang='lat' dir='ltr'><strong>quidem</strong></span> <span class='ocrx_word' id='word_1_851' title='bbox 2456 4416 2508 4468; x_wconf 90' lang='lat' dir='ltr'><strong>in</strong></span> <span class='ocrx_word' id='word_1_852' title='bbox 2551 4430 2673 4470; x_wconf 86' lang='lat' dir='ltr'><strong>aere</strong></span> <span class='ocrx_word' id='word_1_853' title='bbox 2700 4414 2952 4480; x_wconf 89' lang='lat' dir='ltr'><strong>ditnittit,</strong></span> <span class='ocrx_word' id='word_1_854' title='bbox 2997 4414 3186 4482; x_wconf 89' lang='lat' dir='ltr'><strong>qubus</strong></span> <span class='ocrx_word' id='word_1_855' title='bbox 3235 4425 3410 4466; x_wconf 87' lang='lat' dir='ltr'><strong>tamen</strong></span> <span class='ocrx_word' id='word_1_856' title='bbox 3461 4415 3571 4482; x_wconf 84' lang='lat' dir='ltr'><strong>ipsa</strong></span> 
     </span>
    </p>
   </div>
   <div class='ocr_carea' id='block_1_91' title="bbox 2010 4506 3584 4574">
    <p class='ocr_par' dir='ltr' id='par_1_91' title="bbox 2010 4506 3584 4574">
     <span class='ocr_line' id='line_1_91' title="bbox 2010 4506 3584 4574; baseline -0.004 -10"><span class='ocrx_word' id='word_1_857' title='bbox 2010 4509 2182 4564; x_wconf 88' lang='lat' dir='ltr'><strong>uicina</strong></span> <span class='ocrx_word' id='word_1_858' title='bbox 2205 4517 2316 4572; x_wconf 81' lang='lat' dir='ltr'><strong>est,</strong></span> <span class='ocrx_word' id='word_1_859' title='bbox 2355 4523 2422 4562; x_wconf 90' lang='lat' dir='ltr'><strong>ne</strong></span> <span class='ocrx_word' id='word_1_860' title='bbox 2449 4506 2584 4560; x_wconf 80' lang='lat' dir='ltr'><strong>forte</strong></span> <span class='ocrx_word' id='word_1_861' title='bbox 2626 4506 2870 4560; x_wconf 91' lang='lat' dir='ltr'><strong>decidant</strong></span> <span class='ocrx_word' id='word_1_862' title='bbox 2926 4506 3238 4574; x_wconf 83' lang='lat' dir='ltr'><strong>trepidando</strong></span> <span class='ocrx_word' id='word_1_863' title='bbox 3280 4506 3451 4559; x_wconf 89' lang='lat' dir='ltr'><strong>adhuc</strong></span> <span class='ocrx_word' id='word_1_864' title='bbox 3501 4508 3584 4559; x_wconf 92' lang='lat' dir='ltr'><strong>in-</strong></span> 
     </span>
    </p>
   </div>
   <div class='ocr_carea' id='block_1_92' title="bbox 332 4575 1904 4665">
    <p class='ocr_par' dir='ltr' id='par_1_92' title="bbox 332 4591 1904 4665">
     <span class='ocr_line' id='line_1_92' title="bbox 332 4591 1904 4665; baseline -0.005 -13"><span class='ocrx_word' id='word_1_865' title='bbox 332 4607 571 4654; x_wconf 79' lang='lat' dir='ltr'><strong>tecostcn</strong></span> <span class='ocrx_word' id='word_1_866' title='bbox 618 4594 764 4665; x_wconf 86' lang='lat' dir='ltr'><strong>(sic).</strong></span> <span class='ocrx_word' id='word_1_867' title='bbox 803 4614 822 4646; x_wconf 78' lang='grc' dir='ltr'><strong>ι</strong></span> <span class='ocrx_word' id='word_1_868' title='bbox 856 4593 995 4648; x_wconf 81' lang='lat' dir='ltr'><strong>Edit.</strong></span> <span class='ocrx_word' id='word_1_869' title='bbox 1038 4593 1129 4649; x_wconf 87' lang='lat' dir='ltr'><strong>ubi</strong></span> <span class='ocrx_word' id='word_1_870' title='bbox 1170 4608 1284 4663; x_wconf 90' lang='lat' dir='ltr'><strong>sup.</strong></span> <span class='ocrx_word' id='word_1_871' title='bbox 1312 4639 1325 4660; x_wconf 94' lang='lat'><strong>,</strong></span> <span class='ocrx_word' id='word_1_872' title='bbox 1358 4593 1460 4648; x_wconf 92' lang='lat' dir='ltr'><strong>col.</strong></span> <span class='ocrx_word' id='word_1_873' title='bbox 1499 4595 1617 4647; x_wconf 91' lang='lat'><strong>187.</strong></span> <span class='ocrx_word' id='word_1_874' title='bbox 1657 4593 1770 4646; x_wconf 85' lang='lat' dir='ltr'><strong>Fol.</strong></span> <span class='ocrx_word' id='word_1_875' title='bbox 1807 4591 1904 4647; x_wconf 72' lang='grc'><strong>164</strong></span> 
     </span>
    </p>
   </div>
   <div class='ocr_carea' id='block_1_93' title="bbox 2010 4575 3576 4665">
    <p class='ocr_par' dir='ltr' id='par_1_93' title="bbox 2013 4595 3576 4662">
     <span class='ocr_line' id='line_1_93' title="bbox 2013 4595 3576 4662; baseline -0.004 -7"><span class='ocrx_word' id='word_1_876' title='bbox 2013 4601 2151 4655; x_wconf 82' lang='lat' dir='ltr'><strong>iirmi</strong></span> <span class='ocrx_word' id='word_1_877' title='bbox 2179 4599 2438 4660; x_wconf 85' lang='lat' dir='ltr'><strong>uolandn,</strong></span> <span class='ocrx_word' id='word_1_878' title='bbox 2481 4617 2498 4648; x_wconf 76' lang='grc' dir='ltr'><strong>ι</strong></span> <span class='ocrx_word' id='word_1_879' title='bbox 2534 4605 2637 4650; x_wconf 88' lang='lat' dir='ltr'><strong>etc.</strong></span> <span class='ocrx_word' id='word_1_880' title='bbox 2670 4595 2788 4649; x_wconf 88' lang='lat' dir='ltr'><strong>Fol.</strong></span> <span class='ocrx_word' id='word_1_881' title='bbox 2817 4597 2909 4648; x_wconf 88' lang='lat' dir='ltr'><strong>cit.</strong></span> <span class='ocrx_word' id='word_1_882' title='bbox 2945 4610 3133 4657; x_wconf 89' lang='lat' dir='ltr'><strong>verso,</strong></span> <span class='ocrx_word' id='word_1_883' title='bbox 3181 4612 3279 4648; x_wconf 71' lang='lat' dir='ltr'><strong>ex!</strong></span> <span class='ocrx_word' id='word_1_884' title='bbox 3320 4613 3328 4646; x_wconf 90' lang='lat'><strong>:</strong></span> <span class='ocrx_word' id='word_1_885' title='bbox 3361 4614 3378 4644; x_wconf 80' lang='grc' dir='ltr'><strong>ι</strong></span> <span class='ocrx_word' id='word_1_886' title='bbox 3431 4597 3576 4662; x_wconf 80' lang='grc' dir='ltr'><strong>Ιιιι-ρ.</strong></span> 
     </span>
    </p>
   </div>
   <div class='ocr_carea' id='block_1_94' title="bbox 332 4683 1906 4755">
    <p class='ocr_par' dir='ltr' id='par_1_94' title="bbox 332 4683 1906 4755">
     <span class='ocr_line' id='line_1_94' title="bbox 332 4683 1906 4755; baseline -0.004 -11"><span class='ocrx_word' id='word_1_887' title='bbox 332 4699 511 4753; x_wconf 89' lang='lat' dir='ltr'><strong>recto,</strong></span> <span class='ocrx_word' id='word_1_888' title='bbox 545 4703 606 4741; x_wconf 73' lang='grc' dir='ltr'><strong>ιν</strong></span> <span class='ocrx_word' id='word_1_889' title='bbox 640 4706 652 4740; x_wconf 93' lang='lat'><strong>:</strong></span> <span class='ocrx_word' id='word_1_890' title='bbox 686 4704 703 4737; x_wconf 85' lang='grc' dir='ltr'><strong>ι</strong></span> <span class='ocrx_word' id='word_1_891' title='bbox 741 4687 883 4755; x_wconf 85' lang='lat' dir='ltr'><strong>lncp.</strong></span> <span class='ocrx_word' id='word_1_892' title='bbox 918 4685 985 4740; x_wconf 89' lang='lat' dir='ltr'><strong>de</strong></span> <span class='ocrx_word' id='word_1_893' title='bbox 1029 4683 1275 4740; x_wconf 67' lang='lat' dir='ltr'><strong>accusati“)</strong></span> <span class='ocrx_word' id='word_1_894' title='bbox 1317 4685 1538 4740; x_wconf 88' lang='lat' dir='ltr'><strong>Domino</strong></span> <span class='ocrx_word' id='word_1_895' title='bbox 1585 4685 1723 4753; x_wconf 85' lang='lat' dir='ltr'><strong>apud</strong></span> <span class='ocrx_word' id='word_1_896' title='bbox 1770 4685 1906 4738; x_wconf 85' lang='lat' dir='ltr'><strong>Pila-</strong></span> 
     </span>
    </p>
   </div>
   <div class='ocr_carea' id='block_1_95' title="bbox 333 4777 1902 4848">
    <p class='ocr_par' dir='ltr' id='par_1_95' title="bbox 333 4777 1902 4848">
     <span class='ocr_line' id='line_1_95' title="bbox 333 4777 1902 4848; baseline -0.005 -10"><span class='ocrx_word' id='word_1_897' title='bbox 333 4795 464 4846; x_wconf 90' lang='lat' dir='ltr'><strong>tum,</strong></span> <span class='ocrx_word' id='word_1_898' title='bbox 500 4791 554 4837; x_wconf 90' lang='lat' dir='ltr'><strong>et</strong></span> <span class='ocrx_word' id='word_1_899' title='bbox 583 4780 649 4835; x_wconf 88' lang='lat' dir='ltr'><strong>de</strong></span> <span class='ocrx_word' id='word_1_900' title='bbox 677 4780 939 4835; x_wconf 88' lang='lat' dir='ltr'><strong>Susanna.</strong></span> <span class='ocrx_word' id='word_1_901' title='bbox 970 4797 986 4829; x_wconf 74' lang='grc' dir='ltr'><strong>ι</strong></span> <span class='ocrx_word' id='word_1_902' title='bbox 1019 4778 1158 4832; x_wconf 82' lang='lat' dir='ltr'><strong>Edit.</strong></span> <span class='ocrx_word' id='word_1_903' title='bbox 1192 4779 1278 4833; x_wconf 87' lang='lat' dir='ltr'><strong>ubi</strong></span> <span class='ocrx_word' id='word_1_904' title='bbox 1309 4794 1426 4848; x_wconf 86' lang='lat' dir='ltr'><strong>sup.</strong></span> <span class='ocrx_word' id='word_1_905' title='bbox 1452 4815 1465 4842; x_wconf 85' lang='lat'><strong>,</strong></span> <span class='ocrx_word' id='word_1_906' title='bbox 1497 4779 1598 4833; x_wconf 90' lang='lat' dir='ltr'><strong>col.</strong></span> <span class='ocrx_word' id='word_1_907' title='bbox 1632 4779 1752 4831; x_wconf 71' lang='lat'><strong>111.</strong></span> <span class='ocrx_word' id='word_1_908' title='bbox 1790 4777 1902 4830; x_wconf 85' lang='lat' dir='ltr'><strong>Fol.</strong></span> 
     </span>
    </p>
   </div>
   <div class='ocr_carea' id='block_1_96' title="bbox 330 4870 1902 4941">
    <p class='ocr_par' dir='ltr' id='par_1_96' title="bbox 330 4870 1902 4941">
     <span class='ocr_line' id='line_1_96' title="bbox 330 4870 1902 4941; baseline -0.005 -13"><span class='ocrx_word' id='word_1_909' title='bbox 330 4877 422 4928; x_wconf 89' lang='lat' dir='ltr'><strong>cit.</strong></span> <span class='ocrx_word' id='word_1_910' title='bbox 457 4887 646 4941; x_wconf 81' lang='lat' dir='ltr'><strong>verso,</strong></span> <span class='ocrx_word' id='word_1_911' title='bbox 689 4886 810 4925; x_wconf 75' lang='lat' dir='ltr'><strong>LVI:</strong></span> <span class='ocrx_word' id='word_1_912' title='bbox 847 4889 863 4920; x_wconf 85' lang='grc' dir='ltr'><strong>ι</strong></span> <span class='ocrx_word' id='word_1_913' title='bbox 898 4871 1028 4924; x_wconf 87' lang='lat' dir='ltr'><strong>item</strong></span> <span class='ocrx_word' id='word_1_914' title='bbox 1061 4871 1354 4938; x_wconf 83' lang='lat' dir='ltr'><strong>sequentia.</strong></span> <span class='ocrx_word' id='word_1_915' title='bbox 1393 4889 1408 4919; x_wconf 75' lang='grc' dir='ltr'><strong>ι</strong></span> <span class='ocrx_word' id='word_1_916' title='bbox 1443 4870 1582 4923; x_wconf 81' lang='lat' dir='ltr'><strong>Edit.</strong></span> <span class='ocrx_word' id='word_1_917' title='bbox 1619 4871 1702 4923; x_wconf 86' lang='lat' dir='ltr'><strong>ubi</strong></span> <span class='ocrx_word' id='word_1_918' title='bbox 1751 4885 1902 4937; x_wconf 65' lang='grc' dir='ltr'><strong>ξιιμ,</strong></span> 
     </span>
    </p>
   </div>
   <div class='ocr_carea' id='block_1_97' title="bbox 331 4961 1907 5030">
    <p class='ocr_par' dir='ltr' id='par_1_97' title="bbox 331 4961 1907 5030">
     <span class='ocr_line' id='line_1_97' title="bbox 331 4961 1907 5030; baseline -0.003 -12"><span class='ocrx_word' id='word_1_919' title='bbox 331 4964 440 5020; x_wconf 88' lang='lat' dir='ltr'><strong>col.</strong></span> <span class='ocrx_word' id='word_1_920' title='bbox 485 4962 608 5017; x_wconf 68' lang='grc'><strong>113.</strong></span> <span class='ocrx_word' id='word_1_921' title='bbox 653 4962 769 5015; x_wconf 77' lang='grc' dir='ltr'><strong>ιόι.</strong></span> <span class='ocrx_word' id='word_1_922' title='bbox 823 4961 922 5016; x_wconf 85' lang='lat'><strong>165</strong></span> <span class='ocrx_word' id='word_1_923' title='bbox 969 4975 1159 5025; x_wconf 72' lang='lat' dir='ltr'><strong>verso,</strong></span> <span class='ocrx_word' id='word_1_924' title='bbox 1191 4977 1291 5014; x_wconf 76' lang='lat' dir='ltr'><strong>un</strong></span> <span class='ocrx_word' id='word_1_925' title='bbox 1330 4980 1340 5010; x_wconf 91' lang='lat'><strong>:</strong></span> <span class='ocrx_word' id='word_1_926' title='bbox 1378 4980 1394 5010; x_wconf 84' lang='grc' dir='ltr'><strong>ι</strong></span> <span class='ocrx_word' id='word_1_927' title='bbox 1427 4962 1573 5030; x_wconf 74' lang='lat' dir='ltr'><strong>lncp.</strong></span> <span class='ocrx_word' id='word_1_928' title='bbox 1611 4962 1677 5014; x_wconf 82' lang='lat' dir='ltr'><strong>de</strong></span> <span class='ocrx_word' id='word_1_929' title='bbox 1734 4961 1907 5014; x_wconf 87' lang='lat' dir='ltr'><strong>natale</strong></span> 
     </span>
    </p>
   </div>
   <div class='ocr_carea' id='block_1_98' title="bbox 333 5053 1901 5121">
    <p class='ocr_par' dir='ltr' id='par_1_98' title="bbox 333 5053 1901 5121">
     <span class='ocr_line' id='line_1_98' title="bbox 333 5053 1901 5121; baseline -0.005 -8"><span class='ocrx_word' id='word_1_930' title='bbox 333 5059 562 5113; x_wconf 87' lang='lat' dir='ltr'><strong>Domini.</strong></span> <span class='ocrx_word' id='word_1_931' title='bbox 598 5075 615 5107; x_wconf 79' lang='grc' dir='ltr'><strong>ι</strong></span> <span class='ocrx_word' id='word_1_932' title='bbox 654 5055 794 5110; x_wconf 86' lang='lat' dir='ltr'><strong>Edit.</strong></span> <span class='ocrx_word' id='word_1_933' title='bbox 836 5055 923 5108; x_wconf 84' lang='lat' dir='ltr'><strong>ubi</strong></span> <span class='ocrx_word' id='word_1_934' title='bbox 971 5069 1117 5121; x_wconf 87' lang='lat' dir='ltr'><strong>sup.,</strong></span> <span class='ocrx_word' id='word_1_935' title='bbox 1149 5055 1252 5108; x_wconf 88' lang='lat' dir='ltr'><strong>eoi.</strong></span> <span class='ocrx_word' id='word_1_936' title='bbox 1300 5053 1421 5107; x_wconf 74' lang='lat'><strong>105.</strong></span> <span class='ocrx_word' id='word_1_937' title='bbox 1458 5054 1569 5106; x_wconf 86' lang='lat' dir='ltr'><strong>Fol.</strong></span> <span class='ocrx_word' id='word_1_938' title='bbox 1605 5054 1702 5107; x_wconf 87' lang='grc'><strong>166</strong></span> <span class='ocrx_word' id='word_1_939' title='bbox 1737 5067 1901 5116; x_wconf 69' lang='grc' dir='ltr'><strong>τεοῖο,</strong></span> 
     </span>
    </p>
   </div>
   <div class='ocr_carea' id='block_1_99' title="bbox 327 5145 1906 5217">
    <p class='ocr_par' dir='ltr' id='par_1_99' title="bbox 327 5145 1906 5217">
     <span class='ocr_line' id='line_1_99' title="bbox 327 5145 1906 5217; baseline -0.004 -12"><span class='ocrx_word' id='word_1_940' title='bbox 327 5165 502 5205; x_wconf 77' lang='grc' dir='ltr'><strong>ινιιιε</strong></span> <span class='ocrx_word' id='word_1_941' title='bbox 556 5166 574 5197; x_wconf 80' lang='grc' dir='ltr'><strong>ι</strong></span> <span class='ocrx_word' id='word_1_942' title='bbox 638 5147 782 5217; x_wconf 90' lang='lat' dir='ltr'><strong>lncp.</strong></span> <span class='ocrx_word' id='word_1_943' title='bbox 830 5147 896 5200; x_wconf 89' lang='lat' dir='ltr'><strong>de</strong></span> <span class='ocrx_word' id='word_1_944' title='bbox 947 5145 1188 5199; x_wconf 81' lang='lat' dir='ltr'><strong>kalendis</strong></span> <span class='ocrx_word' id='word_1_945' title='bbox 1231 5145 1514 5200; x_wconf 74' lang='lat' dir='ltr'><strong>Januariis.</strong></span> <span class='ocrx_word' id='word_1_946' title='bbox 1558 5165 1574 5197; x_wconf 85' lang='grc' dir='ltr'><strong>ι</strong></span> <span class='ocrx_word' id='word_1_947' title='bbox 1626 5146 1765 5198; x_wconf 73' lang='lat' dir='ltr'><strong>Edit.</strong></span> <span class='ocrx_word' id='word_1_948' title='bbox 1821 5146 1906 5198; x_wconf 90' lang='lat' dir='ltr'><strong>ubi</strong></span> 
     </span>
    </p>
   </div>
   <div class='ocr_carea' id='block_1_100' title="bbox 327 5237 1910 5312">
    <p class='ocr_par' dir='ltr' id='par_1_100' title="bbox 327 5237 1910 5312">
     <span class='ocr_line' id='line_1_100' title="bbox 327 5237 1910 5312; baseline -0.004 -16"><span class='ocrx_word' id='word_1_949' title='bbox 327 5259 477 5312; x_wconf 82' lang='lat' dir='ltr'><strong>sup.,</strong></span> <span class='ocrx_word' id='word_1_950' title='bbox 500 5242 606 5295; x_wconf 90' lang='lat' dir='ltr'><strong>col.</strong></span> <span class='ocrx_word' id='word_1_951' title='bbox 641 5240 765 5293; x_wconf 67' lang='grc'><strong>409.</strong></span> <span class='ocrx_word' id='word_1_952' title='bbox 798 5238 913 5291; x_wconf 79' lang='lat' dir='ltr'><strong>Fol.</strong></span> <span class='ocrx_word' id='word_1_953' title='bbox 943 5240 1036 5292; x_wconf 92' lang='lat' dir='ltr'><strong>cit.</strong></span> <span class='ocrx_word' id='word_1_954' title='bbox 1062 5253 1239 5301; x_wconf 81' lang='lat' dir='ltr'><strong>verso,</strong></span> <span class='ocrx_word' id='word_1_955' title='bbox 1270 5254 1410 5291; x_wconf 84' lang='lat' dir='ltr'><strong>Lthll</strong></span> <span class='ocrx_word' id='word_1_956' title='bbox 1440 5254 1453 5288; x_wconf 91' lang='lat'><strong>:</strong></span> <span class='ocrx_word' id='word_1_957' title='bbox 1487 5256 1503 5289; x_wconf 82' lang='grc' dir='ltr'><strong>ι</strong></span> <span class='ocrx_word' id='word_1_958' title='bbox 1534 5237 1675 5305; x_wconf 89' lang='lat' dir='ltr'><strong>lncp.</strong></span> <span class='ocrx_word' id='word_1_959' title='bbox 1712 5247 1910 5290; x_wconf 78' lang='lat' dir='ltr'><strong>tracta-</strong></span> 
     </span>
    </p>
   </div>
   <div class='ocr_carea' id='block_1_101' title="bbox 328 5331 1908 5402">
    <p class='ocr_par' dir='ltr' id='par_1_101' title="bbox 328 5331 1908 5402">
     <span class='ocr_line' id='line_1_101' title="bbox 328 5331 1908 5402; baseline -0.001 -14"><span class='ocrx_word' id='word_1_960' title='bbox 328 5345 415 5390; x_wconf 88' lang='lat' dir='ltr'><strong>tus</strong></span> <span class='ocrx_word' id='word_1_961' title='bbox 443 5334 510 5389; x_wconf 89' lang='lat' dir='ltr'><strong>de</strong></span> <span class='ocrx_word' id='word_1_962' title='bbox 533 5331 824 5402; x_wconf 80' lang='lat' dir='ltr'><strong>Ephyl’ania</strong></span> <span class='ocrx_word' id='word_1_963' title='bbox 859 5331 998 5401; x_wconf 89' lang='lat' dir='ltr'><strong>(sic).</strong></span> <span class='ocrx_word' id='word_1_964' title='bbox 1024 5349 1040 5381; x_wconf 76' lang='grc' dir='ltr'><strong>ι</strong></span> <span class='ocrx_word' id='word_1_965' title='bbox 1063 5331 1199 5386; x_wconf 80' lang='lat' dir='ltr'><strong>Edit.</strong></span> <span class='ocrx_word' id='word_1_966' title='bbox 1225 5331 1312 5384; x_wconf 88' lang='lat' dir='ltr'><strong>ubi</strong></span> <span class='ocrx_word' id='word_1_967' title='bbox 1336 5345 1477 5400; x_wconf 86' lang='lat' dir='ltr'><strong>sup.,</strong></span> <span class='ocrx_word' id='word_1_968' title='bbox 1499 5332 1604 5384; x_wconf 89' lang='lat' dir='ltr'><strong>col.</strong></span> <span class='ocrx_word' id='word_1_969' title='bbox 1637 5331 1756 5384; x_wconf 67' lang='grc'><strong>425.</strong></span> <span class='ocrx_word' id='word_1_970' title='bbox 1794 5332 1908 5386; x_wconf 85' lang='lat' dir='ltr'><strong>Fol.</strong></span> 
     </span>
    </p>
   </div>
   <div class='ocr_carea' id='block_1_102' title="bbox 401 5503 1902 5577">
    <p class='ocr_par' dir='ltr' id='par_1_102' title="bbox 401 5503 1902 5577">
     <span class='ocr_line' id='line_1_102' title="bbox 401 5503 1902 5577; baseline -0.003 -19"><span class='ocrx_word' id='word_1_971' title='bbox 401 5507 477 5577; x_wconf 78' lang='grc' dir='ltr'><strong>(η)</strong></span> <span class='ocrx_word' id='word_1_972' title='bbox 509 5505 660 5560; x_wconf 81' lang='lat' dir='ltr'><strong>Plinii</strong></span> <span class='ocrx_word' id='word_1_973' title='bbox 709 5505 808 5557; x_wconf 89' lang='lat' dir='ltr'><strong>hoc</strong></span> <span class='ocrx_word' id='word_1_974' title='bbox 852 5504 1202 5577; x_wconf 77' lang='lat' dir='ltr'><strong>fragmen&#39;nm</strong></span> <span class='ocrx_word' id='word_1_975' title='bbox 1247 5503 1296 5555; x_wconf 87' lang='lat' dir='ltr'><strong>in</strong></span> <span class='ocrx_word' id='word_1_976' title='bbox 1342 5503 1902 5577; x_wconf 76' lang='lat' dir='ltr'><strong>Sessoriano__nnatar.</strong></span> 
     </span>
    </p>
   </div>
   <div class='ocr_carea' id='block_1_103' title="bbox 325 5573 1903 5644">
    <p class='ocr_par' dir='ltr' id='par_1_103' title="bbox 325 5573 1903 5644">
     <span class='ocr_line' id='line_1_103' title="bbox 325 5573 1903 5644; baseline -0.003 -14"><span class='ocrx_word' id='word_1_977' title='bbox 325 5573 487 5631; x_wconf 81' lang='lat' dir='ltr'><strong>nione</strong></span> <span class='ocrx_word' id='word_1_978' title='bbox 517 5578 724 5644; x_wconf 78' lang='lat' dir='ltr'><strong>integro</strong></span> <span class='ocrx_word' id='word_1_979' title='bbox 744 5577 998 5643; x_wconf 85' lang='lat' dir='ltr'><strong>scriptum</strong></span> <span class='ocrx_word' id='word_1_980' title='bbox 1023 5573 1084 5625; x_wconf 89' lang='lat' dir='ltr'><strong>ad</strong></span> <span class='ocrx_word' id='word_1_981' title='bbox 1114 5574 1241 5625; x_wconf 78' lang='lat' dir='ltr'><strong>libb.</strong></span> <span class='ocrx_word' id='word_1_982' title='bbox 1267 5589 1412 5634; x_wconf 72' lang='lat' dir='ltr'><strong>xxrv,</strong></span> <span class='ocrx_word' id='word_1_983' title='bbox 1443 5584 1494 5628; x_wconf 90' lang='lat' dir='ltr'><strong>et</strong></span> <span class='ocrx_word' id='word_1_984' title='bbox 1518 5591 1614 5626; x_wconf 81' lang='lat' dir='ltr'><strong>xxv</strong></span> <span class='ocrx_word' id='word_1_985' title='bbox 1643 5575 1776 5627; x_wconf 82' lang='lat' dir='ltr'><strong>Hist.</strong></span> <span class='ocrx_word' id='word_1_986' title='bbox 1810 5593 1903 5627; x_wconf 83' lang='lat' dir='ltr'><strong>ua-</strong></span> 
     </span>
    </p>
   </div>
   <div class='ocr_carea' id='block_1_104' title="bbox 323 5644 1902 5716">
    <p class='ocr_par' dir='ltr' id='par_1_104' title="bbox 323 5644 1902 5716">
     <span class='ocr_line' id='line_1_104' title="bbox 323 5644 1902 5716; baseline -0.002 -16"><span class='ocrx_word' id='word_1_987' title='bbox 323 5651 507 5700; x_wconf 68' lang='lat' dir='ltr'><strong>turalis</strong></span> <span class='ocrx_word' id='word_1_988' title='bbox 539 5647 786 5716; x_wconf 84' lang='lat' dir='ltr'><strong>p-rtinet.</strong></span> <span class='ocrx_word' id='word_1_989' title='bbox 816 5645 946 5716; x_wconf 83' lang='lat' dir='ltr'><strong>Illud</strong></span> <span class='ocrx_word' id='word_1_990' title='bbox 979 5644 1216 5716; x_wconf 49' lang='lat' dir='ltr'><strong>nuamvis</strong></span> <span class='ocrx_word' id='word_1_991' title='bbox 1239 5645 1457 5705; x_wconf 85' lang='lat' dir='ltr'><strong>editum,</strong></span> <span class='ocrx_word' id='word_1_992' title='bbox 1490 5654 1663 5696; x_wconf 79' lang='lat' dir='ltr'><strong>tamen</strong></span> <span class='ocrx_word' id='word_1_993' title='bbox 1694 5645 1744 5696; x_wconf 89' lang='lat' dir='ltr'><strong>in</strong></span> <span class='ocrx_word' id='word_1_994' title='bbox 1777 5645 1902 5698; x_wconf 82' lang='lat' dir='ltr'><strong>Ses-</strong></span> 
     </span>
    </p>
   </div>
   <div class='ocr_carea' id='block_1_105' title="bbox 327 5715 1899 5781">
    <p class='ocr_par' dir='ltr' id='par_1_105' title="bbox 327 5715 1899 5781">
     <span class='ocr_line' id='line_1_105' title="bbox 327 5715 1899 5781; baseline 0 -14"><span class='ocrx_word' id='word_1_995' title='bbox 327 5715 555 5770; x_wconf 71' lang='lat' dir='ltr'><strong>sorianis</strong></span> <span class='ocrx_word' id='word_1_996' title='bbox 582 5715 853 5769; x_wconf 59' lang='lat' dir='ltr'><strong>aneedotis</strong></span> <span class='ocrx_word' id='word_1_997' title='bbox 881 5715 1161 5779; x_wconf 67' lang='lat' dir='ltr'><strong>aliquando</strong></span> <span class='ocrx_word' id='word_1_998' title='bbox 1185 5717 1468 5781; x_wconf 53' lang='lat' dir='ltr'><strong>probrum.</strong></span> <span class='ocrx_word' id='word_1_999' title='bbox 1505 5716 1615 5766; x_wconf 79' lang='lat' dir='ltr'><strong>Non</strong></span> <span class='ocrx_word' id='word_1_1000' title='bbox 1641 5717 1782 5768; x_wconf 84' lang='lat' dir='ltr'><strong>enim</strong></span> <span class='ocrx_word' id='word_1_1001' title='bbox 1815 5717 1899 5770; x_wconf 86' lang='lat' dir='ltr'><strong>de-</strong></span> 
     </span>
    </p>
   </div>
   <div class='ocr_carea' id='block_1_106' title="bbox 327 5785 1900 5857">
    <p class='ocr_par' dir='ltr' id='par_1_106' title="bbox 327 5785 1900 5857">
     <span class='ocr_line' id='line_1_106' title="bbox 327 5785 1900 5857; baseline 0.001 -19"><span class='ocrx_word' id='word_1_1002' title='bbox 327 5802 488 5857; x_wconf 79' lang='lat' dir='ltr'><strong>spero</strong></span> <span class='ocrx_word' id='word_1_1003' title='bbox 515 5789 625 5841; x_wconf 82' lang='lat' dir='ltr'><strong>[ore</strong></span> <span class='ocrx_word' id='word_1_1004' title='bbox 649 5794 767 5854; x_wconf 89' lang='lat' dir='ltr'><strong>post</strong></span> <span class='ocrx_word' id='word_1_1005' title='bbox 802 5785 1064 5836; x_wconf 79' lang='lat' dir='ltr'><strong>tlermolai</strong></span> <span class='ocrx_word' id='word_1_1006' title='bbox 1095 5785 1331 5852; x_wconf 78' lang='lat' dir='ltr'><strong>Barbari,</strong></span> <span class='ocrx_word' id='word_1_1007' title='bbox 1366 5785 1580 5839; x_wconf 80' lang='lat' dir='ltr'><strong>Arduini</strong></span> <span class='ocrx_word' id='word_1_1008' title='bbox 1603 5826 1618 5852; x_wconf 87' lang='lat'><strong>,</strong></span> <span class='ocrx_word' id='word_1_1009' title='bbox 1652 5788 1900 5840; x_wconf 86' lang='lat' dir='ltr'><strong>aliorum-</strong></span> 
     </span>
    </p>
   </div>
   <div class='ocr_carea' id='block_1_107' title="bbox 570 5875 1094 5940">
    <p class='ocr_par' dir='ltr' id='par_1_107' title="bbox 570 5875 1094 5940">
     <span class='ocr_line' id='line_1_107' title="bbox 570 5875 1094 5940; baseline -0.01 0"><span class='ocrx_word' id='word_1_1010' title='bbox 570 5882 840 5940; x_wconf 69' lang='grc' dir='ltr'><strong>Ριιτιιοι..</strong></span> <span class='ocrx_word' id='word_1_1011' title='bbox 885 5875 1094 5936; x_wconf 74' lang='lat' dir='ltr'><strong>XVIII</strong></span> 
     </span>
    </p>
   </div>
   <div class='ocr_carea' id='block_1_108' title="bbox 2013 4685 3577 4757">
    <p class='ocr_par' dir='ltr' id='par_1_108' title="bbox 2013 4685 3577 4757">
     <span class='ocr_line' id='line_1_108' title="bbox 2013 4685 3577 4757; baseline -0.006 -11"><span class='ocrx_word' id='word_1_1012' title='bbox 2013 4707 2191 4748; x_wconf 90' lang='lat' dir='ltr'><strong>sermo</strong></span> <span class='ocrx_word' id='word_1_1013' title='bbox 2224 4691 2280 4746; x_wconf 86' lang='grc'><strong>8.</strong></span> <span class='ocrx_word' id='word_1_1014' title='bbox 2315 4689 2619 4757; x_wconf 83' lang='lat' dir='ltr'><strong>Hieronymi</strong></span> <span class='ocrx_word' id='word_1_1015' title='bbox 2649 4687 2716 4741; x_wconf 87' lang='lat' dir='ltr'><strong>de</strong></span> <span class='ocrx_word' id='word_1_1016' title='bbox 2746 4686 2931 4741; x_wconf 76' lang='lat' dir='ltr'><strong>Exodo</strong></span> <span class='ocrx_word' id='word_1_1017' title='bbox 2963 4685 3011 4740; x_wconf 92' lang='lat' dir='ltr'><strong>in</strong></span> <span class='ocrx_word' id='word_1_1018' title='bbox 3059 4687 3233 4754; x_wconf 79' lang='lat' dir='ltr'><strong>uigilia</strong></span> <span class='ocrx_word' id='word_1_1019' title='bbox 3267 4686 3522 4741; x_wconf 81' lang='lat' dir='ltr'><strong>Paschae.</strong></span> <span class='ocrx_word' id='word_1_1020' title='bbox 3560 4706 3577 4737; x_wconf 75' lang='grc' dir='ltr'><strong>ι</strong></span> 
     </span>
    </p>
   </div>
   <div class='ocr_carea' id='block_1_109' title="bbox 2018 4776 3581 4847">
    <p class='ocr_par' dir='ltr' id='par_1_109' title="bbox 2018 4776 3581 4847">
     <span class='ocr_line' id='line_1_109' title="bbox 2018 4776 3581 4847; baseline -0.004 -11"><span class='ocrx_word' id='word_1_1021' title='bbox 2018 4783 2156 4836; x_wconf 78' lang='lat' dir='ltr'><strong>Edit.</strong></span> <span class='ocrx_word' id='word_1_1022' title='bbox 2213 4783 2348 4833; x_wconf 88' lang='lat' dir='ltr'><strong>inter</strong></span> <span class='ocrx_word' id='word_1_1023' title='bbox 2396 4780 2732 4847; x_wconf 49' lang='lat' dir='ltr'><strong>supposlt’tia</strong></span> <span class='ocrx_word' id='word_1_1024' title='bbox 2793 4776 2850 4831; x_wconf 91' lang='lat' dir='ltr'><strong>S.</strong></span> <span class='ocrx_word' id='word_1_1025' title='bbox 2920 4777 3199 4844; x_wconf 79' lang='lat' dir='ltr'><strong>Augustini</strong></span> <span class='ocrx_word' id='word_1_1026' title='bbox 3259 4776 3453 4844; x_wconf 84' lang='lat' dir='ltr'><strong>scripta</strong></span> <span class='ocrx_word' id='word_1_1027' title='bbox 3529 4777 3581 4830; x_wconf 89' lang='lat' dir='ltr'><strong>in</strong></span> 
     </span>
    </p>
   </div>
   <div class='ocr_carea' id='block_1_110' title="bbox 2014 4867 3578 4943">
    <p class='ocr_par' dir='ltr' id='par_1_110' title="bbox 2014 4867 3578 4943">
     <span class='ocr_line' id='line_1_110' title="bbox 2014 4867 3578 4943; baseline -0.007 -15"><span class='ocrx_word' id='word_1_1028' title='bbox 2014 4874 2241 4943; x_wconf 87' lang='lat' dir='ltr'><strong>append.</strong></span> <span class='ocrx_word' id='word_1_1029' title='bbox 2269 4884 2396 4927; x_wconf 90' lang='lat' dir='ltr'><strong>tom.</strong></span> <span class='ocrx_word' id='word_1_1030' title='bbox 2445 4871 2516 4934; x_wconf 87' lang='lat' dir='ltr'><strong>V,</strong></span> <span class='ocrx_word' id='word_1_1031' title='bbox 2559 4883 2610 4923; x_wconf 90' lang='lat' dir='ltr'><strong>et</strong></span> <span class='ocrx_word' id='word_1_1032' title='bbox 2652 4870 2792 4939; x_wconf 89' lang='lat' dir='ltr'><strong>apud</strong></span> <span class='ocrx_word' id='word_1_1033' title='bbox 2842 4869 3162 4921; x_wconf 84' lang='lat' dir='ltr'><strong>Vallarsium</strong></span> <span class='ocrx_word' id='word_1_1034' title='bbox 3213 4867 3352 4921; x_wconf 90' lang='lat' dir='ltr'><strong>inter</strong></span> <span class='ocrx_word' id='word_1_1035' title='bbox 3398 4867 3578 4934; x_wconf 86' lang='lat' dir='ltr'><strong>spuria</strong></span> 
     </span>
    </p>
   </div>
   <div class='ocr_carea' id='block_1_111' title="bbox 2017 4961 3581 5035">
    <p class='ocr_par' dir='ltr' id='par_1_111' title="bbox 2017 4961 3581 5035">
     <span class='ocr_line' id='line_1_111' title="bbox 2017 4961 3581 5035; baseline -0.005 -13"><span class='ocrx_word' id='word_1_1036' title='bbox 2017 4979 2145 5023; x_wconf 91' lang='lat' dir='ltr'><strong>tom.</strong></span> <span class='ocrx_word' id='word_1_1037' title='bbox 2187 4967 2255 5022; x_wconf 72' lang='lat' dir='ltr'><strong>XI</strong></span> <span class='ocrx_word' id='word_1_1038' title='bbox 2294 4981 2441 5035; x_wconf 90' lang='lat' dir='ltr'><strong>oper.</strong></span> <span class='ocrx_word' id='word_1_1039' title='bbox 2471 4964 2530 5019; x_wconf 92' lang='grc'><strong>8.</strong></span> <span class='ocrx_word' id='word_1_1040' title='bbox 2579 4963 2926 5034; x_wconf 79' lang='lat' dir='ltr'><strong>Hieronymi,</strong></span> <span class='ocrx_word' id='word_1_1041' title='bbox 2978 4961 3084 5015; x_wconf 92' lang='lat' dir='ltr'><strong>col.</strong></span> <span class='ocrx_word' id='word_1_1042' title='bbox 3131 4961 3258 5014; x_wconf 72' lang='grc'><strong>212.</strong></span> <span class='ocrx_word' id='word_1_1043' title='bbox 3311 4961 3423 5014; x_wconf 86' lang='lat' dir='ltr'><strong>Fol.</strong></span> <span class='ocrx_word' id='word_1_1044' title='bbox 3478 4961 3581 5014; x_wconf 90' lang='lat'><strong>175</strong></span> 
     </span>
    </p>
   </div>
   <div class='ocr_carea' id='block_1_112' title="bbox 2017 5051 3583 5125">
    <p class='ocr_par' dir='ltr' id='par_1_112' title="bbox 2017 5051 3583 5125">
     <span class='ocr_line' id='line_1_112' title="bbox 2017 5051 3583 5125; baseline -0.004 -13"><span class='ocrx_word' id='word_1_1045' title='bbox 2017 5075 2190 5123; x_wconf 81' lang='lat' dir='ltr'><strong>verso,</strong></span> <span class='ocrx_word' id='word_1_1046' title='bbox 2223 5075 2342 5112; x_wconf 76' lang='lat' dir='ltr'><strong>Lxxt</strong></span> <span class='ocrx_word' id='word_1_1047' title='bbox 2372 5075 2414 5111; x_wconf 76' lang='grc' dir='ltr'><strong>ει</strong></span> <span class='ocrx_word' id='word_1_1048' title='bbox 2453 5058 2596 5125; x_wconf 90' lang='lat' dir='ltr'><strong>lncp.</strong></span> <span class='ocrx_word' id='word_1_1049' title='bbox 2650 5056 2888 5109; x_wconf 86' lang='lat' dir='ltr'><strong>eiusdem</strong></span> <span class='ocrx_word' id='word_1_1050' title='bbox 2935 5054 2985 5106; x_wconf 93' lang='lat' dir='ltr'><strong>in</strong></span> <span class='ocrx_word' id='word_1_1051' title='bbox 3034 5053 3123 5106; x_wconf 82' lang='lat' dir='ltr'><strong>die</strong></span> <span class='ocrx_word' id='word_1_1052' title='bbox 3163 5052 3429 5106; x_wconf 84' lang='lat' dir='ltr'><strong>dominica</strong></span> <span class='ocrx_word' id='word_1_1053' title='bbox 3457 5051 3583 5105; x_wconf 83' lang='lat' dir='ltr'><strong>Pas-</strong></span> 
     </span>
    </p>
   </div>
   <div class='ocr_carea' id='block_1_113' title="bbox 2013 5143 3576 5217">
    <p class='ocr_par' dir='ltr' id='par_1_113' title="bbox 2013 5143 3576 5217">
     <span class='ocr_line' id='line_1_113' title="bbox 2013 5143 3576 5217; baseline -0.008 -10"><span class='ocrx_word' id='word_1_1054' title='bbox 2013 5153 2167 5207; x_wconf 86' lang='lat' dir='ltr'><strong>chae.</strong></span> <span class='ocrx_word' id='word_1_1055' title='bbox 2209 5171 2224 5201; x_wconf 76' lang='grc' dir='ltr'><strong>ι</strong></span> <span class='ocrx_word' id='word_1_1056' title='bbox 2279 5149 2420 5203; x_wconf 84' lang='lat' dir='ltr'><strong>Edit.</strong></span> <span class='ocrx_word' id='word_1_1057' title='bbox 2455 5149 2540 5201; x_wconf 89' lang='lat' dir='ltr'><strong>ubi</strong></span> <span class='ocrx_word' id='word_1_1058' title='bbox 2588 5162 2708 5217; x_wconf 89' lang='lat' dir='ltr'><strong>sup.</strong></span> <span class='ocrx_word' id='word_1_1059' title='bbox 2735 5187 2749 5209; x_wconf 92' lang='lat'><strong>,</strong></span> <span class='ocrx_word' id='word_1_1060' title='bbox 2781 5146 2886 5198; x_wconf 92' lang='lat' dir='ltr'><strong>col.</strong></span> <span class='ocrx_word' id='word_1_1061' title='bbox 2934 5144 3056 5198; x_wconf 72' lang='lat'><strong>200.</strong></span> <span class='ocrx_word' id='word_1_1062' title='bbox 3091 5143 3206 5197; x_wconf 82' lang='lat' dir='ltr'><strong>Fol.</strong></span> <span class='ocrx_word' id='word_1_1063' title='bbox 3256 5145 3356 5197; x_wconf 89' lang='lat'><strong>176</strong></span> <span class='ocrx_word' id='word_1_1064' title='bbox 3402 5155 3576 5203; x_wconf 80' lang='lat' dir='ltr'><strong>verso,</strong></span> 
     </span>
    </p>
   </div>
   <div class='ocr_carea' id='block_1_114' title="bbox 2015 5235 3577 5310">
    <p class='ocr_par' dir='ltr' id='par_1_114' title="bbox 2015 5235 3577 5310">
     <span class='ocr_line' id='line_1_114' title="bbox 2015 5235 3577 5310; baseline -0.008 -12"><span class='ocrx_word' id='word_1_1065' title='bbox 2015 5261 2152 5298; x_wconf 73' lang='lat' dir='ltr'><strong>LXXII</strong></span> <span class='ocrx_word' id='word_1_1066' title='bbox 2191 5265 2200 5296; x_wconf 90' lang='lat'><strong>:</strong></span> <span class='ocrx_word' id='word_1_1067' title='bbox 2223 5263 2240 5293; x_wconf 86' lang='grc' dir='ltr'><strong>ι</strong></span> <span class='ocrx_word' id='word_1_1068' title='bbox 2264 5239 2660 5310; x_wconf 83' lang='lat' dir='ltr'><strong>lncp.eiusdem</strong></span> <span class='ocrx_word' id='word_1_1069' title='bbox 2686 5240 2745 5292; x_wconf 88' lang='lat' dir='ltr'><strong>S.</strong></span> <span class='ocrx_word' id='word_1_1070' title='bbox 2781 5237 3089 5307; x_wconf 79' lang='lat' dir='ltr'><strong>Hieronymi</strong></span> <span class='ocrx_word' id='word_1_1071' title='bbox 3115 5237 3164 5289; x_wconf 89' lang='lat' dir='ltr'><strong>in</strong></span> <span class='ocrx_word' id='word_1_1072' title='bbox 3191 5236 3275 5288; x_wconf 72' lang='lat' dir='ltr'><strong>die</strong></span> <span class='ocrx_word' id='word_1_1073' title='bbox 3302 5235 3577 5288; x_wconf 85' lang='lat' dir='ltr'><strong>Dominica</strong></span> 
     </span>
    </p>
   </div>
   <div class='ocr_carea' id='block_1_115' title="bbox 2017 5326 3582 5398">
    <p class='ocr_par' dir='ltr' id='par_1_115' title="bbox 2017 5326 3582 5398">
     <span class='ocr_line' id='line_1_115' title="bbox 2017 5326 3582 5398; baseline -0.008 -9"><span class='ocrx_word' id='word_1_1074' title='bbox 2017 5336 2269 5390; x_wconf 85' lang='lat' dir='ltr'><strong>Paschae.</strong></span> <span class='ocrx_word' id='word_1_1075' title='bbox 2316 5351 2334 5384; x_wconf 80' lang='grc' dir='ltr'><strong>ι</strong></span> <span class='ocrx_word' id='word_1_1076' title='bbox 2391 5333 2528 5386; x_wconf 86' lang='lat' dir='ltr'><strong>Edit.</strong></span> <span class='ocrx_word' id='word_1_1077' title='bbox 2583 5331 2670 5387; x_wconf 91' lang='lat' dir='ltr'><strong>ubi</strong></span> <span class='ocrx_word' id='word_1_1078' title='bbox 2721 5345 2915 5398; x_wconf 88' lang='lat' dir='ltr'><strong>supra,</strong></span> <span class='ocrx_word' id='word_1_1079' title='bbox 2973 5330 3080 5382; x_wconf 91' lang='lat' dir='ltr'><strong>col.</strong></span> <span class='ocrx_word' id='word_1_1080' title='bbox 3141 5328 3268 5383; x_wconf 70' lang='lat'><strong>215.</strong></span> <span class='ocrx_word' id='word_1_1081' title='bbox 3318 5327 3432 5380; x_wconf 88' lang='lat' dir='ltr'><strong>Fol.</strong></span> <span class='ocrx_word' id='word_1_1082' title='bbox 3486 5326 3582 5378; x_wconf 90' lang='lat'><strong>177</strong></span> 
     </span>
    </p>
   </div>
   <div class='ocr_carea' id='block_1_116' title="bbox 2009 5500 3580 5575">
    <p class='ocr_par' dir='ltr' id='par_1_116' title="bbox 2009 5500 3580 5575">
     <span class='ocr_line' id='line_1_116' title="bbox 2009 5500 3580 5575; baseline -0.001 -18"><span class='ocrx_word' id='word_1_1083' title='bbox 2009 5522 2114 5575; x_wconf 90' lang='lat' dir='ltr'><strong>que</strong></span> <span class='ocrx_word' id='word_1_1084' title='bbox 2129 5503 2692 5575; x_wconf 68' lang='lat' dir='ltr'><strong>prmstantissimorum</strong></span> <span class='ocrx_word' id='word_1_1085' title='bbox 2713 5502 2945 5554; x_wconf 74' lang='lat' dir='ltr'><strong>virorum</strong></span> <span class='ocrx_word' id='word_1_1086' title='bbox 2963 5509 3203 5575; x_wconf 84' lang='lat' dir='ltr'><strong>conatus,</strong></span> <span class='ocrx_word' id='word_1_1087' title='bbox 3224 5500 3316 5575; x_wconf 86' lang='lat' dir='ltr'><strong>qui</strong></span> <span class='ocrx_word' id='word_1_1088' title='bbox 3333 5501 3580 5575; x_wconf 73' lang='lat' dir='ltr'><strong>pleraque</strong></span> 
     </span>
    </p>
   </div>
   <div class='ocr_carea' id='block_1_117' title="bbox 2011 5572 3581 5638">
    <p class='ocr_par' dir='ltr' id='par_1_117' title="bbox 2011 5572 3581 5638">
     <span class='ocr_line' id='line_1_117' title="bbox 2011 5572 3581 5638; baseline -0.004 -11"><span class='ocrx_word' id='word_1_1089' title='bbox 2011 5572 2197 5629; x_wconf 78' lang='lat' dir='ltr'><strong>utenda</strong></span> <span class='ocrx_word' id='word_1_1090' title='bbox 2223 5576 2289 5626; x_wconf 90' lang='lat' dir='ltr'><strong>ab</strong></span> <span class='ocrx_word' id='word_1_1091' title='bbox 2327 5575 2424 5628; x_wconf 86' lang='lat' dir='ltr'><strong>hoc</strong></span> <span class='ocrx_word' id='word_1_1092' title='bbox 2451 5574 2691 5625; x_wconf 72' lang='lat' dir='ltr'><strong>i‘llniano</strong></span> <span class='ocrx_word' id='word_1_1093' title='bbox 2716 5586 2878 5638; x_wconf 85' lang='lat' dir='ltr'><strong>opere</strong></span> <span class='ocrx_word' id='word_1_1094' title='bbox 2905 5588 2966 5626; x_wconf 84' lang='lat' dir='ltr'><strong>ex</strong></span> <span class='ocrx_word' id='word_1_1095' title='bbox 3000 5573 3352 5624; x_wconf 69' lang='lat' dir='ltr'><strong>vitio~issimis</strong></span> <span class='ocrx_word' id='word_1_1096' title='bbox 3383 5572 3581 5625; x_wconf 79' lang='lat' dir='ltr'><strong>codici-</strong></span> 
     </span>
    </p>
   </div>
   <div class='ocr_carea' id='block_1_118' title="bbox 2009 5641 3578 5711">
    <p class='ocr_par' dir='ltr' id='par_1_118' title="bbox 2009 5641 3578 5711">
     <span class='ocr_line' id='line_1_118' title="bbox 2009 5641 3578 5711; baseline -0.005 -11"><span class='ocrx_word' id='word_1_1097' title='bbox 2009 5646 2106 5700; x_wconf 84' lang='lat' dir='ltr'><strong>bus</strong></span> <span class='ocrx_word' id='word_1_1098' title='bbox 2123 5655 2276 5698; x_wconf 80' lang='lat' dir='ltr'><strong>eruto</strong></span> <span class='ocrx_word' id='word_1_1099' title='bbox 2306 5645 2457 5711; x_wconf 80' lang='lat' dir='ltr'><strong>longa</strong></span> <span class='ocrx_word' id='word_1_1100' title='bbox 2489 5657 2816 5709; x_wconf 70' lang='grc' dir='ltr'><strong>ιιριιτοςειιμιθ</strong></span> <span class='ocrx_word' id='word_1_1101' title='bbox 2840 5658 2963 5696; x_wconf 86' lang='lat' dir='ltr'><strong>cura</strong></span> <span class='ocrx_word' id='word_1_1102' title='bbox 2994 5641 3341 5706; x_wconf 83' lang='lat' dir='ltr'><strong>sustulerunt,</strong></span> <span class='ocrx_word' id='word_1_1103' title='bbox 3373 5651 3421 5693; x_wconf 86' lang='lat' dir='ltr'><strong>et</strong></span> <span class='ocrx_word' id='word_1_1104' title='bbox 3451 5642 3578 5692; x_wconf 68' lang='lat' dir='ltr'><strong>mihi</strong></span> 
     </span>
    </p>
   </div>
   <div class='ocr_carea' id='block_1_119' title="bbox 2009 5713 3576 5780">
    <p class='ocr_par' dir='ltr' id='par_1_119' title="bbox 2009 5713 3576 5780">
     <span class='ocr_line' id='line_1_119' title="bbox 2009 5713 3576 5780; baseline -0.004 -11"><span class='ocrx_word' id='word_1_1105' title='bbox 2009 5717 2164 5778; x_wconf 83' lang='lat' dir='ltr'><strong>huius</strong></span> <span class='ocrx_word' id='word_1_1106' title='bbox 2191 5714 2529 5766; x_wconf 77' lang='lat' dir='ltr'><strong>vetustissimi</strong></span> <span class='ocrx_word' id='word_1_1107' title='bbox 2558 5714 2846 5780; x_wconf 80' lang='lat' dir='ltr'><strong>palimscsti</strong></span> <span class='ocrx_word' id='word_1_1108' title='bbox 2873 5715 3182 5768; x_wconf 85' lang='lat' dir='ltr'><strong>auctoritate</strong></span> <span class='ocrx_word' id='word_1_1109' title='bbox 3205 5713 3305 5764; x_wconf 85' lang='lat' dir='ltr'><strong>alia</strong></span> <span class='ocrx_word' id='word_1_1110' title='bbox 3328 5713 3576 5769; x_wconf 82' lang='lat' dir='ltr'><strong>nonnulla</strong></span> 
     </span>
    </p>
   </div>
   <div class='ocr_carea' id='block_1_120' title="bbox 2007 5785 2771 5856">
    <p class='ocr_par' dir='ltr' id='par_1_120' title="bbox 2007 5785 2771 5856">
     <span class='ocr_line' id='line_1_120' title="bbox 2007 5785 2771 5856; baseline -0.009 -14"><span class='ocrx_word' id='word_1_1111' title='bbox 2007 5800 2308 5856; x_wconf 75' lang='lat' dir='ltr'><strong>expungere</strong></span> <span class='ocrx_word' id='word_1_1112' title='bbox 2335 5789 2558 5839; x_wconf 78' lang='lat' dir='ltr'><strong>tortasse</strong></span> <span class='ocrx_word' id='word_1_1113' title='bbox 2592 5785 2771 5839; x_wconf 84' lang='lat' dir='ltr'><strong>licere.</strong></span> 
     </span>
    </p>
   </div>
  </div>
