4180 6448
588 347 780 446 ιω”

1553 386 1611 442 S.
1654 383 1948 444 AMBROSI
1989 381 2532 442 MEDIOLANENSIS
2575 383 2879 443 EPISCOI‘I

3752 390 3850 449 108

581 517 748 571 ιιι-ιο,
778 514 1068 560 occurrunt
1089 501 1147 558 S.
1177 498 1354 556 Basilii
1386 498 1556 570 Hagni
1586 499 1828 554 lnstitnta
1862 496 2152 552 mouacbo-
2181 495 2230 555 Α
2259 502 2393 559 test,
2436 495 2655 550 eosdem
2705 495 3046 550 Ambrosium
3093 493 3346 551 habuisse
3382 495 3530 554 feriis
3577 497 3850 557 l‘asebali-

579 611 728 658 rum,
770 611 890 666 qua:
915 598 966 650 in
997 603 1126 651 tom.
1154 593 1197 650 ll
1226 608 1375 664 oper.
1404 593 1536 647 edit.
1581 590 1842 644 l‘ari~ien.
1882 603 1972 642 an.
2014 586 2151 642 1730

579 705 608 741 a
627 688 733 743 eoi.
756 689 860 744 ω’]
891 689 1032 742 edita
1061 696 1215 754 sunt,
1246 702 1471 758 quaeque
1509 684 1610 738 hoc
1643 684 1798 736 titulo
1826 682 2153 750 pnesignau-

578 789 664 836 tur
699 778 752 833 in
789 778 976 834 codice
1006 797 1021 831 ι
1059 796 1079 830 t
1114 778 1355 832 lnstituta
1385 775 1767 830 monachorum
1805 774 1974 827 sancti
2009 772 2156 826 Basi-

579 869 665 924 liei
679 866 803 938 (sic)
822 869 1056 940 episcopi
1075 866 1440 924 Caesariensis
1453 865 1824 936 Cappadociae
1842 866 1894 918 iu
1915 861 2150 919 Christo.

578 961 836 1031 Prologus
873 965 1042 1018 sancti
1074 960 1248 1016 Bul‘tni
1281 959 1631 1031 praesbyleri.
1663 977 1682 1010 ι
1714 958 1878 1013 Miror
1906 958 1974 1012 cl.
2017 955 2153 1011 Fon~

575 1055 855 1118 taniuium,
892 1055 1133 1124 quamvis
1167 1054 1308 1108 hunc
1337 1052 1576 1108 codicem
1605 1050 1856 1117 vidisset,
1890 1050 2033 1105 haud
2075 1060 2156 1104 ta-

576 1162 697 1202 men
750 1145 1193 1202 animadvertisse
1245 1144 1492 1200 Ruﬁnum
1555 1154 1797 1198 sanctum
1856 1140 2151 1211 appellari;

572 1237 715 1305 quod
764 1237 980 1305 quidem
1032 1235 1163 1291 ali=s
1214 1244 1454 1290 notasset
1500 1234 1552 1289 in
1598 1236 1700 1290 line
1745 1248 1854 1289 sua:
1906 1233 2155 1288 Iiistorite

575 1331 962 1402 Aquileiensis,
1007 1331 1158 1399 cujus
1207 1331 1261 1385 in
1293 1341 1562 1400 postremo
1599 1329 1932 1400 paragrapho
1975 1325 2156 1383 Ruﬁni

575 1424 758 1477 laudes
812 1412 1204 1486 recensuit,'et
1246 1423 1315 1477 de
1362 1423 1454 1477 illo
1498 1430 1556 1475 ut
1595 1422 1663 1476 de
1709 1431 1898 1476 sancto
1947 1419 2156 1475 monuit

570 1515 891 1584 scripturum
923 1514 1036 1571 fore
1065 1514 1397 1569 B.il|andunt.
1445 1514 1663 1569 Domum
1706 1513 1797 1567 fol.
1836 1513 1943 1570 200
1983 1523 2152 1577 recto,

573 1621 770 1670 Last-tu,
811 1616 894 1661 est
934 1620 1144 1672 sermo,
1189 1605 1281 1676 qui
1331 1605 1680 1660 inscribitur:
1719 1624 1736 1656 ι
1787 1604 1932 1674 lncp.
1972 1619 2154 1659 sermo

567 1701 736 1754 sancti
768 1697 1046 1768 Augustini
1070 1698 1136 1752 de
1157 1697 1572 1752 resurrectione.
1593 1715 1612 1746 ι
1641 1696 1797 1751 liuoc
1817 1710 2150 1762 sermonem,

567 1793 657 1860 qui
684 1791 808 1844 olim
842 1792 980 1845 inter
1008 1791 1069 1844 S.
1099 1790 1359 1859 Folgentii
1389 1788 1586 1858 scripta
1619 1789 2017 1854 recensebatur,
2052 1789 2152 1842 Be-

2265 589 2379 644 bns.
2421 589 2572 644 Enim
2603 604 2732 644 vero
2759 590 2900 661 quod
2924 590 3054 643 dieit
3079 591 3251 659 primo
3280 605 3549 661 sermone,
3589 609 3685 648 eos
3712 594 3845 649 allo-

2258 683 2381 752 qui,
2418 683 2509 749 qui
2552 681 2660 735 Deo
2705 681 2819 750 ipsa
2860 681 3159 736 devotionis
3199 681 3535 752 professione
3567 684 3679 754 jam
3717 701 3844 755 pro-

2260 773 2388 829 ximi
2413 773 2649 842 deputati
2680 781 2806 828 sunt
2830 774 2970 829 coelo
2997 773 3104 844 (Iv);
3135 783 3190 829 et
3215 776 3412 832 clarius
3450 779 3504 832 in
3534 780 3715 845 tertio,
3741 779 3841 850 qui

2260 867 2470 937 pompis
2488 878 2544 923 et
2571 866 2756 921 mundi
2787 867 3148 922 voluntatibus
3186 867 3434 936 abgectis,
3478 870 3685 924 meliori
3715 885 3846 924 con-

2258 973 2416 1012 cursu
2445 958 2511 1014 ad
2540 959 2737 1015 celum
2765 959 3045 1014 transitum
3079 960 3313 1016 fecerant
3335 1001 3350 1026 ,
3378 961 3574 1032 quique
3598 967 3669 1017 ab
3690 958 3842 1017 omni

2260 1049 2394 1104 [acie
2435 1051 2771 1120 contagionis
2799 1053 3030 1122 antiquae
3065 1067 3161 1122 per
3200 1055 3660 1122 regenerationem
3697 1058 3842 1110 salu-

2259 1143 2387 1196 taris
2415 1140 2611 1197 lavacri
2639 1145 2878 1212 purgati,
2906 1155 2959 1200 et
2985 1158 3082 1212 per
3105 1144 3426 1214 baptismum
3468 1147 3662 1202 mortui
3690 1159 3840 1204 nata-

2259 1235 2398 1289 libus
2418 1234 2624 1298 tnundi,
2643 1235 2905 1290 nobilitati
2928 1250 3022 1306 per
3042 1235 3267 1306 gratiam
3292 1239 3399 1291 nati
3425 1250 3550 1294 sunt
3568 1241 3708 1296 caelo
3730 1243 3838 1312 (e);

2258 1327 2311 1383 id
2339 1329 2553 1399 quidem
2581 1327 2885 1398 signiﬁcare
2913 1329 3144 1398 videtur,
3174 1331 3332 1386 verba
3359 1332 3426 1386 ad
3456 1331 3663 1401 plebem
3685 1333 3799 1388 ﬁeri
3817 1373 3838 1403 ,

2256 1436 2375 1490 qua:
2430 1419 2540 1489 jam
2600 1419 2860 1488 baptisma
2900 1462 2915 1486 ,
2981 1419 3046 1475 ad
3101 1421 3242 1491 quod
3300 1423 3515 1479 nonnisi
3555 1424 3607 1478 in
3663 1425 3842 1496 pervi-

2255 1511 2384 1579 gilio
2428 1511 2648 1567 Pascite
2699 1511 3112 1582 admittebatur,
3159 1525 3459 1584 receperat.
3519 1515 3634 1572 lluc
3674 1515 3838 1572 etiam

2257 1604 2383 1659 addi
2420 1612 2624 1674 potest,
2657 1603 2768 1661 illic
2805 1604 2864 1661 S.
2889 1605 3167 1662 doctorem
3211 1608 3279 1661 de
3307 1606 3562 1664 ineffabili
3592 1608 3842 1665 lucaris:-

2257 1695 2420 1750 tionis
2449 1695 2705 1769 mysterio
2732 1695 3032 1752 clarissime
3063 1696 3207 1768 ioqui
3253 1697 3354 1768 (il),
3379 1699 3526 1770 quod
3557 1699 3839 1756 studiosis-

2255 1790 2391 1842 sime
2420 1797 2546 1842 tunc
2574 1786 2835 1856 temporis
2862 1787 3097 1844 nondum
3133 1788 3414 1859 baptizatis
3452 1790 3703 1847 eelabant
3741 1807 3839 1846 an-

567 1883 818 1937 nedtctini
870 1882 1107 1937 editores
1151 1895 1304 1951 oper.
1346 1880 1407 1934 S.
1444 1879 1723 1947 Augustini
1773 1880 1932 1948 hujus
1979 1880 2147 1934 nostri
2179 1875 2224 1936 Β
2255 1881 2480 1942 tistites;
2523 1879 2790 1951 simulque
2817 1879 3073 1951 explicari
3119 1882 3323 1951 accepti
3360 1882 3470 1952 jam
3518 1884 3838 1940 sacramenti

566 1983 622 2030 et
659 1976 878 2031 alterius
906 1974 1108 2028 codicis
1136 1975 1453 2028 auctoritate
1491 1971 1658 2026 innisi
1694 1971 1975 2042 Fulgentio
2001 1972 2152 2042 abiu-

567 2067 845 2137 dit-arunt,
886 2077 943 2123 et
989 2067 1130 2122 inter
1167 2067 1427 2136 genuinos
1459 2065 1597 2120 fetus
1645 2066 1926 2136 Augustini
1964 2067 2151 2136 vulga-

567 2170 691 2216 runt
730 2170 860 2216 tom.
889 2160 952 2214 ν.
989 2167 1128 2229 part.
1161 2173 1207 2224 ε,
1241 2158 1343 2212 col.
1387 2156 1547 2212 1014.
1577 2158 1674 2212 llic
1710 2171 1891 2212 sermo
1932 2172 2153 2213 mancus

562 2263 648 2310 est
685 2253 737 2308 in
766 2253 1098 2323 codice,qui
1143 2251 1348 2307 duabus
1393 2251 1617 2321 integris
1663 2249 1889 2321 pagellis
1935 2251 2152 2306 mutilus

563 2354 677 2413 est,
719 2346 913 2416 quibus
951 2359 1057 2400 non
1105 2343 1267 2400 modo
1307 2343 1465 2413 hujus
1507 2347 1774 2400 sermonis
1821 2344 2004 2399 amisit
2051 2359 2149 2412 po-

559 2447 759 2494 strema
797 2439 959 2493 verba
978 2477 995 2503 ,
1030 2452 1215 2492 verum
1243 2437 1405 2491 etiam
1436 2435 1660 2490 alterius
1689 2435 1931 2506 ejusdem
1957 2433 2013 2490 S.
2042 2437 2151 2491 Au-

559 2529 756 2600 gustini
806 2530 1100 2594 sermonis,
1129 2528 1219 2599 qui
1269 2527 1436 2583 nostri
1485 2525 1688 2582 codicis
1737 2538 1880 2582 esset
1932 2542 2148 2595 Lxxtnt,

560 2636 782 2692 prorsus
808 2622 935 2676 fecit
957 2618 1258 2691 iacturam,
1283 2619 1439 2688 cujus
1467 2620 1654 2674 titulus
1687 2617 1862 2674 adhuc
1888 2619 1940 2673 in
1973 2620 2151 2676 indice

557 2713 655 2769 fol.
688 2714 792 2768 129
832 2722 1000 2774 recto,
1024 2713 1102 2767 sic
1137 2713 1368 2782 legitur:
1403 2727 1424 2762 ι
1456 2711 1586 2765 ltem
1617 2709 1860 2765 eiusdem
1893 2711 1945 2765 in
1976 2712 2150 2782 capite

558 2805 681 2861 libri
712 2821 892 2860 sermo
919 2805 988 2859 de
1014 2803 1280 2859 ttcrsiculo
1324 2802 1514 2872 psalmi
1554 2800 1824 2858 undecimi
1853 2819 1868 2854 :
1902 2801 2002 2868 Tu,
2047 2801 2152 2857 Da-

562 2898 717 2962 mirte,
748 2898 974 2950 seruabis
1003 2912 1116 2961 nos,
1148 2905 1196 2950 et
1222 2894 1477 2948 custodias
1506 2909 1600 2948 nos
1638 2909 1672 2946 α
1699 2895 2024 2964 generatione
2053 2895 2150 2949 ista

559 3004 718 3059 usque
745 2989 796 3040 iu
827 2996 1110 3040 (retentum.
1147 3005 1165 3038 ι

633 3078 723 3133 IX.
755 3080 1074 3149 l.'ottj¢clttt'm
1099 3079 1160 3132 de
1181 3079 1631 3132 Ambrosianorunt
1658 3094 1948 3133 sermonum
1974 3087 2146 3144 wlate,

561 3181 607 3227 et
637 3182 860 3241 tempore
886 3189 988 3242 quo
1030 3171 1190 3224 habili
1231 3181 1370 3224 aun'.
1397 3199 1469 3211 --
1496 3169 1602 3227 Sed
1648 3173 1815 3227 misso
1851 3173 2038 3228 codice
2079 3173 2146 3228 ad

2254 1971 2586 2041 baptismatis
2609 1970 2832 2028 eﬂ’ectus
2865 1973 2964 2040 (e):
2996 1980 3159 2040 atque
3191 1973 3467 2030 auditores
3498 1973 3701 2031 hortari
3720 2020 3733 2037 ,
3770 1991 3838 2032 ne

2251 2078 2374 2118 cum
2409 2062 2628 2126 sarculo,
2654 2064 2739 2117 cui
2782 2063 2835 2116 in
2877 2067 2965 2118 die
2995 2064 3396 2133 redemptionis.
3429 2065 3482 2120 id
3521 2078 3605 2121 est
3637 2067 3839 2137 baptis-

2253 2153 2433 2221 matis,
2472 2169 2579 2227 qno
2606 2155 2906 2224 consignati
2954 2153 3165 2211 fuerant
3191 2154 3414 2226 Spiritui
3464 2167 3670 2225 sancto,
3722 2157 3840 2213 vale

2252 2245 2534 2312 dixerant,
2584 2245 2746 2300 ullam
2803 2245 2856 2300 in
2906 2256 3180 2316 posterum
3237 2248 3554 2303 societatem
3611 2250 3838 2310 inirent.

2253 2339 2375 2406 quia
2407 2347 2640 2394 veterem
2672 2339 2944 2394 hominem
2985 2337 3203 2409 spoliati
3231 2349 3287 2395 et
3321 2338 3536 2395 Christo
3567 2357 3839 2396 commor-

2255 2430 2365 2495 tui,
2411 2444 2480 2483 eo
2522 2430 2730 2485 scilicet
2768 2428 2856 2485 die
2899 2443 3095 2484 novum
3156 2430 3429 2487 hominem
3473 2432 3674 2500 induti,
3717 2450 3839 2489 cum

2254 2521 2371 2592 ipso
2393 2523 2700 2578 revixerunt
2730 2523 2819 2594 (Ῑ).
2853 2522 3046 2578 Verum
3075 2524 3120 2580 si
3149 2525 3269 2595 quis
3304 2523 3356 2579 id
3387 2541 3492 2580 non
3532 2527 3665 2583 satis
3696 2529 3840 2585 clare

2252 2633 2319 2676 ex
2355 2621 2547 2690 prioris
2571 2620 2837 2676 sermonis
2861 2626 3116 2675 contextu
3155 2619 3342 2686 evinci-
3367 2605 3556 2692 putat,
3595 2637 3661 2678 eo
3697 2625 3840 2694 quod

2254 2713 2421 2768 relata
2462 2714 2626 2768 verba
2666 2713 2733 2768 ad
2762 2716 3182 2771 catechumenos
3209 2723 3264 2770 et
3302 2727 3668 2785 competentes
3693 2732 3838 2772 com-

2255 2805 2414 2864 mode
2441 2807 2631 2863 referri
2672 2816 2902 2876 queant,
2927 2810 2978 2862 ei
3011 2822 3122 2863 non
3145 2808 3440 2874 obsistam;
3482 2819 3535 2864 et
3563 2811 3607 2864 si
3649 2811 3702 2864 in
3741 2812 3839 2864 hac

2252 2901 2518 2957 sententia
2561 2898 2788 2969 p'riutum
2817 2914 3126 2957 sermonem
3168 2916 3232 2960 ac
3268 2903 3498 2958 alterum
3527 2904 3594 2958 ad
3637 2919 3838 2973 praece-

2251 2991 2471 3046 dentem
2521 2990 3035 3061 Quadragesimam;
3079 3009 3182 3064 qua
3230 2995 3545 3060 quotidiano
3587 3010 3840 3050 sermone

2251 3085 2672 3140 catechumenos
2713 3092 2770 3139 et
2816 3093 3187 3156 competentes
3224 3085 3455 3142 docebat
3494 3086 3838 3152 Ambrosius,

2253 3177 2532 3233 remittere
2574 3175 2755 3243 malit,
2797 3193 2903 3232 non
2949 3179 3274 3249 repugnabo.
3323 3178 3474 3234 llaud
3505 3195 3593 3234 me
3622 3180 3749 3235 latet
3776 3177 3839 3235 8.

563 3263 947 3320 Ambrosianus
992 3277 1269 3318 sermones
1311 3261 1644 3318 redeundum
1685 3272 1789 3319 est.
1824 3260 1966 3318 Fieri
2003 3263 2147 3320 enim
2177 3247 2224 3311 C
2255 3266 2598 3324 Ambrosium
2640 3269 2990 3339 baptizandus
3014 3247 3097 3323 adi
3126 3271 3464 3326 terrestrium
3492 3285 3673 3326 rern
3713 3285 3839 3327 con-

560 3371 666 3412 non
699 3365 871 3425 potest
912 3364 970 3409 ut
1010 3357 1078 3410 ab
1107 3354 1214 3411 illis
1240 3353 1515 3422 recedam,
1559 3357 1868 3426 priusquam
1898 3356 1968 3411 de
2009 3365 2145 3412 tem-

561 3463 713 3515 pore,
744 3463 849 3516 quo
880 3446 1044 3500 habiti
1075 3453 1239 3512 sunt,
1269 3447 1841 3523 quastionemsaltem
1865 3447 2146 3518 attingam.

559 3538 726 3594 Porro
751 3540 860 3609 jam
894 3548 1115 3593 auctore
1150 3537 1390 3609 cognito,
1432 3552 1742 3594 sermonum
1779 3554 1992 3610 quoque
2015 3548 2149 3594 tetas

559 3643 832 3702 comperta
870 3639 971 3687 est.
1005 3629 1362 3686 Nihilominus
1391 3630 1461 3688 de
1489 3647 1631 3687 anno
1654 3646 1764 3701 quo
1791 3631 1957 3706 habiti
1988 3643 2112 3688 sunt
2131 3673 2146 3698 ,

561 3729 691 3783 nihil
732 3729 865 3782 certi
913 3727 1125 3784 habeo:
1165 3735 1222 3782 et
1262 3728 1308 3782 si
1351 3727 1476 3797 quid
1524 3729 1875 3799 coniecturis,
1917 3745 2146 3799 quarum

561 3829 738 3875 tamen
762 3819 1022 3889 judicium
1050 3819 1319 3891 integrum
1350 3821 1472 3874 volo
1502 3835 1624 3876 esse
1652 3837 1819 3890 penes
1856 3823 2145 3888 lectorem,

562 3913 715 3971 liceat
772 3912 1083 3985 indulgere,
1117 3913 1240 3970 illos
1281 3929 1423 3968 anno
1462 3913 1568 3970 589
1612 3899 1967 3972 haud°multo
2009 3920 2148 3972 anti-

558 4011 777 4078 quiores
816 4007 1065 4064 arbitror.
1094 4006 1227 4063 Cum
1271 4010 1414 4063 enim
1460 4007 1512 4062 in
1551 4008 1758 4064 ei-dem
1802 4011 2004 4066 mentio
2036 4023 2147 4067 tum

558 4101 910 4156 ecclesiastici
961 4110 1183 4166 cantus,
1243 4118 1364 4157 cum
1405 4103 1766 4174 psalmorum,
1821 4105 2144 4177 hymnorum

558 4202 613 4247 et
655 4192 983 4262 vigiliarum,
1011 4208 1170 4264 quam
1216 4193 1550 4264 disciplinam
1598 4195 1876 4252 Mediolani
1921 4198 1977 4252 S.
2010 4200 2143 4254 Am-

559 4286 769 4342 brosius
798 4301 941 4342 anno
968 4287 1074 4344 586
1109 4287 1323 4343 circiter
1351 4289 1685 4358 instituerat,
1719 4305 1818 4346 nec
1847 4292 2013 4348 semel
2047 4307 2146 4349 nec

555 4379 782 4434 obscure
829 4379 920 4433 ﬁat
958 4378 1083 4450 (a);
1121 4391 1248 4435 ante
1296 4379 1426 4434 illud
1473 4390 1683 4451 tempus
1727 4382 1825 4438 hos
1868 4397 2148 4441 sermones

557 4472 787 4541 scriptos
813 4471 999 4537 luisse,
1026 4472 1314 4528 dicendum
1340 4488 1446 4526 non
1471 4483 1575 4528 est.
1604 4474 1672 4529 Et
1701 4473 1818 4530 haec
1839 4477 2146 4546 conjectura

559 4561 682 4617 inde
718 4559 961 4617 fortassis
993 4563 1299 4618 conﬁrmari
1336 4573 1542 4632 potest,
1571 4565 1714 4635 quod
1754 4565 1808 4621 in
1843 4571 2001 4623 tertio
2029 4585 2137 4626 ser~

559 4667 717 4708 mone
746 4654 911 4708 multa
943 4652 1258 4720 habeantur,
1289 4671 1408 4726 qua:
1439 4665 1496 4710 ut
1518 4657 1640 4711 alibi
1673 4669 2000 4727 prtcuotasse
2029 4677 2141 4718 me-

558 4745 721 4812 mini,
756 4743 1083 4801 difﬁtiiiiitttis
1123 4747 1346 4803 iustitia:
1385 4751 1772 4817 persecutionis
1809 4755 2139 4824 temporibus

557 4841 794 4906 apperc
823 4839 1110 4894 convenire
1157 4840 1436 4908 videntur;
1477 4856 1599 4910 quae
1644 4843 1861 4914 quidem
1911 4845 2140 4902 Ariano-

562 4942 672 4982 rum
723 4927 980 4997 impunita
1030 4931 1240 4985 vexatio
1287 4946 1596 5002 compressa
1643 4945 1726 4989 est
1772 4946 1897 4992 ante
1938 4953 2136 4995 annum

556 5019 659 5075 589
687 5035 793 5089 quo
829 5019 1226 5076 Valentinianus
1270 5023 1458 5078 iunior
1492 5041 1596 5079 una
1631 5041 1752 5081 cum
1795 5027 2135 5099 Theodmio,

557 5114 1076 5169 esstincto'blaximo
1099 5126 1346 5185 tyranno,
1377 5118 1734 5174 Medioiamtm
1761 5137 2008 5179 reversus
2030 5134 2138 5181 est.

554 5205 708 5272 Quod
745 5215 921 5260 autem
965 5207 1015 5260 bi
1059 5218 1170 5262 tres
1217 5223 1496 5264 set-moues
1543 5212 1730 5267 eodem
1775 5229 1918 5269 anno
1968 5215 2134 5270 habiti

555 5295 694 5360 sint,
735 5313 800 5350 et
841 5312 1027 5352 eorum
1080 5314 1218 5354 nexu
1270 5301 1711 5374 colligatioueque
1762 5315 1927 5374 patet.
1960 5309 2136 5375 Quoto

558 5399 680 5438 κει-υ
711 5403 832 5439 antu
869 5390 1092 5457 tempori
1135 5390 1291 5445 iidem
1336 5394 1411 5447 illi
1451 5397 1755 5466 assignandi
1789 5404 1926 5469 sint,
1969 5406 2137 5456 mu'lo

557 5478 778 5531 minoris
811 5480 1134 5538 difﬁcultatis
1175 5500 1258 5538 res
1297 5496 1400 5540 est.
1455 5488 1692 5543 Dubitari
1720 5492 1862 5546 enim
1905 5509 1988 5548 να
2035 5510 2130 5564 po-

629 5641 703 5718 (ᾳ)
728 5639 951 5718 δεῖξιν.)
972 5683 990 5718 ρ
1015 5641 1041 5711 §
1065 5641 1113 5703 5,
1141 5653 1194 5697 et.
1223 5643 1395 5699 Serm.
1423 5648 1478 5716 ὅ,
1504 5647 1530 5718 §
1560 5649 1642 5702 li.

632 5715 705 5776 (ὑ)
737 5711 866 5782 ibid.
967 5713 1013 5764 'I.

628 5787 699 5852 (ε)
731 5780 984 5852 ὃθιωξὸ,
1009 5781 1068 5852 §§
1112 5783 1171 5846 ὁ.
1205 5783 1236 5837 8
1259 5794 1311 5839 et
1339 5788 1420 5846 l0.

629 5851 1289 5925 (ntm¢§§ateuo.

2172 4615 2223 4677 D

2251 3368 2510 3430 templum
2566 3361 2833 3430 prati-ipne
2878 3359 3221 3417 adhortatum
3269 3361 3434 3416 tuisse
3478 3381 3492 3417 :
3539 3362 3634 3417 sed
3684 3376 3838 3435 aeque

2249 3452 2384 3517 scio,
2417 3452 2537 3507 illos
2567 3464 2687 3523 post
2711 3462 3018 3522 susceptum
3060 3453 3325 3525 baptisma
3357 3454 3409 3510 in
3442 3453 3630 3510 iisdem
3661 3471 3836 3511 mora-

2249 3547 2392 3601 libus
2417 3547 2718 3617 prmceptis,
2735 3561 2854 3618 quae
2871 3561 2929 3602 se
2949 3547 3174 3604 docente
3201 3551 3308 3617 jam
3338 3547 3660 3615 didicerant,
3685 3549 3838 3604 novis

2247 3637 2599 3692 concionibus
2635 3639 3008 3694 conﬁrmasse.
3061 3638 3310 3694 Profecto
3349 3655 3657 3709 sermones,
3712 3641 3837 3711 qui-

2249 3731 2350 3784 bus
2396 3740 2645 3786 constant
2684 3730 2801 3786 libri
2843 3732 2908 3784 de
2947 3731 3098 3800 Fuga
3144 3733 3353 3792 seculi.
3393 3741 3449 3788 et
3483 3733 3548 3788 de
3583 3731 3748 3788 Iacob
3790 3741 3838 3788 rt

2257 3822 2378 3877 Vita
2424 3822 2604 3888 licata,
2633 3820 2722 3878 ubi
2764 3822 3102 3893 potissimum
3142 3825 3211 3881 de
3250 3826 3408 3895 hujus
3444 3827 3627 3881 mundi
3673 3825 3835 3882 rebus

2247 3916 2559 3973 abdicandis
2596 3917 2791 3986 agitur,
2821 3918 2888 3970 ad
2930 3931 3123 3973 recens
3167 3919 3461 3987 baptizatos
3484 3917 3668 3974 habuit
3707 3920 3854 3975 Arus

2250 4009 2480 4077 brosius,
2509 4021 2564 4063 ttt
2593 4009 2728 4064 scite
2748 4008 2941 4064 erudii
2969 4008 3190 4064 Maurioi
3221 4012 3591 4064 demonstrant
3618 4011 3724 4081 (gl.

2322 4103 2388 4159 Χ.
2421 4101 2498 4158 De
2539 4105 2722 4157 horum
2759 4119 3048 4158 sermonum
3078 4104 3328 4159 doctrina.
3364 4135 3422 4144 —-
3452 4103 3566 4159 Non
3597 4114 3676 4160 est
3705 4120 3836 4161 vero

2249 4208 2367 4259 cur,
2391 4194 2480 4264 qui
2508 4209 2649 4248 nunc
2679 4195 2975 4263 prodeunt,
3005 4207 3282 4249 sermones
3312 4194 3552 4261 laudent;
3583 4211 3704 4250 nam
3735 4197 3836 4265 ipsi

2250 4299 2332 4349 se.
2365 4295 2422 4339 ut
2459 4301 2714 4353 auguror,
2755 4285 2982 4340 eruditis
3009 4285 3212 4355 piisque
3241 4287 3529 4341 lectoribus
3557 4303 3834 4342 commen-

2249 4376 2455 4430 dabunt
2501 4377 2652 4443 Quod
2683 4385 2859 4430 autem
2907 4375 2959 4431 in
3000 4391 3184 4430 eorum
3228 4377 3524 4446 praesertim
3572 4379 3744 4449 primo
3773 4393 3834 4434 ac

2245 4466 2489 4526 secundo
2517 4467 2834 4522 Ambrosius
2860 4467 3184 4539 evangelicis
3217 4468 3395 4524 verbis
3423 4469 3647 4534 doceat,
3678 4469 3835 4526 Chri-

2250 4559 2546 4614 Stiauorum
2577 4573 2698 4615 esse
2739 4560 2918 4612 omnia
2959 4573 3056 4613 sua
3101 4559 3238 4616 bona
3285 4561 3613 4631 relinquere,
3643 4572 3697 4619 et
3738 4579 3835 4631 pro

2247 4651 2356 4708 Chr
2378 4662 2462 4706 sto
2508 4651 2826 4721 pauperibus
2863 4652 3216 4722 distribuere,
3247 4662 3408 4722 atque
3452 4668 3572 4708 sese
3617 4654 3833 4721 prorsus

2249 4744 2445 4800 divinas
2488 4744 2836 4814 providentia:
2882 4745 3250 4811 committere;
3282 4762 3388 4800 non
3422 4748 3490 4801 ita
3535 4749 3719 4804 stricte
3751 4749 3831 4802 in—

2249 4838 2592 4909 telligendum
2619 4848 2731 4905 est,
2759 4853 2822 4893 ac
2859 4840 2904 4894 si
2943 4851 3271 4910 prmeeptum
3318 4840 3440 4897 illud
3472 4841 3673 4912 absque
3713 4842 3828 4898 dis-

2249 4931 2442 5001 pendio
2467 4942 2684 4987 σείει-ηδε
2709 4931 2900 4986 salutis
2922 4947 2952 4984 a
2976 4933 3166 5002 quovis
3190 4932 3453 4998 prteteriri
3496 4947 3600 4986 non
3639 4933 3832 5000 possit;

2248 5023 2342 5080 sed
2379 5024 2446 5080 ab
2475 5039 2541 5080 eo
2569 5023 2841 5078 observari
2868 5033 2920 5078 et
2951 5024 3230 5092 adimpleri
3269 5023 3394 5078 illud
3426 5024 3642 5096 quidem
3673 5041 3834 5096 opor-

2250 5125 2385 5182 tere,
2413 5117 2502 5187 qni
2533 5115 2598 5170 ad
2639 5131 2948 5186 supremum
2987 5116 3208 5187 gradum
3252 5117 3573 5186 evangelicae
3619 5121 3828 5185 perlec-

2246 5210 2406 5265 tiouis
2434 5211 2719 5280 pervenire
2738 5210 3048 5264 contendat.
3074 5209 3320 5264 Profecto
3345 5211 3544 5274 nullus,
3570 5209 3830 5280 quidquid

2248 5304 2556 5359 helerodoxi
2609 5302 2862 5358 necterici
2907 5302 3199 5367 blaterent,
3249 5300 3386 5355 hanc
3430 5301 3828 5356 distinctionem

2245 5396 2479 5465 antiquis
2510 5395 2762 5462 imam,et
2785 5393 3220 5448 inAmbrosianis
3234 5393 3446 5464 scriptis
3464 5392 3704 5462 reperiri,
3735 5391 3833 5448 ibit

2249 5494 2476 5559 inﬁcias,
2509 5491 2598 5561 qui
2627 5490 2815 5546 saltem
2850 5489 3034 5558 legerit
3064 5503 3185 5557 cap.
3213 5488 3272 5543 ll
3299 5530 3315 5557 ,
3349 5487 3440 5546 lib.
3465 5504 3482 5543 ι
3510 5489 3576 5544 de
3604 5485 3830 5554 Ofﬁciis,

2325 5647 2919 5719 u)mmh§§9mt0.

2310 5718 2387 5795 (ft
2419 5723 2576 5798 littth
2598 5720 2669 5790 ᾗῇ
2702 5718 3035 5798 inodocitat.
3099 5785 3130 5798 η

2319 5789 2393 5867 (9)
2424 5794 2479 5849 In
2509 5789 2920 5848 admuttitioutb.
2951 5789 3184 5860 pmviis.
