4180 6444
622 287 726 343 119

1212 403 1436 460 SEllllO
1474 403 1535 459 ll.

592 564 838 616 Adversus
868 576 973 619 eos.
1014 561 1099 628 qtti
1129 560 1301 611 dicunt
1329 560 1693 628 possessionem
1732 575 1830 611 non
1872 560 2157 612 distrahen-

727 637 863 698 dum,
895 630 982 683 sed
1009 630 1255 697 fructibus
1285 631 1677 682 misericordia»:
1705 630 2013 699 faciendum.

659 767 697 819 l.
738 762 858 818 Iesu
889 762 1075 818 Christi
1113 764 1343 817 salutare
1368 771 1393 800 ι
1428 773 1769 833 praeceptum
1815 773 1932 817 est:
1969 783 1985 815 t
2023 764 2158 817 Ven-

589 860 696 910 dite
749 858 924 910 omnia
969 868 1105 922 quae
1147 854 1452 922 possidetis,
1494 862 1549 907 et
1583 852 1705 907 date
1743 856 2102 923 elemosynam
2140 856 2154 884 ¹

592 947 740 1009 (Luc.
777 961 874 1015 xii,
902 947 1014 1013 33).
1048 963 1066 997 i
1098 945 1356 999 Dominici
1387 944 1617 1015 magistri
1639 944 1663 981 δ
1690 942 1888 999 fidesin
1910 952 2155 1013 promptu

587 1049 669 1091 est
693 1079 707 1103 ,
740 1052 875 1106 quae
906 1052 1007 1089 non
1040 1038 1208 1090 solum
1236 1036 1457 1089 distrahi
1487 1046 1508 1073 ε
1540 1036 1723 1096 iussit;
1757 1049 1939 1089 uerum
1972 1038 2155 1101 etiam,

588 1128 714 1197 quid
737 1130 803 1181 de
825 1127 1075 1181 distracto
1098 1124 1265 1190 fieret,
1286 1124 1627 1179 demandauit
1646 1127 1686 1178 ².
1717 1124 1819 1179 Sed
1846 1128 1980 1179 hanc
2000 1125 2155 1179 fidem

590 1222 737 1287 praui
767 1220 1012 1273 doctores
1047 1218 1251 1273 friuolis
1280 1232 1343 1272 ae
1373 1218 1606 1271 futilibus
1640 1218 1816 1272 uerbis
1856 1217 2115 1271 infuscant
2141 1237 2155 1283 ;

589 1327 721 1380 quos
738 1313 1008 1382 apostolus
1031 1310 1227 1364 Paulus
1254 1312 1354 1363 iam
1382 1325 1483 1361 non
1508 1310 1706 1373 carnis,
1729 1308 1822 1363 sed
1845 1308 1984 1377 quod
2009 1310 2156 1377 peius

588 1404 617 1438 εί
645 1416 747 1467 eSt,
794 1403 987 1456 diuinis
1018 1402 1351 1455 sermonibus
1398 1400 1666 1453 adulteros
1690 1401 1710 1431 ³
1732 1400 2152 1469 praedamuauit,

587 1494 850 1549 dicendo:
897 1514 913 1545 t
946 1492 1319 1547 Adulterantes
1366 1492 1587 1547 uerbum
1628 1490 1721 1545 Dei
1757 1490 1777 1520 ⁸
1821 1489 1895 1561 (Il
1930 1489 2049 1545 Cor.
2095 1506 2153 1555 ii,

589 1588 699 1657 17).
735 1606 753 1638 ι
789 1586 854 1641 Et
894 1586 1081 1640 iterum
1114 1603 1125 1637 :
1166 1605 1181 1636 i
1214 1584 1441 1638 Nescitis
1481 1584 1600 1652 quia
1642 1584 1728 1652 qui
1764 1584 2018 1653 templum
2063 1584 2153 1637 Dei

587 1677 881 1746 t‘onrunipit
903 1718 918 1741 ,
958 1674 1229 1743 disiierdct
1258 1676 1400 1728 illuni
1435 1673 1607 1729 Dens?
1634 1676 1655 1705 ⁵
1681 1674 1719 1740 (1
1747 1673 1957 1739 Cor.i:i,
1988 1675 2093 1743 17).
2129 1694 2147 1726 i

1566 292 1621 349 S.
1664 291 1958 350 AMBROSI
1997 290 2536 348 MEDIOLANENSIS
2576 292 2871 350 EPISCOI‘I

2184 409 2232 465 Α
2260 404 2501 458 ardorem
2517 406 2961 475 cupiditatemque
2977 407 3249 465 habendae
3263 408 3671 481 retinendaeque
3686 420 3711 450 ⁸
3724 427 3841 481 pos-

3739 300 3842 355 1ἓο

2261 496 2517 550 sessionis
2546 498 2783 566 obtegis?
2823 498 2956 565 Quid
2993 500 3262 568 inpietatis
3298 510 3418 554 tuae
3453 500 3707 571 flagitium
3738 504 3841 557 sub

2262 588 2523 642 uelamine
2554 588 2763 655 pietatis
2788 590 3075 644 obumbras
3098 592 3119 644 ἲ
3148 591 3284 658 Quid
3310 592 3642 647 Doniinicum
3673 608 3834 662 prae-

2260 688 2494 745 ceptum,
2527 687 2580 730 et
2606 680 2715 746 ipsa
2739 692 2832 731 sua
2864 682 3090 748 puritate
3120 682 3476 749 praeclarum,
3496 682 3839 736 credentibus

2259 768 2439 821 subtili
2487 770 2650 836 eripis
2698 771 3077 837 persuasione?
3123 772 3258 836 Quid
3308 771 3430 825 ficto
3478 766 3837 840 simulataque

2259 859 2541 926 conloquio
2577 858 2594 897 ί
2640 861 2900 929 religiosis
2942 862 3173 929 denegati
3207 863 3442 917 caele~te
3488 862 3837 916 mandatum?

2259 950 2396 1015 Quid
2437 951 2526 1005 Dei
2572 952 2801 1006 serunlis
2834 961 2857 995 κ
2901 952 3208 1020 serpentino
3255 953 3478 1006 oonsilio
3533 952 3833 1021 paradisum

2264 1040 2598 1106 intercludis,
2631 1041 2717 1109 qui
2750 1055 2854 1094 non
2887 1041 3145 1095 introii-iis
3168 1042 3279 1110 ipse
3305 1083 3318 1103 ,
3353 1058 3536 1095 uerum
3562 1042 3723 1095 etiam
3754 1043 3833 1094 in-

2264 1132 2427 1184 troire
2472 1130 2814 1199 cupientibus
2855 1146 3138 1201 regnorum
3179 1132 3485 1187 caelestium
3526 1132 3703 1187 claues
3741 1133 3832 1185 ab-

2258 1223 2507 1277 scondis?
2538 1224 2555 1254 '
2586 1224 2699 1277 Non
2730 1238 2788 1279 es
2826 1226 3118 1291 sapientior
3139 1224 3352 1279 Christo
3382 1239 3477 1279 nec
3505 1226 3690 1289 maior,
3733 1224 3825 1293 qui

2263 1314 2377 1369 fieri
2408 1314 2549 1367 iussit
2576 1330 2587 1377 ;
2620 1331 2723 1367 non
2755 1315 2946 1369 melior
2980 1316 3142 1371 Paulo
3177 1317 3439 1384 apostolo,
3472 1318 3558 1385 qui
3588 1317 3828 1383 perfecit.

2260 1405 2397 1472 'Qui
2441 1420 2562 1459 mox
2594 1405 2940 1459 inluminatus
2986 1402 3012 1443 δ
3059 1417 3139 1461 est
3176 1408 3370 1473 gratia,
3405 1422 3509 1461 non
3556 1408 3827 1476 adquienit

2257 1499 2403 1554 carni
2428 1508 2482 1553 et
2508 1500 2751 1569 sanguini
2780 1504 2800 1533 '
2830 1502 2881 1555 in
2912 1502 3250 1570 passionibus
3289 1502 3538 1569 trepidis;
3578 1518 3683 1557 non
3711 1503 3830 1557 Hie-

2264 1594 2586 1663 rosolymam
2616 1592 2925 1648 conscendit
2945 1634 2959 1658 ,
2992 1602 3049 1647 ut
3076 1608 3105 1647 a
3138 1594 3578 1663 praecedentibus
3606 1594 3830 1665 Aposto-

2269 1684 2332 1737 lis
2363 1684 2643 1739 consilium
2680 1685 2958 1738 sortiretur
2991 1684 3064 1750 ³⁸,
3103 1698 3260 1754 quem
3306 1685 3373 1739 de
3418 1684 3666 1740 omnibus
3707 1684 3831 1739 fidei

592 1771 658 1823 Et.
687 1770 800 1824 illtit
829 1768 966 1838 quod
995 1770 1045 1822 in
1075 1770 1351 1839 euangelio
1382 1765 1623 1821 Clitistus
1648 1767 1962 1822 Pliorisaeos
1990 1767 2155 1821 iiiere-
2188 1784 2235 1843 Β
2262 1776 2561 1843 praeconiis
2617 1776 2930 1829 instructum
2975 1774 3173 1831 fecerat
3210 1776 3459 1830 diuinum
3508 1787 3562 1832 et
3602 1775 3836 1832 caeleste

591 1876 719 1929 paris
748 1860 1080 1926 memorauit,
1110 1858 1290 1914 dicetis
1318 1877 1329 1910 :
1364 1877 1381 1907 ι
1416 1857 1664 1912 Reiecitis
1687 1857 1930 1911 mandata
1960 1857 2073 1923 Dei,
2102 1869 2157 1913 ut

592 1954 903 2008 traditiones
935 1963 1137 2007 uestras
1164 1954 1407 2007 statuatis
1436 1951 1456 1981 ⁸
1488 1950 1679 2021 (Μαι-ε.
1714 1966 1802 2011 vii,
1827 1949 1904 2021 9).
1938 1969 1957 2002 i

660 2046 726 2100 ll.
767 2044 880 2098 Non
910 2053 1012 2106 est,
1044 2043 1305 2112 inquiunt,
1332 2041 1675 2096 distralienda
1702 2082 1717 2106 ,
1757 2041 1848 2096 sed
1879 2042 2155 2097 retinenda

591 2140 894 2207 possessio;
942 2136 1083 2191 etde
1106 2135 1223 2189 eius
1268 2133 1525 2188 reditibus
1564 2133 1958 2189 misericordiae
1994 2148 2156 2203 Opera

588 2228 924 2284 celebranda.
973 2226 1109 2293 Qtid
1153 2225 1253 2279 sub
1300 2225 1496 2279 uestitu
1536 2224 1713 2293 operis
1761 2224 2161 2283 misericordiae

660 2436 687 2464 ι
726 2426 934 2479 Rubras
960 2438 1184 2484 succus,
1226 2439 1331 2491 quo
1360 2422 1473 2475 hmc
1514 2423 1680 2491 prima
1730 2424 1888 2479 verba
1938 2426 1989 2479 in
2025 2428 2144 2482 cod.

590 2499 783 2564 scripta
806 2506 949 2561 sunt,
976 2505 1235 2549 vetustate
1265 2494 1474 2549 eiaiiuit
1497 2534 1511 2555 ,
1540 2502 1596 2547 et
1628 2496 1835 2548 nonnisi
1867 2510 1932 2550 ex
1964 2497 2153 2553 litteris

595 2570 843 2632 ιιυδιΐϐιιί
874 2566 1115 2619 vocabuli
1146 2579 1281 2626 :are,
1326 2576 1483 2632 atque
1527 2576 1841 2619 caeterorum
1883 2581 1947 2620 ex
1984 2570 2148 2623 vesti-

591 2642 710 2709 gzis,
744 2638 917 2690 habita
945 2647 1061 2705 Spnl
1083 2650 1233 2689 orum
1266 2634 1498 2709 ratione,
1529 2634 1605 2687 sic
1636 2636 1779 2709 potui
1811 2639 2077 2709 supplere.

662 2708 689 2746 δ
728 2709 940 2762 Cariosa
980 2704 1294 2760 'incinbrani
1338 2704 1494 2773 liiijus
1536 2706 1772 2760 vocabuli
1825 2706 2029 2762 litteras
2070 2724 2153 2763 ma

593 2790 793 2834 tantum
824 2786 1004 2833 servat
1032 2778 1242 2842 ilkesas,
1268 2785 1318 2830 ct
1347 2776 1626 2831 nonnullos
1657 2790 1916 2846 supernos
1948 2789 2150 2833 tantum

592 2853 807 2905 exhibet
835 2852 1031 2913 anites,
1057 2863 1119 2903 et
1149 2849 1339 2915 quibus
1367 2863 1465 2917 ego
1490 2848 1714 2913 magistri
1739 2850 2146 2916 interpretabor.

663 2935 685 2959 ε
725 2918 801 2974 Cl‘.
830 2920 1525 2988 Uip‘inn.deTransaction.,
1552 2920 1705 2985 Apul.
1734 2920 1825 2976 lib.
1857 2936 1902 2979 i;
1926 2922 2149 2977 Sueten.

594 2995 644 3046 in
676 2992 896 3058 \‘eSpas.
923 3006 1009 3043 xvx
1031 3009 1045 3053 ;
1071 2990 1261 3043 .liistin.
1294 3005 1372 3055 ix,
1401 2991 1420 3042 1
1446 3004 1460 3052 ς
1488 2990 1653 3043 Tacit.
1682 3006 1732 3042 vi
1765 2994 1898 3045 Ann.
1928 3032 1943 3055 ,
1969 2993 2035 3045 17
2058 3035 2071 3057 ,
2099 3006 2153 3048 et

594 3064 766 3133 recole
790 3066 1031 3129 superius
1061 3061 1197 3115 dieta
1223 3071 1330 3114 not.
1370 3065 1409 3128 ι’,
1445 3075 1562 3129 pag.
1588 3062 1613 3133 71
1651 3059 1785 3129 (Cof.
1824 3062 1944 3128 111,
1981 3061 2054 3133 δ).

662 3132 688 3168 ά
730 3133 849 3187 llaec.
871 3147 1079 3202 quoque
1105 3147 1207 3185 vox
1242 3146 1380 3197 :egrc
1405 3133 1454 3183 in
1483 3132 1664 3185 codice
1688 3133 1909 3199 legitur,
1951 3143 2005 3187 et
2027 3149 2152 3203 per-

596 3207 749 3273 plexe
778 3206 919 3273 peius
951 3202 1144 3267 seiibo,
1177 3204 1415 3273 quamvis
1437 3204 1569 3254 lianc
1611 3203 1966 3258 elocutionem
2008 3202 2154 3259 eom-

597 3272 885 3345 parativam
916 3272 1197 3345 Ambrosio
1230 3272 1540 3327 familiarem
1564 3287 1683 3345 esse
1714 3274 1896 3345 sciant.

666 3354 690 3383 ο
728 3346 902 3400 (ὶοάοι
932 3344 1157 3398 habenda
1186 3345 1538 3414 retinendoque
1558 3344 1672 3397 sine
1698 3342 2049 3414 diphthongo.

666 3415 687 3454 ί
734 3422 802 3471 ita
830 3417 977 3478 cod.,
1003 3423 1059 3469 ut
1087 3429 1245 3473 suura
1266 3426 1318 3471 et
1339 3413 1493 3480 infra,
1522 3415 1841 3483 conloquium
1861 3413 1982 3470 cum
2007 3418 2157 3472 mica

596 3491 613 3544 Ι
643 3506 789 3543 inure
815 3497 1072 3543 veterum.

667 3714 682 3725 -
732 3692 853 3745 vide
880 3700 1129 3745 annotata
1170 3705 1223 3746 iii
1266 3689 1435 3761 primo
1474 3703 1724 3749 sermone
1751 3706 1871 3762 pag.
1905 3692 1957 3761 1,
1987 3702 2099 3749 ιιοι.
2132 3695 2157 3750 1

618 3762 726 3817 Col.
758 3762 880 3823 109,
908 3779 961 3815 ii.
998 3763 1061 3828 ¹).

659 3779 726 3817 οι.
758 3779 880 3823 ιυυ,
908 3779 961 3815 ιι.
1000 3779 1061 3823 ⁵).

592 3764 1079 3887 μῗῑίέὲῗῖεηὰίίτῖἓι
1112 3835 1150 3884 ι.
1179 3846 1253 3891 e.,
1285 3840 1399 3886 not.
1433 3828 1467 3884 2
1493 3830 1678 3956 suam
1707 3831 1807 3887 col.
1843 3833 1963 3897 iii,
2006 3850 2061 3887 ιι.
2095 3834 2161 3904 ¹).

661 3903 681 3933 ³
724 3906 891 3956 titiam
932 3904 982 3956 iii
1019 3902 1146 3956 Luc.
1182 3918 1309 3956 vni.
1335 3902 1388 3956 9.
1438 3912 1475 3954 t.
1526 3903 1579 3956 l.
1607 3904 1895 3956 apostolica
1927 3904 2161 3956 dictione

661 3903 681 3933 ³
724 3906 891 3957 titiam
932 3904 982 3957 iii
1019 3902 1146 3957 Luc.
1182 3918 1309 3966 vui,
1335 3902 1388 3965 9,
1438 3912 1475 3954 t.
1503 3902 1579 3967 ll,
1607 3904 1895 3970 apostolica
1927 3902 2161 3962 dictione

590 3973 830 4038 adulteri,
859 3974 928 4027 ait
960 3974 1292 4033 Ambrosius,
1346 3982 1480 4044 sunt,
1505 3990 1696 4040 omnes,
1747 3975 1831 4044 qui
1874 3974 2165 4032 adulterare

700 4048 800 4075 2η...
837 4045 867 4075 Β
892 4046 951 4075 In:
998 4055 1043 4075 Δ.
1077 4044 1352 4075 ..κάη-ιζ...
1379 4043 1483 4075 om:

592 4048 800 4116 cupiunt
830 4045 867 4111 li
892 4046 973 4110 (ei,
994 4055 1044 4099 et
1074 4045 1352 4106 sapientiae
1379 4045 1659 4099 veritatem.

666 4116 688 4147 ⁸
726 4117 796 4170 Ita
831 4116 1079 4178 iretimtts,
1104 4116 1193 4170 lib.
1219 4128 1289 4177 iv,
1322 4131 1371 4170 e.
1402 4114 1474 4169 26
1498 4157 1513 4182 ,
1557 4118 1661 4170 col.
1691 4115 1819 4179 265.
1854 4116 1939 4170 cui
1980 4117 2157 4172 conci-

594 4198 723 4241 iitiiit
757 4187 1125 4253 Hieronymus,
1155 4196 1205 4240 et
1232 4187 1367 4239 Beda
1396 4186 1447 4239 iii
1477 4188 1529 4240 li.
1571 4188 1608 4240 l.
1648 4185 1866 4242 Grzccus
1903 4202 2034 4243 vero
2074 4211 2163 4243 ra-

590 4261 884 4331 πηῖωύοντες
913 4261 994 4313 τὸν
1018 4259 1163 4331 λόγῳ
1189 4263 1453 4331 reuere}.
1752 4326 1764 4331 Δ
1945 4323 1953 4331 .

661 4331 683 4360 ⁸
722 4330 897 4382 Prima
926 4326 1094 4381 verha'
1113 4328 1327 4379 Nescitis
1350 4328 1469 4393 quia
1498 4341 1563 4381 ex
1588 4326 1863 4393 superiore
1892 4326 2159 4383 versiculo

594 4402 608 4452 Ι
638 4400 761 4454 Cor.
796 4414 875 4460 iii,
914 4399 998 4462 16,
1023 4398 1107 4451 hic
1137 4399 1393 4451 translata
1420 4408 1577 4462 sunt;
1609 4398 1807 4466 reliqua
1840 4408 2017 4452 autem
2042 4400 2157 4454 Au-

590 4472 833 4534 gustinus
860 4470 950 4522 lih.
981 4478 1123 4521 cont.
1148 4466 1485 4532 Manicliaeos,
1514 4478 1554 4522 t.
1585 4464 1735 4529 Vill,
1763 4470 1867 4522 col.
1903 4470 2003 4525 179
2025 4512 2039 4534 ,
2082 4470 2161 4525 sic

592 4542 720 4609 l--git
754 4539 1031 4609 :Qnisque
1074 4539 1337 4609 templum
1364 4535 1457 4591 Dei
1507 4538 1821 4607 corruperit,
1873 4552 2161 4607 corrumpet

590 4607 739 4663 illum
770 4608 905 4662 Deus
927 4625 945 4673 ;
976 4609 1059 4661 ubi
1088 4607 1233 4661 addit
1259 4624 1270 4658 :
1307 4607 1455 4673 Quod
1478 4610 1684 4662 uerbum
1711 4617 1988 4663 metuentes
2014 4612 2161 4663 multi

592 4682 762 4733 Latini
793 4682 1116 4749 interpretes,
1154 4677 1424 4749 noluerunt
1467 4680 1561 4731 die.
1577 4696 1629 4732 re
1674 4690 2016 4748 eorritmpet;
2069 4683 2157 4735 sed

593 4751 830 4804 dixerunt
855 4767 870 4801 ς
897 4748 1169 4818 disperdet
1189 4748 1337 4802 illum
1370 4748 1537 4811 Deus;
1566 4758 1613 4802 et
1641 4766 1741 4802 non
1768 4749 2022 4805 deuiantes
2042 4768 2074 4803 a
2104 4769 2159 4804 re

591 4824 722 4889 ipsa,
763 4818 1091 4887 o/fensionem
1126 4820 1354 4872 vocabuli
1399 4819 1780 4873 det'itaruiit....
1832 4821 1934 4875 Sed
1964 4819 2157 4876 Grecis

592 4892 958 4961 exemplaribus
984 4890 1345 4942 convincuntur
1376 4890 1729 4959 (subintellige
1763 4889 2069 4953 Jlanichteé)
2105 4893 2159 4946 in

591 4964 773 5023 quibus
816 4961 1130 5030 ap'trtissime
1168 4961 1413 5026 scriptum
1457 4971 1579 5013 est:
1619 4961 1868 5028 Quisquis
1900 4961 2155 5031 templum

594 5031 686 5085 Dei
728 5032 1045 5097 corruperit,
1102 5040 1407 5095 corrumpet
1455 5032 1601 5085 illum
1663 5031 1816 5084 Deus.
1853 5052 1871 5083 i
1939 5030 2154 5087 Griecus

592 5112 771 5155 textus
802 5104 1231 5175 tyOsipit..99€p£§.
1264 5100 1533 5175 Cottiarum
1554 5100 1726 5175 nullus
1752 5099 1809 5155 S.
1841 5101 1994 5175 Pater
2014 5103 2155 5157 Lali-

596 5190 725 5235 nus,
769 5171 962 5240 prmti-r
989 5171 1333 5239 Augustinum
1372 5182 1427 5225 et
1456 5172 1745 5232 lltlarium.
1785 5172 1999 5226 verb'tim
2044 5189 2154 5225 cor-

592 5254 789 5305 rumpet
819 5243 1048 5309 geminat
1080 5258 1093 5305 ;
1128 5242 1218 5294 sed
1242 5256 1424 5294 eorum
1456 5242 1689 5309 plerique
1724 5255 1844 5295 cum
1876 5242 2155 5299 Ambrosio

592 5323 776 5365 nostro
800 5313 1049 5376 disperdet
1072 5310 1304 5365 secundo
1334 5311 1447 5365 loco
1477 5313 1725 5365 retinent.

664 5382 685 5411 ⁸
724 5382 907 5437 itidem
927 5384 984 5437 S.
1007 5380 1303 5449 Cyprianus
1328 5383 1377 5435 in
1401 5382 1638 5437 epistolis
1658 5380 1747 5445 40,
1778 5378 1864 5443 63,
1889 5382 1958 5436 68
1975 5391 2029 5438 et
2046 5382 2115 5437 ’Νι
2134 5424 2151 5450 ,

594 5452 716 5505 coll.
742 5456 830 5514 5t,
862 5453 974 5514 108,
1007 5454 1126 5516 loti,
1157 5452 1251 5506 tl8
1275 5460 1329 5506 et
1363 5453 1493 5513 139;
1528 5452 1621 5506 sed
1652 5452 1902 5519 singulari
1927 5468 2147 5507 numero

594 5531 648 5573 et
680 5524 953 5589 prmniisso
987 5520 1207 5574 fieiiciti‘s
1242 5522 1357 5575 loco
1399 5521 1658 5575 Reiecitis.
1685 5521 1944 5576 Similiter
1987 5526 2146 5580 etiam

594 5591 735 5647 Zeno
761 5593 951 5645 Veron.
978 5591 1068 5644 lib.
1092 5607 1127 5655 i,
1151 5602 1218 5644 tr.
1246 5596 1296 5651 1,
1319 5594 1422 5645 col.
1450 5592 1534 5655 12,
1558 5607 1676 5647 cuni
1700 5593 1893 5646 Siricio
1913 5595 2069 5658 epist.
2093 5593 2147 5658 4,

598 5662 828 5727 exceptis
860 5661 1083 5715 ficiiitis
1130 5662 1427 5715 mandatum
1474 5678 1570 5730 pro
1618 5661 1850 5717 Reiecitis
1883 5666 2144 5718 mandata.

667 5733 683 5761 ⁷
724 5735 784 5789 S.
816 5732 1077 5787 Αιιιιιιυιιί
1101 5742 1254 5787 aetate
1280 5734 1517 5790 homines
1543 5747 1649 5789 non
1672 5732 1922 5799 defuisse,
1970 5736 2060 5803 qui
2098 5735 2151 5790 in

2257 1866 2602 1933 conloquium
2634 1868 2711 1931 “;
2745 1882 2849 1921 non
2878 1864 3114 1922 Ciliciam
3146 1870 3277 1937 petit
3311 1866 3324 1905 ί
3354 1870 3619 1939 propriam
3642 1868 3833 1922 eiuita.

2258 1966 2364 2013 tem
2390 1960 2453 2024 ",
2481 1958 2826 2014 hereditatem
2855 1959 3096 2028 accipere
3129 1960 3142 2009 i
3188 1968 3461 2029 paternam
3483 2004 3499 2027 ,
3542 1974 3700 2030 quam
3738 1971 3838 2029 pro

2259 2050 2471 2105 Christo
2528 2051 2847 2121 pauperibus
2893 2051 3238 2117 deseruerat;
3296 2051 3384 2120 qui
3434 2064 3533 2105 nec
3593 2049 3837 2105 nobilita-

2263 2152 2370 2197 tem
2402 2143 2568 2213 ipsam
2598 2144 2801 2198 romani
2833 2145 3065 2214 generis,
3094 2144 3162 2200 de
3182 2159 3290 2215 quo
3313 2145 3573 2214 originem
3615 2145 3836 2214 sangui-

2266 2234 2347 2287 nis
2364 2232 2592 2289 duxerat
2621 2234 2687 2299 ⁸⁸.
2709 2234 3027 2301 defensauit,
3052 2233 3075 2272 ι
3099 2250 3255 2303 uuam
3282 2235 3527 2306 passione
3554 2234 3830 2292 Dominica

2331 2440 2356 2477 ε
2397 2430 2617 2485 Locutio
2664 2428 2937 2483 familiaris
2975 2428 3274 2485 Ambrosio.
3314 2428 3435 2483 Vitl.
3483 2430 3668 2485 saltem
3710 2428 3828 2487 Ser.

2258 2500 2325 2555 de
2358 2501 2569 2581 Basilic.
2616 2516 2720 2555 non
2768 2500 3033 2566 tradend.,
3080 2516 3136 2556 n.
3178 2501 3268 2567 30,
3307 2514 3358 2570 p.
3398 2499 3525 2570 924,
3561 2510 3601 2554 t.
3639 2501 3738 2567 lli,
3782 2510 3837 2559 et

2278 2588 2482 2625 ιθςςιιιι.

2278 2588 2482 2625 iassnn.

2262 2588 2277 2641 Ι
2336 2642 2362 2677 ιι
2404 2642 2542 2695 ftain
2566 2641 2709 2705 θοὰ..
2740 2641 2873 2694 bona
2897 2650 2949 2694 et
2978 2650 3181 2695 vetusta
3204 2641 3448 2705 lectione,
3473 2642 3834 2699 inluminatus.

2337 2713 2349 2747 ⁵
2390 2711 2468 2794 ita
2504 2713 2624 2767 cod.
2660 2703 2753 2781 pro
2777 2713 2953 2783 petiit,
2983 2712 3120 2781 apud
3151 2722 3360 2769 veteres
3396 2703 3648 2768 librarios
3674 2714 3834 2769 solita

2265 2797 2424 2839 Cl'ilSl.

2334 2858 2349 2904 l
2402 2854 2512 2909 lloc
2548 2853 2857 2908 vocz.hultim
2889 2852 2939 2906 in
2975 2854 3079 2907 fine
3102 2853 3345 2908 versiculi
3368 2856 3419 2910 in
3437 2867 3837 2916 monogramma

2255 2925 2385 2987 coit,
2414 2934 2470 2979 et
2494 2940 2554 2979 ιιι
2579 2924 2814 2979 evanidis
2836 2924 3234 2978 cliaracteribus
3256 2928 3338 2979 vix
3361 2927 3619 2994 expiscari
3641 2934 3835 2992 potest.

2329 2999 2351 3031 ⁸
2384 2995 2673 3063 Defensavit
2702 2997 2962 3064 frequent.
2993 3011 3023 3049 a
3056 2997 3293 3059 defendo,
3333 2998 3480 3063 juxta
3524 2994 3655 3050 illud
3695 2994 3829 3051 Sall.

2256 3065 2373 3136 Jiig.
2398 3067 2495 3129 64;
2523 3067 2691 3120 Plauti
2716 3066 2907 3121 Bacch.
2933 3066 2985 3130 5,
3018 3066 3071 3129 ὅ,
3100 3066 3188 3130 59,
3214 3078 3263 3120 et
3294 3068 3446 3122 Uvid.
3474 3067 3684 3121 Metam.
3710 3064 3836 3121 574.

2262 3137 2427 3191 Recte
2448 3138 2659 3203 quidem
2691 3138 2773 3190 hic
2799 3136 3113 3190 Ambrosius
3133 3137 3351 3191 verbum
3374 3136 3655 3205 defmsnuit
3683 3152 3839 3191 usur-

2262 3218 2350 3275 pat
2382 3226 2394 3259 :
2422 3206 2612 3262 Paulus
2660 3208 2798 3261 enim
2832 3221 2936 3260 non
2978 3222 3118 3275 srepe
3162 3222 3311 3262 suam
3360 3206 3583 3261 Romani
3625 3206 3837 3267 ueneris

2262 3278 2592 3333 nobilitatem
2616 3278 2882 3339 defendit;
2904 3277 2995 3331 sed
3022 3278 3185 3332 semel
3218 3294 3314 3346 pro
3339 3292 3437 3333 suo
3459 3282 3589 3332 civis
3612 3276 3835 3332 Romani

2260 3354 2379 3418 jure
2408 3348 2679 3403 contendit
2703 3350 2913 3416 (At-tor.
2948 3362 3078 3409 uti,
3106 3348 3176 3403 25
3211 3360 3265 3402 et
3295 3348 3503 3419 seqq.);
3528 3363 3693 3419 quare
3715 3363 3837 3419 pro-

2265 3420 2379 3488 prie
2414 3435 2639 3489 veieqiic
2691 3420 2825 3473 dixit
2853 3433 2954 3472 non
3001 3419 3300 3489 defeitsavit,
3345 3418 3559 3475 scilicet,
3590 3433 3699 3475 non
3735 3418 3839 3475 fre-

2265 3501 2489 3560 quenter
2520 3490 2775 3545 defendit.

2273 3694 2599 3763 evangeliea:
2628 3693 2953 3762 paupertatis
2980 3691 3259 3763 consilium
3290 3687 3633 3744 vehementer
3665 3687 3838 3763 insui-

2265 3759 2475 3835 gerent,
2500 3774 2554 3821 et
2584 3759 2710 3819 illud
2739 3759 3051 3835 profitentes
3072 3762 3223 3835 valde
3248 3767 3669 3835 contemnerent,
3703 3759 3840 3835 mul-

2266 3829 2336 3889 tis
2374 3852 2437 3890 ex
2466 3829 2624 3889 locis
2674 3829 2830 3899 huius
2877 3834 2935 3889 S.
2978 3832 3223 3902 pra‘sulis
3272 3845 3492 3900 operum
3538 3829 3837 3902 clarissime

2264 3906 2545 3961 evincitur.
2591 3905 2821 3959 Consule
2854 3899 3059 3971 saltem,
3082 3905 3134 3956 in
3176 3899 3319 3971 psal.’
3352 3916 3512 3955 cxviii
3546 3914 3710 3971 serm.
3742 3899 3833 3963 2i,

2266 3992 2319 4029 ιι.
2350 3976 2438 4038 18.
2467 3976 2556 4030 ubi
2584 3975 2698 4029 hzec
2729 3970 3070 4029 memoranda
3096 3970 3221 4027 sunt
3250 3971 3409 4025 verba
3438 3990 3449 4022 :
3487 3970 3693 4037 Quoties
3723 3970 3837 4035 ipsa

2265 4047 2524 4116 benefacta
2570 4048 2769 4099 crimini
2819 4044 3050 4098 dantur?
3101 4043 3310 4108 Quoties
3353 4039 3835 4116 virttis‘opprofirio

2264 4108 2503 4171 duciiur?
2554 4118 2760 4181 Quoties
2808 4118 2917 4185 ipsa
2966 4119 3170 4183 ingrata
3216 4124 3289 4165 est
3334 4111 3544 4185 gratia?
3595 4108 3837 4185 Vendidit

2252 4188 2424 4257 jits'us
2454 4189 2721 4257 facultates
2743 4181 2879 4249 suos,
2905 4181 3206 4249 dispensavit
3234 4184 3563 4257 pauperi-Qus,
3588 4181 3716 4257 nihil
3740 4181 3837 4257 sibi

2261 4252 2465 4325 reliquit
2491 4274 2508 4311 :
2540 4260 2875 4311 contemnitur
2897 4258 3186 4324 plerumque
3214 4262 3265 4307 in
3296 4256 3419 4325 ipsa
3441 4252 3691 4325 Ecclesia,
3715 4252 3836 4317 quia

2262 4323 2401 4383 dives
2423 4346 2528 4384 esse
2553 4329 2743 4392 desiuit,
2802 4323 2927 4381 sicut
2953 4327 3199 4393 scriptum
3236 4333 3351 4383 est:
3400 4323 3456 4379 Si
3501 4324 3710 4376 dederit
3752 4326 3837 4375 vir

2261 4413 2449 4454 omnes
2496 4399 2771 4452 facultates
2817 4413 2941 4451 suas
2972 4399 3021 4449 in
3051 4397 3292 4457 caritate,
3348 4403 3656 4462 contemptu
3703 4408 3835 4447 con-

2263 4476 2491 4536 temptus
2519 4469 2641 4523 erit.
2674 4468 2822 4523 Cant.
2854 4484 2970 4535 vni,
3001 4468 3054 4521 7.
3098 4465 3361 4521 Ambrosii
3404 4465 3570 4536 etiam
3610 4462 3834 4536 epistola

2264 4540 2333 4595 58
2366 4541 2416 4594 in
2444 4541 2543 4593 hoc
2573 4548 2887 4608 argumento
2920 4548 3181 4592 versatur.
3214 4536 3272 4589 in
3300 4551 3360 4589 ea
3390 4537 3520 4588 s'ane
3548 4535 3605 4589 S.
3645 4535 3833 4608 doctor

2264 4623 2443 4663 narrat
2476 4605 2754 4663 Paulinum
2781 4618 2836 4663 et
2859 4609 3170 4663 Therasiam
3199 4620 3325 4659 snas
3348 4620 3536 4659 omnes
3561 4605 3836 4659 facultates

2264 4696 2362 4747 pro
2391 4681 2606 4736 Christo
2630 4680 2927 4743 abdicasse,
2966 4689 3125 4743 atque
3166 4679 3215 4730 in
3254 4690 3515 4743 pauperes
3558 4688 3834 4747 erogasse;

2263 4745 2420 4820 idque
2447 4750 2587 4820 quod
2624 4761 2779 4814 turpe
2824 4749 3128 4820 hominibus
3167 4747 3444 4801 videbatur
3494 4745 3748 4820 profanis,
3776 4752 3833 4797 et

2262 4817 2499 4875 futurum
2526 4822 2577 4874 in
2606 4821 3013 4885 contumeliam,
3063 4818 3200 4874 bene
3226 4826 3480 4887 recteque
3507 4817 3699 4870 factum
3740 4828 3836 4884 pao

2264 4892 2614 4955 triarebarnm
2650 4890 2907 4957 exemplis
2935 4890 3285 4943 demonstrat.

2335 4963 2357 4994 ⁸
2398 4963 2596 5016 Passim
2628 4961 2679 5014 in
2706 4954 2819 5016 suis
2848 4961 3060 5026 scriptis
3083 4957 3398 5012 Ambrosius
3426 4954 3481 5011 S.
3519 4954 3667 5009 Pauli
3702 4968 3838 5021 apo-

2262 5032 2383 5086 stoli
2414 5032 2654 5099 exempla
2686 5030 2828 5097 plebi
2855 5045 2967 5083 sua:
3002 5028 3257 5083 imitanda
3293 5026 3548 5099 proponit
3573 5044 3600 5099 ;Δ
3636 5026 3836 5099 quippe

2258 5102 2345 5169 qui
2397 5101 2495 5171 (S.
2527 5095 2798 5169 Paulus),
2851 5111 2907 5153 ut
2948 5100 3020 5153 ait
3055 5100 3146 5171 lib.
3195 5099 3261 5152 de
3292 5097 3535 5171 Vit-sinit.
3575 5095 3835 5171 ειηιδο,

2260 5168 2452 5227 honore
2483 5188 2740 5241 provocat,
2774 5171 3065 5241 magisterio
3094 5169 3258 5232 daret,
3293 5168 3463 5241 invitat
3492 5168 3745 5241 exemplo.

2326 5246 2347 5275 θ
2391 5238 2491 5296 llic
2516 5243 2645 5296 illud
2676 5242 2739 5294 ad
2763 5238 2935 5296 Galat.
2963 5255 3000 5300 I.
3027 5241 3115 5305 16,
3152 5247 3358 5303 Spectat.
3389 5238 3725 5292 Ambrosius.

2329 5313 2371 5344 ¹⁰
2411 5311 2490 5373 Μ
2514 5312 2607 5366 cit.
2642 5312 2677 5365 Ι.
2709 5312 2772 5365 17
2805 5311 3118 5365 Ambrosius
3151 5308 3391 5377 respicit.

2330 5384 2369 5414 ¹¹
2412 5380 2645 5436 Consule
2676 5383 2777 5434 loc.
2813 5382 2905 5434 cit.
2949 5394 3086 5433 vers.
3124 5380 3210 5432 12.

2330 5454 2371 5484 ’³
2400 5456 2457 5507 S.
2487 5452 2703 5506 Paulum
2732 5452 2939 5506 Tharso
2965 5451 3017 5505 in
3039 5449 3223 5504 Cilicia
3254 5445 3561 5512 oriundum,
3586 5459 3651 5500 ex
3676 5447 3841 5500 histo-

2260 5522 2336 5578 ria
2368 5537 2458 5576 res
2490 5523 2763 5576 notissima
2794 5530 2896 5575 est.

2330 5594 2373 5624 ¹³
2400 5592 2644 5647 Civitatis
2692 5593 2948 5645 Romana;
2993 5590 3270 5660 privilegio
3307 5585 3830 5660 fruebatiir_P.iiiliis,

2258 5678 2362 5730 quo
2399 5664 2729 5717 'l‘fizirseuscs
2761 5656 3249 5731 Augusti—partibus
3280 5662 3520 5731 faventes
3549 5656 3629 5731 ad
3644 5657 3833 5713 eodem

2262 5727 2587 5803 imperatore
2617 5733 2797 5788 donati
2834 5727 2976 5789 sunt.
3014 5727 3195 5786 Actor.
3230 5744 3358 5800 uti,
3390 5730 3457 5781 Ἦ
3485 5738 3537 5784 et
3563 5727 3654 5781 θα.
