4180 6452
268 358 370 413 145

1510 357 1982 418 ΕΙῚᾉἨΗΛΙΞΕΝΙ
2027 356 2222 410 LIBER
2270 354 2308 408 1.

3436 349 3533 401 148

262 472 495 535 ρεινηόα
522 490 611 525 ara
645 472 898 527 l'icroriar.
932 474 1162 538 Quorum
1197 477 1487 528 latrantium
1523 493 1619 527 ora
1664 477 1848 535 ltli-‘Clo
1878 481 1923 534 Α
1953 473 2212 537 respicias,
2246 470 2460 521 brevitas
2489 478 2635 537 gra‘a
2666 483 2687 522 .'
2716 469 2794 520 sin
2824 469 2978 519 altius
3010 481 3212 519 sensum
3241 465 3525 532 intestiges,

264 565 335 614 eis
365 578 439 616 rei
456 565 594 616 italis
620 579 729 616 osse
755 565 1107 617 obstruxerunt
1135 565 1448 634 Augustinus
1471 566 1607 617 libro
1637 569 1694 618 dc
1720 563 1851 616 Ciri-

263 663 372 704 tate
400 653 524 717 Dei,
552 667 596 707 ct
624 653 835 707 Orosius
876 654 1106 707 Historia
1130 673 1253 722 ,sua.
1309 654 1619 708 Prudentius
1655 672 1851 724 quoque

269 753 423 804 poeta
455 746 707 798 luculento
732 745 926 799 mctriri
950 746 1113 816 operis
1142 743 1312 800 libello
1335 746 1672 814 blasphemia
1696 747 1850 818 Sym-

266 835 443 887 macr’si
475 835 682 905 refellit.

341 927 587 981 Joannes
615 925 976 996 Cusmmsuvs,
1007 928 1061 981 in
1089 926 1463 985 Commentario
1492 931 1782 986 consulum.

341 1037 413 1104 Q.
461 1038 832 1108 Symmachus,
862 1041 946 1095 vir
977 1042 1293 1107 consularis,
1327 1050 1383 1096 ct
1411 1041 1535 1098 Urbi
1567 1041 1857 1111 praefectus

269 1133 752 1202 eloquentissimus
791 1127 846 1189 et
884 1135 1243 1200 doctissimus,
1273 1135 1492 1189 Ausonii
1525 1137 1688 1190 frater
1719 1153 1730 1186 :
1763 1135 1855 1201 qui

271 1241 502 1280 causam
555 1227 828 1296 gentilium
870 1228 1091 1282 deorum
1150 1229 1566 1283 luculentissima
1616 1229 1857 1284 oratione

272 1317 524 1372 defendit
561 1319 697 1386 apud
725 1317 1083 1373 Theodosium
1129 1328 1180 1373 et
1211 1320 1636 1375 Valentinianum
1684 1321 1856 1388 impe-

274 1419 493 1464 ratores
517 1427 530 1462 :
558 1425 676 1478 qua:
698 1411 869 1465 oratio
901 1411 1036 1464 libro
1057 1412 1241 1479 quinto
1271 1415 1345 1479 (in
1368 1413 1460 1464 hac
1481 1413 1602 1465 cdit.
1627 1412 1856 1481 decimo)

275 1503 632 1570 epistolarum
691 1502 988 1560 inseritur.'
1029 1507 1223 1559 Contra
1279 1522 1436 1575 quam
1489 1507 1860 1563 ardentissime

275 1594 504 1662 scripsit
537 1595 595 1647 D.
621 1594 957 1660 Ambrosius,
1010 1605 1064 1651 et
1091 1597 1338 1652 Aurelius
1368 1599 1683 1652 Prudentius
1706 1641 1720 1664 ,
1770 1601 1858 1670 qui

277 1686 426 1738 circa
480 1685 593 1739 haec
637 1696 874 1755 tempora
922 1687 1128 1753 ﬂoruit,
1195 1688 1401 1742 duobus
1455 1689 1862 1756 elegantissimis

280 1775 457 1838 libris,
482 1790 637 1831 versu
666 1775 899 1830 heroico.
928 1779 1150 1846 Scripsit
1176 1791 1350 1833 autem
1371 1781 1630 1846 Episwlas
1654 1795 1862 1849 quoque

281 1866 576 1921 familiares
606 1868 1057 1937 elegantissimas,
1095 1869 1242 1924 ntirze
1284 1871 1556 1925 brevitatis
1587 1886 1648 1925 ac
1678 1883 1861 1926 rotun-
1895 1845 1942 1904 Β

283 1958 491 2022 ditatis,
515 1957 789 2012 Ciceronis
812 1959 1113 2014 Academia:
1145 1961 1346 2028 primus
1372 1962 1548 2016 acetila
1576 1980 1587 2013 :
1618 1978 1739 2030 qua:
1769 1978 1862 2028 pro

283 2049 465 2104 Caroli
518 2062 572 2104 et
601 2051 873 2119 Casparini
920 2052 1162 2120 epistolis
1208 2063 1356 2108 certe
1397 2062 1520 2106 sunt
1562 2054 1861 2120 junioribus

285 2141 549 2209 legendas,
578 2151 633 2195 et
655 2156 786 2210 quas
818 2145 982 2196 nostri
1013 2143 1190 2197 seaculi
1213 2146 1318 2197 duo
1346 2144 1636 2199 clarissima
1667 2147 1862 2199 lumina

289 2232 616 2300 Pomponius
645 2233 820 2287 Latus
850 2243 904 2286 et
939 2234 1173 2303 Angelus
1203 2234 1488 2288 Politianus
1522 2235 1654 2290 mire
1683 2235 1863 2290 lauda-

289 2335 438 2378 runt.
476 2325 678 2378 liabent
718 2326 858 2379 enim
899 2327 1214 2394 elegantiam
1252 2329 1564 2381 concinnam
1595 2343 1715 2382 cum
1743 2327 1866 2382 bre-

292 2416 458 2469 vitate
506 2416 752 2481 amabili,
802 2425 856 2470 et
904 2418 1060 2484 hujus
1115 2418 1370 2486 temporis
1417 2428 1561 2488 gesta
1614 2417 1868 2472 nonnulla

291 2509 588 2576 explicant.
622 2508 780 2578 Lege,
814 2509 999 2569 lector,
1032 2518 1086 2563 et
1118 2510 1401 2565 laetaberis.

831 2599 1057 2655 Jaconus
1097 2598 1343 2655 Lccrws.

367 2688 493 2743 Fuit
530 2691 838 2762 Symmacho
876 2709 991 2746 vera
1027 2696 1292 2763 facundia,
1334 2696 1492 2750 solers
1528 2695 1786 2766 ingenium
1825 2707 1871 2750 et

294 2791 500 2834 acutum
519 2797 540 2836 :
568 2799 661 2848 par
681 2785 1041 2836 sententiarum
1071 2785 1290 2854 gravitas
1315 2795 1363 2839 et
1383 2796 1637 2852 venustas,
1661 2787 1704 2840 si
1724 2790 1871 2842 verba

1956 564 2158 632 prolixa
2183 569 2246 613 cet
2287 560 2550 627 multiplex
2595 559 2836 611 eruditio.
2879 557 3021 610 Adde
3071 556 3330 624 sapietttitr
3370 557 3528 605 cit-tl's

1955 654 2168 707 solidam
2191 662 2347 718 atque
2383 651 2666 703 abstrusam
2692 651 3045 720 (οειηὶιίοηευιι.
3080 648 3224 700 Adde
3246 664 3414 698 raram
3441 648 3528 696 sub

1955 742 2338 813 imperatoribus
2376 742 2760 794 sanctimoniam
2805 756 3019 802 morum,
3061 750 3108 792 et
3151 739 3431 790 Romanam
3476 739 3529 788 in

1947 837 2070 906 jure
2103 849 2354 904 suggerat
2373 836 2422 886 lo
2446 834 2745 886 libertatem.
2779 831 2895 884 Non
2921 831 3004 884 illc
3035 846 3199 882 rerum
3216 831 3530 897 publicarunt

1957 927 2374 990 moderatoribus,
2412 936 2501 977 aut
2525 924 2916 995 jurecousultis,
2955 921 3204 987 imprimis
3233 933 3530 986 magnorum

1959 1019 2248 1089 principum
2289 1018 2595 1072 consi'iariis
2635 1027 2718 1069 aut
2758 1015 3058 1080 secretariis,
3106 1013 3400 1066 tractandus
3439 1011 3532 1064 leui

1958 1124 2132 1162 manu.

2500 1196 2653 1253 Josx.
2694 1195 3058 1252 Jacouonus.

2031 1330 2128 1386 Cui
2158 1329 2369 1400 thymus
2399 1328 2618 1396 eloquii,
2652 1327 2889 1382 hrevitas
2918 1328 3001 1381 cui
3033 1328 3213 1391 doeta,
3242 1327 3418 1396 gravis
3447 1325 3531 1378 cui

2183 1400 2576 1454 Sententiarum
2608 1400 2864 1462 dignitas,

2035 1470 2175 1525 Prin!
2197 1471 2368 1537 ipibus
2398 1472 2480 1523 cui
2513 1472 2667 1537 digna
2699 1470 2826 1521 viris
2861 1466 3132 1535 prudentia
3165 1483 3378 1534 rerum,

2179 1540 2243 1594 Et
2283 1541 2403 1592 felle
2433 1555 2536 1591 non
2570 1541 2716 1591 tincti
2749 1539 2916 1600 sales,

2032 1607 2126 1663 Cui
2153 1611 2438 1664 Theiuidos
2467 1611 2626 1662 Lati:e
2656 1611 2868 1662 decreta
2899 1607 3126 1662 verenda
3159 1607 3466 1676 placebunt,

2189 1681 2663 1751 Vigoi'queqsxillers
2689 1697 2700 1731 :
2736 1678 2845 1734 Huc
2874 1679 3024 1732 ades.

2145 1830 2349 1887 Casrsu
2391 1832 2677 1886 Bait-riuus.
2720 1832 2896 1901 Ableg.
2939 1831 3026 1885 tib.
3065 1845 3121 1896 tt,
3164 1846 3277 1898 cap.
3306 1828 3359 1884 8.

2036 1966 2152 2020 Dici
2192 1983 2291 2018 non
2317 1977 2497 2036 potest,
2524 1967 2702 2036 quanti
2746 1967 2922 2018 merito
2967 1980 3062 2016 suo
3097 1961 3411 2016 a'stiinandae
3442 1961 3546 2012 sint

1965 2061 2261 2131 Symmachi
2295 2061 2542 2127 epistolar.
2580 2059 2700 2112 Non
2729 2076 2851 2112 sane
2893 2059 2952 2110 ob
2979 2067 3269 2109 accuratam
3301 2056 3467 2118 illam,
3499 2065 3546 2104 ut

1965 2153 2185 2205 maxime
2228 2153 2272 2204 ei
2308 2152 2479 2220 generi
2517 2151 2805 2212 scriptionis
2835 2160 3006 2217 aptam
3031 2149 3319 2201 brevitaiem
3359 2151 3542 2208 solum,

1965 2245 2054 2296 sed
2097 2251 2302 2309 prapter
2340 2242 2614 2295 sententias
2653 2241 2886 2308 politicas
2923 2240 3046 2291 tales
3095 2248 3249 2307 atque
3279 2253 3339 2290 ea
3371 2236 3542 2304 copia,

1977 2342 2032 2385 ut
2074 2333 2146 2384 vel
2167 2333 2282 2383 inde
2321 2332 2544 2400 prudens
2584 2331 2768 2397 a'iquis
2807 2329 3098 2396 reipublicae
3141 2343 3257 2378 cum
3296 2327 3462 2394 gloria
3501 2333 3552 2374 et

1973 2425 2308 2475 emolumento
2331 2420 2748 2473 administranda
2783 2434 2932 2472 usum
2970 2418 3160 2470 discere
3181 2416 3354 2482 possit.
3386 2412 3543 2466 Nulla

1975 2529 2036 2567 ex
2077 2514 2138 2565 iis
2182 2524 2254 2565 est
2292 2527 2404 2580 qua
2448 2527 2548 2565 non
2587 2511 2742 2579 spiret
2779 2511 2984 2580 genium
3031 2508 3318 2578 quempiam
3361 2505 3456 2558 uiri
3500 2505 3547 2555 in

1977 2607 2127 2658 rebus
2183 2605 2375 2676 egregii
2420 2604 2609 2673 publici
2666 2604 2995 2672 procurandis
3051 2602 3310 2657 exercitati
3349 2611 3368 2653 .'
3410 2599 3549 2651 nulla

1977 2696 2198 2764 epistola
2221 2707 2314 2759 est,
2343 2712 2451 2762 aute
2473 2713 2575 2749 non
2612 2697 2864 2766 integrum
2888 2695 3074 2766 dogma
3104 2692 3297 2762 politici
3332 2691 3550 2758 alicujus

1975 2791 2308 2862 syntagmatis
2336 2804 2619 2860 propagare
2639 2799 2811 2858 queat.

307 2936 3546 2975 MM

902 3079 1068 3230 ρ.
1141 3084 1870 3196 nussum:

1971 3085 2945 3200 SYMMACHI

1285 3273 1362 3335 V.
1410 3275 1478 3336 C.
1525 3275 1690 3338 COS.
1736 3276 2000 3338 ORDIN.
2049 3278 2298 3339 PREF.
2344 3279 2569 3341 URBIS

1217 3430 2625 3579 EPISTOLARUM

1511 3672 1819 3755 LIBRI
1889 3673 2328 3755 DECEM.

1341 3968 1812 4076 LIBER
1901 3961 2539 4071 PRIMUS.

797 4123 1118 4181 EPISTOLA
1165 4125 1392 4182 PRIMA.

767 4273 1076 4313 SYNﬂACHUS
1114 4275 1264 4313 PATRI
1303 4275 1419 4314 suo.

376 4391 455 4448 Ne
485 4391 614 4445 mihi
644 4390 770 4445 vitio
799 4400 1029 4445 vertatur
1054 4391 1376 4446 intermissio
1399 4393 1710 4454 litterarum.
1744 4393 1884 4447 malo

303 4498 426 4539 esse
467 4493 740 4552 promptus
781 4483 940 4538 officii
980 4499 1135 4551 quam
1179 4485 1331 4554 longa
1381 4487 1776 4553 exspectatimie
1805 4486 1888 4540 vi-

310 4574 634 4629 cissitudinis
663 4573 906 4629 desidere
944 4592 956 4628 :
998 4584 1106 4628 tum
1146 4578 1284 4644 quod
1314 4577 1643 4644 part-utilius,
1680 4592 1782 4629 non
1815 4575 1878 4630 ad

307 4665 533 4727 lancem,
568 4679 738 4734 neque
775 4667 839 4718 ad
876 4665 1172 4720 dimensum
1220 4670 1376 4721 verba
1420 4667 1693 4720 tribuenda
1736 4677 1877 4721 sunt.

310 4755 536 4824 Iniurius
560 4756 761 4820 videar,
785 4758 827 4810 si
859 4772 1068 4810 summo
1094 4757 1363 4812 vobiscum
1390 4761 1510 4826 jure
1538 4759 1878 4814 contendam.

311 4845 441 4901 Nam
475 4857 666 4914 praeter
697 4863 905 4915 aequum
935 4855 1140 4911 censet,
1169 4850 1255 4918 qui
1289 4850 1427 4903 inter
1458 4850 1696 4916 disputes
1725 4852 1880 4905 obse-

309 4938 488 5006 quium
520 4952 611 5006 par
641 4939 877 5008 requirit.
914 4939 1095 5008 Itaque
1122 4955 1298 4994 sermo
1327 4951 1502 4994 vester
1527 4955 1591 4993 ex
1622 4940 1881 4994 ilelitfnCiU

307 5028 684 5097 proﬁciscitur,
722 5039 904 5084 noster
941 5047 1005 5084 ex
1037 5030 1235 5086 debito.
1279 5033 1403 5086 liarc
1434 5047 1545 5096 me,
1587 5043 1742 5102 atque
1781 5033 1882 5086 alia

309 5119 610 5186 huiusmodi
639 5121 836 5188 oppido
868 5123 1238 5189 perpulerunt,
1287 5123 1553 5178 scribendi
1585 5139 1774 5178 munus
1804 5123 1882 5177 itt-

307 5221 468 5273 super
513 5223 616 5262 non
674 5210 888 5264 habere.
937 5209 1086 5263 Nunc
1133 5213 1278 5265 vobis
1318 5223 1529 5266 actuum
1581 5225 1882 5267 nostrorum

309 5299 444 5352 ordo
465 5301 775 5368 paudendus
799 5311 906 5365 est;
940 5301 1064 5355 libet
1094 5303 1233 5356 enim
1263 5318 1364 5356 non
1392 5304 1567 5357 minus
1588 5307 1700 5367 otii,
1726 5321 1881 5372 quam

310 5391 504 5460 negotii
535 5405 785 5460 przestare
818 5397 1096 5448 rationem.
1132 5393 1322 5449 Baulos
1351 5396 1573 5450 Lucrina
1607 5397 1734 5450 sede
1767 5413 1880 5450 tmt-

1902 4127 1948 4189 C
1982 4123 2256 4194 Acyndino
2279 4121 2565 4184 condituri,
2585 4121 2632 4190 ej
2672 4135 2803 4189 sque
2826 4119 3115 4185 majoribus
3136 4131 3374 4174 emmetra
3399 4138 3457 4172 νυ
3492 4123 3554 4174 ba

1986 4215 2164 4281 lbavi,
2206 4225 2257 4269 et
2291 4215 2506 4281 picturae
2539 4211 2586 4264 lit
2606 4213 2824 4275 entiam,
2855 4225 2972 4279 qua:
3012 4212 3257 4265 vestitum
3289 4211 3556 4278 disparem

1984 4309 2207 4377 singulis
2259 4309 2460 4372 tribuit,
2505 4306 2558 4359 itt
2601 4306 2859 4360 ratiOnem
2903 4305 3071 4374 coegi.
3130 4303 3454 4358 Protelarettt
3507 4315 3554 4357 te

1989 4401 2282 4470 paululum,
2319 4401 2370 4452 ni
2419 4413 2635 4453 vererer
2676 4412 2742 4452 tte
2791 4395 3041 4450 dilatione
3086 4395 3415 4464 exspectatio
3459 4412 3556 4447 nis.

1986 4502 2199 4544 nuatur.
2231 4491 2406 4558 Quare
2453 4487 2777 4544 elaboratam
2821 4486 2983 4542 soloci
3018 4487 3105 4541 tilo
3129 4486 3310 4554 accipe
3329 4486 3553 4540 cantite-

1986 4597 2129 4634 nam.

2126 4736 2290 4786 Attica
2316 4735 2453 4800 palla
2483 4733 2598 4799 tegit
2625 4746 2875 4792 socerum,
2900 4738 3017 4796 toga
3048 4731 3179 4795 picta
3203 4737 3480 4795 parentem.

2125 4803 2341 4870 ΡΓιΡῙΝΠ
2371 4803 2458 4855 ille
2484 4803 2642 4855 sacris
2670 4815 2688 4852 :
2712 4801 2791 4852 hic
2817 4801 2947 4851 dixit
2967 4800 3326 4870 juraQun-ni.

2122 4878 2185 4927 At
2218 4874 2340 4926 nti/ti
2370 4883 2673 4925 castrensem
2700 4871 2833 4935 quod
2865 4873 3059 4922 mordet
3079 4869 3236 4936 ﬁbula
3274 4881 3480 4932 testem;

2128 4949 2339 4997 Aurora:
2370 4945 2418 4994 in
2452 4943 2651 5008 populis
2677 4957 2848 5010 regum
2879 4950 3114 5008 prutona
3146 4939 3269 4990 reri.

2128 5017 2231 5071 Sed
2268 5017 2428 5084 fasces
2457 5015 2657 5082 pictura
2687 5009 2849 5072 tacet;
2894 5020 2969 5075 tu,
3010 5011 3204 5077 respice
3237 5009 3416 5078 fastos.

2057 5215 2180 5271 Scio
2217 5225 2267 5268 te
2300 5210 2456 5266 simul
2491 5217 2646 5276 atque
2691 5207 2804 5261 hate
2838 5206 3049 5272 legeris,
3081 5216 3316 5262 actutum
3353 5206 3555 5275 βαρεῖα-λ

1989 5307 2184 5375 plectra
2233 5316 2522 5356 moturum.
2577 5300 2764 5356 Nullus
2808 5299 3018 5363 feceris,
3067 5316 3134 5360 ne
3185 5300 3286 5353 mei
3327 5304 3561 5368 periculo

1987 5400 2231 5469 gloriete.
2284 5398 2393 5466 Ego
2432 5406 2481 5451 te
2520 5395 2684 5449 nostri
2717 5394 2848 5453 vatis
2876 5393 3123 5461 exemplo
3151 5393 3300 5460 quasi
3331 5399 3556 5460 quadam

312 5484 537 5536 lavimus
563 5497 578 5536 :
604 5499 707 5538 non
738 5484 876 5552 quod
924 5487 1040 5553 ejus
1084 5485 1363 5542 diversorii
1411 5489 1628 5542 satietas
1675 5489 1878 5555 ceperit
1912 5505 1960 5565 ι)
1990 5495 2102 5562 lege
2131 5492 2416 5546 Ct.th.'lli0.
2451 5491 2631 5546 Liceat
2677 5487 2815 5543 inter
2846 5487 3021 5541 olores
3059 5499 3557 5540 canorosanserem

310 5593 432 5639 nos,
475 5577 635 5646 quod,
686 5594 803 5631 cum
844 5579 1038 5632 diutius
1078 5580 1283 5644 visitur,
1334 5581 1448 5647 plus
1493 5591 1699 5634 amatur
1737 5599 1748 5632 :
1782 5582 1874 5636 sed

308 5669 454 5738 quod
504 5682 676 5722 metus
721 5668 820 5723 fuit
866 5685 929 5724 ne
978 5671 1020 5724 si
1065 5671 1346 5724 Baulorutn
1392 5673 1518 5725 mihi
1571 5673 1876 5726 ino‘evisset

313 5763 544 5828 {.ﬂcCliO,
580 5775 792 5830 cat-tera,
826 5779 940 5833 qua:
970 5765 1180 5821 visenda
1222 5777 1363 5832 sunt,
1397 5765 1754 5834 disialiccrent.
1804 5764 1876 5818 lbi

1988 5594 2248 5653 stiepere.
2283 5583 2560 5637 Silentium
2589 5580 2736 5642 mihi,
2763 5579 2860 5632 nisi
2890 5581 3142 5646 ptmstitet
3156 5579 3220 5634 is.
3249 5576 3556 5644 imperat-is.

1989 5675 2156 5740 Quam
2186 5674 2318 5726 nihil
2339 5675 2435 5727 alis
2462 5683 2513 5726 te
2536 5680 2786 5734 metuam,
2812 5671 2890 5724 vis
2915 5668 3173 5737 probare?
3197 5669 3276 5722 Eu
3299 5668 3392 5722 tibi
3416 5667 3557 5720 aliud

1990 5763 2374 5821 allucinationis
2415 5778 2546 5818 tueie
2575 5762 2744 5832 prodo
2773 5770 3061 5832 secretum,
3101 5760 3272 5816 adhuc
3301 5759 3560 5816 sollicitus
