4180 6430
493 323 581 379 151
1758 321 1816 384 Q.
1864 316 2047 371 AI'RE

2175 316 2304 372 SYM
2315 317 2352 368 ιι
2363 316 2519 373 ACIII
3674 325 3771 379 I52

907 439 1060 492 Tr'm‘l
1083 442 1193 509 jam
1223 441 1362 508 pitt‘e
1387 440 1545 490 multo

905 511 1074 564 Thetis
1101 528 1137 561 ε.
1176 509 1305 562 Bam
1333 527 1528 563 soron’s
1554 525 1570 561 :

903 585 1040 635 Cum
1068 583 1226 638 uodu.
1258 584 1284 650 ί
1309 584 1406 650 igct
1428 584 1611 638 a‘tltru,

899 653 1069 708 Simul
1101 653 1296 704 innatat
1321 652 1520 704 choreis

898 727 1252 776 Amathus'um
1277 726 1528 782 renidens,

902 797 1042 848 Salis
1070 796 1281 859 arbitra,
1316 804 1360 844 et
1389 796 1586 862 vaporis

902 867 1024 927 ("los
1052 868 1278 920 siderant
1311 865 1496 918 Dione.

473 999 606 1053 Num
642 999 791 1054 vobis
819 999 1004 1054 videor
1029 999 1180 1069 quasi
1212 1000 1392 1054 multae
1423 998 1648 1052 luxuria:
1668 996 1868 1054 ebrius,
1901 1009 2060 1050 men-

471 1096 537 1147 tis
579 1093 830 1163 insipere,
865 1107 1021 1162 atque
1055 1095 1192 1148 adeo
1237 1095 1288 1148 in
1337 1103 1519 1162 poetas
1565 1107 1761 1146 nomen
1805 1090 2061 1145 dedisse?

471 1185 612 1238 Nihil
664 1201 844 1240 moror
896 1186 1029 1240 hanc
1077 1187 1469 1239 literaturam:
1517 1185 1616 1238 loci
1673 1184 1868 1251 potius,
1897 1197 2054 1250 quam

469 1277 663 1344 ingenii
713 1279 812 1331 ιιιεὶ
860 1291 1053 1331 manus
1103 1276 1338 1331 exercui.
1400 1276 1505 1331 Sed
1553 1277 1597 1328 si
1643 1275 1918 1328 inritantia
1974 1272 2058 1325 Io-

468 1386 624 1438 quor,
673 1373 893 1440 gradum
944 1371 1133 1427 tollite.
1191 1380 1245 1424 ut
1294 1381 1348 1424 et
1383 1384 1479 1424 vos
1517 1371 1635 1422 sitis
1679 1368 1782 1421 Leti
1818 1380 2060 1434 praesen-

471 1466 622 1525 tium,
650 1475 702 1516 ct
731 1464 883 1518 nobis
913 1462 1176 1533 potiundi,
1201 1477 1320 1532 qua:
1349 1461 1612 1526 volumus,
1640 1461 1848 1514 fortuna
1872 1470 2060 1512 succe-

469 1560 580 1610 dat.
617 1554 766 1610 Vale.

1093 1624 1321 1680 EPIST.
1355 1621 1446 1677 IX.

996 1753 1307 1794 εγιιιιΑειιυε
1347 1752 1496 1790 ΡΑτῐυ
1508 1776 1520 1789 .

540 1853 594 1907 lu
626 1861 770 1908 metu
808 1853 1022 1918 fuimus,
1056 1867 1122 1906 ne
1157 1866 1251 1905 VOS
1297 1852 1468 1905 imber
1513 1849 1795 1904 inhiberet.
1830 1847 1935 1904 Sed
1962 1864 2053 1902 vc-

471 1961 590 2000 rutn
630 1955 713 2000 est
743 1946 896 2009 illud,
922 1945 1061 2013 quod
1111 1953 1263 2013 poeta
1308 1952 1490 1995 noster
1515 1942 1769 2011 scriptum
1805 1942 2055 2008 reliquit;

467 2041 572 2095 iter
602 2039 793 2094 durum
835 2041 1026 2093 VIt‘IaSC
1069 2039 1340 2106 pietatem.
1374 2037 1548 2101 Quare
1575 2035 1862 2087 adventum
1893 2034 2056 2086 vestri

470 2135 520 2186 in
547 2134 691 2188 diem
747 2134 992 2200 placitam
1037 2132 1429 2200 prmstolamnr.
1479 2128 1554 2181 Dii
1609 2129 1766 2180 modo
1809 2137 2058 2180 auctores

467 2227 593 2289 sint,
625 2233 682 2279 ut
716 2242 835 2295 qua:
873 2226 1054 2279 animo
1099 2222 1401 2284 destinatis,
1451 2221 1611 2276 nullis
1659 2219 2057 2274 causationibus

466 2322 535 2374 ub
548 2354 553 2359 -
566 2331 860 2390 trepantur.
891 2317 1038 2373 Vale.

1097 2385 1310 2442 EPIST.
1359 2386 1425 2440 Χ.

999 2517 1312 2558 εῐιιιιΑειιυς
1340 2517 1511 2556 ΙἊΪΒΙ.

535 2616 803 2672 IIanccine
833 2615 960 2670 mihi
993 2632 1110 2670 esse
1155 2616 1448 2680 fortunam,
1493 2622 1552 2668 ut
1579 2628 1794 2681 quoquo
1841 2625 2054 2664 versum

465 2709 651 2777 pedem
681 2711 904 2778 gradum
928 2724 1012 2776 nte
1052 2710 1354 2775 contulero,
1387 2706 1827 2762 exrcdilicandum
1857 2704 2053 2773 aliquid

467 2799 768 2854 tif-ratur?
816 2801 958 2853 velut
998 2815 1082 2854 tne
1126 2816 1266 2854 nunc
1295 2800 1530 2866 Capuani
1571 2798 1804 2866 prtctorii
1850 2798 2053 2848 instau-

464 2893 602 2946 ratio
649 2893 702 2946 itt
750 2907 943 2962 graves
984 2891 1126 2960 cogit
1175 2906 1438 2959 expensas
1471 2907 1483 2942 :
1514 2892 1666 2955 cujus
1698 2903 1820 2954 p-rs
1859 2886 2056 2940 fati~cit

463 2985 696 3048 incuria,
733 2999 854 3053 pars
883 2983 1166 3054 negligenti
1214 2983 1412 3035 dudum
1465 2981 1738 3036 celi-ri'atc
1789 2989 2049 3045 reparata,

464 3075 771 3131 indcciirum
801 3087 854 3131 et
902 3074 1227 3129 imbecillum
1262 3082 1482 3145 praestat
1527 3070 2053 3140 habitacttlum..!lis

462 3185 495 3224 ιι
523 3171 566 3222 si
615 3178 894 3239 properata
924 3180 1051 3222 cura
1108 3165 1437 3228 subvenerit,
1481 3175 1570 3216 aut
1602 3164 1838 3233 pecunim
1869 3177 1962 3230 pos
1989 3177 2047 3216 ea
2081 3198 2128 3260 ο

463 3261 800 3332 dispendium
831 3260 1212 3328 cumulabitur,
1267 3269 1357 3313 aut
1402 3259 1590 3314 ruiute.
1641 3258 1770 3309 Nam
1811 3255 2049 3325 quisqui.

465 3357 580 3411 lnec
627 3371 789 3424 opera
841 3353 1179 3420 intermittit,
1226 3354 1444 3407 amittit.
1490 3354 1667 3421 Quare
1710 3352 1920 3404 animus
1969 3359 2052 3403 est

461 3450 668 3506 amoliri
693 3449 885 3504 :edium
918 3457 1270 3504 senecnitein.
1298 3445 1374 3500 Ita
1404 3445 1706 3500 desiderato
1735 3456 1788 3498 et
1815 3444 2051 3510 expetito

460 3545 572 3598 otio
619 3544 687 3598 atl
733 3544 1004 3613 negotium
1049 3541 1415 3596 concessimus
1461 3550 1854 3607 sumptuosum.
1914 3539 2049 3603 Quid

464 3654 640 3694 rerum
667 3653 939 3708 geramus,
973 3637 1220 3691 audistis.
1254 3633 1434 3690 Facite
1471 3634 1570 3688 vici
1604 3634 1705 3688 sim
1737 3641 1929 3687 vestrm
1964 3646 2049 3685 sa-

463 3733 588 3786 lutis
609 3740 766 3798 atque
786 3740 998 3784 actuum
1026 3742 1279 3798 prospera
1304 3731 1638 3782 noverimus:
1660 3735 1710 3778 ut
1733 3724 1834 3777 hoc
1847 3723 2049 3793 pausil-

464 3825 572 3877 lttm
604 3834 834 3888 tempus.
861 3821 1002 3890 quid
1052 3823 1103 3876 in
1144 3821 1431 3891 Campania
1464 3835 1710 3890 paramus
1739 3821 2044 3885 absumere,

461 3929 579 3971 szue
604 3913 804 3971 olieusa
835 3913 995 3969 vestri
1025 3914 1220 3970 silentii
1249 3913 1623 3985 transigamus.
1661 3911 1812 3966 V’ale.

1075 4071 1294 4129 EPIST.
1338 4071 1427 4128 XI.

991 4200 1302 4242 ογιιιιλοιιυε
1332 4202 1509 4241 νλτιιι.

529 4325 660 4380 Cum
687 4325 797 4396 jam
831 4324 952 4379 uti-.c
985 4333 1182 4379 nostra:
1208 4321 1320 4378 dies
1347 4325 1540 4377 natalis
1569 4331 1863 4392 appe'eret,
1898 4337 2050 4376 com-

461 4419 676 4474 modum
707 4420 946 4482 adet-aut.
980 4433 1101 4488 qua:
1142 4417 1348 4472 muneri
1381 4417 1667 4472 miseratis.
1703 4417 1775 4471 Ea
1807 4418 1961 4471 nobis
1994 4418 2046 4470 in

459 4525 744 4567 commune
781 4526 937 4579 quam
969 4524 1092 4565 cara
1120 4518 1174 4565 et
1203 4510 1386 4580 gravia
1413 4510 1578 4565 tuere.
1609 4509 1739 4564 Nam
1762 4511 1806 4564 si
1840 4511 1966 4579 quid
1994 4511 2043 4565 in

2097 439 2149 493 Λ

2088 1813 2137 1872 Β

2782 436 2867 491 ΕΡ
2891 437 2993 493 ST.
3040 438 3154 493 XII.

2709 548 3014 588 εϊιιιιιιειιιιε
3053 551 3226 590 ΡΑτιιι.

2239 644 2532 698 Censorum
2559 645 2706 700 nutio
2729 644 2827 698 fuit
2847 655 3091 713 spectare
3111 661 3299 716 opera,
3319 662 3440 717 qua
3465 647 3756 703 locassent.

2168 735 2277 788 Hoc
2304 751 2388 788 me
2426 738 2698 803 negotium
2729 753 2922 792 curare
2946 741 3180 794 voluisti.
3229 741 3342 795 llos
3369 753 3553 812 gestus
3595 745 3762 810 impe-

2165 831 2325 890 ratis;
2359 830 2439 882 vel
2490 831 2631 900 quod
2682 832 2778 885 tibi
2827 833 2972 886 dicto
3018 835 3243 888 audiens
3289 849 3411 889 esse
3458 835 3640 901 debui,
3675 837 3759 888 vel

2164 920 2307 985 quod
2335 920 2512 973 studio
2537 936 2660 976 meo
2687 936 2987 991 congruere
3017 924 3325 980 mandatum
3369 940 3561 981 munus
3599 941 3763 996 agno-

2163 1010 2234 1063 vi.
2272 1010 2419 1064 Habe
2443 1013 2602 1081 igitur
2631 1022 2888 1082 quantum
2923 1014 2975 1068 in
3016 1015 3218 1069 adibus
3261 1028 3439 1070 nostra
3469 1030 3594 1071 cura
3640 1033 3758 1086 pro-

2165 1103 2414 1158 moverit.
2445 1104 2614 1158 Scalis
2653 1115 2945 1174 suppactu<
2970 1116 3054 1161 est
3095 1107 3265 1162 honor
3296 1110 3581 1163 marmoris
3609 1124 3624 1162 :
3671 1123 3762 1164 au-

2167 1197 2376 1262 pcriora
2407 1198 2685 1250 conclavia
2711 1199 2909 1252 crustis
2937 1208 3286 1270 teguntur.ea
3307 1201 3488 1270 operis
3517 1201 3757 1265 levitate.

2163 1297 2217 1338 ut
2243 1276 2272 1339 ὁ
2299 1303 2504 1358 unpago
2525 1289 2756 1343 solidum
2785 1291 3090 1345 mentiatur.
3120 1291 3414 1347 Columnas
3441 1293 3610 1347 nihilo
3640 1307 3758 1347 am-

2164 1377 2307 1445 plius
2334 1390 2602 1435 mercatus
2636 1397 2714 1450 es,
2745 1397 2902 1452 quam
2935 1383 2980 1438 si
3012 1383 3106 1438 tibi
3153 1385 3363 1439 muneri
3390 1385 3757 1455 contigissent.

2164 1470 2268 1524 Eas
2293 1473 2514 1542 bitbyno
2549 1473 2724 1541 lapide
2750 1489 2936 1537 caesas,
2961 1476 3004 1528 si
3045 1475 3181 1530 bene
3208 1477 3380 1530 oculis
3405 1485 3547 1539 utor,
3575 1477 3759 1530 existi-

2162 1576 2270 1614 tno.
2324 1563 2596 1617 Ilactenus
2646 1573 2750 1629 est,
2796 1564 2936 1634 quod
2981 1565 3122 1621 scire
3168 1566 3442 1622 debueris.
3496 1566 3760 1634 Deinceps

2161 1661 2376 1709 tantum
2407 1655 2722 1724 adjiciemus
2753 1658 3050 1726 cognitioni
3089 1667 3211 1724 tute,
3244 1672 3500 1728 quantum
3528 1660 3759 1716 aedifica.

2167 1746 2297 1799 tioni
2324 1746 2618 1802 viderimus
2643 1749 2925 1803 accedere.
2955 1748 3111 1804 Vale.

2754 1881 2972 1939 EPIST.
3017 1881 3138 1937 XIII

2661 2007 2969 2049 εγιιιιιειιυε
3008 2009 3249 2050 Αυεοκιο.

2236 2105 2385 2161 Solet
2421 2105 2642 2163 facunda
2682 2123 2804 2164 esse
2835 2109 3039 2176 laetitia,
3069 2122 3123 2164 et
3163 2110 3437 2179 angustias
3469 2110 3636 2168 clausi
3665 2127 3758 2182 pe-

2162 2205 2326 2252 ctoris
2341 2211 2620 2265 aspernata
2637 2202 2850 2270 gestire.
2877 2201 3018 2265 Tibi,
3035 2203 3226 2266 amice,
3245 2202 3511 2256 scribendi
3530 2203 3754 2257 oblivio.

2170 2307 2292 2346 nem
2327 2292 2530 2359 repetit
2559 2309 2644 2346 res
2671 2293 2926 2347 secunda.
2955 2293 3006 2346 Id
3040 2293 3165 2346 tnilti
3199 2295 3482 2349 imitationi
3503 2309 3624 2350 esse
3648 2311 3751 2349 non

2167 2384 2362 2453 potuit,
2396 2401 2553 2453 quem
2587 2387 2785 2440 domini
2827 2386 2996 2440 nostri
3025 2385 3265 2441 Gratiani
3301 2388 3541 2443 caelestis
3584 2391 3754 2444 oratio

2167 2473 2324 2528 bona:
2355 2477 2465 2544 spei
2491 2487 2544 2531 ct
2571 2477 2854 2532 hilaritatis
2885 2478 3140 2547 implevit.
3174 2478 3328 2534 Ultro
3366 2479 3526 2550 igitur
3553 2479 3754 2550 alloqui

2165 2566 2405 2622 desidem
2439 2584 2543 2623 non
2580 2571 2815 2638 peperci,
2846 2570 3032 2634 ofIIcii,
3061 2571 3144 2626 vel
3188 2570 3366 2639 gaudii
3398 2573 3500 2626 mei
3533 2573 3698 2640 gratia
3733 2591 3748 2627 :

2162 2674 2390 2728 quorum
2414 2663 2640 2716 alterum
2671 2662 3000 2718 familiaritas
3031 2674 3235 2730 nostra,
3268 2664 3496 2718 alterum
3525 2663 3754 2720 felicitas

2163 2753 2376 2821 publica
2425 2756 2765 2825 suggerebat.
2832 2755 2981 2810 Nunc
3028 2755 3072 2809 si
3128 2769 3308 2822 operat
3355 2767 3460 2820 est,
3497 2757 3749 2813 utendum

2161 2844 2293 2897 mihi
2347 2845 2607 2914 tantiSper
2661 2847 2896 2900 animum
2944 2846 3026 2901 fac
3057 2847 3319 2902 ro-niittas.
3367 2847 3637 2903 Primores
3664 2863 3752 2904 ca-

2162 2937 2334 2992 lendze
2366 2939 2633 2992 Januariis
2674 2939 3012 3008 appetebant.
3057 2939 3330 3008 Frequens
3372 2949 3588 2995 senatus
3638 2956 3752 2996 ma-

2162 3028 2387 3083 turrime
2419 3029 2469 3082 in
2501 3030 2702 3084 curiam
2731 3044 3075 3100 veneramus,
3105 3031 3409 3100 priusquam
3438 3030 3752 3086 manifestus

2159 3121 2273 3177 dies
2295 3137 2570 3188 creperum
2601 3123 2773 3179 noctis
2803 3124 3110 3178 absolveret
3132 3141 3145 3176 :
3170 3122 3305 3177 forte
3343 3138 3528 3179 rumor
3550 3124 3748 3179 allatus

2159 3224 2239 3270 est
2277 3229 2582 3269 sermonem
2629 3215 2916 3270 desiderati
2969 3216 3223 3286 principis
3263 3218 3426 3272 multa
3473 3226 3629 3274 nocte
3655 3231 3748 3274 ve-

2160 3304 2327 3366 nisse,
2378 3315 2431 3357 et
2484 3316 2598 3359 erat
2645 3320 2851 3360 verum.
2896 3305 3030 3361 Nam
3081 3306 3392 3361 tabellarius
3443 3307 3744 3378 vigiliarum

2161 3395 2333 3451 fessus
2382 3397 2646 3451 adstabat.
2695 3397 2938 3453 Nondum
2985 3398 3126 3452 coelo
3166 3398 3383 3453 albente
3413 3400 3750 3456 concurritur

2155 3489 2444 3542 luminibus
2471 3490 2734 3554 accensis,
2761 3490 2881 3544 nevi
2913 3491 3095 3544 saeculi
3120 3489 3222 3545 fata
3247 3491 3592 3561 recipiantur.
3607 3491 3744 3559 Quid

2153 3581 2352 3635 multa?
2377 3583 2570 3648 lucem,
2587 3597 2745 3651 quam
2776 3582 2949 3636 adhuc
2969 3582 3402 3652 Opperiebamur,
3430 3583 3743 3654 accipimus.

2156 3673 2250 3728 Dic
2278 3673 2430 3738 mihi,
2458 3673 2664 3744 inquies
2687 3674 2831 3745 (nam
2863 3674 2912 3729 id
2941 3685 3156 3743 praestat
3176 3677 3405 3747 audire),
3429 3677 3554 3747 quid
3578 3677 3746 3733 nos'ri

2159 3774 2333 3834 patre.-
2365 3781 2523 3835 super
2545 3780 2604 3819 ea
2629 3766 2875 3822 oratione
2891 3767 3204 3822 senserunt?
3229 3767 3422 3822 Rerum
3447 3767 3541 3822 tibi
3561 3778 3745 3824 natura

2157 3861 2510 3928 respondeat,
2543 3859 2736 3925 quibus
2770 3858 3035 3930 sull‘r'agiis
3067 3869 3320 3929 exoptata
3353 3863 3524 3930 pietas
3556 3861 3744 3916 audia-

2156 3959 2260 4005 tur.
2285 3951 2539 4006 Novitnus
2565 3953 2698 4005 bona
2727 3960 2906 4006 nostra
2928 3952 3232 4020 complecti.
3253 3952 3309 4008 Si
3339 3953 3537 4017 credis,
3556 3973 3568 4000 ο
3589 3953 3743 4007 tiatu-

2155 4064 2280 4104 num
2326 4048 2467 4103 illius
2493 4048 2671 4118 gaudii
2715 4049 2816 4103 ntei
2858 4050 3145 4119 quamdam
3187 4051 3361 4119 patior
3400 4051 3744 4106 cruditatem.

2153 4140 2331 4195 Bonus
2361 4141 2556 4206 Nerva,
2583 4142 2843 4211 Trajanus
2871 4153 3143 4210 strenuus,
3187 4145 3451 4200 Antonius
3494 4146 3632 4214 pius,
3667 4147 3744 4199 in-

2153 4249 2351 4288 nocens
2383 4234 2589 4288 Marcus
2622 4235 2792 4301 plenis
2819 4234 2984 4289 ofﬁcii
3026 4235 3358 4302 temporibus
3401 4238 3570 4304 adjuti
3595 4251 3740 4307 sunt,

2151 4340 2271 4394 qum
2322 4335 2444 4378 tunc
2496 4339 2671 4379 mores
2698 4327 2831 4380 alios
2869 4327 3202 4383 nesciebant.
3237 4328 3336 4383 llic
3383 4329 3435 4384 in
3477 4329 3634 4384 laude
3661 4344 3742 4385 εει

2155 4429 2338 4470 natura
2373 4419 2629 4486 principis
2655 4435 2669 4481 ;
2701 4418 2769 4472 ibi
2797 4419 2986 4488 prisca:
3010 4435 3202 4476 munus
3230 4421 3423 4476 :etatis.
3452 4421 3560 4477 Cur
3590 4437 3742 4477 verse

2153 4508 2341 4562 ordine
2373 4509 2470 4562 ista
2496 4510 2816 4576 olitimarum
2867 4511 3062 4565 artium
3113 4521 3360 4580 putemus
3390 4513 3656 4582 exempla,
3689 4525 3744 4567 et

459 4606 710 4659 absmtes
758 4603 892 4658 bene.
932 4603 1200 4668 consulas,
1246 4603 1486 4672 impenso
1528 4604 1732 4672 majore
1762 4604 2036 4671 gaudctur.
2076 4584 2129 4646 Ῑ)
2160 4601 2244 4653 illa
2277 4600 2344 4655 de
2373 4607 2569 4655 εωθιιό
2603 4602 2780 4670 priore
2812 4601 3071 4672 vesugia?
3107 4602 3271 4657 Vetus
3302 4603 3535 4658 officium
3584 4619 3741 4659 suum

462 4699 607 4751 Illico
635 4696 864 4766 amplexi
917 4695 1144 4762 litteras,
1190 4710 1308 4766 quat
1355 4698 1817 4768 prosequebantur
1840 4699 2039 4764 oblata,

461 4791 510 4844 in
536 4789 935 4859 exspectatione
962 4803 1082 4844 esse
1108 4789 1388 4858 coepimus,
1427 4804 1584 4859 quam
1617 4806 1741 4844 mox
1767 4791 1914 4845 vobis
1954 4805 2040 4844 ca-

461 4883 781 4955 pessendum
822 4883 920 4935 iter
959 4881 1143 4950 Appia
1172 4883 1496 4937 scriberetis.
1536 4881 1676 4936 Nihil
1710 4882 1898 4937 borum
1945 4899 2042 4953 pa-

459 4977 582 5039 gina
614 4975 909 5029 nuntiabat.
942 4972 1232 5029 Percontor
1259 4974 1612 5038 tabellarium,
1643 4991 1768 5030 num
1793 4985 2042 5030 constan-

462 5071 588 5121 tiam
624 5067 823 5122 decreti
855 5080 1030 5121 rerum
1057 5065 1232 5120 subita
1257 5065 1576 5120 turbassent.
1613 5067 2039 5122 Aitsententiam

462 5161 588 5214 nihil
617 5159 938 5226 claudicare,
969 5160 1062 5214 sed
1100 5161 1287 5227 placita
1314 5158 1533 5225 dill‘erri,
1573 5160 1747 5217 donec
1776 5163 2044 5216 cunctatio

464 5253 745 5308 Formiana
782 5254 942 5306 multa
991 5255 1157 5320 fruge,
1201 5263 1257 5308 et
1289 5253 1406 5307 aliis
1454 5254 1554 5308 hoc
1579 5269 1746 5323 genus
1787 5256 1838 5309 in
1891 5271 2042 5309 usum

467 5347 780 5401 necessariis
807 5347 1116 5400 instruatur.
1169 5346 1314 5401 Tunc
1339 5347 1466 5400 mihi
1503 5350 1714 5402 animus
1742 5349 1810 5403 ab
1832 5350 2044 5420 :rgrituo

465 5443 586 5494 dine
616 5440 940 5508 remigravit.
970 5439 1047 5493 Do
1079 5439 1258 5503 ﬁdem,
1292 5440 1419 5494 niail
1444 5441 1626 5494 humili
1659 5456 1880 5507 meuste,
1911 5442 2043 5496 nihil

467 5532 717 5597 servitiis,
746 5541 836 5584 aut
867 5532 1044 5601 pecori
1069 5530 1392 5586 defuturum.
1438 5531 1515 5588 Nc
1539 5532 1665 5587 mihi
1698 5533 1766 5588 sit
1789 5533 1911 5589 dicti
1944 5533 2045 5588 hu-

463 5626 549 5693 jus
577 5625 798 5694 posthac
829 5627 1061 5694 negatio,
1094 5639 1160 5677 cn
1193 5625 1347 5677 vobis
1392 5624 1731 5694 chirographi
1764 5627 1931 5682 instar
1961 5628 2048 5681 ht-

469 5731 627 5772 teras.
651 5717 1005 5787 Sponsionem
1047 5716 1262 5785 stipulat
1292 5716 1521 5770 affectio.
1556 5718 1733 5788 Neque
1773 5719 1916 5776 enim
1950 5734 2042 5793 pa-

469 5820 568 5866 tiar
593 5808 784 5878 decipi,
817 5823 948 5881 quos
973 5819 1097 5880 opto
1118 5809 1422 5878 complctti.
1459 5810 1600 5864 \‘ale.

2151 4695 2359 4748 for'una
2393 4705 2626 4755 tueatur.
2659 4708 2713 4750 et
2744 4699 2837 4750 bas
2875 4698 3056 4751 saltim
3107 4697 3348 4752 Romano
3387 4697 3588 4754 nomini
3617 4699 3744 4754 velit

2149 4804 2368 4845 servare
2405 4789 2643 4845 delicias.
2687 4790 2842 4844 Nullo
2873 4789 3075 4845 fascino
3105 4789 3330 4846 felicitas
3361 4790 3569 4860 publica
3600 4806 3744 4846 mor-

2150 4881 2360 4936 di-atur.
2394 4881 2604 4936 Audisti
2647 4882 2850 4948 omnia,
2897 4882 2992 4938 sed
3025 4893 3393 4939 summotenus
3427 4898 3522 4939 ore
3560 4883 3738 4939 libata.

2155 4973 2492 5028 Monumenta
2521 4975 2686 5028 curite
2728 4986 2924 5029 nostra:
2975 4973 3188 5043 plenius
3218 4986 3389 5029 tecum
3431 4975 3738 5045 loquentur.

2156 5064 2252 5121 Ubi
2291 5080 2413 5118 cum
2456 5066 2604 5133 plura
2637 5067 2892 5134 rescripta
2939 5068 3242 5134 repeteris;
3284 5067 3513 5132 aestima,
3543 5076 3740 5136 quanto

2147 5159 2398 5213 uberiora
2425 5173 2494 5211 un
2519 5173 2579 5210 us
2615 5173 2764 5211 mens
2796 5157 3083 5228 optaverit,
3113 5174 3270 5228 quam
3295 5159 3511 5228 plausus
3539 5158 3736 5215 ell‘ude-

2147 5254 2237 5307 rit.
2266 5251 2414 5306 Vale.

2745 5321 2962 5377 EPIST.
3007 5321 3143 5377 XIV.

2650 5431 2959 5471 SYIMACBUS
2990 5431 3232 5472 AUSONIO.

2218 5530 2364 5585 Petis
2393 5543 2420 5582 a
2454 5543 2538 5582 me
2562 5528 2769 5584 litteras
2798 5531 3088 5599 longiores.
3135 5529 3228 5584 Est
3276 5530 3376 5584 hoc
3414 5530 3464 5584 in
3497 5544 3594 5584 nos
3621 5529 3732 5584 veri

2151 5627 2349 5680 amoris
2379 5625 2651 5680 indicium.
2702 5623 2808 5680 Sed
2846 5639 2945 5694 ego
2975 5625 3064 5694 qui
3113 5638 3230 5679 Sum
3265 5623 3562 5692 paupertini
3593 5625 3735 5692 inge-

2154 5721 2224 5774 nii
2257 5720 2358 5774 mei
2393 5717 2519 5771 milii
2544 5719 2814 5780 conscius,
2848 5717 3124 5772 Laconica!
3155 5718 3293 5772 malo
3316 5719 3529 5772 studere
3557 5717 3732 5773 brevi-

2159 5813 2275 5880 tati,
2303 5826 2459 5881 quam
2493 5811 2784 5880 tnultijugis
2809 5811 3018 5880 paginis
3054 5811 3292 5868 infantia:
3320 5814 3541 5870 maciem
3574 5811 3742 5875 publi-
