4180 6452
331 362 430 414 153

1577 353 2047 411 EPISTULARUM
2092 352 2287 407 LIBER
2331 353 2369 405 I.

3503 348 3603 404 158

323 492 468 535 eaie.
497 475 602 530 Nec
634 475 826 530 mirum
857 478 899 530 si
929 474 1125 545 eloquii
1158 473 1324 527 nostri
1364 487 1495 527 vena
1541 481 1754 526 tenuata
1797 479 1915 532 est;
1951 475 1997 531 Α
2028 471 2164 538 apud
2191 479 2261 532 te,
2298 469 2367 520 mi
2397 467 2630 530 domine,
2656 466 2858 522 silenda
2882 479 2986 520 non
3009 464 3232 529 credidi,
3252 471 3304 516 et
3330 465 3467 533 quod
3495 479 3602 532 prze

322 584 485 635 quam
511 565 708 620 dudum
741 580 911 633 neque
935 565 1090 618 ullius
1122 565 1378 633 poematis
1420 564 1516 626 tui,
1553 578 1726 630 neque
1751 562 1910 630 pede-

324 662 516 714 strium
552 660 878 713 voluminum
912 659 1139 712 lectione
1169 658 1376 726 juvisti.
1417 657 1566 711 Unde
1601 657 1758 725 igitur
1801 670 1915 709 ser-

326 756 504 809 monis
540 754 642 806 mei
687 754 885 821 largam
921 751 1095 819 poscis
1136 765 1378 812 usuram,
1411 749 1498 818 qui
1541 749 1667 802 nihil
1702 749 1916 800 litterati

327 847 530 904 fenoris
560 846 872 900 credidisti?
921 845 1116 899 Volitat
1163 855 1283 900 tuus
1325 844 1540 899 Mosella
1591 857 1684 912 per
1729 855 1919 895 manus

325 943 586 1007 sinusque
611 939 915 1003 multorum,
934 939 1127 992 divinis
1153 953 1182 992 a
1207 950 1256 991 te
1275 938 1515 992 versibus
1539 947 1917 990 consecutus:

328 1033 427 1083 sed
465 1043 666 1084 tantum
697 1041 878 1085 nostra
917 1045 1011 1084 ora
1046 1029 1374 1096 prtelabitur.
1405 1026 1516 1081 Cur
1544 1043 1628 1080 me
1666 1027 1819 1079 istius
1855 1025 1920 1078 li-

329 1122 484 1186 belli,
507 1139 709 1190 quaaso,
741 1136 1009 1178 exaurtem
1041 1137 1160 1176 esse
1193 1121 1442 1174 voluisti?
1475 1136 1562 1173 aut
1590 1136 1792 1172 αηιιηοε
1827 1116 1917 1170 tibi

329 1217 576 1281 videbar,
603 1219 692 1282 qui
739 1217 1032 1284 dijudicare
1073 1231 1178 1270 non
1221 1230 1466 1284 possem;
1499 1224 1589 1266 aut
1632 1224 1779 1267 certe
1805 1227 1920 1263 mn-

333 1310 531 1378 lignus.
556 1310 642 1378 qui
673 1310 887 1364 laudare
909 1307 1190 1364 nescirem.
1236 1308 1416 1377 Itaque
1441 1309 1522 1360 vol
1557 1306 1766 1375 ingenio
1801 1319 1920 1356 meo

336 1402 652 1470 plurimum,
681 1403 763 1456 vel
789 1402 1050 1462 moribus,
1079 1401 1366 1471 derogasti.
1393 1401 1502 1468 Ego
1532 1412 1708 1454 tamen
1735 1410 1920 1452 contra

337 1495 680 1549 interdictum
710 1505 857 1547 tuum
889 1510 1010 1548 mox
1055 1494 1122 1549 ad
1152 1495 1294 1548 illius
1338 1495 1518 1562 operis
1560 1507 1749 1545 arcana
1799 1506 1921 1559 per-

338 1587 488 1640 veni.
524 1586 691 1640 Velim
723 1584 1112 1652 reticere,quid
1143 1586 1365 1639 sentiam
1393 1603 1404 1637 :
1433 1583 1585 1636 velim
1617 1585 1681 1637 de
1713 1582 1924 1651 tejusto

332 1681 553 1733 silentio
578 1677 856 1741 vindicari,
889 1677 981 1731 sed
1026 1676 1312 1732 admiratio
1349 1677 1667 1745 scriptorum
1706 1691 1921 1730 sensum

339 1771 534 1838 frangit
569 1771 794 1838 injuriae.
829 1769 959 1824 Novi
993 1770 1134 1824 enim
1167 1770 1325 1824 istum
1359 1768 1596 1831 fluvium,
1617 1783 1738 1824 cum
1769 1781 1926 1822 aiter-

339 1878 533 1916 norum
566 1863 865 1930 principum
890 1861 1002 1930 jam
1043 1860 1248 1931 pridem
1289 1860 1442 1930 signa
1479 1863 1785 1925 comitarer,
1834 1873 1922 1927 pa-

339 1971 454 2010 rem
491 1955 687 2018 multis,
722 1969 980 2022 imparem
1021 1954 1285 2008 maximis.
1321 1953 1470 2007 Nunc
1495 1952 1786 2020 improviso
1817 1951 1924 2004 cla-

341 2063 526 2103 rorum
557 2063 652 2100 ver
683 2062 806 2100 uum
836 2047 1097 2116 dignitate
1128 2046 1379 2116 Egyptio
1403 2046 1610 2100 Metooe
1645 2045 1922 2114 majorem,

343 2140 674 2211 frigidiorcm
703 2139 958 2210 Si-ytbico
982 2139 1169 2204 Tanai,
1203 2138 1590 2207 clarioremque
1615 2137 1715 2192 hoc
1743 2147 1927 2191 nostro

343 2234 588 2305 populari
629 2233 834 2288 Fucino
876 2234 1174 2289 reddidisti.
1218 2233 1562 2302 Nequaquam
1596 2232 1687 2286 tibi
1735 2232 1924 2287 crede-

342 2341 483 2387 rem,
508 2326 574 2377 de
601 2324 832 2378 Mosellae
856 2335 976 2378 ortu
1007 2339 1066 2377 ac
1095 2335 1274 2377 meatu
1304 2339 1492 2393 magna
1523 2326 1779 2389 narranti,
1827 2323 1924 2376 nisi

341 2425 494 2471 certo
523 2417 714 2470 scirem
746 2415 886 2485 quod
911 2431 1007 2471 nec
1051 2415 1102 2469 in
1140 2430 1385 2486 poemate
1435 2417 1728 2472 mentiaris.
1779 2416 1928 2472 Unde

344 2506 433 2561 illa
465 2507 796 2561 amnicorum
829 2505 1052 2575 piscium
1076 2506 1317 2561 examina
1353 2508 1627 2572 rcperisti?
1654 2523 1811 2574 quam
1835 2524 1928 2560 no-

345 2601 579 2656 minibus
610 2600 774 2667 vat-ia,
805 2609 910 2653 tam
934 2601 1224 2665 coloribus,
1249 2611 1306 2654 ut
1336 2601 1697 2670 magnitudine
1727 2599 1930 2654 distan-

346 2691 441 2759 tia,
472 2691 551 2744 sic
581 2705 798 2759 sapore;
829 2705 950 2759 qua:
975 2691 1258 2760 pigmentis
1299 2691 1452 2746 istius
1490 2691 1741 2746 carminis
1769 2705 1929 2761 supra

347 2792 551 2836 natura:
583 2783 722 2836 dona
755 2782 966 2837 locasti.
1001 2784 1160 2851 Atqui
1194 2783 1246 2837 in
1278 2782 1380 2838 tuis
1419 2784 1620 2838 mensis
1649 2799 1792 2853 saepe
1813 2799 1932 2838 ver-

347 2883 517 2938 satus,
548 2888 668 2927 cum
700 2874 950 2943 pleraque
971 2875 1092 2938 alia,
1117 2889 1236 2944 quas
1262 2884 1386 2928 tunc
1411 2874 1460 2928 in
1483 2875 1733 2944 prmtorio
1753 2885 1926 2941 erant,

347 2965 460 3020 caui
491 2965 698 3034 objecta
729 2967 990 3030 mirarer;
1041 2980 1310 3032 nunquam
1362 2966 1463 3020 hoc
1494 2980 1660 3035 genus
1707 2967 1928 3035 piscium

351 3055 700 3126 deprehendi.
735 3055 958 3121 Quando
986 3055 1037 3108 hi
1071 3056 1243 3122 pisces
1274 3056 1324 3109 in
1355 3054 1491 3110 libro
1521 3055 1615 3110 tibi
1645 3056 1750 3110 nati
1785 3067 1928 3120 sunt,

349 3149 442 3220 qui
472 3150 520 3204 in
553 3149 767 3205 ferculis
799 3164 903 3204 non
946 3149 1194 3204 fuerunt?
1221 3149 1402 3204 Iocari
1446 3165 1531 3204 me
1563 3161 1737 3217 putas,
1769 3159 1930 3218 atque

349 3256 513 3312 agere
541 3241 746 3311 nugas?
776 3240 849 3295 Ita
897 3256 982 3295 me
1025 3242 1127 3294 diis
1159 3241 1486 3312 probabilem
1530 3244 1818 3309 prrestem!
1874 3250 1934 3295 ut

349 3345 452 3401 ego
482 3340 629 3385 tuum
655 3345 873 3386 carmen
904 3332 1052 3386 libris
1105 3331 1338 3386 Maronis
1386 3331 1634 3402 adjungo.
1686 3332 1790 3389 Sed
1826 3334 1936 3403 jam

351 3420 593 3477 desinam
625 3422 728 3477 mei
759 3421 960 3477 oblitus
985 3420 1210 3487 doloris,
1239 3423 1503 3476 inhwrere
1533 3422 1780 3478 laudibus
1811 3424 1935 3490 tuis,

355 3530 425 3570 ne
455 3516 556 3570 hoc
577 3530 788 3585 quoque
825 3515 890 3569 ad
912 3515 1138 3584 gloriam
1163 3527 1305 3568 tuam
1329 3516 1564 3581 accedat,
1595 3517 1735 3583 quod
1761 3528 1811 3570 te
1840 3520 1940 3571 mi-

353 3621 531 3663 ramur
554 3609 765 3664 offensi.
796 3609 1028 3678 Spargas
1061 3609 1187 3663 licet
1208 3608 1578 3679 voluihina,et
1603 3624 1688 3664 me
1728 3625 1941 3676 semper

353 3703 591 3768 excipias
617 3720 630 3755 :
659 3701 896 3757 fruemur
926 3711 1104 3757 tamen
1139 3711 1231 3756 tuo
1258 3716 1440 3771 opere,
1471 3703 1566 3757 sed
1596 3702 1820 3757 aliorum
1848 3705 1942 3759 be-

356 3791 634 3864 nignitate.
669 3790 818 3849 Vale.

963 3861 1178 3918 EPIS'I‘.
1221 3861 1337 3917 XV.

861 3969 1171 4010 SYIHACHUS
1200 3969 1440 4010 AUSONIO.

431 4068 575 4122 Pene
616 4078 892 4134 evenerat,
943 4077 999 4122 ut
1034 4079 1206 4122 tecum
1247 4069 1519 4123 succincta
1560 4067 1821 4124 brevitate
1864 4068 1941 4120 Ιο-

359 4175 670 4224 queremur,
697 4176 836 4230 quon
861 4176 946 4214 am
978 4160 1198 4215 deerant
1249 4161 1405 4230 digna
1434 4172 1727 4216 memoratu
1762 4181 1774 4216 :
1806 4170 1859 4216 et
1892 4162 1939 4213 in

361 4250 574 4304 defectu
621 4267 800 4306 rerum
844 4251 976 4306 nihil
1007 4267 1141 4320 Opus
1172 4265 1253 4308 est
1303 4253 1579 4320 indulgere
1607 4254 1802 4308 verbis.
1835 4255 1940 4307 Sel

361 4346 678 4412 tempestive
710 4345 928 4401 Palladii
969 4345 1198 4402 rhetoris
1231 4347 1396 4401 nostri
1435 4348 1753 4402 declamatio
1797 4359 1944 4401 auxit

361 4437 632 4507 paginam.
695 4436 766 4490 Ea
833 4436 1150 4503 complacita
1224 4439 1573 4494 summatibus
1624 4441 1941 4502 litterarum,

360 4528 501 4582 clam
533 4538 584 4583 te
611 4544 731 4584 esse
755 4544 861 4582 non
899 4529 1102 4584 dcbttit.
1141 4530 1319 4600 Itaque
1357 4545 1422 4584 cu
1446 4548 1476 4584 o
1517 4543 1569 4586 et
1592 4547 1714 4586 meo
1744 4531 1942 4594 ofﬁcio,

2024 565 2094 615 tui
2127 577 2310 616 amore
2333 563 2462 615 nihil
2499 563 2670 616 habeo
2699 561 2876 627 pensi;
2898 573 2948 613 et
2974 559 3114 628 quod
3145 558 3401 620 vicissim,
3421 560 3602 624 qu;.nti

2019 670 2047 707 a
2083 667 2132 707 te
2168 655 2310 715 liam,
2369 669 2642 722 nunquam
2683 670 2767 708 me
2799 653 3035 722 penitet.
3081 651 3231 718 Quod
3261 650 3494 704 Pallad.o
3530 652 3606 702 la-

2020 759 2161 801 Cltlm
2194 747 2332 810 volo,
2372 761 2440 800 ne
2488 748 2688 800 lateant
2733 751 2953 802 honesta
2998 744 3228 814 prolatu.
3253 743 3392 797 Cura
3423 754 3476 794 ut
3517 757 3579 794 va

2023 840 2166 902 leas;
2215 847 2265 892 et
2295 837 2547 905 quoniam
2579 837 2673 891 tibi
2724 838 2945 893 facultas
2974 835 3241 893 scribendi
3269 845 3464 903 praesto
3502 843 3603 900 est,

2021 931 2214 984 adhibe
2239 929 2594 984 voluntatem.
2646 929 2796 987 Vale.

2621 1041 2840 1100 EPIST.
2881 1042 3020 1098 XVI.

2523 1170 2832 1212 SYMIACIIUS
2873 1170 3112 1212 AUSONIO.

2094 1267 2248 1333 Saepe
2275 1269 2635 1323 nnanimitatis
2665 1278 2768 1324 tuae
2815 1284 3065 1325 sermone
3104 1269 3413 1335 convenior,
3447 1278 3505 1323 ut
3544 1268 3610 1323 de

2024 1361 2260 1424 acceptis
2316 1361 2532 1425 litteris,
2577 1377 2707 1430 quas
2735 1363 2798 1414 ad
2843 1376 2928 1416 me
2955 1376 3082 1418 cura
3127 1362 3474 1430 propensiore
3510 1364 3603 1411 uii-

2028 1452 2166 1512 sisti,
2207 1452 2291 1506 v.l
2323 1453 2591 1517 scribam;
2633 1453 2827 1522 quibus
2874 1467 2990 1522 ego,
3049 1463 3106 1506 ut
3129 1468 3351 1522 qua-que
3390 1452 3611 1505 reddite

2026 1553 2172 1608 sunt,
2202 1555 2436 1599 actutum
2495 1549 2606 1613 pari
2661 1547 2917 1615 religione
2945 1545 3194 1612 respondi
3234 1560 3250 1598 :
3293 1545 3413 1610 quia
3443 1560 3612 1610 neque

2028 1636 2405 1705 rescriptorum
2436 1637 2590 1698 ratio,
2637 1653 2811 1706 neque
2839 1638 3038 1690 amoris
3063 1637 3374 1690 vicissitudo
3403 1635 3612 1688 sinebat

2026 1729 2222 1781 diutius
2251 1727 2516 1781 desidere.
2544 1727 2694 1782 Nunc
2716 1744 2930 1798 quoque
2953 1743 3112 1797 agere
3136 1743 3220 1781 me
3240 1736 3398 1794 atque
3419 1728 3615 1779 habere

1960 1852 2002 1911 Β
2027 1821 2224 1890 gratias
2250 1828 2536 1888 protestor,
2569 1821 2710 1888 quod
2741 1835 2995 1890 prospera
3027 1821 3331 1873 nuntiorum
3358 1819 3497 1871 clam
3532 1833 3618 1871 me

2029 1926 2148 1966 es~e
2181 1926 2283 1963 non
2318 1911 2535 1978 pateris.
2571 1911 2694 1965 Haec
2723 1920 2774 1964 et
2803 1911 2903 1965 alia
2935 1909 3199 1976 prioribus
3219 1924 3433 1977 quoque
3475 1910 3617 1960 litte-

2029 2003 2103 2058 ris
2141 2011 2313 2056 tecnm
2341 2002 2545 2056 fueram
2575 2003 2892 2058 collocutus.
2922 2004 3026 2056 Sed
3057 2004 3102 2056 si
3135 2014 3187 2056 te
3215 2003 3472 2054 tabellarii
3507 2017 3619 2053 ser-

2030 2096 2204 2149 monis
2259 2094 2362 2147 mei
2419 2104 2722 2162 compotem
2775 2095 3155 2157 reddiderunt,
3203 2104 3456 2160 congesta
3514 2109 3618 2146 non

2029 2197 2272 2241 onerant.
2307 2186 2442 2239 Malo
2464 2188 2659 2255 quippe
2687 2203 2840 2242 aures
2870 2198 2986 2240 tuas
3019 2187 3270 2240 iterando
3296 2186 3615 2248 obtundere,

2029 2294 2188 2348 quam
2221 2277 2466 2332 fraudare
2509 2280 2800 2333 reticendo.
2857 2279 3061 2332 Fratris
3113 2279 3214 2332 tnei
3249 2277 3489 2344 Ilespevii
3527 2280 3620 2328 ho-

2031 2385 2160 2424 nore
2186 2369 2417 2432 exsulto,
2445 2371 2807 2424 taciturnitate
2840 2371 3217 2424 convulneror.
3270 2369 3404 2421 Nam
3447 2371 3491 2421 si
3536 2384 3622 2422 me

2030 2464 2112 2517 sui
2138 2473 2405 2515 amantem
2438 2477 2532 2516 usu
2559 2477 2745 2516 rerum
2778 2463 3040 2530 probavit,
3065 2463 3279 2527 script‘s
3307 2461 3500 2513 lautam
3531 2461 3622 2512 de-

2032 2558 2140 2611 cuit
2173 2556 2488 2626 praevenire,
2517 2570 2637 2624 qua:
2662 2553 2752 2608 diu
2786 2555 2987 2607 incerta
3015 2554 3209 2606 limam
3242 2553 3394 2604 iidem
3418 2551 3624 2620 gaudiis

2031 2651 2338 2705 exhibebat.
2384 2650 2502 2716 Ipse
2544 2650 2704 2718 igitur
2739 2649 2959 2702 nuntius
3007 2647 3306 2700 communis
3341 2648 3464 2699 boni
3505 2659 3624 2698 esse

2034 2742 2315 2807 debuerat,
2350 2742 2667 2812 utepistola:
2696 2743 2926 2796 assertio
2971 2739 3105 2793 nihil
3152 2740 3479 2804 relinqueret
3507 2741 3623 2806 οιιίο

2035 2837 2210 2889 ιλίοηίε
2238 2835 2508 2905 ambiguo.
2543 2835 2648 2889 Sed
2667 2835 2820 2898 dicis,
2855 2849 2976 2888 eum
3008 2835 3206 2902 pudore
3249 2835 3623 2901 prmstricmm,

2035 2942 2384 2984 soccessuum
2416 2942 2634 2983 suorum
2658 2929 2856 2982 vitasse
2879 2929 3211 2996 iactantiam.
3244 2926 3624 2996 Quisquamne,

2038 3035 2160 3076 cum
2217 3019 2284 3073 de
2326 3033 2385 3074 se
2419 3019 2556 3088 apud
2596 3020 2827 3086 seipsum
2862 3021 3111 3086 loquitur,
3142 3018 3446 3072 erubescit?
3493 3019 3626 3082 Qud

2035 3110 2176 3178 quod
2206 3124 2324 3164 eam
2375 3124 2484 3164 rem
2511 3110 2636 3164 mibi
2665 3111 2965 3178 supersedit
3006 3112 3270 3179 ingerere,
3305 3124 3464 3179 quam
3488 3111 3629 3176 jUale

1960 3231 2006 3294 Ο
2038 3203 2100 3256 ad
2135 3215 2419 3274 utrumque
2446 3213 2667 3258 noverat
2710 3202 3012 3272 pertinere?
3045 3202 3152 3257 Ver
3175 3219 3243 3255 im
3285 3219 3403 3272 ego,
3457 3213 3511 3255 ut
3545 3219 3628 3255 rc-

2045 3297 2234 3366 ligiose
2262 3296 2361 3351 ista
2415 3309 2736 3366 conqueror,
2769 3296 2839 3351 ita
2865 3297 3092 3352 libenter
3121 3298 3310 3351 omitto
3343 3314 3358 3350 :
3389 3298 3510 3366 quia
3537 3313 3630 3351 nec

2039 3390 2208 3443 amori
2266 3389 2318 3443 in
2358 3401 2456 3443 vos
2508 3402 2628 3444 meo
2678 3390 2931 3443 convenit
2981 3389 3161 3449 silere,
3209 3389 3346 3459 quod
3397 3390 3630 3451 doleam,

2042 3496 2140 3535 nec.
2195 3480 2442 3536 amicitia:
2498 3479 2696 3535 iniussi
2747 3479 2954 3536 doloris
3009 3482 3239 3536 transire
3297 3495 3628 3535 mensuram.

2045 3574 2194 3630 VaIe.

2619 3666 2828 3722 EPIST.
2877 3666 3039 3721 XVII.

2545 3798 2855 3838 ετκιιλειιυε
2895 3797 3132 3837 Αυδοκιο.

2116 3895 2453 3951 AmbrOsium
2492 3896 2560 3952 de
2621 3900 2975 3952 summatibus
3030 3899 3370 3964 provincialis
3420 3899 3516 3953 fori
3569 3901 3633 3954 al

2043 3985 2286 4040 dominos
2332 3996 2385 4040 et
2427 3988 2696 4057 piinripes
2748 4001 2957 4044 nosnos
2991 3990 3184 4044 Sicilia:
3235 4006 3518 4044 commune
3564 3994 3635 4043 le-

2043 4079 2208 4147 gavit,
2233 4078 2393 4132 variis
2428 4081 2745 4134 instructum
2777 4083 3060 4142 IllalldJIIS,
3093 4100 3209 4152 que
3251 4099 3494 4148 spectare
3526 4100 3552 4136 v
3579 4101 3634 4138 sa

2043 4179 2170 4223 sunt
2201 4170 2396 4224 bonum
2431 4173 2723 4239 publicum.
2779 4174 2911 4228 lIuic
2943 4177 2984 4228 si
3017 4175 3189 4228 l'autor
3224 4179 3513 4230 accesso'ris
3546 4179 3628 4228 l'u-

2046 4268 2219 4315 turum
2259 4276 2400 4325 reor,
2434 4273 2492 4316 ut
2522 4263 2593 4316 illi
2626 4277 2720 4330 pro
2763 4264 2942 4318 labore
2994 4265 3191 4319 fructus
3246 4269 3637 4322 accommodet.

2045 4353 2238 4418 Qumso
2269 4352 2428 4421 igitur
2461 4355 2540 4407 vel
2569 4354 2850 4421 legationis
2897 4358 3110 4419 merito,
3135 4358 3216 4410 vel
3258 4372 3376 4409 meo
3423 4359 3638 4412 nomine

2047 4442 2098 4496 in
2127 4445 2384 4510 optimum
2431 4444 2602 4498 virum
2661 4447 2795 4500 bene
2842 4450 3123 4511 cumulos,
3169 4449 3256 4516 qui
3304 4449 3432 4500 satis
3476 4454 3636 4502 annui

2048 4537 2391 4590 cculirmatus
2407 4548 2508 4602 est,
2541 4540 2790 4604 suffragio
2817 4551 2905 4591 tuo
2929 4555 3302 4595 successuram
3328 4542 3638 4596 facilitatem

363 4630 422 4676 et
443 4633 531 4673 tuo
556 4621 732 4675 studio
761 4622 876 4674 talis
903 4623 1086 4676 relatio
1113 4623 1442 4687 cuiveniret,
1475 4623 1562 4678 vix
1591 4622 1766 4676 soluto
1788 4631 1951 4686 cmtu,
1987 4613 2030 4670 Ῑ)
2061 4631 2410 4700 petitionibus
2441 4635 2836 4700 premnt-emtas,
2876 4633 3022 4688 γαιρ,

365 4713 594 4768 necdum
657 4713 995 4768 eventilatam
1036 4712 1324 4766 auditionis
1373 4729 1504 4767 nieze
1552 4713 1710 4768 fidem
1751 4714 1953 4781 judicio

363 4805 576 4861 c-ilcnte
596 4805 815 4860 dictavi.
846 4805 1006 4859 Movit
1047 4820 1214 4859 novus
1254 4805 1494 4860 Atheotei
1530 4807 1721 4876 hospes
1745 4806 1954 4860 Latiare

371 4898 682 4962 concilium,
712 4896 993 4952 divisioiiis
1016 4908 1151 4962 arte,
1184 4897 1548 4952 inventiOoum
1580 4897 1750 4967 c0pia,
1777 4913 1837 4967 gr
1857 4899 1952 4950 ivi-

369 5001 480 5044 tate
505 5004 780 5056 sensuum,
813 4991 934 5045 luce
983 4991 1292 5046 verborum.
1335 4990 1596 5060 Opinione
1637 5006 1750 5045 mea
1793 4990 1949 5043 dicn:

369 5094 479 5137 tam
510 5083 708 5153 probus
729 5095 810 5137 est
835 5085 1078 5138 oratione
1101 5099 1258 5153 quam
1291 5085 1548 5137 moribus.
1579 5083 1728 5137 'I‘uoc
1751 5093 1956 5137 nostra-

372 5190 456 5234 tes
483 5179 603 5241 viri,
627 5178 713 5248 qui
741 5178 880 5232 inter
899 5193 959 5231 se
987 5178 1214 5231 aliarum
1246 5192 1422 5231 rerum
1450 5192 1590 5244 saepe
1619 5177 1959 5242 dissentiunt,

371 5272 694 5326 concordem
725 5273 1044 5326 sententiam
1079 5285 1243 5340 super
1281 5270 1439 5341 hujus
1469 5271 1627 5324 laude
1657 5280 1961 5324 tenuerunt.

372 5365 551 5419 Credo
582 5366 754 5431 plane,
789 5380 886 5419 nec
920 5365 1048 5418 fides
1069 5379 1217 5418 cassa
1242 5373 1344 5427 est,
1368 5363 1643 5418 rhetorum
1683 5363 1822 5415 hanc
1849 5377 1968 5416 esse

378 5458 699 5526 p-osapiam.
757 5458 888 5511 Nam
931 5458 1143 5526 plenmn
1203 5456 1418 5524 ingenio
1476 5467 1658 5524 pectus
1709 5455 1966 5507 noscitur.

379 5549 486 5604 Nec
517 5551 662 5602 solus
687 5549 881 5611 vultus,
910 5560 998 5600 aut
1026 5547 1194 5609 colos,
1222 5551 1412 5602 asserit
1438 5559 1681 5612 posteros
1710 5547 1764 5599 in
1796 5545 1964 5599 bono-

379 5657 491 5694 ri-m
518 5651 816 5708 parentum.
846 5640 1117 5694 Certiores
1141 5639 1301 5691 habet
1329 5651 1516 5694 natura
1550 5637 1809 5692 vindicias
1831 5637 1965 5692 bene

379 5737 660 5796 sentiendi,
692 5749 751 5788 ac
784 5733 920 5788 bene
947 5732 1218 5802 loquendi.
1241 5731 1564 5799 Gignuntur,
1591 5745 1697 5784 n0n
1724 5728 1965 5782 scribun-

385 5839 467 5882 tur
499 5828 758 5884 haucdes.
788 5826 936 5894 Quod
965 5826 1052 5878 alii
1081 5823 1361 5888 docentur,
1392 5823 1476 5878 hic
1504 5833 1660 5877 natus
1689 5831 1796 5879 est.
1845 5820 1966 5878 lltcc

2631 4767 2841 4822 EPIS'I‘.
2888 4767 3069 4823 XVIII.

2556 4895 2864 4935 εγιηιλωιυε
2904 4897 3145 4936 AUSONIO.

2133 4995 2244 5066 Ego
2269 4996 2367 5050 etsi
2393 4997 2660 5051 continuis
2693 4997 2885 5051 litteris
2911 4998 3164 5052 honorem
3197 5007 3342 5050 tuum
3373 4998 3646 5056 celebrare

2064 5105 2305 5158 possem;
2341 5106 2445 5144 non
2477 5091 2607 5145 satis
2646 5091 2772 5145 mihi
2807 5092 3016 5146 villi-rer
3047 5107 3302 5159 proquam
3335 5108 3419 5147 res
3468 5105 3647 5160 posto.

2069 5184 2175 5250 lat,
2211 5185 2352 5251 fungi
2386 5184 2624 5237 debitum
2661 5200 2832 5238 meum
2866 5201 2877 5236 :
2911 5195 3110 5237 tantum
3140 5185 3284 5237 alit-sl
3306 5227 3318 5248 ,
3350 5195 3404 5237 ut
3431 5201 3646 5254 Operam

2069 5277 2398 5330 assiduitatis
2427 5276 2764 5340 exprobrem.
2798 5277 2900 5328 Sed
2934 5287 2985 5327 tit
3019 5276 3118 5330 hoc
3159 5292 3289 5328 mea:
3320 5277 3648 5330 verecundhe

2072 5369 2354 5432 cumpetit;
2387 5369 2455 5420 ita
2486 5377 2588 5420 tua:
2633 5367 2973 5420 humanitatis
3005 5378 3115 5429 est,
3150 5367 3379 5420 studium
3408 5377 3645 5420 nostrum

2078 5463 2188 5527 pari
2218 5460 2379 5527 gratia
2404 5461 2686 5511 sustinere.
2714 5461 3020 5511 Auimailvei
3039 5470 3087 5512 te
3112 5475 3214 5526 quo
3243 5461 3419 5511 tendat
3443 5475 3646 5512 summa

2071 5549 2380 5603 verborum.
2415 5547 2734 5602 Iamdudum
2786 5552 2912 5602 nihil
2963 5552 3175 5612 ιη’-ως,
3220 5550 3357 5619 quod
3395 5551 3646 5617 legamus.

2071 5642 2262 5696 Touun
2296 5657 2409 5705 me,
2447 5642 2688 5708 inquies,
2721 5640 3070 5709 emancipavit
3113 5641 3213 5693 sibi
3241 5655 3365 5692 cura
3397 5643 3648 5704 pianurii,

2075 5731 2272 5785 Verum
2301 5741 2404 5787 est.
2438 5731 2628 5785 Potin-is
2659 5733 2848 5783 merito
2879 5746 3084 5785 summa
3112 5732 3326 5799 judit-ia.
3355 5729 3458 5784 Sed
3489 5747 3648 5779 ινιικιο

2073 5838 2188 5878 mas
2238 5825 2429 5893 ingenii
2487 5823 2560 5879 tui
2609 5825 2746 5878 vires
2795 5820 3007 5879 fortuna
3060 5839 3246 5894 magna
3295 5835 3396 5876 non
3444 5831 3652 5878 onerat.
