4218 6456
484 392 588 451 155

1728 389 1791 457 Q.
1843 388 2114 445 ,ιιξιιειξι
2155 387 2504 444 svuuacut

3638 383 3749 439 ’156

485 504 712 560 Proinde
743 505 825 557 his
852 503 1014 559 eiiam
1048 501 1207 556 rebus
1252 502 1500 563 intende.
1532 513 1652 569 quze
1697 498 1767 552 ita
1797 501 2069 567 occupatis
2098 502 2142 557 Α
2174 496 2392 551 morbus
2433 495 2706 557 exhausit.
2741 495 2934 553 itiones
2963 497 3146 569 longas
3176 508 3227 552 ιιι
3269 514 3391 552 man
3423 501 3570 552 imos
3596 515 3751 567 aspe-

485 597 614 652 nihil
643 596 897 651 molestia:
925 594 1177 661 all'eruut,
1204 604 1261 649 ut
1285 596 1426 662 ipsas
1452 590 1726 648 molestias
1752 592 2064 660 plerumque

486 693 747 748 solemur.
781 688 927 745 Vale.

1081 757 1293 815 I-IPIST.
1338 757 1477 817 XIX.

976 863 1286 906 SYﬂILCﬂUS
1325 861 1571 904 ADSONIO.

561 961 665 1031 Qui
692 978 786 1020 sua
815 961 1004 1017 ﬁducia
1027 962 1366 1024 deseruntur,
1387 960 1642 1031 epistolas
1661 971 1811 1016 meas
1832 958 1888 1014 in
1914 972 2069 1013 usum

490 1055 971 1114 commendationis
1000 1056 1287 1124 accipiunt.
1326 1053 1383 1108 Id
1430 1067 1571 1107 nunc
1614 1052 1771 1105 aliter
1798 1061 1902 1106 est.
1942 1049 2069 1103 Nam

492 1147 642 1203 lratt-i
670 1162 791 1202 meo
819 1145 993 1201 Potito
1022 1145 1121 1198 hac
1141 1145 1447 1200 conditione
1477 1143 1681 1197 Iittt-ras
1711 1142 1865 1204 dedi,
1899 1150 1957 1195 ut
1980 1154 2072 1193 cas

496 1243 610 1311 ipse
638 1239 995 1293 commendet.
1035 1237 1130 1292 Est
1159 1237 1301 1292 enim
1342 1236 1513 1289 nihilo
1557 1236 1732 1290 secius
1775 1244 1933 1299 atque
1973 1245 2075 1299 ego

495 1349 613 1389 sum
647 1334 714 1385 de
757 1329 1109 1384 summatibus
1148 1329 1442 1383 amicorum
1482 1336 1732 1381 tuorum:
1764 1325 1854 1395 qui
1889 1322 1979 1377 ubi
2022 1332 2075 1374 te

495 1432 797 1489 compotem
838 1419 1022 1475 iecerit
1070 1419 1365 1487 priesentirc
1394 1432 1535 1481 suae,
1568 1431 1757 1470 vereor
1798 1432 1866 1470 ne
1911 1429 2076 1468 escu-

499 1511 636 1567 satio
665 1527 779 1567 mea
814 1510 1138 1580 ignoscenda
1175 1524 1279 1562 non
1310 1508 1400 1564 sit.
1429 1508 1534 1563 Sed
1561 1509 1606 1561 si
1638 1508 1765 1559 mihi
1800 1503 2074 1573 placabili-

501 1616 585 1659 ιω
613 1617 698 1658 tua
731 1603 1065 1671 experiundo
1089 1602 1252 1667 probe
1277 1601 1493 1668 Cognita
1524 1609 1605 1652 est
1626 1643 1641 1665 ,
1673 1599 1906 1649 futurum
1934 1609 2075 1653 reor.

499 1711 607 1750 non
649 1705 705 1747 ιιι
737 1711 853 1759 me,
884 1694 972 1762 qui
998 1693 1170 1747 rest-di
1193 1732 1212 1758 ,
1254 1691 1542 1746 collatione
1570 1690 1790 1743 alterius
1819 1686 2079 1741 venientis

500 1790 776 1852 incessas,
800 1786 895 1841 sed
935 1794 992 1840 ut
1022 1786 1168 1839 illum
1208 1784 1378 1855 magis
1407 1799 1504 1854 pro
1538 1792 1763 1851 utroque
1796 1780 2077 1848 suscipias.

504 1879 653 1935 Vale.

1103 1947 1317 2003 EPIST.
1361 1944 1476 2001 XX.

1000 2052 1305 2093 SVIMACIIUS
1346 2050 1590 2092 Αυωιιιιι.

575 2154 805 2209 Δῑιιιιιιιο
835 2153 1050 2223 gaudio,
1071 2166 1191 2206 eum
1219 2161 1271 2205 te
1290 2148 1565 2204 consulem
1597 2162 1765 2201 novus
1793 2160 1965 2199 annus
1987 2160 2084 2198 es.

504 2246 688 2314 cipiat.
724 2244 826 2299 Sed
859 2248 999 2298 nime
1040 2254 1343 2296 transcurso
1371 2250 1454 2297 est
1495 2253 1652 2309 opus.
1702 2239 1914 2293 Plenius
1941 2240 2083 2291 enim

504 2338 753 2393 secundis
790 2338 978 2392 litteris
1019 2338 1359 2392 conteSIabor
1388 2332 1690 2402 huiusmodi
1718 2333 1785 2386 de
1825 2340 1876 2385 te
1905 2341 2078 2401 gratu-

506 2433 777 2487 lationem.
810 2431 961 2486 Alius
998 2434 1050 2484 in
1098 2430 1379 2500 priesentia
1412 2427 1543 2482 mihi
1590 2439 1771 2480 sermo
1797 2422 2089 2477 sumendus

502 2534 609 2576 est.
644 2523 925 2576 I'atroiuus
950 2536 1000 2575 c.
1031 2536 1081 2574 v.
1110 2522 1284 2575 accitu
1316 2530 1407 2573 tuo
1434 2520 1534 2574 iter
1563 2516 1831 2569 adornans
1850 2556 1865 2578 ,
1894 2515 1945 2568 in
1974 2529 2085 2566 re."

506 2630 655 2669 suam
690 2614 803 2670 fore
830 2616 1188 2679 esiStimavit,
1234 2613 1279 2668 si
1312 2628 1432 2667 meo
1462 2610 1769 2666 testimonio
1809 2607 2084 2661 niteretur.

511 2706 648 2762 Iluic
676 2721 777 2776 ego
803 2706 935 2760 nihil
965 2721 1061 2775 per
1093 2721 1179 2759 tne
1207 2715 1546 2759 accessurum
1582 2699 1758 2767 putavi
1786 2715 1798 2749 :
1830 2706 1885 2750 et
1909 2707 2086 2749 tamen

509 2799 701 2853 deesse
733 2796 899 2860 nolui.
924 2800 1099 2853 svia-ns
1118 2796 1319 2865 judicio
1342 2810 1468 2866 erga
1495 2792 1641 2847 illum
1664 2801 1755 2846 tuo
1783 2790 1911 2843 nihil
1932 2789 2087 2856 adjici

510 2902 671 2958 posse
700 2890 746 2943 si
780 2890 1100 2951 scriberem;
1129 2890 1472 2943 decessurum
1516 2894 1694 2941 tamen
1736 2881 1937 2950 aliquid
1971 2895 2091 2933 meo

511 2979 708 3047 ollicio,
737 2981 782 3034 si
814 2990 1066 3035 tacerem.
1105 2982 1279 3035 Unum
1308 2988 1387 3032 est
1419 2977 1597 3041 igitur,
1628 2974 1770 3045 quod
1800 2982 2007 3025 oratum
2039 2978 2092 3025 te

513 3085 671 3144 atque
699 3086 979 3130 exoratum
1005 3076 1148 3135 volo,
1174 3080 1233 3127 ιιι
1261 3072 1403 3125 ineat
1424 3070 1646 3141 gratiam
1680 3067 1911 3132 suscepti
1945 3065 2093 3117 Iaho-

513 3168 622 3234 ris,
655 3174 848 3236 prater
870 3182 994 3222 eum
1028 3166 1291 3225 fructum,
1324 3163 1410 3231 qui
1451 3160 1524 3214 illi
1551 3175 1614 3214 ev
1649 3170 1739 3212 tuo
1770 3166 2086 3226 compecto,

523 3268 617 3317 tuo
643 3273 935 3330 congressu
989 3268 1079 3313 too
1103 3258 1330 3321 honore,
1363 3253 1661 3324 proveniet.
1689 3250 1841 3306 Vale.

1107 3390 1324 3447 EPIST.
1364 3388 1509 3445 XXI.

1004 3519 1316 3562 διιιιιιςιιιιε
1354 3517 1596 3560 Αιιεοκιο.

594 3640 740 3696 Bene
785 3654 847 3694 ac
888 3640 1158 3710 sapienter
1203 3636 1433 3705 majores
1481 3633 1681 3700 nostri,
1728 3641 1789 3688 ιιι
1836 3641 1961 3687 sunt
1998 3630 2096 3684 alia

523 3734 697 3790 aetatis
728 3731 891 3796 illius,
923 3734 1064 3784 mdes
1089 3729 1286 3783 llonori
1306 3738 1469 3796 atque
1490 3726 1684 3779 Virtuti
1712 3725 1934 3793 gemella
1967 3722 2101 3778 laeie

519 3824 744 3895 iunctim
772 3822 1043 3886 locarunt;
1076 3820 1382 3884 commenti,
1410 3818 1551 3888 quod
1577 3819 1628 3873 in
1663 3827 1717 3872 te
1741 3817 2004 3879 videmus,
2030 3814 2099 3870 ibi

524 3933 647 3973 esse
689 3915 906 3988 praemia
938 3914 1190 3978 honoris,
1221 3913 1308 3966 ubi
1337 3919 1464 3966 sunt
1504 3912 1693 3966 merita
1725 3910 1950 3964 virtutis.
1993 3906 2100 3963 Sed

521 4009 666 4066 enim
696 4017 913 4078 propter
940 4022 1032 4062 eas
1054 4003 1429 4061 Camenarum
1457 4003 1644 4069 religio
1669 4017 1822 4056 sacro
1856 4002 1984 4053 fonti
2010 4000 2103 4052 ad-

524 4100 781 4164 vertitur;
812 4100 933 4170 quia
979 4098 1080 4153 iter
1105 4097 1169 4151 ad
1199 4094 1558 4166 capessendos
1591 4098 1932 4162 magistratus
1959 4107 2104 4161 saepe

524 4190 719 4248 litteris
744 4199 1108 4261 promovetur.
1139 4190 1264 4245 Hec
1292 4202 1571 4257 parentum
1600 4184 1837 4241 instituta
1860 4185 2105 4239 consula-

527 4293 613 4339 tus
637 4283 713 4339 tui
742 4290 1057 4354 argumenta
1085 4291 1209 4338 sunt
1236 4299 1250 4335 :
1279 4281 1365 4337 cui
1390 4295 1598 4335 morum
1619 4278 1851 4348 gravitas
1873 4287 1930 4333 et
1946 4276 2107 4331 disci-

529 4376 792 4446 plinarum
822 4384 1095 4439 vetustas,
1125 4373 1330 4427 curulis
1356 4372 1503 4426 sella:
1532 4371 1736 4442 insigne
1763 4376 2099 4439 pepererunt.

528 4466 676 4524 Multi
704 4468 926 4536 posthac
952 4466 1261 4521 adnitentur
1292 4476 1437 4520 artes
1466 4465 1633 4520 bonas
1653 4504 1670 4527 ,
1696 4473 1751 4517 et
1778 4463 1960 4518 laudes
1987 4477 2109 4531 ger-

530 4572 718 4615 manas
742 4567 799 4613 et
825 4571 1001 4625 meras
1043 4558 1270 4612 litteras.
1298 4556 1391 4611 Siu
1422 4557 1730 4626 ignoramus
1766 4553 2010 4620 Magnum
2039 4554 2104 4607 il-

2169 603 2278 655 ras,
2302 597 2411 641 tum
2433 588 2771 643 accessiones
2790 587 3065 657 frigorum,
3087 600 3140 644 et
3160 591 3501 644 decessiones
3517 589 3749 654 dierum,

2168 696 2391 750 quotque
2418 682 2517 733 alia
2547 690 2670 735 sunt
2704 696 2857 734 noue
2886 690 3183 750 opportuna
3216 682 3395 737 vitavi.
3429 684 3483 736 Si
3508 696 3628 735 sum
3656 682 3750 735 tibi

2168 784 2440 842 spectatus
2468 790 2531 827 es
2563 774 2770 835 animo,
2802 786 2988 842 quaeso
3018 782 3075 827 ut
3100 788 3282 835 selinus
3307 776 3381 828 sis
3406 772 3564 836 mibi.
3592 783 3756 842 atque

2172 864 2268 920 bas
2296 865 2642 935 allegatinucs
2676 864 2799 919 boni
2842 864 3114 919 consulas.
3144 865 3277 921 Fors
3320 864 3460 931 I’uat,
3502 881 3570 919 an
3611 864 3753 918 obti-

2174 970 2394 1012 neamus
2416 957 2552 1025 apud
2576 965 2629 1011 te
2646 965 2878 1013 veterem
2896 957 3123 1030 gratiam
3144 977 3158 1012 :
3182 973 3323 1013 nunc
3339 957 3479 1028 quod
3500 956 3631 1011 satis
3648 965 3756 1021 est,

2174 1051 2470 1105 eluctemur
2493 1048 2774 1105 oﬂ‘e‘nsam.

2749 1163 2967 1220 EPIST.
3008 1163 3177 1219 XXII.

2669 1288 2976 1329 ειιιιιλοιιυς
3011 1289 3251 1329 λυδοιιιο.

2250 1388 2469 1444 Gaudeo
2493 1403 2578 1443 me
2605 1388 2698 1442 tihi
2726 1388 2890 1457 pluris
2910 1403 3053 1452 esse.
3074 1405 3234 1458 quam
3258 1399 3483 1444 cirteros
3506 1404 3522 1443 :
3547 1389 3764 1457 quando

2182 1479 2252 1533 ita
2282 1482 2548 1534 animatus
2575 1495 2635 1534 es
2655 1521 2671 1543 ,
2703 1488 2757 1533 ut
2790 1488 2983 1547 sponte
3020 1480 3072 1534 in
3113 1496 3225 1535 rem
3274 1496 3447 1535 meam
3477 1481 3759 1539 consulas.

2182 1587 2280 1624 nec
2313 1571 2608 1640 opp'riaris
2639 1573 2955 1640 petitiones,
2986 1572 3082 1629 sed
3112 1575 3281 1628 solam
3311 1573 3600 1628 voluntatis
3629 1588 3762 1627 mea:

2183 1664 2376 1718 famam
2423 1666 2693 1735 sequaris.
2756 1665 2950 1728 Accepi
2997 1668 3305 1721 evect‘wes
3357 1674 3621 1735 quatuor.
3670 1666 3763 1720 im-

2185 1772 2344 1809 mane
2383 1766 2641 1826 quantum
2685 1755 2996 1812 commodas
3036 1758 3091 1811 in
3136 1771 3396 1812 excursus
3422 1766 3475 1809 et
3520 1771 3764 1812 recursus

2117 1872 2159 1932 Β
2187 1862 2448 1900 mearum.
2484 1847 2564 1901 Dii
2591 1856 2644 1901 te
2670 1863 2769 1915 pro
2797 1857 2940 1902 tanta
2963 1849 3132 1919 gratia
3159 1859 3507 1904 minuerentur
3530 1866 3543 1901 :
3569 1850 3766 1916 etquis

2188 1939 2351 2009 pcrl’ev
2372 1939 2442 1993 tis
2471 1949 2631 2008 atque
2660 1939 2816 1993 elatis
2856 1939 2908 1993 in
2935 1939 3210 1996 cumulum
3252 1940 3408 1994 bonis
3446 1939 3578 1994 nihil
3611 1939 3769 2005 adiici

2184 2042 2387 2103 potest.
2420 2033 2585 2088 velint
2630 2042 2743 2087 tuta
2782 2049 3031 2103 manere,
3060 2045 3113 2090 et
3156 2036 3396 2106 propria,
3438 2049 3559 2105 qua:
3597 2032 3767 2091 dedo-

2188 2132 2332 2179 runt.
2367 2122 2520 2180 Vale.

2751 2193 2947 2250 EPIST
3018 2192 3206 2251 XXIII.

2688 2325 2995 2365 ιιιιιιιτιιυδ
3032 2327 3279 2367 Αυεοιιιο.

2272 2441 2398 2496 Ροςι
2426 2442 2640 2509 longum
2676 2443 2947 2497 silentium
2984 2452 3130 2497 tmun
3162 2462 3266 2499 non
3298 2446 3476 2501 minus
3501 2439 3773 2502 desidera-

2192 2531 2312 2586 bam
2342 2549 2502 2601 quam
2529 2533 2807 2602 sperabam
2855 2534 3056 2589 litteras
3110 2534 3397 2604 longiores.
3424 2537 3661 2607 Namque
3682 2539 3764 2594 his

2189 2627 2392 2679 vicibus
2420 2627 2647 2681 humana
2672 2626 2966 2693 variantur,
2993 2638 3049 2680 ut
3073 2627 3299 2684 delectui
3327 2629 3578 2685 succedat
3606 2632 3765 2685 uber-

2192 2726 2291 2771 tas.
2326 2716 2399 2771 Ea
2429 2733 2514 2772 me
2537 2718 2718 2786 opinio
2742 2717 2934 2771 frustra
2967 2717 3157 2773 habuit
3185 2737 3200 2771 :
3229 2718 3495 2789 siquidem
3522 2719 3697 2775 brevis
3725 2721 3778 2777 in

2193 2824 2385 2863 manus
2425 2824 2571 2864 meas
2615 2810 2804 2879 pagina
2852 2824 3042 2864 recens
3071 2825 3100 2862 a
3141 2820 3193 2865 te
3233 2810 3469 2881 proiecta
3520 2811 3779 2881 pervenit.

2196 2900 2323 2954 Erat
2368 2900 2582 2967 quidem
2631 2900 2723 2953 illa
2774 2901 2964 2955 Atticis
3002 2900 3204 2955 salibus
3245 2916 3458 2968 aspersa
3502 2913 3557 2957 et
3599 2902 3780 2975 thymo

2195 2990 2390 3053 odora;
2421 2990 2515 3044 sed
2550 2993 2781 3059 parcior,
2812 3005 2931 3060 qua:
2960 2991 3129 3057 magis
3158 2991 3425 3048 fastidium
3449 2992 3782 3063 detergeret,

2198 3099 2356 3153 quam
2384 3082 2575 3137 famem
2609 3083 2898 3152 frangeret.
2928 3083 3102 3150 Quid?
3129 3085 3174 3137 si
3203 3098 3304 3155 ego
3326 3099 3509 3139 cenas
3526 3083 3782 3157 dapsiles,

2198 3184 2254 3227 et
2275 3175 2472 3228 satiare
2508 3175 2843 3242 convivium,
2874 3183 2983 3228 tum
3016 3176 3423 3241 viscerationes,
3447 3185 3605 3247 atque
3643 3192 3775 3248 epu-

2122 3239 2172 3303 (ἶ
2204 3266 2310 3318 lum
2344 3265 2741 3333 postulasscm:
2774 3274 2831 3318 tu
2872 3264 2999 3319 mihi
3032 3279 3246 3319 mensas
3273 3239 3567 3327 secundas.
3599 3276 3654 3321 et
3679 3239 3785 3320 sci-

2202 3366 2434 3410 tamenta
2457 3355 2668 3424 exigua:
2691 3354 2861 3409 laneis
2880 3355 3212 3424 apponens?
3240 3352 3345 3410 Fac
3364 3355 3538 3410 veniat
3561 3355 3615 3409 in
3636 3370 3785 3409 men-

2204 3460 2348 3516 tem,
2399 3451 2524 3519 quid
2575 3446 2762 3503 Graeca
2809 3463 2972 3515 super
3022 3448 3124 3503 hoc
3170 3448 3309 3502 dicat
3359 3448 3551 3502 oratio.
3608 3446 3786 3503 Patria

2201 3542 2560 3605 nutrimentis.
2603 3540 2806 3608 inquit,
2847 3555 3138 3609 quanquam
3172 3556 3204 3592 α
3241 3551 3402 3593 morte
3438 3540 3783 3609 defmdintur,

2202 3632 2334 3687 nihil
2361 3644 2529 3687 tamen
2549 3632 2617 3686 ad
2637 3632 2896 3687 robustam
2920 3629 3265 3685 valetudinem
3289 3645 3659 3697 promoventur.
3683 3629 3788 3684 Pu-

2203 3733 2355 3780 tasne
2403 3742 2489 3780 me
2545 3726 2616 3781 de
2662 3724 3101 3790 occupationibus
3152 3725 3253 3777 tuis
3300 3737 3420 3778 esse
3470 3723 3787 3778 taciturum?

2206 3817 2453 3884 Quzestor
2479 3831 2560 3881 es,
2590 3815 2808 3869 memini
2838 3837 2849 3867 ;
2877 3815 3085 3869 consilii
3110 3814 3304 3883 regalis
3326 3813 3613 3885 particeps,
3636 3815 3787 3871 scio:

2205 3907 2343 3960 adde
2376 3907 2480 3960 huc
2508 3906 2609 3960 alia
2642 3906 2787 3959 mille
2820 3921 3018 3960 terum.
3062 3905 3344 3973 Nunquam
3375 3906 3579 3967 evenit,
3616 3915 3672 3958 ιιι
3702 3905 3787 3959 in-

2204 3997 2420 4067 genium
2454 4004 2597 4049 tuum
2645 3995 2796 4048 labor
2834 3993 3073 4057 deterat,
3123 3993 3504 4064 benignitatem
3538 4009 3664 4048 cura
3696 3993 3787 4046 lleo

2206 4097 2349 4152 rtat,
2396 4085 2695 4141 iacundiam
2726 4100 2857 4140 usus
2903 4082 3209 4140 exhauriat.
3245 4084 3302 4139 Si
3348 4083 3535 4138 diurna
3581 4084 3788 4152 negotia

2209 4190 2481 4245 nunquam
2507 4174 2804 4243 distingues
2830 4172 3039 4242 quiete;
3064 4181 3214 4228 certe
3254 4172 3571 4226 antelucano
3599 4187 3789 4228 somno

2210 4269 2386 4323 nullus
2418 4266 2735 4333 indulseris,
2786 4274 2846 4320 ut
2871 4264 3030 4319 detur
3068 4264 3280 4334 aliquod
3332 4277 3539 4332 tempus
3576 4263 3787 4319 ciliciis.

2216 4360 2299 4414 An
2330 4359 2421 4411 tibi
2453 4372 2639 4427 parum
2678 4356 2906 4423 exemtili
2939 4356 3146 4411 videtur
3176 4356 3225 4409 in
3255 4356 3462 4410 comico
3485 4395 3501 4416 ,
3534 4370 3654 4409 cum
3683 4355 3788 4409 ait:

2213 4453 2379 4518 Quam
2411 4452 2625 4516 vellem,
2667 4449 2820 4504 etiam
2859 4458 3010 4502 noctu
3050 4449 3229 4501 amicis
3270 4462 3476 4516 operam
3516 4461 3624 4501 mos
3664 4456 3792 4501 esset

2211 4546 2362 4599 (lari!
2390 4543 2494 4601 Sed
2520 4559 2618 4598 cur
2643 4556 2745 4613 ego
2763 4541 2963 4597 diutius
2981 4541 3246 4595 sermonis
3273 4553 3472 4609 pauper
3491 4537 3792 4608 obgannio?

533 4651 665 4713 lum.
692 4650 843 4718 cujus
871 4664 1033 4718 supra
1063 4660 1242 4704 votum
1270 4617 1481 4703 fortun;
1508 4647 1683 4713 ﬂuxit,
1715 4617 1981 4717 Stagiritte
2008 4661 2092 4700 suc

2186 4632 2467 4692 'ltnitanda
2510 4643 2596 4691 est
2640 4634 2767 4689 mihi
2812 4632 3035 4704 epistola
3079 4647 3299 4692 recens.
3350 4640 3407 4685 ut
3447 4637 3643 4685 caetera
3672 4644 3792 4684 mo-

536 4743 759 4799 nibilum
782 4742 1154 4797 commodasse
1175 4783 1191 4807 ,
1215 4743 1315 4797 nisi
1343 4740 1538 4808 Quinto
1571 4739 1743 4795 Ennio
1766 4755 1831 4793 ex
1863 4738 2109 4794 A‘Ztolit-is

537 4834 801 4890 manubiis
827 4836 1031 4901 captiva
1065 4832 1309 4903 chlamys
1338 4840 1539 4886 tantum
1583 4830 1788 4885 muneri
1816 4829 1939 4885 data
1983 4829 2109 4882 Ful-

538 4927 686 4981 vium
713 4924 1002 4979 decolorat.
1034 4924 1316 4979 Enimvero
1346 4938 1518 4991 neque
1562 4921 1798 4977 Panaetio
1834 4921 2113 4975 Africano-

539 5032 661 5074 rum
708 5015 1001 5077 secundus,
1051 5030 1223 5084 neque
1258 5013 1435 5083 Opillo
1479 5013 1735 5077 Rutilius,
1783 5013 1868 5067 vel
1913 5013 2111 5084 Cyneae

545 5109 803 5183 Pyrrhus,
832 5119 922 5164 aut
952 5110 1254 5165 Metrodoro
1282 5124 1380 5163 suo
1409 5108 1741 5164 Mithridates
1766 5107 2017 5163 Ponticus
2044 5108 2116 5162 li—

544 5205 803 5261 beraiium
849 5202 1248 5273 disciplinarum
1299 5205 1464 5270 pretia
1512 5202 1807 5257 solverunt.
1860 5204 1928 5255 At
1976 5215 2118 5256 nunc

545 5296 938 5353 eruditissimus
960 5296 1269 5364 imperator.
1299 5304 1352 5349 et
1373 5309 1530 5360 opum
1555 5293 1730 5362 largus
1752 5302 1809 5348 et
1833 5296 2117 5355 honorum.

546 5386 696 5458 quasi
726 5400 821 5456 pro
849 5399 1007 5439 usura
1040 5385 1129 5439 tibi
1158 5386 1372 5454 prazmia
1402 5383 1686 5449 detulerit,
1718 5384 1787 5437 ita
1818 5398 1979 5453 super
2005 5398 2122 5438 sor-

549 5488 655 5533 tem
690 5478 892 5534 lenoris
928 5476 1119 5532 reddit.
1152 5481 1206 5531 In
1237 5475 1336 5532 hac
1367 5485 1512 5531 tanta
1534 5476 1712 5531 lietitia
1743 5486 1857 5532 mea
1881 5519 1897 5542 ,
1930 5477 2123 5545 quibus

554 5569 730 5628 verbis
757 5568 954 5623 diluam
974 5610 989 5632 ,
1024 5569 1161 5639 quod
1192 5568 1382 5624 adesse
1411 5583 1516 5623 non
1558 5570 1809 5638 possunt?
1835 5568 2002 5623 Nimis
2029 5583 2123 5623 ve-

554 5676 698 5726 reor,
746 5675 813 5714 ne
857 5659 995 5714 male
1043 5658 1422 5729 interpretatus
1468 5660 1865 5715 excusationem
1914 5674 2122 5723 meam.

553 5762 806 5822 quantum
837 5751 929 5807 tibi
954 5752 1189 5823 gratuler
1215 5767 1400 5823 parum
1435 5750 1646 5809 credas.
1676 5750 1865 5820 Optavi
1903 5752 1970 5805 ad
2000 5766 2128 5807 ocu-

558 5845 639 5901 los
664 5854 782 5900 tuos
820 5843 1010 5916 raptim
1040 5845 1222 5901 venire
1250 5861 1262 5900 :
1295 5846 1388 5903 sed
1421 5843 1594 5903 lessus
1622 5844 1847 5910 virium,
1877 5858 2009 5916 quas
2038 5844 2126 5901 diu

2216 4745 2330 4784 rum
2374 4736 2582 4782 tuorum
2618 4728 2795 4781 :lorte
2832 4733 3120 4794 occupatus
3162 4737 3378 4778 recusas
3424 4722 3633 4776 litteras
3679 4720 3796 4775 Ion-

2215 4822 2411 4890 gimes.
2447 4819 2500 4873 Id
2529 4820 2598 4874 ita
2621 4834 2742 4875 esse
2778 4826 2927 4872 recte
2948 4817 3214 4886 conjecto.
3256 4814 3422 4870 Video
3447 4814 3610 4878 enim,
3634 4828 3795 4884 quam

2218 4913 2353 4967 nolis
2386 4913 2549 4967 multa
2575 4912 2751 4981 legere
2772 4952 2787 4978 ,
2817 4910 2902 4964 cui
2930 4909 3021 4963 vix
3052 4915 3138 4964 est
3173 4908 3344 4964 otium
3375 4921 3539 4978 pauca
3569 4905 3795 4963 dictare.

2224 5004 2371 5059 Vale.

2792 5068 3008 5126 EPIST.
3039 5067 3232 5125 XXIV.

2719 5199 3029 5241 ιιιιιιιιῖιιυε
3064 5197 3306 5240 Αυωιιιο.

2290 5301 2347 5358 Si
2376 5312 2427 5356 te
2456 5314 2605 5355 amor
2637 5298 2797 5353 habet
2821 5297 3079 5353 naturalis
3107 5295 3349 5352 historia
3389 5310 3549 5367 quam
3598 5295 3798 5352 Plinius

2223 5393 2547 5455 elaboravit,
2578 5405 2644 5445 eu
2674 5391 2768 5445 tibi
2797 5391 3034 5455 libellos.
3063 5404 3291 5458 quorum
3322 5396 3685 5459 przeseutanea
3712 5405 3796 5444 co-

2227 5485 2310 5554 pia
2342 5485 2439 5538 luit
2464 5501 2476 5535 :
2505 5484 2555 5535 in
2588 5481 2729 5552 quis.
2764 5489 2822 5536 ut
2844 5480 3077 5535 arbitror
3098 5480 3371 5551 opulentae
3395 5482 3678 5537 eruditioni
3703 5489 3803 5534 tum

2229 5574 2499 5646 negligens
2547 5573 2789 5629 veritatis
2835 5572 3089 5627 librarius
3136 5572 3459 5640 displicebit.
3518 5572 3624 5629 Sed
3672 5572 3801 5626 tuihi

2230 5665 2399 5719 fraudi
2422 5680 2527 5719 non
2553 5669 2656 5719 erit
2683 5662 3076 5719 emendationis
3105 5662 3330 5719 incuria.
3356 5663 3512 5718 Malui
3537 5663 3681 5721 enim
3708 5664 3800 5718 tibi

2229 5756 2441 5825 probari
2472 5757 2573 5809 mei
2607 5756 2846 5813 muneris
2873 5755 3184 5822 celeritate,
3233 5771 3393 5826 quant
3430 5756 3588 5813 alieni
3626 5758 3801 5829 operis

2232 5845 2497 5904 examine.
2532 5845 2679 5902 Vale.
