4218 6444
454 372 556 429 157

1034 479 1249 540 EPIST.
1280 480 1449 536 XXV.

943 607 1247 648 ηιηηαιυδ
1285 605 1526 646 Αυεθιηιο.

523 707 631 762 Etsi
663 707 977 777 plerumque
1007 719 1133 758 vera
1162 713 1243 758 est
1274 702 1409 770 apud
1439 710 1689 768 parentes
1721 700 2026 769 przrdicatio

448 801 709 862 ﬁliorum,
752 798 936 852 nescio
960 809 1066 865 quo
1094 803 1270 848 tamen
1301 803 1455 860 pacto
1486 793 1865 845 detrimentum
1906 804 2022 843 me-

450 894 537 946 riti
569 891 651 945 sui
697 891 915 958 patitur.
956 887 1080 942 dum
1122 899 1468 954 personarum
1518 895 1761 952 spectare
1799 883 2022 952 gratiam

447 983 731 1054 iudicatur.
779 980 976 1049 Quaero
1020 980 1180 1049 igitur
1227 978 1460 1033 incertus
1503 976 1697 1038 animi,
1734 992 1849 1044 qua:
1893 976 2021 1029 mihi

449 1091 591 1130 nunc
619 1075 952 1145 potissimum
979 1085 1142 1139 super
1170 1069 1287 1123 viro
1312 1069 1430 1122 honr
1455 1069 1607 1122 rahili
1635 1066 1911 1122 Thalassio
1931 1081 2023 1135 ge-

450 1183 580 1224 nero
605 1176 696 1221 ttto
724 1166 884 1219 verba
926 1163 1180 1219 sumenda
1213 1163 1335 1214 sint.
1383 1159 1442 1216 Si
1487 1175 1642 1229 parce
1671 1175 1874 1214 morum
1907 1160 2022 1226 ejus

449 1263 640 1316 decora
670 1260 954 1327 attingam,
995 1257 1174 1310 liventi
1215 1253 1407 1306 similis
1431 1251 1734 1307 :esdmabor
1765 1268 1778 1305 :
1810 1250 1853 1304 si
1881 1250 2022 1318 juste

451 1367 760 1423 prmequar,
791 1365 887 1406 ero
914 1350 1186 1418 proximus
1218 1347 1526 1401 blandienti.
1568 1345 1819 1400 liuitabor
1861 1346 2022 1414 igitur

450 1443 755 1499 Sallustiani
801 1440 1090 1496 testimonii
1144 1440 1567 1508 castigationem.
1623 1436 1792 1491 llahes
1846 1437 2018 1489 virum

451 1537 664 1606 dignum
706 1543 786 1599 te,
826 1545 877 1588 et
910 1550 1006 1604 per
1040 1544 1089 1586 te
1130 1533 1328 1585 familia
1368 1530 1666 1592 cottsul.-ri;
1715 1545 1870 1598 quem
1915 1529 2020 1583 Io:-

450 1638 574 1682 tuna
605 1627 792 1681 honori
826 1629 988 1693 patris
1024 1625 1278 1692 majorem
1317 1623 1590 1678 beneﬁciis
1635 1623 1746 1676 suis
1786 1625 2017 1689 reperit.

451 1717 753 1774 emcndaio
800 1717 962 1772 animi
1011 1725 1066 1773 et
1111 1715 1371 1771 sanctitas
1407 1713 1695 1772 honoribus
1725 1713 2020 1783 teqnipara-

451 1809 546 1864 rit.
575 1807 724 1864 Vale.

1005 1894 1223 1951 El‘iST.
1264 1893 1448 1949 XXVI.

942 2025 1248 2069 ςῖιωλειιυε
1288 2027 1342 2064 λι
1358 2024 1526 2065 SOSIO.

519 2127 654 2182 Utor
678 2125 817 2194 apud
849 2132 901 2179 te
929 2122 1138 2186 lidncia.
1161 2137 1318 2192 quam
1347 2121 1560 2177 dedisti.
1596 2120 1802 2175 Dudum
1832 2137 2024 2191 parcus

449 2232 510 2273 es
553 2220 884 2280 litterarum,
929 2215 1022 2273 sed
1053 2229 1159 2268 non
1200 2214 1448 2268 imitabor
1477 2212 1777 2280 exeruplum
1809 2231 1820 2264 :
1855 2223 1912 2266 ut
1937 2215 2024 2280 qui

450 2312 716 2376 IIOVclim,
741 2311 855 2365 viro
881 2309 934 2366 in
956 2309 1172 2380 specula
1195 2309 1456 2362 honorum
1487 2308 1679 2372 locato,
1707 2317 1759 2363 et
1789 2308 1908 2362 ideo
1939 2322 2027 2359 va-

450 2402 527 2457 Iia
558 2412 616 2457 et
644 2415 831 2470 magna
859 2400 1066 2456 curanti
1085 2440 1099 2462 .
1125 2414 1230 2453 non
1260 2408 1366 2452 tam
1395 2398 1624 2453 studium
1653 2398 1840 2454 deesse
1868 2415 2024 2468 quam

449 2492 682 2558 eopiam.
715 2490 790 2546 Ea
815 2491 1012 2562 quippe
1053 2499 1236 2547 natura
1264 2501 1348 2545 cst
1372 2505 1547 2544 rerum
1569 2530 1582 2553 ,
1617 2499 1673 2545 ttt
1693 2506 1810 2558 qua:
1834 2502 2027 2557 ιιι-τείσει-

451 2585 770 2640 industriam
801 2584 1157 2654 negliguntur.
1187 2581 1506 2650 ignoscenda
1531 2582 1790 2637 dicantur.
1820 2583 1928 2651 Ego
1954 2593 2028 2637 ta-

453 2693 578 2732 men
600 2691 854 2740 securus,
883 2685 943 2729 ut
971 2675 1139 2742 soleo,
1169 2677 1368 2728 amoris
1395 2674 1494 2740 tui,
1524 2674 1763 2729 solemne
1790 2674 2026 2730 ofﬁcium

453 2783 562 2820 non
587 2781 789 2820 renuo:
821 2765 874 2821 in
904 2780 1111 2822 summa
1137 2767 1306 2837 gratia
1331 2776 1384 2821 et
1413 2763 1617 2823 honore
1644 2767 1912 2833 positurus
1935 2806 1952 2829 ,
1981 2766 2025 2820 si

451 2857 702 2914 Iannliari
731 2871 872 2921 meo,
900 2857 989 2926 qui
1021 2857 1115 2910 has
1143 2857 1235 2911 t-bi
1268 2857 1468 2912 litteras
1491 2857 1636 2914 dabit
1655 2898 1669 2921 .
1698 2857 1897 2912 fructus
1923 2856 2024 2912 ali-

453 2948 572 3018 quis
602 2962 699 3019 pro
726 2957 868 3002 tanta
893 2947 946 3002 in
977 2961 1074 3002 nos
1103 2947 1382 3006 sedulitate
1406 2948 1758 3016 responderit.
1787 2946 1934 3004 Vale.

1009 3079 1222 3135 EPIST.
1263 3079 1472 3136 XXVII.

941 3206 1247 3248 εγωιλαιυς
1287 3208 1525 3246 Αιτδθκιη.

522 3305 657 3375 Quid
698 3321 848 3376 agam
868 3308 1005 3364 scire
1024 3328 1034 3373 ι
1054 3307 1276 3362 ostulas.
1295 3307 1554 3376 Opperiur
1584 3307 1635 3361 iu
1657 3308 1769 3364 dies
1796 3310 2022 3374 litteras,

453 3397 638 3467 quales
668 3413 806 3453 nm-c
830 3399 958 3453 mihi
981 3399 1202 3453 lacullas
1225 3406 1310 3451 tua
1335 3399 1615 3467 promittit,
1644 3415 1795 3454 amor
1815 3416 2028 3468 semper

453 3487 710 3542 exhibuit.
743 3488 874 3544 Sum
905 3502 1034 3543 vero
1061 3487 1400 3556 prmsentium
1431 3488 1582 3541 hctus
1605 3530 1619 3550 ,
1649 3503 1702 3541 ιιι
1732 3489 1822 3557 qui
1861 3493 2024 3544 sciam

453 3578 749 3634 insidiatori
789 3595 909 3635 meo
956 3578 1085 3634 nihil
1136 3579 1236 3634 loci
1285 3579 1361 3634 rel
1384 3590 1556 3643 ctum,
1600 3592 1758 3650 atque
1809 3582 2026 3650 insuper

454 3672 584 3736 tibi,
609 3675 695 3727 cui
720 3672 915 3728 factum
945 3687 1156 3743 semper
1184 3673 1305 3727 volo
1324 3717 1340 3738 ,
1376 3674 1617 3730 meritam
1650 3677 1886 3743 polliceri
1917 3679 2024 3731 lor-

453 3773 655 3818 tunam.
684 3763 821 3833 Ergo
847 3763 1058 3832 quando
1091 3779 1176 3818 res
1209 3763 1277 3818 ita
1307 3765 1422 3817 tulit
1442 3805 1457 3828 ,
1487 3775 1544 3818 ut
1590 3767 1812 3818 sollicita
1857 3778 2026 3819 muta-

454 3866 633 3910 rentur
673 3871 688 3908 :
725 3856 892 3924 artati
944 3858 1210 3912 sermonis
1256 3858 1329 3910 tui
1381 3857 1608 3911 Iructum
1661 3858 1891 3913 feramus
1934 3861 2024 3929 qui

453 3947 680 4000 animum
727 3949 854 4001 mihi
901 3957 1201 4019 exaugeat,
1247 3960 1406 4018 atque
1455 3949 1682 4014 iudicet,
1731 3967 1826 4018 pro
1876 3964 2021 4007 tanta

456 4047 600 4093 retro
642 4039 1034 4107 lamiliatitate,
1076 4043 1180 4097 mei
1225 4054 1277 4097 te
1311 4043 1507 4113 oppido
1535 4060 1656 4099 esse
1696 4049 2019 4112 cupientem.

456 4125 602 4187 Vale.

990 4223 1207 4281 EPIST.
1249 4224 1482 4283 XXVIII.

940 4349 1244 4392 δῖκκλοιιυς
1280 4353 1524 4392 Αυεοεηιο.

522 4446 672 4503 Facis
701 4463 798 4518 pro
827 4460 1008 4504 mutua
1036 4449 1307 4520 diligentia
1350 4461 1401 4506 et
1431 4468 1477 4506 at
1504 4456 1745 4522 tiquitate
1773 4457 2022 4512 amicitia:

453 4549 667 4601 nostrae.
696 4541 836 4609 quod
869 4540 1123 4596 honorem
1158 4551 1304 4597 tuum
1339 4545 1478 4601 vires
1505 4561 1652 4600 meas
1679 4563 1802 4604 csse
1827 4552 2022 4604 conlin-

452 4645 583 4685 mas.
611 4630 872 4686 Convenit
899 4632 1098 4687 dictum
1128 4648 1247 4686 cum
1279 4634 1380 4690 lide
1411 4652 1616 4690 morum
1648 4647 1886 4704 tuorum,
1920 4656 2018 4696 nec

452 4735 677 4790 ttuquatn
725 4731 778 4778 te
819 4724 1132 4779 dissimilem
1179 4728 1390 4793 scriptis
1438 4729 1633 4783 talibus
1679 4730 1794 4785 dies
1833 4747 2019 4801 argue-

451 4814 516 4866 rit
545 4830 558 4866 :
593 4823 796 4868 tantum
835 4815 1045 4870 fortuna
1087 4817 1331 4872 munifica
1367 4835 1741 4888 prosperorum
1765 4824 2019 4879 secundet

451 4915 646 4972 optata.
689 4905 922 4975 Longum
972 4907 1040 4962 de
1080 4908 1162 4965 his
1210 4909 1352 4979 loqui
1391 4913 1565 4968 cautio
1601 4923 1708 4973 cst.
1757 4930 1822 4972 ue
1861 4915 2013 4972 blan-

450 4993 590 5047 ditia!
651 4995 916 5066 longiores
982 5008 1326 5067 corrumpant
1393 5001 1504 5053 veri
1561 5001 1894 5071 dignitatem.
1959 5005 2015 5061 Si

449 5090 570 5156 quid
599 5088 665 5141 de
695 5105 779 5144 me
809 5091 945 5144 scito
981 5105 1116 5161 opus
1145 5091 1332 5154 luerit,
1361 5092 1528 5147 frater
1553 5111 1702 5151 meus
1727 5097 1978 5152 Claudius
1998 5141 2014 5166 ,

448 5189 499 5231 et
534 5180 696 5234 cultui
743 5191 833 5236 tuo
875 5180 1118 5247 deditus,
1159 5195 1212 5239 et
1258 5187 1416 5239 studii
1459 5188 1562 5242 mei
1607 5204 1801 5258 gnarus
1845 5205 2009 5260 espe-

448 5271 575 5326 diet.
607 5271 758 5326 Vale.

1012 5343 1224 5400 EPIST.
1266 5345 1456 5400 XXIX.

939 5448 1241 5489 ειίικλειιιῑς
1281 5454 1520 5492 Αυδοκιο.

518 5545 653 5601 Nihil
687 5563 749 5599 tn.
775 5562 864 5600 ror
905 5559 1161 5610 czrteros,
1194 5549 1383 5618 vulgus
1427 5551 1684 5618 igttob'le,
1720 5552 1807 5620 qui
1849 5551 2017 5619 philor

449 5639 683 5694 suthiam
735 5643 871 5694 fastu
915 5651 969 5694 et
1009 5643 1189 5694 Itultiltt
1221 5644 1565 5696 mentiuntur.
1603 5643 1804 5698 Paucos
1851 5646 1928 5716 (et
1963 5647 2014 5698 in

453 5733 530 5779 his
571 5731 832 5799 pr.i~cipue
877 5731 1192 5784 familiarem
1240 5749 1413 5786 nicum
1461 5733 1796 5801 Baraehum)
1839 5744 2014 5788 nostra

453 5831 575 5876 tetas
607 5824 678 5876 tul
703 5830 741 5888 t,
775 5838 1000 5893 quorum
1030 5839 1278 5893 germana
1312 5825 1572 5894 sapientia
1603 5826 1668 5881 ad
1699 5835 2013 5882 vetustatem

1663 365 2140 426 EPISTOLARUM
2181 365 2375 421 LIBER
2419 367 2458 422 l.

2051 479 2102 538 Α
2129 491 2386 547 vergeret.
2418 477 2585 537 Tunc.
2619 477 2856 543 inquies,
2881 475 3079 532 auleas
3102 475 3168 529 de
3192 472 3522 545 pliiIosapIti~
3547 472 3692 540 judi-

2053 3219 2102 3285 C

2049 4593 2098 4651 D

3596 362 3696 415 I58

2127 571 2281 623 care?
2311 568 2461 622 Lit-ct
2485 569 2685 622 alienas
2712 578 2956 635 Spectare
2985 568 3227 621 virtutes.
3259 568 3387 620 Nam
3414 575 3466 620 et
3498 564 3694 618 Phidiae

2126 659 2428 730 Olympium
2457 660 2671 722 Jovem,
2716 670 2769 714 et
2800 661 3016 714 Mironis
3050 659 3325 723 buculam,
3359 668 3413 713 et
3442 659 3691 726 Polycleti

2125 751 2497 820 Canephoras,
2529 753 2678 805 rudis
2721 753 2836 820 ejus
2876 755 3005 805 artis
3035 753 3308 804 hominum
3340 766 3461 819 pars
3505 767 3691 820 magna

2126 843 2314 897 mirata
2361 853 2462 898 est.
2524 842 2850 913 lutelligendi
2896 853 3081 897 natura
3129 843 3481 910 indulgentius
3527 853 3690 909 patet.

2124 935 2332 1006 Alioqui
2365 937 2614 1007 praeclara
2647 953 2823 990 rerum
2857 939 3036 1006 paucis
3078 938 3449 1003 probarentur,
3493 939 3534 989 si
3569 937 3692 987 honi

2123 1031 2379 1102 cujusque
2434 1043 2657 1094 sensus,
2710 1030 2872 1082 etiam
2921 1031 2984 1081 ad
3035 1030 3264 1096 impares
3314 1042 3418 1082 non
3467 1027 3690 1080 veniret.

2123 1123 2368 1178 Concede
2412 1123 2569 1186 igitur
2599 1121 2726 1175 mihi
2774 1121 2841 1174 de
2887 1120 3122 1174 Bararho
3164 1123 3313 1175 testis
3349 1120 3612 1182 officium,
3639 1128 3693 1173 et

2124 1214 2408 1269 amicitiam
2441 1215 2534 1268 viri
2571 1212 2845 1282 prudentis
2873 1214 3228 1280 amplectere:
3261 1213 3413 1280 cujus
3440 1213 3692 1278 explora-

2125 1309 2198 1360 tio
2225 1305 2368 1361 brevi
2395 1308 2459 1357 lat
2479 1307 2577 1366 iet,
2613 1320 2664 1358 ιιι
2689 1306 2816 1359 tnihi
2847 1305 2912 1360 de
2935 1305 3202 1364 omnibus.
3231 1320 3348 1374 qua:
3379 1304 3511 1367 scio,
3543 1319 3693 1372 atque

2123 1398 2275 1452 laci'e
2303 1397 2517 1459 credas;
2549 1412 2668 1450 cum
2712 1396 2924 1460 rideas,
2960 1412 3060 1451 nec
3091 1399 3141 1449 in
3185 1398 3267 1452 his
3311 1398 3498 1450 lalsum
3538 1411 3690 1459 esse,

2120 1505 2238 1560 qum
2273 1489 2473 1544 nescio.
2508 1489 2657 1544 Vale.

2694 1557 2908 1614 EI‘IST.
2946 1557 3114 1613 XVX.

2614 1667 2748 1706 5Y3“!
2760 1669 2920 1708 ACIIUS
2959 1669 3197 1708 AUSI'NIO.

2196 1767 2273 1822 En
2306 1769 2398 1822 tibi
2432 1770 2686 1824 rusticum
2726 1771 2810 1822 vix
2844 1770 3060 1823 urbanis
3091 1770 3316 1835 negotiis
3344 1770 3451 1823 ειυς
3477 1769 3641 1823 lutum
3675 1785 3690 1824 τ

2049 1849 2098 1914 Β
2125 1860 2208 1915 cui
2239 1861 2362 1916 volo
2392 1877 2485 1929 pro
2516 1871 2695 1916 nostra
2721 1862 2952 1916 amicitia
2984 1877 3251 1915 morarum
3278 1863 3485 1929 culpam
3515 1863 3692 1913 remit-

2128 1962 2227 2007 tas.
2261 1952 2440 2023 Neque
2468 1954 2609 2008 enim
2643 1952 2836 2005 laboris
2868 1953 2987 2021 fuga
3018 1951 3233 2006 indulsit
3259 1951 3442 2019 quieti.
3474 1949 3692 2004 Difﬁcile

2124 2055 2204 2100 est
2249 2044 2372 2098 hinc
2417 2044 2594 2109 abTre,
2635 2060 2756 2097 tutu
2789 2045 3043 2098 venenis:
3085 2043 3219 2096 adeo
3263 2046 3307 2095 si
3348 2041 3612 2101 contuiml
3653 2059 3692 2092 rt

2127 2135 2454 2203 majestalem
2488 2134 2632 2187 urbis
2675 2143 2870 2188 ηοςιτςν
2901 2134 3053 2196 velis,
3082 2133 3222 2199 justo
3251 2133 3404 2185 citius
3437 2131 3694 2184 videbitur

2127 2228 2433 2282 revertisse.
2465 2224 2570 2280 Sed
2597 2226 2663 2278 de
2694 2226 2795 2280 hoc
2823 2239 2925 2278 non
2958 2224 3159 2284 laboro.
3188 2222 3402 2292 quando
3431 2226 3499 2275 ita
3531 2237 3591 2275 es
3619 2224 3698 2273 in-

2128 2318 2283 2386 geniu
2331 2318 2575 2386 placaliili
2610 2317 2747 2370 inter
2779 2317 2975 2383 reliqua
3010 2317 3292 2376 virtutum.
3329 2327 3384 2369 ut
3416 2317 3538 2369 boui
3570 2329 3696 2367 con-

2127 2412 2271 2466 sulas
2299 2421 2477 2465 errata
2508 2410 2723 2463 leviora.
2759 2409 2888 2462 Illud
2919 2424 3075 2461 orare
3107 2410 3398 2474 impensius
3427 2407 3695 2466 ρουνοιηξι,

2129 2512 2270 2557 tanta
2303 2512 2361 2555 ut
2399 2504 2576 2556 animo
2621 2510 2712 2555 tuo
2758 2500 3023 2555 scribendi
3065 2515 3190 2555 cura
3239 2501 3339 2561 sit,
3383 2505 3582 2564 quanto
3615 2510 3696 2548 me

2130 2610 2314 2649 amore
2342 2595 2595 2662 dignaris.
2633 2591 2782 2647 Vale.

2688 2684 2900 2739 EPIST.
2945 2682 3136 2737 XXXI.

2624 2791 2932 2829 autumnis
2966 2788 3207 2828 Διἐοκιο.

2197 2892 2396 2948 Merum
2433 2892 2680 2959 gaudium
2721 2890 2850 2944 mihi
2882 2889 3195 2942 eruditionis
3237 2896 3339 2940 iure
3377 2887 3570 2956 scripta
3605 2886 3700 2940 tri-

2129 2984 2352 3039 buerunt
2373 3025 2386 3044 .
2424 2999 2542 3046 qua:
2572 2983 2762 3050 Capua:
2802 2981 3005 3036 locatus
3029 2980 3230 3050 accepi.
3268 2979 3393 3033 Erat
3422 2983 3619 3050 quippe
3651 2981 3700 3031 in

2131 3075 2212 3129 his
2241 3075 2407 3129 oblita
2438 3074 2685 3128 Tulliano
2715 3073 2874 3128 melle
2905 3073 3192 3136 festivitas,
3226 3083 3276 3125 et
3307 3074 3569 3127 sevmonis
3598 3074 3700 3125 mi-i

2131 3182 2235 3220 non
2269 3177 2373 3219 tam
2399 3181 2520 3220 vera
2547 3181 2703 3232 quant
2738 3164 2927 3218 blanda
2965 3165 3215 3218 laudatio.
3239 3165 3374 3231 Quid
3406 3164 3564 3230 igitur
3588 3181 3699 3217 ma-

2129 3261 2207 3327 gis
2248 3260 2429 3322 mirer,
2464 3259 2737 3312 sententia:
2779 3259 3010 3312 incertus
3048 3258 3332 3323 addubito,
3382 3271 3696 3312 ornamenta

2128 3349 2239 3404 oris
2262 3364 2330 3404 an
2359 3350 2585 3417 pectoris
2607 3351 2704 3402 tui.
2735 3349 2938 3418 Quippe
2969 3349 3037 3401 ita
3072 3348 3312 3402 facundia
3345 3350 3566 3404 antistas
3596 3367 3696 3404 cus-

2129 3440 2288 3503 tcris.
2335 3450 2388 3493 ut
2421 3439 2491 3493 sit
2523 3439 2749 3491 formido
2778 3440 3070 3493 rescribere
3106 3458 3116 3489 :
3153 3441 3221 3491 ita
3262 3439 3488 3507 benigne
3517 3451 3698 3493 nostra

2127 3532 2464 3599 comprobas,
2497 3541 2551 3583 ut
2577 3531 2738 3584 libeat
2759 3547 2861 3585 non
2894 3539 3090 3584 tacere.
3119 3530 3173 3584 Si
3209 3533 3354 3599 plura
3385 3531 3452 3587 de
3482 3543 3532 3586 te
3564 3551 3696 3598 ιιι-,εις

2127 3625 2320 3686 dicem,
2351 3623 2572 3677 videbor
2599 3630 2838 3676 mutuum
2876 3622 3097 3676 scabere
3117 3667 3131 3685 ,
3176 3632 3230 3678 et
3258 3625 3426 3695 magis
3468 3625 3700 3677 imitatur

2129 3716 2203 3770 tui
2243 3716 2494 3782 alloquii.
2525 3730 2684 3783 quam
2715 3715 2988 3784 probator.
3034 3715 3202 3770 Simul
3235 3719 3372 3786 quod
3414 3718 3528 3784 ipse
3567 3719 3696 3769 nihl

2126 3807 2427 3862 ostentandi
2461 3808 2626 3878 gratia
2670 3807 2830 3872 facis,
2859 3806 3150 3862 verendum
3180 3817 3281 3872 est,
3307 3807 3532 3871 genuina
3567 3809 3615 3861 iu
3651 3820 3702 3860 te

2127 3899 2265 3954 bona
2295 3908 2544 3968 tanquam
2575 3897 2820 3954 auectata
2853 3898 3086 3952 laudare.
3125 3898 3296 3954 Unum
3337 3899 3438 3952 hoc
3467 3908 3640 3952 tamen
3670 3917 3698 3952 a

2127 3992 2281 4044 nohis
2327 3990 2617 4044 indubitata
2660 3991 2885 4045 veritate
2932 4005 3226 4056 cognosce,
3273 3991 3540 4044 neminem
3580 4006 3698 4045 esse

2125 4082 2461 4143 mortalium.
2491 4095 2649 4149 quem
2697 4095 2804 4148 prae
2836 4090 2887 4134 te
2918 4081 3132 4149 diligam
3167 4099 3180 4132 :
3214 4080 3289 4133 sic
3332 4080 3580 4154 vadatum
3613 4099 3699 4133 me

2126 4173 2422 4225 honorabili
2447 4187 2627 4224 amore
2659 4171 2895 4225 tenuisti.
2923 4171 3028 4225 Sed
3052 4172 3103 4224 in
3125 4187 3191 4226 eo
3213 4171 3342 4226 mihi
3367 4172 3698 4225 verecundus

2125 4264 2290 4318 nimio
2336 4267 2452 4333 p'us
2482 4265 2706 4326 videris.
2744 4263 2883 4332 quod
2926 4263 3086 4317 libelli
3135 4262 3211 4316 tui
3251 4264 3430 4330 arguis
3463 4266 3695 4329 prodito.

2124 4374 2254 4412 rem.
2288 4359 2415 4411 Nam
2458 4356 2665 4412 facilius
2717 4367 2799 4412 est
2843 4357 3090 4411 ardentes
3121 4355 3324 4411 favillas
3347 4371 3444 4409 ore
3468 4359 3697 4421 compri.

2125 4467 2299 4512 mare,
2327 4465 2485 4519 quam
2521 4450 2777 4505 luculenti
2803 4452 2983 4516 operis
3007 4464 3221 4504 servare
3247 4458 3530 4504 secretum.
3562 4446 3695 4500 Cum

2125 4545 2294 4600 semel
2323 4558 2350 4596 a
2379 4553 2428 4595 te
2455 4556 2670 4598 carmen
2700 4543 2997 4611 profectum
3026 4552 3130 4602 est.
3158 4542 3244 4610 jus
3271 4556 3429 4596 omne
3453 4541 3692 4608 posuisti.

2125 4639 2306 4692 oratio
2333 4638 2589 4704 publicata
2607 4679 2624 4701 .
2652 4653 2738 4692 res
2763 4639 2927 4693 Iihcra
2949 4647 3049 4692 est.
3076 4639 3155 4691 An
3181 4639 3383 4694 vereris
3403 4638 3575 4691 remuli
3607 4653 3694 4689 vc-

2125 4745 2258 4784 ucna
2292 4729 2506 4783 lectoris
2530 4771 2545 4793 ,
2593 4745 2659 4784 ne
2702 4728 2912 4782 libellus
2943 4739 3066 4784 tuus
3092 4729 3344 4783 admorsu
3373 4730 3490 4782 duri
3523 4728 3695 4784 dentis

2125 4819 2344 4874 uratur?
2371 4819 2488 4872 Tibi
2517 4819 2604 4872 uni
2633 4818 2760 4872 nihil
2791 4818 2855 4873 ad
2890 4819 2989 4873 hoc
3020 4819 3256 4872 locorum
3287 4820 3455 4888 gratia
3492 4822 3693 4888 prmsti~

2125 4910 2217 4974 tit,
2251 4919 2340 4963 aut
2367 4909 2596 4978 dempsit
2623 4909 2842 4964 invidia.
2889 4909 3112 4978 [ngratis
3155 4924 3329 4964 ξοπιό
3355 4911 3543 4976 cuique
3571 4926 3692 4976 pro-

2123 5005 2298 5073 boque
2331 5002 2611 5056 laudabilis
2637 5017 2717 5057 es.
2760 5003 2994 5058 Proinde
3027 5015 3208 5056 cassa:
3247 5001 3440 5057 dehinc
3486 5003 3696 5058 seclude

2120 5093 2462 5154 formidines.
2493 5102 2546 5146 et
2567 5093 2778 5162 indulge
2800 5093 2962 5162 stylo,
2995 5101 3053 5146 ut
3079 5106 3221 5161 smpe
3245 5092 3508 5158 prodat-is.
3534 5093 3691 5148 Certe

2117 5186 2328 5253 aliquod
2354 5185 2730 5239 didascalicum
2762 5202 2855 5239 seu
2902 5187 3283 5254 protrepticum
3327 5195 3513 5238 nostro
3558 5204 3694 5248 «μιαι-

2119 5294 2222 5346 que
2253 5279 2449 5330 numini
2482 5292 2697 5330 carmen
2727 5278 2990 5341 adjndtca.
3028 5275 3130 5330 Fac
3161 5278 3454 5343 periculum
3493 5277 3692 5335 silentii

2120 5371 2252 5436 mei,
2284 5370 2423 5438 quod
2469 5371 2569 5422 etsi
2605 5369 2697 5422 tihi
2744 5370 2998 5424 exhibere
3027 5379 3180 5436 Opto,
3216 5380 3388 5420 tamen
3429 5370 3688 5434 spondere

2121 5477 2224 5515 non
2249 5461 2439 5515 audeo.
2470 5461 2598 5514 Novi
2631 5476 2728 5527 ego
2771 5477 2888 5530 qua:
2927 5463 2992 5513 sit
3025 5462 3241 5528 prurigo
3269 5459 3540 5513 emittendi
3567 5473 3687 5524 ope-

2121 5553 2225 5616 ris,
2259 5552 2398 5619 quod
2451 5554 2712 5620 probaris.
2749 5551 2875 5604 Nini
2907 5551 3134 5618 quodam
3181 5559 3332 5618 tacto
3379 5553 3685 5603 socii-Luem

2120 5644 2290 5698 laudis
2317 5645 2549 5702 alIectat.
2571 5646 2660 5711 qui
2687 5644 2858 5697 aliena
2883 5644 3022 5697 bene
3045 5645 3182 5696 dicta
3209 5645 3406 5708 primus
3429 5641 3686 5694 ettuuuat.

2124 5738 2193 5791 [In
2229 5749 2442 5806 [inniti
2476 5738 2526 5790 iu
2556 5738 2829 5789 immndus
2876 5746 3194 5790 sun‘matetn
3225 5733 3436 5801 quidem
3467 5733 3684 5800 gloriam

2121 5833 2410 5897 scriptorcs
2440 5829 2712 5883 tulerunt:
2751 5827 2943 5882 Roscio
2988 5842 3163 5882 tamen
3207 5831 3365 5892 atque
3411 5817 3673 5880 numiui“,
