  <div class='ocr_page' id='page_1' title='image "/cluster/home/n/w/nwhite01/storage/ocr_20150623/18/umn.319510024773129/091.png"; bbox 0 0 4218 6454; ppageno 0'>
   <div class='ocr_carea' id='block_1_1' title="bbox 505 367 607 422">
    <p class='ocr_par' dir='ltr' id='par_1_1' title="bbox 505 367 607 422">
     <span class='ocr_line' id='line_1_1' title="bbox 505 367 607 422; baseline 0.02 -2"><span class='ocrx_word' id='word_1_1' title='bbox 505 367 607 422; x_wconf 74' lang='grc'><strong><em>159</em></strong></span> 
     </span>
    </p>
   </div>
   <div class='ocr_carea' id='block_1_2' title="bbox 1746 355 2518 426">
    <p class='ocr_par' dir='ltr' id='par_1_2' title="bbox 1746 355 2518 426">
     <span class='ocr_line' id='line_1_2' title="bbox 1746 355 2518 426; baseline -0.004 -13"><span class='ocrx_word' id='word_1_2' title='bbox 1746 361 1806 426; x_wconf 74' lang='grc' dir='ltr'><strong><em>υ.</em></strong></span> <span class='ocrx_word' id='word_1_3' title='bbox 1852 355 2127 414; x_wconf 72' lang='grc' dir='ltr'><strong><em>Αυηειιι</em></strong></span> <span class='ocrx_word' id='word_1_4' title='bbox 2166 355 2518 414; x_wconf 67' lang='grc' dir='ltr'><strong><em>ΒἨΙΜᾹΩΗΙ</em></strong></span> 
     </span>
    </p>
   </div>
   <div class='ocr_carea' id='block_1_3' title="bbox 3665 345 3770 401">
    <p class='ocr_par' dir='ltr' id='par_1_3' title="bbox 3665 345 3770 401">
     <span class='ocr_line' id='line_1_3' title="bbox 3665 345 3770 401; baseline -0.01 -1"><span class='ocrx_word' id='word_1_5' title='bbox 3665 345 3770 401; x_wconf 69' lang='lat' dir='ltr'><strong><em>MO</em></strong></span> 
     </span>
    </p>
   </div>
   <div class='ocr_carea' id='block_1_4' title="bbox 501 461 3770 553">
    <p class='ocr_par' dir='ltr' id='par_1_4' title="bbox 501 461 3770 553">
     <span class='ocr_line' id='line_1_4' title="bbox 501 461 3770 553; baseline -0.005 -21"><span class='ocrx_word' id='word_1_6' title='bbox 501 480 814 549; x_wconf 65' lang='lat' dir='ltr'><strong><em>«ueterisque</em></strong></span> <span class='ocrx_word' id='word_1_7' title='bbox 852 477 1123 533; x_wconf 80' lang='lat' dir='ltr'><strong><em>actoribus</em></strong></span> <span class='ocrx_word' id='word_1_8' title='bbox 1152 476 1290 532; x_wconf 77' lang='lat' dir='ltr'><strong><em>fama</em></strong></span> <span class='ocrx_word' id='word_1_9' title='bbox 1331 491 1436 530; x_wconf 89' lang='lat' dir='ltr'><strong><em>non</em></strong></span> <span class='ocrx_word' id='word_1_10' title='bbox 1464 475 1652 530; x_wconf 84' lang='lat' dir='ltr'><strong><em>deluit.</em></strong></span> <span class='ocrx_word' id='word_1_11' title='bbox 1689 475 1828 543; x_wconf 73' lang='lat' dir='ltr'><strong><em>Ergo</em></strong></span> <span class='ocrx_word' id='word_1_12' title='bbox 1858 474 1951 528; x_wconf 79' lang='lat' dir='ltr'><strong><em>tali</em></strong></span> <span class='ocrx_word' id='word_1_13' title='bbox 1981 487 2074 526; x_wconf 84' lang='lat' dir='ltr'><strong><em>ne-</em></strong></span> <span class='ocrx_word' id='word_1_14' title='bbox 2101 472 2150 532; x_wconf 71' lang='grc' dir='ltr'><strong>Α</strong></span> <span class='ocrx_word' id='word_1_15' title='bbox 2179 487 2391 533; x_wconf 84' lang='lat' dir='ltr'><strong><em>moneo.</em></strong></span> <span class='ocrx_word' id='word_1_16' title='bbox 2426 481 2482 523; x_wconf 88' lang='lat' dir='ltr'><strong><em>ut</em></strong></span> <span class='ocrx_word' id='word_1_17' title='bbox 2507 486 2623 523; x_wconf 85' lang='lat' dir='ltr'><strong><em>cum</em></strong></span> <span class='ocrx_word' id='word_1_18' title='bbox 2659 485 2868 553; x_wconf 84' lang='lat' dir='ltr'><strong><em>causam</em></strong></span> <span class='ocrx_word' id='word_1_19' title='bbox 2892 470 3002 538; x_wconf 85' lang='lat' dir='ltr'><strong><em>ejus</em></strong></span> <span class='ocrx_word' id='word_1_20' title='bbox 3038 468 3282 519; x_wconf 81' lang='lat' dir='ltr'><strong><em>adt-emus</em></strong></span> <span class='ocrx_word' id='word_1_21' title='bbox 3306 461 3599 535; x_wconf 84' lang='lat' dir='ltr'><strong><em>agnorcris,</em></strong></span> <span class='ocrx_word' id='word_1_22' title='bbox 3621 465 3770 531; x_wconf 84' lang='lat' dir='ltr'><strong><em>juvcs</em></strong></span> 
     </span>
    </p>
   </div>
   <div class='ocr_carea' id='block_1_5' title="bbox 501 567 2082 640">
    <p class='ocr_par' dir='ltr' id='par_1_5' title="bbox 501 567 2082 640">
     <span class='ocr_line' id='line_1_5' title="bbox 501 567 2082 640; baseline -0.006 -12"><span class='ocrx_word' id='word_1_23' title='bbox 501 579 646 640; x_wconf 68' lang='lat' dir='ltr'><strong><em>getio</em></strong></span> <span class='ocrx_word' id='word_1_24' title='bbox 688 573 934 640; x_wconf 74' lang='lat' dir='ltr'><strong><em>expende</em></strong></span> <span class='ocrx_word' id='word_1_25' title='bbox 981 573 1149 626; x_wconf 90' lang='lat' dir='ltr'><strong><em>otium</em></strong></span> <span class='ocrx_word' id='word_1_26' title='bbox 1199 579 1378 636; x_wconf 87' lang='lat' dir='ltr'><strong><em>tuum,</em></strong></span> <span class='ocrx_word' id='word_1_27' title='bbox 1429 580 1484 625; x_wconf 89' lang='lat' dir='ltr'><strong><em>et</em></strong></span> <span class='ocrx_word' id='word_1_28' title='bbox 1523 569 1675 624; x_wconf 77' lang='lat' dir='ltr'><strong><em>noris</em></strong></span> <span class='ocrx_word' id='word_1_29' title='bbox 1721 567 2082 623; x_wconf 80' lang='lat' dir='ltr'><strong><em>voluminibus</em></strong></span> 
     </span>
    </p>
   </div>
   <div class='ocr_carea' id='block_1_6' title="bbox 505 662 2084 737">
    <p class='ocr_par' dir='ltr' id='par_1_6' title="bbox 505 662 2084 737">
     <span class='ocr_line' id='line_1_6' title="bbox 505 662 2084 737; baseline -0.003 -16"><span class='ocrx_word' id='word_1_30' title='bbox 505 667 702 737; x_wconf 75' lang='lat' dir='ltr'><strong><em>ieiunia</em></strong></span> <span class='ocrx_word' id='word_1_31' title='bbox 751 678 931 720; x_wconf 66' lang='lat' dir='ltr'><strong><em>nostra</em></strong></span> <span class='ocrx_word' id='word_1_32' title='bbox 987 675 1243 720; x_wconf 65' lang='lat' dir='ltr'><strong><em>sumenta.</em></strong></span> <span class='ocrx_word' id='word_1_33' title='bbox 1300 663 1453 730; x_wconf 82' lang='lat' dir='ltr'><strong><em>Quod</em></strong></span> <span class='ocrx_word' id='word_1_34' title='bbox 1519 665 1562 719; x_wconf 89' lang='lat' dir='ltr'><strong>si</strong></span> <span class='ocrx_word' id='word_1_35' title='bbox 1605 664 1879 731; x_wconf 71' lang='lat' dir='ltr'><strong><em>jactatltite</em></strong></span> <span class='ocrx_word' id='word_1_36' title='bbox 1927 662 2084 730; x_wconf 77' lang='lat' dir='ltr'><strong><em>fugax</em></strong></span> 
     </span>
    </p>
   </div>
   <div class='ocr_carea' id='block_1_7' title="bbox 507 755 2088 826">
    <p class='ocr_par' dir='ltr' id='par_1_7' title="bbox 507 755 2088 826">
     <span class='ocr_line' id='line_1_7' title="bbox 507 755 2088 826; baseline -0.003 -15"><span class='ocrx_word' id='word_1_37' title='bbox 507 758 777 826; x_wconf 76' lang='lat' dir='ltr'><strong><em>garrulum</em></strong></span> <span class='ocrx_word' id='word_1_38' title='bbox 821 757 1048 812; x_wconf 85' lang='lat' dir='ltr'><strong><em>indicem</em></strong></span> <span class='ocrx_word' id='word_1_39' title='bbox 1098 755 1460 826; x_wconf 76' lang='lat' dir='ltr'><strong><em>pertitnescis,</em></strong></span> <span class='ocrx_word' id='word_1_40' title='bbox 1502 766 1690 824; x_wconf 65' lang='lat' dir='ltr'><strong><em>priests</em></strong></span> <span class='ocrx_word' id='word_1_41' title='bbox 1735 756 1894 809; x_wconf 74' lang='lat' dir='ltr'><strong><em>etiam</em></strong></span> <span class='ocrx_word' id='word_1_42' title='bbox 1926 755 2088 808; x_wconf 79' lang='lat' dir='ltr'><strong><em>silen-</em></strong></span> 
     </span>
    </p>
   </div>
   <div class='ocr_carea' id='block_1_8' title="bbox 512 847 2090 919">
    <p class='ocr_par' dir='ltr' id='par_1_8' title="bbox 512 847 2090 919">
     <span class='ocr_line' id='line_1_8' title="bbox 512 847 2090 919; baseline -0.003 -14"><span class='ocrx_word' id='word_1_43' title='bbox 512 853 640 906; x_wconf 90' lang='lat' dir='ltr'><strong><em>tium</em></strong></span> <span class='ocrx_word' id='word_1_44' title='bbox 667 851 817 916; x_wconf 85' lang='lat' dir='ltr'><strong><em>mihi,</em></strong></span> <span class='ocrx_word' id='word_1_45' title='bbox 850 858 910 904; x_wconf 88' lang='lat' dir='ltr'><strong><em>ut</em></strong></span> <span class='ocrx_word' id='word_1_46' title='bbox 931 861 1046 906; x_wconf 89' lang='lat' dir='ltr'><strong><em>tuto</em></strong></span> <span class='ocrx_word' id='word_1_47' title='bbox 1067 851 1315 906; x_wconf 75' lang='lat' dir='ltr'><strong><em>simulem</em></strong></span> <span class='ocrx_word' id='word_1_48' title='bbox 1341 864 1462 905; x_wconf 85' lang='lat' dir='ltr'><strong><em>esse</em></strong></span> <span class='ocrx_word' id='word_1_49' title='bbox 1482 859 1687 915; x_wconf 81' lang='lat' dir='ltr'><strong><em>nostra,</em></strong></span> <span class='ocrx_word' id='word_1_50' title='bbox 1714 864 1833 919; x_wconf 80' lang='lat' dir='ltr'><strong><em>qua:</em></strong></span> <span class='ocrx_word' id='word_1_51' title='bbox 1857 847 2090 918; x_wconf 77' lang='lat' dir='ltr'><strong><em>scripse-</em></strong></span> 
     </span>
    </p>
   </div>
   <div class='ocr_carea' id='block_1_9' title="bbox 511 945 791 1001">
    <p class='ocr_par' dir='ltr' id='par_1_9' title="bbox 511 945 791 1001">
     <span class='ocr_line' id='line_1_9' title="bbox 511 945 791 1001; baseline 0.007 -2"><span class='ocrx_word' id='word_1_52' title='bbox 511 948 605 1001; x_wconf 85' lang='lat' dir='ltr'><strong><em>ris.</em></strong></span> <span class='ocrx_word' id='word_1_53' title='bbox 637 945 791 1000; x_wconf 78' lang='lat' dir='ltr'><strong><em>Vale.</em></strong></span> 
     </span>
    </p>
   </div>
   <div class='ocr_carea' id='block_1_10' title="bbox 1074 1011 1541 1071">
    <p class='ocr_par' dir='ltr' id='par_1_10' title="bbox 1074 1011 1541 1071">
     <span class='ocr_line' id='line_1_10' title="bbox 1074 1011 1541 1071; baseline -0.002 -3"><span class='ocrx_word' id='word_1_54' title='bbox 1074 1013 1286 1071; x_wconf 82' lang='lat' dir='ltr'><strong><em>EPIST.</em></strong></span> <span class='ocrx_word' id='word_1_55' title='bbox 1327 1011 1541 1070; x_wconf 73' lang='lat' dir='ltr'><strong><em>XXXII.</em></strong></span> 
     </span>
    </p>
   </div>
   <div class='ocr_carea' id='block_1_11' title="bbox 1003 1119 1595 1162">
    <p class='ocr_par' dir='ltr' id='par_1_11' title="bbox 1003 1119 1595 1162">
     <span class='ocr_line' id='line_1_11' title="bbox 1003 1119 1595 1162; baseline -0.005 -1"><span class='ocrx_word' id='word_1_56' title='bbox 1003 1119 1260 1162; x_wconf 66' lang='lat' dir='ltr'><strong><em>AUSONIUS</em></strong></span> <span class='ocrx_word' id='word_1_57' title='bbox 1295 1120 1595 1160; x_wconf 70' lang='lat' dir='ltr'><strong><em>sruuscuo.</em></strong></span> 
     </span>
    </p>
   </div>
   <div class='ocr_carea' id='block_1_12' title="bbox 589 1215 2093 1286">
    <p class='ocr_par' dir='ltr' id='par_1_12' title="bbox 589 1215 2093 1286">
     <span class='ocr_line' id='line_1_12' title="bbox 589 1215 2093 1286; baseline -0.005 -14"><span class='ocrx_word' id='word_1_58' title='bbox 589 1218 745 1273; x_wconf 80' lang='lat' dir='ltr'><strong><em>Modo</em></strong></span> <span class='ocrx_word' id='word_1_59' title='bbox 781 1219 1040 1286; x_wconf 61' lang='lat' dir='ltr'><strong><em>intelligo,</em></strong></span> <span class='ocrx_word' id='word_1_60' title='bbox 1085 1233 1239 1285; x_wconf 87' lang='lat' dir='ltr'><strong><em>quam</em></strong></span> <span class='ocrx_word' id='word_1_61' title='bbox 1277 1218 1456 1268; x_wconf 87' lang='lat' dir='ltr'><strong><em>mellea</em></strong></span> <span class='ocrx_word' id='word_1_62' title='bbox 1493 1231 1575 1269; x_wconf 87' lang='lat' dir='ltr'><strong><em>res</em></strong></span> <span class='ocrx_word' id='word_1_63' title='bbox 1602 1215 1670 1269; x_wconf 88' lang='lat' dir='ltr'><strong><em>sit</em></strong></span> <span class='ocrx_word' id='word_1_64' title='bbox 1709 1215 1908 1278; x_wconf 90' lang='lat' dir='ltr'><strong><em>oratio,</em></strong></span> <span class='ocrx_word' id='word_1_65' title='bbox 1937 1229 2093 1282; x_wconf 80' lang='lat' dir='ltr'><strong><em>quam</em></strong></span> 
     </span>
    </p>
   </div>
   <div class='ocr_carea' id='block_1_13' title="bbox 515 1305 2095 1378">
    <p class='ocr_par' dir='ltr' id='par_1_13' title="bbox 515 1305 2095 1378">
     <span class='ocr_line' id='line_1_13' title="bbox 515 1305 2095 1378; baseline -0.008 -12"><span class='ocrx_word' id='word_1_66' title='bbox 515 1313 812 1378; x_wconf 80' lang='lat' dir='ltr'><strong><em>delenifica,</em></strong></span> <span class='ocrx_word' id='word_1_67' title='bbox 844 1321 891 1362; x_wconf 89' lang='lat' dir='ltr'><strong><em>et</em></strong></span> <span class='ocrx_word' id='word_1_68' title='bbox 919 1325 1071 1376; x_wconf 79' lang='lat' dir='ltr'><strong><em>quam</em></strong></span> <span class='ocrx_word' id='word_1_69' title='bbox 1107 1308 1271 1361; x_wconf 91' lang='lat' dir='ltr'><strong><em>suada</em></strong></span> <span class='ocrx_word' id='word_1_70' title='bbox 1301 1307 1567 1377; x_wconf 72' lang='lat' dir='ltr'><strong><em>facundia.</em></strong></span> <span class='ocrx_word' id='word_1_71' title='bbox 1599 1305 1906 1361; x_wconf 86' lang='lat' dir='ltr'><strong><em>Persuasisti</em></strong></span> <span class='ocrx_word' id='word_1_72' title='bbox 1937 1305 2095 1370; x_wconf 88' lang='lat' dir='ltr'><strong><em>mihi,</em></strong></span> 
     </span>
    </p>
   </div>
   <div class='ocr_carea' id='block_1_14' title="bbox 517 1398 2094 1476">
    <p class='ocr_par' dir='ltr' id='par_1_14' title="bbox 517 1398 2094 1476">
     <span class='ocr_line' id='line_1_14' title="bbox 517 1398 2094 1476; baseline -0.006 -16"><span class='ocrx_word' id='word_1_73' title='bbox 517 1409 656 1476; x_wconf 83' lang='lat' dir='ltr'><strong><em>quod</em></strong></span> <span class='ocrx_word' id='word_1_74' title='bbox 683 1406 905 1475; x_wconf 65' lang='lat' dir='ltr'><strong><em>epistola:</em></strong></span> <span class='ocrx_word' id='word_1_75' title='bbox 943 1418 1067 1455; x_wconf 79' lang='lat' dir='ltr'><strong><em>mea:</em></strong></span> <span class='ocrx_word' id='word_1_76' title='bbox 1093 1403 1231 1470; x_wconf 86' lang='lat' dir='ltr'><strong><em>apud</em></strong></span> <span class='ocrx_word' id='word_1_77' title='bbox 1258 1401 1490 1466; x_wconf 82' lang='lat' dir='ltr'><strong><em>Capuam</em></strong></span> <span class='ocrx_word' id='word_1_78' title='bbox 1518 1400 1606 1453; x_wconf 87' lang='lat' dir='ltr'><strong><em>tibi</em></strong></span> <span class='ocrx_word' id='word_1_79' title='bbox 1645 1398 1860 1452; x_wconf 80' lang='lat' dir='ltr'><strong><em>reddth</em></strong></span> <span class='ocrx_word' id='word_1_80' title='bbox 1887 1399 2094 1451; x_wconf 83' lang='lat' dir='ltr'><strong><em>concin-</em></strong></span> 
     </span>
    </p>
   </div>
   <div class='ocr_carea' id='block_1_15' title="bbox 521 1491 2102 1558">
    <p class='ocr_par' dir='ltr' id='par_1_15' title="bbox 521 1491 2102 1558">
     <span class='ocr_line' id='line_1_15' title="bbox 521 1491 2102 1558; baseline -0.006 -8"><span class='ocrx_word' id='word_1_81' title='bbox 521 1502 657 1552; x_wconf 89' lang='lat' dir='ltr'><strong><em>natio</em></strong></span> <span class='ocrx_word' id='word_1_82' title='bbox 683 1496 962 1550; x_wconf 84' lang='lat' dir='ltr'><strong><em>inhumana</em></strong></span> <span class='ocrx_word' id='word_1_83' title='bbox 988 1511 1088 1547; x_wconf 89' lang='lat' dir='ltr'><strong><em>non</em></strong></span> <span class='ocrx_word' id='word_1_84' title='bbox 1120 1503 1266 1547; x_wconf 75' lang='lat' dir='ltr'><strong><em>esset.</em></strong></span> <span class='ocrx_word' id='word_1_85' title='bbox 1299 1492 1404 1547; x_wconf 84' lang='lat' dir='ltr'><strong><em>Sed</em></strong></span> <span class='ocrx_word' id='word_1_86' title='bbox 1430 1491 1526 1544; x_wconf 87' lang='lat' dir='ltr'><strong><em>hoc</em></strong></span> <span class='ocrx_word' id='word_1_87' title='bbox 1555 1508 1655 1544; x_wconf 89' lang='lat' dir='ltr'><strong><em>non</em></strong></span> <span class='ocrx_word' id='word_1_88' title='bbox 1694 1492 1914 1554; x_wconf 84' lang='lat' dir='ltr'><strong><em>diutius,</em></strong></span> <span class='ocrx_word' id='word_1_89' title='bbox 1945 1505 2102 1558; x_wconf 86' lang='lat' dir='ltr'><strong><em>quant</em></strong></span> 
     </span>
    </p>
   </div>
   <div class='ocr_carea' id='block_1_16' title="bbox 519 1584 2100 1662">
    <p class='ocr_par' dir='ltr' id='par_1_16' title="bbox 519 1584 2100 1662">
     <span class='ocr_line' id='line_1_16' title="bbox 519 1584 2100 1662; baseline -0.005 -21"><span class='ocrx_word' id='word_1_90' title='bbox 519 1590 644 1643; x_wconf 85' lang='lat' dir='ltr'><strong><em>dum</em></strong></span> <span class='ocrx_word' id='word_1_91' title='bbox 675 1590 913 1662; x_wconf 76' lang='lat' dir='ltr'><strong><em>paginam</em></strong></span> <span class='ocrx_word' id='word_1_92' title='bbox 941 1598 1080 1641; x_wconf 80' lang='lat' dir='ltr'><strong><em>luant</em></strong></span> <span class='ocrx_word' id='word_1_93' title='bbox 1111 1587 1237 1654; x_wconf 84' lang='lat' dir='ltr'><strong><em>legi,</em></strong></span> <span class='ocrx_word' id='word_1_94' title='bbox 1268 1601 1384 1655; x_wconf 68' lang='lat' dir='ltr'><strong><em>qua</em></strong></span> <span class='ocrx_word' id='word_1_95' title='bbox 1419 1601 1497 1639; x_wconf 86' lang='lat' dir='ltr'><strong><em>me</em></strong></span> <span class='ocrx_word' id='word_1_96' title='bbox 1527 1584 1791 1637; x_wconf 57' lang='lat' dir='ltr'><strong><em>blanditiis</em></strong></span> <span class='ocrx_word' id='word_1_97' title='bbox 1820 1585 2100 1637; x_wconf 73' lang='lat' dir='ltr'><strong><em>inhiantem</em></strong></span> 
     </span>
    </p>
   </div>
   <div class='ocr_carea' id='block_1_17' title="bbox 522 1676 2104 1746">
    <p class='ocr_par' dir='ltr' id='par_1_17' title="bbox 522 1676 2104 1746">
     <span class='ocr_line' id='line_1_17' title="bbox 522 1676 2104 1746; baseline -0.006 -9"><span class='ocrx_word' id='word_1_98' title='bbox 522 1685 657 1745; x_wconf 78' lang='lat' dir='ltr'><strong><em>suis,</em></strong></span> <span class='ocrx_word' id='word_1_99' title='bbox 684 1684 837 1736; x_wconf 71' lang='lat' dir='ltr'><strong><em>veluti</em></strong></span> <span class='ocrx_word' id='word_1_100' title='bbox 877 1697 1024 1734; x_wconf 80' lang='lat' dir='ltr'><strong><em>succo</em></strong></span> <span class='ocrx_word' id='word_1_101' title='bbox 1056 1681 1273 1733; x_wconf 79' lang='lat' dir='ltr'><strong><em>nectaris</em></strong></span> <span class='ocrx_word' id='word_1_102' title='bbox 1301 1679 1527 1732; x_wconf 87' lang='lat' dir='ltr'><strong><em>delibuta</em></strong></span> <span class='ocrx_word' id='word_1_103' title='bbox 1559 1678 1809 1746; x_wconf 88' lang='lat' dir='ltr'><strong><em>perducit.</em></strong></span> <span class='ocrx_word' id='word_1_104' title='bbox 1842 1676 1941 1731; x_wconf 83' lang='lat' dir='ltr'><strong><em>Ubi</em></strong></span> <span class='ocrx_word' id='word_1_105' title='bbox 1970 1682 2104 1729; x_wconf 70' lang='lat' dir='ltr'><strong><em>enim</em></strong></span> 
     </span>
    </p>
   </div>
   <div class='ocr_carea' id='block_1_18' title="bbox 522 1769 2101 1842">
    <p class='ocr_par' dir='ltr' id='par_1_18' title="bbox 522 1769 2101 1842">
     <span class='ocr_line' id='line_1_18' title="bbox 522 1769 2101 1842; baseline -0.006 -15"><span class='ocrx_word' id='word_1_106' title='bbox 522 1775 808 1829; x_wconf 74' lang='lat' dir='ltr'><strong><em>chartulam</em></strong></span> <span class='ocrx_word' id='word_1_107' title='bbox 854 1789 989 1842; x_wconf 86' lang='lat' dir='ltr'><strong><em>pono</em></strong></span> <span class='ocrx_word' id='word_1_108' title='bbox 1025 1784 1072 1825; x_wconf 84' lang='lat' dir='ltr'><strong><em>et</em></strong></span> <span class='ocrx_word' id='word_1_109' title='bbox 1116 1772 1365 1841; x_wconf 85' lang='lat' dir='ltr'><strong><em>meipsum</em></strong></span> <span class='ocrx_word' id='word_1_110' title='bbox 1412 1772 1698 1838; x_wconf 76' lang='lat' dir='ltr'><strong><em>interrogo,</em></strong></span> <span class='ocrx_word' id='word_1_111' title='bbox 1755 1779 1864 1820; x_wconf 86' lang='lat' dir='ltr'><strong><em>tum</em></strong></span> <span class='ocrx_word' id='word_1_112' title='bbox 1908 1769 2101 1836; x_wconf 83' lang='lat' dir='ltr'><strong><em>absyn-</em></strong></span> 
     </span>
    </p>
   </div>
   <div class='ocr_carea' id='block_1_19' title="bbox 2187 557 3238 631">
    <p class='ocr_par' dir='ltr' id='par_1_19' title="bbox 2187 557 3238 631">
     <span class='ocr_line' id='line_1_19' title="bbox 2187 557 3238 631; baseline -0.005 -14"><span class='ocrx_word' id='word_1_113' title='bbox 2187 565 2433 630; x_wconf 77' lang='lat' dir='ltr'><strong><em>studium,</em></strong></span> <span class='ocrx_word' id='word_1_114' title='bbox 2457 562 2593 631; x_wconf 85' lang='lat' dir='ltr'><strong><em>quod</em></strong></span> <span class='ocrx_word' id='word_1_115' title='bbox 2611 577 2675 615; x_wconf 79' lang='lat' dir='ltr'><strong><em>ex</em></strong></span> <span class='ocrx_word' id='word_1_116' title='bbox 2693 571 2841 630; x_wconf 85' lang='lat' dir='ltr'><strong><em>parte</em></strong></span> <span class='ocrx_word' id='word_1_117' title='bbox 2868 559 3058 628; x_wconf 79' lang='lat' dir='ltr'><strong><em>fovisti.</em></strong></span> <span class='ocrx_word' id='word_1_118' title='bbox 3103 557 3238 612; x_wconf 78' lang='lat' dir='ltr'><strong><em>l’ale.</em></strong></span> 
     </span>
    </p>
   </div>
   <div class='ocr_carea' id='block_1_20' title="bbox 2741 689 3224 749">
    <p class='ocr_par' dir='ltr' id='par_1_20' title="bbox 2741 689 3224 749">
     <span class='ocr_line' id='line_1_20' title="bbox 2741 689 3224 749; baseline -0.014 0"><span class='ocrx_word' id='word_1_119' title='bbox 2741 694 2954 749; x_wconf 78' lang='lat' dir='ltr'><strong><em>EPIST.</em></strong></span> <span class='ocrx_word' id='word_1_120' title='bbox 2987 689 3224 747; x_wconf 74' lang='lat' dir='ltr'><strong><em>XXXIII.</em></strong></span> 
     </span>
    </p>
   </div>
   <div class='ocr_carea' id='block_1_21' title="bbox 2685 827 3268 871">
    <p class='ocr_par' dir='ltr' id='par_1_21' title="bbox 2685 827 3268 871">
     <span class='ocr_line' id='line_1_21' title="bbox 2685 827 3268 871; baseline -0.01 0"><span class='ocrx_word' id='word_1_121' title='bbox 2685 829 2998 871; x_wconf 69' lang='lat' dir='ltr'><strong><em>SYIIACHUS</em></strong></span> <span class='ocrx_word' id='word_1_122' title='bbox 3027 827 3268 869; x_wconf 69' lang='grc' dir='ltr'><strong><em>Αυεοῐιιο.</em></strong></span> 
     </span>
    </p>
   </div>
   <div class='ocr_carea' id='block_1_22' title="bbox 2264 928 3777 998">
    <p class='ocr_par' dir='ltr' id='par_1_22' title="bbox 2264 928 3777 998">
     <span class='ocr_line' id='line_1_22' title="bbox 2264 928 3777 998; baseline -0.002 -12"><span class='ocrx_word' id='word_1_123' title='bbox 2264 931 2430 986; x_wconf 79' lang='lat' dir='ltr'><strong>Aiunt</strong></span> <span class='ocrx_word' id='word_1_124' title='bbox 2464 929 2730 997; x_wconf 76' lang='lat' dir='ltr'><strong><em>cochleas,</em></strong></span> <span class='ocrx_word' id='word_1_125' title='bbox 2773 947 2895 985; x_wconf 87' lang='lat' dir='ltr'><strong><em>cum</em></strong></span> <span class='ocrx_word' id='word_1_126' title='bbox 2942 930 3129 984; x_wconf 86' lang='lat' dir='ltr'><strong><em>sitiunt</em></strong></span> <span class='ocrx_word' id='word_1_127' title='bbox 3169 928 3334 993; x_wconf 81' lang='lat' dir='ltr'><strong><em>acris,</em></strong></span> <span class='ocrx_word' id='word_1_128' title='bbox 3367 939 3528 998; x_wconf 86' lang='lat' dir='ltr'><strong><em>atque</em></strong></span> <span class='ocrx_word' id='word_1_129' title='bbox 3569 929 3678 984; x_wconf 83' lang='lat' dir='ltr'><strong><em>illis</em></strong></span> <span class='ocrx_word' id='word_1_130' title='bbox 3708 931 3777 983; x_wconf 83' lang='lat' dir='ltr'><strong><em>tle</em></strong></span> 
     </span>
    </p>
   </div>
   <div class='ocr_carea' id='block_1_23' title="bbox 2195 1023 3778 1093">
    <p class='ocr_par' dir='ltr' id='par_1_23' title="bbox 2195 1023 3778 1093">
     <span class='ocr_line' id='line_1_23' title="bbox 2195 1023 3778 1093; baseline -0.001 -13"><span class='ocrx_word' id='word_1_131' title='bbox 2195 1025 2335 1080; x_wconf 62' lang='grc' dir='ltr'><strong><em>(σξιο</em></strong></span> <span class='ocrx_word' id='word_1_132' title='bbox 2367 1024 2497 1077; x_wconf 81' lang='lat' dir='ltr'><strong><em>nihil</em></strong></span> <span class='ocrx_word' id='word_1_133' title='bbox 2531 1025 2772 1093; x_wconf 80' lang='lat' dir='ltr'><strong><em>liquitur,</em></strong></span> <span class='ocrx_word' id='word_1_134' title='bbox 2820 1038 2984 1079; x_wconf 82' lang='lat' dir='ltr'><strong><em>succo</em></strong></span> <span class='ocrx_word' id='word_1_135' title='bbox 3021 1023 3240 1092; x_wconf 82' lang='lat' dir='ltr'><strong><em>prOprio</em></strong></span> <span class='ocrx_word' id='word_1_136' title='bbox 3273 1023 3529 1080; x_wconf 70' lang='lat' dir='ltr'><strong><em>victitare.</em></strong></span> <span class='ocrx_word' id='word_1_137' title='bbox 3580 1025 3651 1078; x_wconf 79' lang='lat' dir='ltr'><strong><em>Ea</em></strong></span> <span class='ocrx_word' id='word_1_138' title='bbox 3693 1041 3778 1079; x_wconf 83' lang='lat' dir='ltr'><strong><em>res</em></strong></span> 
     </span>
    </p>
   </div>
   <div class='ocr_carea' id='block_1_24' title="bbox 2198 1115 3778 1185">
    <p class='ocr_par' dir='ltr' id='par_1_24' title="bbox 2198 1115 3778 1185">
     <span class='ocr_line' id='line_1_24' title="bbox 2198 1115 3778 1185; baseline -0.002 -14"><span class='ocrx_word' id='word_1_139' title='bbox 2198 1115 2330 1171; x_wconf 74' lang='lat' dir='ltr'><strong><em>milii</em></strong></span> <span class='ocrx_word' id='word_1_140' title='bbox 2362 1132 2459 1170; x_wconf 85' lang='lat' dir='ltr'><strong><em>usu</em></strong></span> <span class='ocrx_word' id='word_1_141' title='bbox 2492 1118 2663 1178; x_wconf 83' lang='lat' dir='ltr'><strong><em>venit,</em></strong></span> <span class='ocrx_word' id='word_1_142' title='bbox 2693 1117 2782 1185; x_wconf 87' lang='lat' dir='ltr'><strong>qui</strong></span> <span class='ocrx_word' id='word_1_143' title='bbox 2813 1115 3059 1170; x_wconf 72' lang='lat' dir='ltr'><strong><em>desertus</em></strong></span> <span class='ocrx_word' id='word_1_144' title='bbox 3093 1116 3291 1185; x_wconf 87' lang='lat' dir='ltr'><strong><em>eloquii</em></strong></span> <span class='ocrx_word' id='word_1_145' title='bbox 3331 1117 3406 1170; x_wconf 91' lang='lat' dir='ltr'><strong><em>ttti</em></strong></span> <span class='ocrx_word' id='word_1_146' title='bbox 3450 1127 3624 1183; x_wconf 87' lang='lat' dir='ltr'><strong><em>pastu,</em></strong></span> <span class='ocrx_word' id='word_1_147' title='bbox 3659 1133 3778 1169; x_wconf 83' lang='lat' dir='ltr'><strong><em>tm-o</em></strong></span> 
     </span>
    </p>
   </div>
   <div class='ocr_carea' id='block_1_25' title="bbox 2197 1207 3777 1276">
    <p class='ocr_par' dir='ltr' id='par_1_25' title="bbox 2197 1207 3777 1276">
     <span class='ocr_line' id='line_1_25' title="bbox 2197 1207 3777 1276; baseline -0.003 -14"><span class='ocrx_word' id='word_1_148' title='bbox 2197 1210 2372 1263; x_wconf 82' lang='lat' dir='ltr'><strong><em>adhuc</em></strong></span> <span class='ocrx_word' id='word_1_149' title='bbox 2401 1224 2520 1264; x_wconf 80' lang='lat' dir='ltr'><strong><em>rere</em></strong></span> <span class='ocrx_word' id='word_1_150' title='bbox 2549 1219 2842 1263; x_wconf 84' lang='lat' dir='ltr'><strong><em>sustentor.</em></strong></span> <span class='ocrx_word' id='word_1_151' title='bbox 2873 1209 2971 1263; x_wconf 70' lang='lat' dir='ltr'><strong><em>ltiu</em></strong></span> <span class='ocrx_word' id='word_1_152' title='bbox 3003 1207 3268 1264; x_wconf 67' lang='lat' dir='ltr'><strong><em>scribe-udi</em></strong></span> <span class='ocrx_word' id='word_1_153' title='bbox 3299 1223 3515 1273; x_wconf 82' lang='lat' dir='ltr'><strong><em>opcratn</em></strong></span> <span class='ocrx_word' id='word_1_154' title='bbox 3555 1209 3777 1276; x_wconf 60' lang='lat' dir='ltr'><strong><em>protuli-</em></strong></span> 
     </span>
    </p>
   </div>
   <div class='ocr_carea' id='block_1_26' title="bbox 2200 1299 3783 1368">
    <p class='ocr_par' dir='ltr' id='par_1_26' title="bbox 2200 1299 3783 1368">
     <span class='ocr_line' id='line_1_26' title="bbox 2200 1299 3783 1368; baseline -0.003 -14"><span class='ocrx_word' id='word_1_155' title='bbox 2200 1301 2292 1364; x_wconf 82' lang='lat' dir='ltr'><strong><em>sti,</em></strong></span> <span class='ocrx_word' id='word_1_156' title='bbox 2328 1309 2382 1353; x_wconf 89' lang='lat' dir='ltr'><strong><em>ct</em></strong></span> <span class='ocrx_word' id='word_1_157' title='bbox 2426 1315 2618 1354; x_wconf 81' lang='lat' dir='ltr'><strong><em>vereor</em></strong></span> <span class='ocrx_word' id='word_1_158' title='bbox 2657 1315 2723 1353; x_wconf 89' lang='lat' dir='ltr'><strong><em>ne</em></strong></span> <span class='ocrx_word' id='word_1_159' title='bbox 2761 1299 2898 1354; x_wconf 74' lang='lat' dir='ltr'><strong><em>forte</em></strong></span> <span class='ocrx_word' id='word_1_160' title='bbox 2940 1300 2994 1353; x_wconf 91' lang='lat' dir='ltr'><strong><em>in</em></strong></span> <span class='ocrx_word' id='word_1_161' title='bbox 3027 1316 3124 1353; x_wconf 86' lang='lat' dir='ltr'><strong><em>nos</em></strong></span> <span class='ocrx_word' id='word_1_162' title='bbox 3154 1301 3386 1368; x_wconf 70' lang='lat' dir='ltr'><strong><em>parentis</em></strong></span> <span class='ocrx_word' id='word_1_163' title='bbox 3417 1301 3627 1353; x_wconf 82' lang='lat' dir='ltr'><strong><em>claudat</em></strong></span> <span class='ocrx_word' id='word_1_164' title='bbox 3653 1299 3728 1352; x_wconf 83' lang='lat' dir='ltr'><strong><em>all‘</em></strong></span> <span class='ocrx_word' id='word_1_165' title='bbox 3757 1329 3783 1339; x_wconf 87' lang='lat'><strong>-</strong></span> 
     </span>
    </p>
   </div>
   <div class='ocr_carea' id='block_1_27' title="bbox 2201 1392 3782 1463">
    <p class='ocr_par' dir='ltr' id='par_1_27' title="bbox 2201 1392 3782 1463">
     <span class='ocr_line' id='line_1_27' title="bbox 2201 1392 3782 1463; baseline -0.001 -16"><span class='ocrx_word' id='word_1_166' title='bbox 2201 1395 2325 1447; x_wconf 89' lang='lat' dir='ltr'><strong><em>ctio.</em></strong></span> <span class='ocrx_word' id='word_1_167' title='bbox 2355 1393 2410 1446; x_wconf 84' lang='lat' dir='ltr'><strong><em>Si</em></strong></span> <span class='ocrx_word' id='word_1_168' title='bbox 2439 1392 2628 1446; x_wconf 71' lang='lat' dir='ltr'><strong><em>falsum</em></strong></span> <span class='ocrx_word' id='word_1_169' title='bbox 2673 1409 2760 1448; x_wconf 85' lang='lat' dir='ltr'><strong><em>me</em></strong></span> <span class='ocrx_word' id='word_1_170' title='bbox 2788 1392 2970 1460; x_wconf 88' lang='lat' dir='ltr'><strong><em>opinio</em></strong></span> <span class='ocrx_word' id='word_1_171' title='bbox 3001 1393 3178 1453; x_wconf 79' lang='lat' dir='ltr'><strong><em>habet.</em></strong></span> <span class='ocrx_word' id='word_1_172' title='bbox 3209 1392 3368 1446; x_wconf 64' lang='lat' dir='ltr'><strong><em>tacito</em></strong></span> <span class='ocrx_word' id='word_1_173' title='bbox 3387 1393 3594 1448; x_wconf 69' lang='lat' dir='ltr'><strong><em>oceteris</em></strong></span> <span class='ocrx_word' id='word_1_174' title='bbox 3622 1410 3782 1463; x_wconf 81' lang='lat' dir='ltr'><strong><em>uego-</em></strong></span> 
     </span>
    </p>
   </div>
   <div class='ocr_carea' id='block_1_28' title="bbox 2205 1483 3494 1553">
    <p class='ocr_par' dir='ltr' id='par_1_28' title="bbox 2205 1483 3494 1553">
     <span class='ocr_line' id='line_1_28' title="bbox 2205 1483 3494 1553; baseline 0.001 -16"><span class='ocrx_word' id='word_1_175' title='bbox 2205 1486 2293 1540; x_wconf 87' lang='lat' dir='ltr'><strong><em>tiis</em></strong></span> <span class='ocrx_word' id='word_1_176' title='bbox 2323 1485 2425 1539; x_wconf 85' lang='lat' dir='ltr'><strong>tuis</strong></span> <span class='ocrx_word' id='word_1_177' title='bbox 2456 1483 2813 1553; x_wconf 68' lang='lat' dir='ltr'><strong><em>respondendi</em></strong></span> <span class='ocrx_word' id='word_1_178' title='bbox 2841 1499 2970 1538; x_wconf 90' lang='lat' dir='ltr'><strong><em>cura</em></strong></span> <span class='ocrx_word' id='word_1_179' title='bbox 3005 1494 3312 1553; x_wconf 70' lang='lat' dir='ltr'><strong><em>praavertat.</em></strong></span> <span class='ocrx_word' id='word_1_180' title='bbox 3343 1483 3494 1539; x_wconf 73' lang='lat' dir='ltr'><strong><em>Vale.</em></strong></span> 
     </span>
    </p>
   </div>
   <div class='ocr_carea' id='block_1_29' title="bbox 2748 1597 3235 1654">
    <p class='ocr_par' dir='ltr' id='par_1_29' title="bbox 2748 1597 3235 1654">
     <span class='ocr_line' id='line_1_29' title="bbox 2748 1597 3235 1654; baseline -0.006 0"><span class='ocrx_word' id='word_1_181' title='bbox 2748 1597 2966 1654; x_wconf 79' lang='lat' dir='ltr'><strong><em>EPlST.</em></strong></span> <span class='ocrx_word' id='word_1_182' title='bbox 2997 1598 3235 1653; x_wconf 72' lang='lat' dir='ltr'><strong><em>XXXIV.</em></strong></span> 
     </span>
    </p>
   </div>
   <div class='ocr_carea' id='block_1_30' title="bbox 2704 1726 3293 1766">
    <p class='ocr_par' dir='ltr' id='par_1_30' title="bbox 2704 1726 3293 1766">
     <span class='ocr_line' id='line_1_30' title="bbox 2704 1726 3293 1766; baseline 0.002 -1"><span class='ocrx_word' id='word_1_183' title='bbox 2704 1726 3010 1766; x_wconf 68' lang='lat' dir='ltr'><strong><em>SYIHACBUS</em></strong></span> <span class='ocrx_word' id='word_1_184' title='bbox 3055 1726 3293 1766; x_wconf 71' lang='grc' dir='ltr'><strong><em>λυεοεηο.</em></strong></span> 
     </span>
    </p>
   </div>
   <div class='ocr_carea' id='block_1_31' title="bbox 526 1846 3783 1930">
    <p class='ocr_par' dir='ltr' id='par_1_31' title="bbox 526 1846 3783 1930">
     <span class='ocr_line' id='line_1_31' title="bbox 526 1846 3783 1930; baseline -0.003 -11"><span class='ocrx_word' id='word_1_185' title='bbox 526 1868 686 1921; x_wconf 82' lang='lat' dir='ltr'><strong><em>thiam</em></strong></span> <span class='ocrx_word' id='word_1_186' title='bbox 715 1880 908 1919; x_wconf 84' lang='lat' dir='ltr'><strong><em>merum</em></strong></span> <span class='ocrx_word' id='word_1_187' title='bbox 930 1865 1126 1929; x_wconf 79' lang='lat' dir='ltr'><strong><em>resipit,</em></strong></span> <span class='ocrx_word' id='word_1_188' title='bbox 1158 1874 1204 1916; x_wconf 85' lang='lat' dir='ltr'><strong><em>et</em></strong></span> <span class='ocrx_word' id='word_1_189' title='bbox 1231 1863 1515 1916; x_wconf 85' lang='lat' dir='ltr'><strong><em>circumlita</em></strong></span> <span class='ocrx_word' id='word_1_190' title='bbox 1538 1861 1684 1915; x_wconf 81' lang='lat' dir='ltr'><strong><em>melle</em></strong></span> <span class='ocrx_word' id='word_1_191' title='bbox 1708 1860 1890 1930; x_wconf 85' lang='lat' dir='ltr'><strong><em>pocula</em></strong></span> <span class='ocrx_word' id='word_1_192' title='bbox 1919 1860 2098 1925; x_wconf 89' lang='lat' dir='ltr'><strong><em>depre-</em></strong></span> <span class='ocrx_word' id='word_1_193' title='bbox 2133 1848 2183 1909; x_wconf 89' lang='grc' dir='ltr'><strong>Β</strong></span> <span class='ocrx_word' id='word_1_194' title='bbox 2281 1846 2503 1903; x_wconf 71' lang='lat' dir='ltr'><strong><em>Plenum</em></strong></span> <span class='ocrx_word' id='word_1_195' title='bbox 2531 1846 2727 1902; x_wconf 64' lang='lat' dir='ltr'><strong><em>laboris</em></strong></span> <span class='ocrx_word' id='word_1_196' title='bbox 2751 1847 3019 1916; x_wconf 71' lang='lat' dir='ltr'><strong><em>negotium</em></strong></span> <span class='ocrx_word' id='word_1_197' title='bbox 3042 1861 3193 1916; x_wconf 70' lang='lat' dir='ltr'><strong><em>sero.</em></strong></span> <span class='ocrx_word' id='word_1_198' title='bbox 3215 1846 3306 1916; x_wconf 76' lang='lat' dir='ltr'><strong><em>qui</em></strong></span> <span class='ocrx_word' id='word_1_199' title='bbox 3343 1848 3667 1918; x_wconf 67' lang='lat' dir='ltr'><strong><em>compellare</em></strong></span> <span class='ocrx_word' id='word_1_200' title='bbox 3697 1861 3783 1903; x_wconf 82' lang='grc' dir='ltr'><strong><em>ιο·</em></strong></span> 
     </span>
    </p>
   </div>
   <div class='ocr_carea' id='block_1_32' title="bbox 525 1950 2105 2022">
    <p class='ocr_par' dir='ltr' id='par_1_32' title="bbox 525 1950 2105 2022">
     <span class='ocr_line' id='line_1_32' title="bbox 525 1950 2105 2022; baseline -0.006 -12"><span class='ocrx_word' id='word_1_201' title='bbox 525 1959 712 2012; x_wconf 87' lang='lat' dir='ltr'><strong><em>hendo.</em></strong></span> <span class='ocrx_word' id='word_1_202' title='bbox 747 1956 807 2011; x_wconf 88' lang='lat' dir='ltr'><strong><em>Si</em></strong></span> <span class='ocrx_word' id='word_1_203' title='bbox 837 1971 972 2017; x_wconf 73' lang='lat' dir='ltr'><strong><em>utro,</em></strong></span> <span class='ocrx_word' id='word_1_204' title='bbox 995 1954 1048 2008; x_wconf 90' lang='lat' dir='ltr'><strong><em>id</em></strong></span> <span class='ocrx_word' id='word_1_205' title='bbox 1076 1954 1212 2021; x_wconf 84' lang='lat' dir='ltr'><strong><em>quod</em></strong></span> <span class='ocrx_word' id='word_1_206' title='bbox 1232 1968 1364 2020; x_wconf 62' lang='lat' dir='ltr'><strong><em>saepe</em></strong></span> <span class='ocrx_word' id='word_1_207' title='bbox 1391 1952 1548 2022; x_wconf 89' lang='lat' dir='ltr'><strong><em>facio,</em></strong></span> <span class='ocrx_word' id='word_1_208' title='bbox 1579 1952 1646 2002; x_wconf 88' lang='lat' dir='ltr'><strong><em>ad</em></strong></span> <span class='ocrx_word' id='word_1_209' title='bbox 1673 1950 1940 2020; x_wconf 72' lang='lat' dir='ltr'><strong><em>epistolam</em></strong></span> <span class='ocrx_word' id='word_1_210' title='bbox 1965 1960 2105 2002; x_wconf 87' lang='lat' dir='ltr'><strong><em>tuam</em></strong></span> 
     </span>
    </p>
   </div>
   <div class='ocr_carea' id='block_1_33' title="bbox 526 2042 2108 2113">
    <p class='ocr_par' dir='ltr' id='par_1_33' title="bbox 526 2042 2108 2113">
     <span class='ocr_line' id='line_1_33' title="bbox 526 2042 2108 2113; baseline -0.007 -11"><span class='ocrx_word' id='word_1_211' title='bbox 526 2049 676 2113; x_wconf 87' lang='lat' dir='ltr'><strong><em>redii,</em></strong></span> <span class='ocrx_word' id='word_1_212' title='bbox 703 2063 879 2101; x_wconf 88' lang='lat' dir='ltr'><strong><em>rursus</em></strong></span> <span class='ocrx_word' id='word_1_213' title='bbox 905 2045 1120 2109; x_wconf 86' lang='lat' dir='ltr'><strong><em>illicior;</em></strong></span> <span class='ocrx_word' id='word_1_214' title='bbox 1146 2054 1193 2097; x_wconf 80' lang='lat' dir='ltr'><strong><em>et</em></strong></span> <span class='ocrx_word' id='word_1_215' title='bbox 1221 2052 1497 2098; x_wconf 89' lang='lat' dir='ltr'><strong><em>retrorsum</em></strong></span> <span class='ocrx_word' id='word_1_216' title='bbox 1529 2043 1615 2095; x_wconf 88' lang='lat' dir='ltr'><strong><em>ille</em></strong></span> <span class='ocrx_word' id='word_1_217' title='bbox 1643 2042 1992 2104; x_wconf 84' lang='lat' dir='ltr'><strong><em>suauissimus,</em></strong></span> <span class='ocrx_word' id='word_1_218' title='bbox 2021 2042 2108 2092; x_wconf 87' lang='lat' dir='ltr'><strong><em>ille</em></strong></span> 
     </span>
    </p>
   </div>
   <div class='ocr_carea' id='block_1_34' title="bbox 526 2133 2105 2212">
    <p class='ocr_par' dir='ltr' id='par_1_34' title="bbox 526 2133 2105 2212">
     <span class='ocr_line' id='line_1_34' title="bbox 526 2133 2105 2212; baseline -0.008 -16"><span class='ocrx_word' id='word_1_219' title='bbox 526 2143 744 2212; x_wconf 79' lang='lat' dir='ltr'><strong><em>ﬂoridus</em></strong></span> <span class='ocrx_word' id='word_1_220' title='bbox 766 2141 837 2194; x_wconf 90' lang='lat' dir='ltr'><strong><em>tui</em></strong></span> <span class='ocrx_word' id='word_1_221' title='bbox 858 2142 1104 2193; x_wconf 89' lang='lat' dir='ltr'><strong><em>sermonis</em></strong></span> <span class='ocrx_word' id='word_1_222' title='bbox 1131 2137 1349 2207; x_wconf 78' lang='lat' dir='ltr'><strong><em>afflatus,</em></strong></span> <span class='ocrx_word' id='word_1_223' title='bbox 1379 2136 1610 2204; x_wconf 78' lang='lat' dir='ltr'><strong><em>deposita</em></strong></span> <span class='ocrx_word' id='word_1_224' title='bbox 1633 2135 1843 2188; x_wconf 88' lang='lat' dir='ltr'><strong><em>lectione</em></strong></span> <span class='ocrx_word' id='word_1_225' title='bbox 1862 2133 2105 2199; x_wconf 72' lang='lat' dir='ltr'><strong><em>sanescit,</em></strong></span> 
     </span>
    </p>
   </div>
   <div class='ocr_carea' id='block_1_35' title="bbox 527 2224 2109 2302">
    <p class='ocr_par' dir='ltr' id='par_1_35' title="bbox 527 2224 2109 2302">
     <span class='ocr_line' id='line_1_35' title="bbox 527 2224 2109 2302; baseline -0.005 -15"><span class='ocrx_word' id='word_1_226' title='bbox 527 2245 575 2287; x_wconf 88' lang='lat' dir='ltr'><strong><em>et</em></strong></span> <span class='ocrx_word' id='word_1_227' title='bbox 602 2232 874 2286; x_wconf 79' lang='lat' dir='ltr'><strong><em>testimonii</em></strong></span> <span class='ocrx_word' id='word_1_228' title='bbox 901 2235 1101 2302; x_wconf 84' lang='lat' dir='ltr'><strong><em>pondus</em></strong></span> <span class='ocrx_word' id='word_1_229' title='bbox 1132 2230 1362 2298; x_wconf 88' lang='lat' dir='ltr'><strong><em>prohibet</em></strong></span> <span class='ocrx_word' id='word_1_230' title='bbox 1395 2229 1555 2282; x_wconf 83' lang='lat' dir='ltr'><strong><em>inesse</em></strong></span> <span class='ocrx_word' id='word_1_231' title='bbox 1579 2227 1855 2281; x_wconf 80' lang='lat' dir='ltr'><strong><em>dulcedini.</em></strong></span> <span class='ocrx_word' id='word_1_232' title='bbox 1883 2224 2001 2278; x_wconf 81' lang='lat' dir='ltr'><strong><em>Hoc</em></strong></span> <span class='ocrx_word' id='word_1_233' title='bbox 2031 2242 2109 2279; x_wconf 87' lang='lat' dir='ltr'><strong><em>me</em></strong></span> 
     </span>
    </p>
   </div>
   <div class='ocr_carea' id='block_1_36' title="bbox 528 2319 2106 2392">
    <p class='ocr_par' dir='ltr' id='par_1_36' title="bbox 528 2319 2106 2392">
     <span class='ocr_line' id='line_1_36' title="bbox 528 2319 2106 2392; baseline -0.004 -15"><span class='ocrx_word' id='word_1_234' title='bbox 528 2325 658 2378; x_wconf 71' lang='lat' dir='ltr'><strong><em>velut</em></strong></span> <span class='ocrx_word' id='word_1_235' title='bbox 688 2325 856 2377; x_wconf 79' lang='lat' dir='ltr'><strong><em>aerius</em></strong></span> <span class='ocrx_word' id='word_1_236' title='bbox 879 2325 1091 2377; x_wconf 53' lang='lat' dir='ltr'><strong><em>bractea&#39;</em></strong></span> <span class='ocrx_word' id='word_1_237' title='bbox 1129 2324 1277 2392; x_wconf 79' lang='lat' dir='ltr'><strong><em>fucus</em></strong></span> <span class='ocrx_word' id='word_1_238' title='bbox 1300 2365 1314 2386; x_wconf 91' lang='lat'><strong><em>,</em></strong></span> <span class='ocrx_word' id='word_1_239' title='bbox 1347 2331 1435 2374; x_wconf 87' lang='lat' dir='ltr'><strong><em>aut</em></strong></span> <span class='ocrx_word' id='word_1_240' title='bbox 1460 2323 1593 2390; x_wconf 90' lang='lat' dir='ltr'><strong><em>picta</em></strong></span> <span class='ocrx_word' id='word_1_241' title='bbox 1623 2319 1803 2373; x_wconf 86' lang='lat' dir='ltr'><strong><em>nebula</em></strong></span> <span class='ocrx_word' id='word_1_242' title='bbox 1822 2359 1835 2380; x_wconf 87' lang='lat'><strong><em>,</em></strong></span> <span class='ocrx_word' id='word_1_243' title='bbox 1867 2334 1970 2371; x_wconf 84' lang='lat' dir='ltr'><strong><em>non</em></strong></span> <span class='ocrx_word' id='word_1_244' title='bbox 1995 2319 2106 2370; x_wconf 87' lang='lat' dir='ltr'><strong><em>lon-</em></strong></span> 
     </span>
    </p>
   </div>
   <div class='ocr_carea' id='block_1_37' title="bbox 527 2411 2112 2490">
    <p class='ocr_par' dir='ltr' id='par_1_37' title="bbox 527 2411 2112 2490">
     <span class='ocr_line' id='line_1_37' title="bbox 527 2411 2112 2490; baseline -0.003 -22"><span class='ocrx_word' id='word_1_245' title='bbox 527 2419 672 2490; x_wconf 83' lang='lat' dir='ltr'><strong><em>gius,</em></strong></span> <span class='ocrx_word' id='word_1_246' title='bbox 703 2433 857 2487; x_wconf 85' lang='lat' dir='ltr'><strong><em>quant</em></strong></span> <span class='ocrx_word' id='word_1_247' title='bbox 899 2419 1021 2471; x_wconf 87' lang='lat' dir='ltr'><strong><em>dum</em></strong></span> <span class='ocrx_word' id='word_1_248' title='bbox 1067 2417 1282 2481; x_wconf 71' lang='lat' dir='ltr'><strong><em>videtur,</em></strong></span> <span class='ocrx_word' id='word_1_249' title='bbox 1323 2414 1573 2480; x_wconf 81' lang='lat' dir='ltr'><strong><em>oblectat;</em></strong></span> <span class='ocrx_word' id='word_1_250' title='bbox 1605 2411 1981 2467; x_wconf 74' lang='lat' dir='ltr'><strong><em>chamteleantts</em></strong></span> <span class='ocrx_word' id='word_1_251' title='bbox 2027 2411 2112 2464; x_wconf 86' lang='lat' dir='ltr'><strong><em>be-</em></strong></span> 
     </span>
    </p>
   </div>
   <div class='ocr_carea' id='block_1_38' title="bbox 527 2507 2112 2580">
    <p class='ocr_par' dir='ltr' id='par_1_38' title="bbox 527 2507 2112 2580">
     <span class='ocr_line' id='line_1_38' title="bbox 527 2507 2112 2580; baseline -0.004 -15"><span class='ocrx_word' id='word_1_252' title='bbox 527 2513 692 2565; x_wconf 79' lang='lat' dir='ltr'><strong><em>stiolce</em></strong></span> <span class='ocrx_word' id='word_1_253' title='bbox 718 2511 845 2575; x_wconf 86' lang='lat' dir='ltr'><strong><em>vice,</em></strong></span> <span class='ocrx_word' id='word_1_254' title='bbox 875 2526 988 2575; x_wconf 74' lang='lat' dir='ltr'><strong><em>que</em></strong></span> <span class='ocrx_word' id='word_1_255' title='bbox 1017 2511 1082 2564; x_wconf 84' lang='lat' dir='ltr'><strong><em>de</em></strong></span> <span class='ocrx_word' id='word_1_256' title='bbox 1107 2509 1346 2580; x_wconf 68' lang='lat' dir='ltr'><strong><em>subjt-ctis</em></strong></span> <span class='ocrx_word' id='word_1_257' title='bbox 1373 2508 1529 2561; x_wconf 88' lang='lat' dir='ltr'><strong><em>suntit</em></strong></span> <span class='ocrx_word' id='word_1_258' title='bbox 1551 2509 1792 2561; x_wconf 87' lang='lat' dir='ltr'><strong><em>colorem.</em></strong></span> <span class='ocrx_word' id='word_1_259' title='bbox 1823 2507 1979 2560; x_wconf 77' lang='lat' dir='ltr'><strong><em>Aliud</em></strong></span> <span class='ocrx_word' id='word_1_260' title='bbox 1995 2523 2112 2559; x_wconf 88' lang='lat' dir='ltr'><strong><em>sen-</em></strong></span> 
     </span>
    </p>
   </div>
   <div class='ocr_carea' id='block_1_39' title="bbox 529 2595 2113 2672">
    <p class='ocr_par' dir='ltr' id='par_1_39' title="bbox 529 2595 2113 2672">
     <span class='ocr_line' id='line_1_39' title="bbox 529 2595 2113 2672; baseline -0.003 -17"><span class='ocrx_word' id='word_1_261' title='bbox 529 2603 600 2656; x_wconf 91' lang='lat' dir='ltr'><strong><em>tio</em></strong></span> <span class='ocrx_word' id='word_1_262' title='bbox 623 2618 687 2656; x_wconf 81' lang='lat' dir='ltr'><strong><em>ea:</em></strong></span> <span class='ocrx_word' id='word_1_263' title='bbox 709 2601 919 2672; x_wconf 85' lang='lat' dir='ltr'><strong><em>epistola</em></strong></span> <span class='ocrx_word' id='word_1_264' title='bbox 947 2609 1053 2661; x_wconf 84' lang='lat' dir='ltr'><strong><em>tua,</em></strong></span> <span class='ocrx_word' id='word_1_265' title='bbox 1082 2600 1226 2653; x_wconf 86' lang='lat' dir='ltr'><strong><em>aliud</em></strong></span> <span class='ocrx_word' id='word_1_266' title='bbox 1252 2615 1316 2652; x_wconf 80' lang='lat' dir='ltr'><strong><em>ea:</em></strong></span> <span class='ocrx_word' id='word_1_267' title='bbox 1339 2599 1648 2652; x_wconf 76' lang='lat' dir='ltr'><strong><em>conscientia</em></strong></span> <span class='ocrx_word' id='word_1_268' title='bbox 1676 2615 1805 2652; x_wconf 88' lang='lat' dir='ltr'><strong><em>mea.</em></strong></span> <span class='ocrx_word' id='word_1_269' title='bbox 1841 2595 1904 2650; x_wconf 77' lang='lat' dir='ltr'><strong><em>Et</em></strong></span> <span class='ocrx_word' id='word_1_270' title='bbox 1935 2597 1997 2650; x_wconf 89' lang='lat' dir='ltr'><strong><em>iis</em></strong></span> <span class='ocrx_word' id='word_1_271' title='bbox 2034 2613 2113 2650; x_wconf 90' lang='lat' dir='ltr'><strong><em>me</em></strong></span> 
     </span>
    </p>
   </div>
   <div class='ocr_carea' id='block_1_40' title="bbox 528 2691 2108 2763">
    <p class='ocr_par' dir='ltr' id='par_1_40' title="bbox 528 2691 2108 2763">
     <span class='ocr_line' id='line_1_40' title="bbox 528 2691 2108 2763; baseline -0.001 -18"><span class='ocrx_word' id='word_1_272' title='bbox 528 2699 690 2747; x_wconf 83' lang='lat' dir='ltr'><strong><em>audes</em></strong></span> <span class='ocrx_word' id='word_1_273' title='bbox 729 2694 1213 2763; x_wconf 85' lang='lat' dir='ltr'><strong><em>facundissimorunt</em></strong></span> <span class='ocrx_word' id='word_1_274' title='bbox 1258 2693 1518 2745; x_wconf 85' lang='lat' dir='ltr'><strong><em>hominum</em></strong></span> <span class='ocrx_word' id='word_1_275' title='bbox 1560 2692 1715 2746; x_wconf 89' lang='lat' dir='ltr'><strong><em>laude</em></strong></span> <span class='ocrx_word' id='word_1_276' title='bbox 1754 2691 1995 2762; x_wconf 81' lang='lat' dir='ltr'><strong><em>dignari?</em></strong></span> <span class='ocrx_word' id='word_1_277' title='bbox 2022 2701 2108 2758; x_wconf 90' lang='lat' dir='ltr'><strong><em>tu,</em></strong></span> 
     </span>
    </p>
   </div>
   <div class='ocr_carea' id='block_1_41' title="bbox 530 2785 2112 2854">
    <p class='ocr_par' dir='ltr' id='par_1_41' title="bbox 530 2785 2112 2854">
     <span class='ocr_line' id='line_1_41' title="bbox 530 2785 2112 2854; baseline 0.001 -19"><span class='ocrx_word' id='word_1_278' title='bbox 530 2789 759 2854; x_wconf 83' lang='lat' dir='ltr'><strong><em>inquam,</em></strong></span> <span class='ocrx_word' id='word_1_279' title='bbox 786 2786 910 2837; x_wconf 85' lang='lat' dir='ltr'><strong><em>mihi</em></strong></span> <span class='ocrx_word' id='word_1_280' title='bbox 936 2787 1061 2851; x_wconf 57' lang='lat' dir='ltr'><strong><em>ista,</em></strong></span> <span class='ocrx_word' id='word_1_281' title='bbox 1089 2786 1178 2853; x_wconf 87' lang='lat' dir='ltr'><strong><em>qui</em></strong></span> <span class='ocrx_word' id='word_1_282' title='bbox 1205 2797 1249 2836; x_wconf 88' lang='lat' dir='ltr'><strong><em>te</em></strong></span> <span class='ocrx_word' id='word_1_283' title='bbox 1282 2787 1416 2837; x_wconf 82' lang='lat' dir='ltr'><strong><em>ultra</em></strong></span> <span class='ocrx_word' id='word_1_284' title='bbox 1444 2785 1849 2838; x_wconf 65' lang='lat' dir='ltr'><strong><em>emendationem</em></strong></span> <span class='ocrx_word' id='word_1_285' title='bbox 1888 2785 2112 2839; x_wconf 88' lang='lat' dir='ltr'><strong><em>omnium</em></strong></span> 
     </span>
    </p>
   </div>
   <div class='ocr_carea' id='block_1_42' title="bbox 532 2875 2114 2946">
    <p class='ocr_par' dir='ltr' id='par_1_42' title="bbox 532 2875 2114 2946">
     <span class='ocr_line' id='line_1_42' title="bbox 532 2875 2114 2946; baseline 0.001 -20"><span class='ocrx_word' id='word_1_286' title='bbox 532 2875 812 2946; x_wconf 77' lang='lat' dir='ltr'><strong><em>protulisti.</em></strong></span> <span class='ocrx_word' id='word_1_287' title='bbox 841 2875 1000 2929; x_wconf 84' lang='lat' dir='ltr'><strong><em>Haud</em></strong></span> <span class='ocrx_word' id='word_1_288' title='bbox 1031 2879 1297 2944; x_wconf 81' lang='lat' dir='ltr'><strong><em>quisquam</em></strong></span> <span class='ocrx_word' id='word_1_289' title='bbox 1326 2879 1399 2928; x_wconf 87' lang='lat' dir='ltr'><strong><em>ita</em></strong></span> <span class='ocrx_word' id='word_1_290' title='bbox 1423 2876 1562 2938; x_wconf 88' lang='lat' dir='ltr'><strong><em>nitet,</em></strong></span> <span class='ocrx_word' id='word_1_291' title='bbox 1597 2887 1648 2927; x_wconf 88' lang='lat' dir='ltr'><strong><em>ut</em></strong></span> <span class='ocrx_word' id='word_1_292' title='bbox 1677 2886 2001 2942; x_wconf 82' lang='lat' dir='ltr'><strong><em>comparatus</em></strong></span> <span class='ocrx_word' id='word_1_293' title='bbox 2023 2875 2114 2929; x_wconf 84' lang='lat' dir='ltr'><strong><em>tibi</em></strong></span> 
     </span>
    </p>
   </div>
   <div class='ocr_carea' id='block_1_43' title="bbox 532 2965 2117 3041">
    <p class='ocr_par' dir='ltr' id='par_1_43' title="bbox 532 2965 2117 3041">
     <span class='ocr_line' id='line_1_43' title="bbox 532 2965 2117 3041; baseline 0.002 -22"><span class='ocrx_word' id='word_1_294' title='bbox 532 2985 633 3022; x_wconf 89' lang='lat' dir='ltr'><strong><em>non</em></strong></span> <span class='ocrx_word' id='word_1_295' title='bbox 659 2969 875 3022; x_wconf 84' lang='lat' dir='ltr'><strong><em>sordeat.</em></strong></span> <span class='ocrx_word' id='word_1_296' title='bbox 909 2968 1033 3034; x_wconf 82' lang='lat' dir='ltr'><strong><em>Quis</em></strong></span> <span class='ocrx_word' id='word_1_297' title='bbox 1057 2969 1128 3022; x_wconf 91' lang='lat' dir='ltr'><strong><em>ita</em></strong></span> <span class='ocrx_word' id='word_1_298' title='bbox 1155 2965 1338 3036; x_wconf 66' lang='grc' dir='ltr'><strong><em>,λειορὲ</em></strong></span> <span class='ocrx_word' id='word_1_299' title='bbox 1372 2976 1710 3031; x_wconf 80' lang='lat' dir='ltr'><strong><em>venustatem,</em></strong></span> <span class='ocrx_word' id='word_1_300' title='bbox 1742 2970 1853 3039; x_wconf 90' lang='lat' dir='ltr'><strong><em>quis</em></strong></span> <span class='ocrx_word' id='word_1_301' title='bbox 1875 2968 2117 3041; x_wconf 87' lang='lat' dir='ltr'><strong><em>sophisti-</em></strong></span> 
     </span>
    </p>
   </div>
   <div class='ocr_carea' id='block_1_44' title="bbox 532 3057 2110 3131">
    <p class='ocr_par' dir='ltr' id='par_1_44' title="bbox 532 3057 2110 3131">
     <span class='ocr_line' id='line_1_44' title="bbox 532 3057 2110 3131; baseline -0.001 -15"><span class='ocrx_word' id='word_1_302' title='bbox 532 3079 618 3117; x_wconf 78' lang='lat' dir='ltr'><strong><em>cns</em></strong></span> <span class='ocrx_word' id='word_1_303' title='bbox 643 3061 872 3116; x_wconf 80' lang='lat' dir='ltr'><strong><em>Socratis</em></strong></span> <span class='ocrx_word' id='word_1_304' title='bbox 910 3061 1290 3124; x_wconf 77' lang='lat' dir='ltr'><strong><em>conclusiones,</em></strong></span> <span class='ocrx_word' id='word_1_305' title='bbox 1319 3061 1693 3131; x_wconf 80' lang='lat' dir='ltr'><strong><em>enthymemata</em></strong></span> <span class='ocrx_word' id='word_1_306' title='bbox 1728 3057 2076 3115; x_wconf 71' lang='lat' dir='ltr'><strong><em>Demosthen’s</em></strong></span> <span class='ocrx_word' id='word_1_307' title='bbox 2096 3105 2110 3129; x_wconf 94' lang='lat'><strong><em>,</em></strong></span> 
     </span>
    </p>
   </div>
   <div class='ocr_carea' id='block_1_45' title="bbox 531 3153 2114 3225">
    <p class='ocr_par' dir='ltr' id='par_1_45' title="bbox 531 3153 2114 3225">
     <span class='ocr_line' id='line_1_45' title="bbox 531 3153 2114 3225; baseline -0.003 -15"><span class='ocrx_word' id='word_1_308' title='bbox 531 3166 624 3210; x_wconf 87' lang='lat' dir='ltr'><strong><em>aut</em></strong></span> <span class='ocrx_word' id='word_1_309' title='bbox 674 3155 984 3225; x_wconf 82' lang='lat' dir='ltr'><strong><em>opulentiam</em></strong></span> <span class='ocrx_word' id='word_1_310' title='bbox 1029 3153 1360 3220; x_wconf 83' lang='lat' dir='ltr'><strong><em>Tullianam,</em></strong></span> <span class='ocrx_word' id='word_1_311' title='bbox 1411 3165 1499 3207; x_wconf 89' lang='lat' dir='ltr'><strong><em>aut</em></strong></span> <span class='ocrx_word' id='word_1_312' title='bbox 1551 3155 1910 3223; x_wconf 76' lang='lat' dir='ltr'><strong><em>proprietatem</em></strong></span> <span class='ocrx_word' id='word_1_313' title='bbox 1957 3157 2114 3209; x_wconf 79' lang='lat' dir='ltr'><strong><em>nostri</em></strong></span> 
     </span>
    </p>
   </div>
   <div class='ocr_carea' id='block_1_46' title="bbox 2209 1939 3784 2012">
    <p class='ocr_par' dir='ltr' id='par_1_46' title="bbox 2209 1939 3784 2012">
     <span class='ocr_line' id='line_1_46' title="bbox 2209 1939 3784 2012; baseline -0.001 -18"><span class='ocrx_word' id='word_1_314' title='bbox 2209 1940 2309 1994; x_wconf 87' lang='lat' dir='ltr'><strong><em>ties</em></strong></span> <span class='ocrx_word' id='word_1_315' title='bbox 2349 1939 2569 1992; x_wconf 85' lang='lat' dir='ltr'><strong><em>tacitum</em></strong></span> <span class='ocrx_word' id='word_1_316' title='bbox 2621 1953 2928 2007; x_wconf 70' lang='lat' dir='ltr'><strong><em>pet-severo.</em></strong></span> <span class='ocrx_word' id='word_1_317' title='bbox 2965 1939 3163 1997; x_wconf 81' lang='lat' dir='ltr'><strong><em>Contra</em></strong></span> <span class='ocrx_word' id='word_1_318' title='bbox 3204 1941 3304 1993; x_wconf 82' lang='lat' dir='ltr'><strong><em>nisi</em></strong></span> <span class='ocrx_word' id='word_1_319' title='bbox 3353 1941 3554 1996; x_wconf 85' lang='lat' dir='ltr'><strong><em>instare</em></strong></span> <span class='ocrx_word' id='word_1_320' title='bbox 3602 1957 3784 2012; x_wconf 78' lang='lat' dir='ltr'><strong><em>pergo,</em></strong></span> 
     </span>
    </p>
   </div>
   <div class='ocr_carea' id='block_1_47' title="bbox 2211 2029 3785 2101">
    <p class='ocr_par' dir='ltr' id='par_1_47' title="bbox 2211 2029 3785 2101">
     <span class='ocr_line' id='line_1_47' title="bbox 2211 2029 3785 2101; baseline 0.003 -20"><span class='ocrx_word' id='word_1_321' title='bbox 2211 2041 2368 2100; x_wconf 88' lang='lat' dir='ltr'><strong><em>atque</em></strong></span> <span class='ocrx_word' id='word_1_322' title='bbox 2397 2029 2714 2098; x_wconf 80' lang='lat' dir='ltr'><strong><em>exsculpere</em></strong></span> <span class='ocrx_word' id='word_1_323' title='bbox 2735 2045 2764 2082; x_wconf 85' lang='lat' dir='ltr'><strong><em>a</em></strong></span> <span class='ocrx_word' id='word_1_324' title='bbox 2795 2039 2846 2085; x_wconf 89' lang='lat' dir='ltr'><strong><em>te</em></strong></span> <span class='ocrx_word' id='word_1_325' title='bbox 2867 2030 3065 2100; x_wconf 86' lang='lat' dir='ltr'><strong><em>aliquid</em></strong></span> <span class='ocrx_word' id='word_1_326' title='bbox 3098 2031 3415 2099; x_wconf 86' lang='lat' dir='ltr'><strong><em>litterarum,</em></strong></span> <span class='ocrx_word' id='word_1_327' title='bbox 3445 2032 3635 2101; x_wconf 73' lang='lat' dir='ltr'><strong><em>gliscet</em></strong></span> <span class='ocrx_word' id='word_1_328' title='bbox 3657 2035 3785 2089; x_wconf 76' lang='lat' dir='ltr'><strong><em>obli-</em></strong></span> 
     </span>
    </p>
   </div>
   <div class='ocr_carea' id='block_1_48' title="bbox 2210 2122 3788 2197">
    <p class='ocr_par' dir='ltr' id='par_1_48' title="bbox 2210 2122 3788 2197">
     <span class='ocr_line' id='line_1_48' title="bbox 2210 2122 3788 2197; baseline 0.001 -21"><span class='ocrx_word' id='word_1_329' title='bbox 2210 2123 2317 2176; x_wconf 82' lang='lat' dir='ltr'><strong><em>vio.</em></strong></span> <span class='ocrx_word' id='word_1_330' title='bbox 2349 2124 2473 2177; x_wconf 71' lang='lat' dir='ltr'><strong><em>Sive</em></strong></span> <span class='ocrx_word' id='word_1_331' title='bbox 2496 2123 2658 2194; x_wconf 71' lang='lat' dir='ltr'><strong><em>igitur</em></strong></span> <span class='ocrx_word' id='word_1_332' title='bbox 2689 2122 2791 2178; x_wconf 82' lang='lat' dir='ltr'><strong><em>hoc</em></strong></span> <span class='ocrx_word' id='word_1_333' title='bbox 2820 2122 3056 2178; x_wconf 81' lang='lat' dir='ltr'><strong><em>olftcium</em></strong></span> <span class='ocrx_word' id='word_1_334' title='bbox 3085 2139 3259 2178; x_wconf 85' lang='lat' dir='ltr'><strong><em>meum</em></strong></span> <span class='ocrx_word' id='word_1_335' title='bbox 3289 2125 3534 2180; x_wconf 81' lang='lat' dir='ltr'><strong><em>sedulum</em></strong></span> <span class='ocrx_word' id='word_1_336' title='bbox 3560 2126 3788 2197; x_wconf 76' lang='lat' dir='ltr'><strong><em>iudicas,</em></strong></span> 
     </span>
    </p>
   </div>
   <div class='ocr_carea' id='block_1_49' title="bbox 2211 2215 3788 2282">
    <p class='ocr_par' dir='ltr' id='par_1_49' title="bbox 2211 2215 3788 2282">
     <span class='ocr_line' id='line_1_49' title="bbox 2211 2215 3788 2282; baseline 0.003 -13"><span class='ocrx_word' id='word_1_337' title='bbox 2211 2229 2305 2269; x_wconf 87' lang='lat' dir='ltr'><strong><em>seu</em></strong></span> <span class='ocrx_word' id='word_1_338' title='bbox 2344 2215 2656 2279; x_wconf 81' lang='lat' dir='ltr'><strong><em>molestum;</em></strong></span> <span class='ocrx_word' id='word_1_339' title='bbox 2690 2222 2797 2267; x_wconf 81' lang='lat' dir='ltr'><strong><em>stat</em></strong></span> <span class='ocrx_word' id='word_1_340' title='bbox 2837 2215 3125 2282; x_wconf 83' lang='lat' dir='ltr'><strong><em>sententia,</em></strong></span> <span class='ocrx_word' id='word_1_341' title='bbox 3169 2215 3428 2271; x_wconf 81' lang='lat' dir='ltr'><strong><em>honorem</em></strong></span> <span class='ocrx_word' id='word_1_342' title='bbox 3461 2231 3615 2270; x_wconf 87' lang='lat' dir='ltr'><strong><em>suum</em></strong></span> <span class='ocrx_word' id='word_1_343' title='bbox 3647 2219 3788 2273; x_wconf 72' lang='lat' dir='ltr'><strong><em>cele-</em></strong></span> 
     </span>
    </p>
   </div>
   <div class='ocr_carea' id='block_1_50' title="bbox 2213 2307 3794 2375">
    <p class='ocr_par' dir='ltr' id='par_1_50' title="bbox 2213 2307 3794 2375">
     <span class='ocr_line' id='line_1_50' title="bbox 2213 2307 3794 2375; baseline 0.005 -15"><span class='ocrx_word' id='word_1_344' title='bbox 2213 2308 2362 2361; x_wconf 88' lang='lat' dir='ltr'><strong><em>brem</em></strong></span> <span class='ocrx_word' id='word_1_345' title='bbox 2408 2317 2662 2375; x_wconf 65' lang='lat' dir='ltr'><strong><em>praetore</em></strong></span> <span class='ocrx_word' id='word_1_346' title='bbox 2703 2307 3026 2374; x_wconf 75' lang='lat' dir='ltr'><strong><em>Colloquiis:</em></strong></span> <span class='ocrx_word' id='word_1_347' title='bbox 3060 2310 3194 2363; x_wconf 85' lang='lat' dir='ltr'><strong><em>adeo</em></strong></span> <span class='ocrx_word' id='word_1_348' title='bbox 3228 2309 3356 2364; x_wconf 84' lang='lat' dir='ltr'><strong>mihi</strong></span> <span class='ocrx_word' id='word_1_349' title='bbox 3406 2313 3602 2366; x_wconf 84' lang='lat' dir='ltr'><strong><em>veteris</em></strong></span> <span class='ocrx_word' id='word_1_350' title='bbox 3648 2312 3701 2366; x_wconf 91' lang='lat' dir='ltr'><strong><em>in</em></strong></span> <span class='ocrx_word' id='word_1_351' title='bbox 3741 2324 3794 2368; x_wconf 85' lang='lat' dir='ltr'><strong><em>te</em></strong></span> 
     </span>
    </p>
   </div>
   <div class='ocr_carea' id='block_1_51' title="bbox 2213 2396 3790 2456">
    <p class='ocr_par' dir='ltr' id='par_1_51' title="bbox 2213 2396 3790 2456">
     <span class='ocr_line' id='line_1_51' title="bbox 2213 2396 3790 2456; baseline 0.005 -8"><span class='ocrx_word' id='word_1_352' title='bbox 2213 2399 2410 2451; x_wconf 88' lang='lat' dir='ltr'><strong><em>amoris</em></strong></span> <span class='ocrx_word' id='word_1_353' title='bbox 2439 2397 2583 2452; x_wconf 86' lang='lat' dir='ltr'><strong><em>nulla</em></strong></span> <span class='ocrx_word' id='word_1_354' title='bbox 2613 2396 2873 2452; x_wconf 83' lang='lat' dir='ltr'><strong><em>discessio</em></strong></span> <span class='ocrx_word' id='word_1_355' title='bbox 2899 2407 3000 2452; x_wconf 88' lang='lat' dir='ltr'><strong><em>est.</em></strong></span> <span class='ocrx_word' id='word_1_356' title='bbox 3035 2398 3101 2452; x_wconf 74' lang='lat' dir='ltr'><strong><em>Et</em></strong></span> <span class='ocrx_word' id='word_1_357' title='bbox 3130 2399 3322 2454; x_wconf 88' lang='lat' dir='ltr'><strong><em>merito</em></strong></span> <span class='ocrx_word' id='word_1_358' title='bbox 3348 2417 3359 2452; x_wconf 92' lang='lat'><strong>:</strong></span> <span class='ocrx_word' id='word_1_359' title='bbox 3395 2415 3516 2454; x_wconf 84' lang='lat' dir='ltr'><strong><em>naut</em></strong></span> <span class='ocrx_word' id='word_1_360' title='bbox 3541 2401 3790 2456; x_wconf 79' lang='lat' dir='ltr'><strong><em>amicitia:</em></strong></span> 
     </span>
    </p>
   </div>
   <div class='ocr_carea' id='block_1_52' title="bbox 2214 2489 3796 2560">
    <p class='ocr_par' dir='ltr' id='par_1_52' title="bbox 2214 2489 3796 2560">
     <span class='ocr_line' id='line_1_52' title="bbox 2214 2489 3796 2560; baseline 0.001 -16"><span class='ocrx_word' id='word_1_361' title='bbox 2214 2505 2434 2560; x_wconf 88' lang='lat' dir='ltr'><strong><em>operam</em></strong></span> <span class='ocrx_word' id='word_1_362' title='bbox 2467 2504 2728 2559; x_wconf 81' lang='lat' dir='ltr'><strong><em>nusquam</em></strong></span> <span class='ocrx_word' id='word_1_363' title='bbox 2760 2489 2929 2544; x_wconf 83' lang='lat' dir='ltr'><strong><em>locavi</em></strong></span> <span class='ocrx_word' id='word_1_364' title='bbox 2951 2506 3106 2560; x_wconf 69' lang='lat' dir='ltr'><strong><em>.eque</em></strong></span> <span class='ocrx_word' id='word_1_365' title='bbox 3135 2491 3292 2547; x_wconf 89' lang='lat' dir='ltr'><strong><em>bene.</em></strong></span> <span class='ocrx_word' id='word_1_366' title='bbox 3319 2490 3606 2560; x_wconf 74' lang='lat' dir='ltr'><strong><em>Propterea</em></strong></span> <span class='ocrx_word' id='word_1_367' title='bbox 3633 2492 3796 2547; x_wconf 83' lang='lat' dir='ltr'><strong><em>silen-</em></strong></span> 
     </span>
    </p>
   </div>
   <div class='ocr_carea' id='block_1_53' title="bbox 2215 2581 3792 2654">
    <p class='ocr_par' dir='ltr' id='par_1_53' title="bbox 2215 2581 3792 2654">
     <span class='ocr_line' id='line_1_53' title="bbox 2215 2581 3792 2654; baseline 0.001 -16"><span class='ocrx_word' id='word_1_368' title='bbox 2215 2585 2346 2638; x_wconf 87' lang='lat' dir='ltr'><strong><em>tium</em></strong></span> <span class='ocrx_word' id='word_1_369' title='bbox 2377 2592 2525 2637; x_wconf 90' lang='lat' dir='ltr'><strong><em>tuum</em></strong></span> <span class='ocrx_word' id='word_1_370' title='bbox 2557 2597 2879 2652; x_wconf 84' lang='lat' dir='ltr'><strong><em>conqueror.</em></strong></span> <span class='ocrx_word' id='word_1_371' title='bbox 2930 2581 3078 2640; x_wconf 79' lang='lat' dir='ltr'><strong><em>Facit</em></strong></span> <span class='ocrx_word' id='word_1_372' title='bbox 3113 2588 3255 2639; x_wconf 89' lang='lat' dir='ltr'><strong><em>enim</em></strong></span> <span class='ocrx_word' id='word_1_373' title='bbox 3286 2587 3521 2641; x_wconf 87' lang='lat' dir='ltr'><strong><em>tenerior</em></strong></span> <span class='ocrx_word' id='word_1_374' title='bbox 3562 2585 3792 2654; x_wconf 78' lang='lat' dir='ltr'><strong><em>affectio,</em></strong></span> 
     </span>
    </p>
   </div>
   <div class='ocr_carea' id='block_1_54' title="bbox 2217 2677 3793 2748">
    <p class='ocr_par' dir='ltr' id='par_1_54' title="bbox 2217 2677 3793 2748">
     <span class='ocr_line' id='line_1_54' title="bbox 2217 2677 3793 2748; baseline 0.001 -18"><span class='ocrx_word' id='word_1_375' title='bbox 2217 2691 2270 2730; x_wconf 90' lang='lat' dir='ltr'><strong><em>ut</em></strong></span> <span class='ocrx_word' id='word_1_376' title='bbox 2299 2679 2369 2733; x_wconf 87' lang='lat' dir='ltr'><strong><em>sit</em></strong></span> <span class='ocrx_word' id='word_1_377' title='bbox 2397 2677 2612 2748; x_wconf 84' lang='lat' dir='ltr'><strong><em>querela</em></strong></span> <span class='ocrx_word' id='word_1_378' title='bbox 2654 2677 2964 2746; x_wconf 65' lang='lat' dir='ltr'><strong><em>proclisior.</em></strong></span> <span class='ocrx_word' id='word_1_379' title='bbox 2997 2678 3168 2733; x_wconf 83' lang='lat' dir='ltr'><strong><em>Mollis</em></strong></span> <span class='ocrx_word' id='word_1_380' title='bbox 3202 2687 3284 2733; x_wconf 88' lang='lat' dir='ltr'><strong><em>est</em></strong></span> <span class='ocrx_word' id='word_1_381' title='bbox 3325 2679 3534 2733; x_wconf 77' lang='lat' dir='ltr'><strong><em>animus</em></strong></span> <span class='ocrx_word' id='word_1_382' title='bbox 3566 2679 3793 2748; x_wconf 79' lang='lat' dir='ltr'><strong><em>diligen-</em></strong></span> 
     </span>
    </p>
   </div>
   <div class='ocr_carea' id='block_1_55' title="bbox 2219 2769 3795 2842">
    <p class='ocr_par' dir='ltr' id='par_1_55' title="bbox 2219 2769 3795 2842">
     <span class='ocr_line' id='line_1_55' title="bbox 2219 2769 3795 2842; baseline -0.001 -16"><span class='ocrx_word' id='word_1_383' title='bbox 2219 2772 2316 2836; x_wconf 85' lang='lat' dir='ltr'><strong><em>tis;</em></strong></span> <span class='ocrx_word' id='word_1_384' title='bbox 2345 2780 2399 2825; x_wconf 87' lang='lat' dir='ltr'><strong><em>et</em></strong></span> <span class='ocrx_word' id='word_1_385' title='bbox 2427 2771 2490 2824; x_wconf 84' lang='lat' dir='ltr'><strong><em>ad</em></strong></span> <span class='ocrx_word' id='word_1_386' title='bbox 2523 2785 2737 2825; x_wconf 88' lang='lat' dir='ltr'><strong><em>omnem</em></strong></span> <span class='ocrx_word' id='word_1_387' title='bbox 2781 2785 2997 2824; x_wconf 85' lang='lat' dir='ltr'><strong><em>sensum</em></strong></span> <span class='ocrx_word' id='word_1_388' title='bbox 3027 2769 3231 2824; x_wconf 82' lang='lat' dir='ltr'><strong><em>doloris</em></strong></span> <span class='ocrx_word' id='word_1_389' title='bbox 3257 2779 3494 2839; x_wconf 81' lang='lat' dir='ltr'><strong><em>argutus.</em></strong></span> <span class='ocrx_word' id='word_1_390' title='bbox 3538 2769 3595 2825; x_wconf 86' lang='lat' dir='ltr'><strong>Si</strong></span> <span class='ocrx_word' id='word_1_391' title='bbox 3627 2770 3795 2842; x_wconf 80' lang='lat' dir='ltr'><strong><em>negli-</em></strong></span> 
     </span>
    </p>
   </div>
   <div class='ocr_carea' id='block_1_56' title="bbox 2217 2864 3798 2934">
    <p class='ocr_par' dir='ltr' id='par_1_56' title="bbox 2217 2864 3798 2934">
     <span class='ocr_line' id='line_1_56' title="bbox 2217 2864 3798 2934; baseline 0 -16"><span class='ocrx_word' id='word_1_392' title='bbox 2217 2864 2432 2934; x_wconf 78' lang='lat' dir='ltr'><strong><em>gentius</em></strong></span> <span class='ocrx_word' id='word_1_393' title='bbox 2463 2873 2682 2926; x_wconf 84' lang='lat' dir='ltr'><strong><em>tractes.</em></strong></span> <span class='ocrx_word' id='word_1_394' title='bbox 2715 2865 2823 2918; x_wconf 85' lang='lat' dir='ltr'><strong><em>cito</em></strong></span> <span class='ocrx_word' id='word_1_395' title='bbox 2850 2871 3074 2927; x_wconf 79' lang='lat' dir='ltr'><strong><em>marcet,</em></strong></span> <span class='ocrx_word' id='word_1_396' title='bbox 3121 2871 3177 2918; x_wconf 88' lang='lat' dir='ltr'><strong><em>ttt</em></strong></span> <span class='ocrx_word' id='word_1_397' title='bbox 3205 2878 3326 2919; x_wconf 82' lang='lat' dir='ltr'><strong><em>rosa</em></strong></span> <span class='ocrx_word' id='word_1_398' title='bbox 3363 2882 3372 2916; x_wconf 93' lang='lat'>:</span> <span class='ocrx_word' id='word_1_399' title='bbox 3411 2864 3455 2918; x_wconf 89' lang='lat' dir='ltr'><strong><em>si</em></strong></span> <span class='ocrx_word' id='word_1_400' title='bbox 3500 2864 3685 2919; x_wconf 89' lang='lat' dir='ltr'><strong><em>durius</em></strong></span> <span class='ocrx_word' id='word_1_401' title='bbox 3715 2875 3798 2919; x_wconf 80' lang='lat' dir='ltr'><strong><em>te-</em></strong></span> 
     </span>
    </p>
   </div>
   <div class='ocr_carea' id='block_1_57' title="bbox 2219 2954 3798 3026">
    <p class='ocr_par' dir='ltr' id='par_1_57' title="bbox 2219 2954 3798 3026">
     <span class='ocr_line' id='line_1_57' title="bbox 2219 2954 3798 3026; baseline 0 -16"><span class='ocrx_word' id='word_1_402' title='bbox 2219 2971 2369 3022; x_wconf 83' lang='lat' dir='ltr'><strong><em>neas,</em></strong></span> <span class='ocrx_word' id='word_1_403' title='bbox 2397 2955 2523 3012; x_wconf 86' lang='lat' dir='ltr'><strong><em>livet</em></strong></span> <span class='ocrx_word' id='word_1_404' title='bbox 2551 2964 2607 3009; x_wconf 90' lang='lat' dir='ltr'><strong><em>ut</em></strong></span> <span class='ocrx_word' id='word_1_405' title='bbox 2629 2955 2759 3010; x_wconf 85' lang='lat' dir='ltr'><strong><em>lilia.</em></strong></span> <span class='ocrx_word' id='word_1_406' title='bbox 2786 2954 3006 3026; x_wconf 77' lang='lat' dir='ltr'><strong><em>Legisse</em></strong></span> <span class='ocrx_word' id='word_1_407' title='bbox 3034 2957 3275 3018; x_wconf 87' lang='lat' dir='ltr'><strong><em>memini,</em></strong></span> <span class='ocrx_word' id='word_1_408' title='bbox 3299 2956 3444 3009; x_wconf 85' lang='lat' dir='ltr'><strong><em>vultu</em></strong></span> <span class='ocrx_word' id='word_1_409' title='bbox 3473 2956 3634 3011; x_wconf 88' lang='lat' dir='ltr'><strong><em>etiam</em></strong></span> <span class='ocrx_word' id='word_1_410' title='bbox 3657 2971 3798 3024; x_wconf 60' lang='lat' dir='ltr'><strong><em>sape</em></strong></span> 
     </span>
    </p>
   </div>
   <div class='ocr_carea' id='block_1_58' title="bbox 2219 3046 3796 3117">
    <p class='ocr_par' dir='ltr' id='par_1_58' title="bbox 2219 3046 3796 3117">
     <span class='ocr_line' id='line_1_58' title="bbox 2219 3046 3796 3117; baseline -0.001 -14"><span class='ocrx_word' id='word_1_411' title='bbox 2219 3049 2336 3104; x_wconf 80' lang='lat' dir='ltr'><strong><em>Lcdi</em></strong></span> <span class='ocrx_word' id='word_1_412' title='bbox 2363 3049 2634 3117; x_wconf 80' lang='lat' dir='ltr'><strong><em>pietatem.</em></strong></span> <span class='ocrx_word' id='word_1_413' title='bbox 2664 3046 2802 3116; x_wconf 86' lang='lat' dir='ltr'><strong><em>Quid</em></strong></span> <span class='ocrx_word' id='word_1_414' title='bbox 2822 3047 2912 3102; x_wconf 84' lang='lat' dir='ltr'><strong><em>ille</em></strong></span> <span class='ocrx_word' id='word_1_415' title='bbox 2937 3057 3042 3102; x_wconf 86' lang='lat' dir='ltr'><strong><em>tam</em></strong></span> <span class='ocrx_word' id='word_1_416' title='bbox 3066 3047 3238 3102; x_wconf 84' lang='lat' dir='ltr'><strong><em>serius</em></strong></span> <span class='ocrx_word' id='word_1_417' title='bbox 3264 3046 3466 3102; x_wconf 83' lang='lat' dir='ltr'><strong><em>arbiter</em></strong></span> <span class='ocrx_word' id='word_1_418' title='bbox 3483 3062 3646 3117; x_wconf 86' lang='lat' dir='ltr'><strong><em>super</em></strong></span> <span class='ocrx_word' id='word_1_419' title='bbox 3666 3063 3796 3104; x_wconf 85' lang='lat' dir='ltr'><strong><em>con-</em></strong></span> 
     </span>
    </p>
   </div>
   <div class='ocr_carea' id='block_1_59' title="bbox 2220 3141 3802 3198">
    <p class='ocr_par' dir='ltr' id='par_1_59' title="bbox 2220 3141 3802 3198">
     <span class='ocr_line' id='line_1_59' title="bbox 2220 3141 3802 3198; baseline -0.002 0"><span class='ocrx_word' id='word_1_420' title='bbox 2220 3144 2369 3198; x_wconf 89' lang='lat' dir='ltr'><strong><em>tinuo</em></strong></span> <span class='ocrx_word' id='word_1_421' title='bbox 2397 3143 2609 3196; x_wconf 86' lang='lat' dir='ltr'><strong><em>silentio</em></strong></span> <span class='ocrx_word' id='word_1_422' title='bbox 2640 3156 2702 3197; x_wconf 87' lang='lat' dir='ltr'><strong><em>ac</em></strong></span> <span class='ocrx_word' id='word_1_423' title='bbox 2737 3141 3076 3196; x_wconf 85' lang='lat' dir='ltr'><strong><em>dissimulato</em></strong></span> <span class='ocrx_word' id='word_1_424' title='bbox 3104 3141 3371 3196; x_wconf 82' lang='lat' dir='ltr'><strong><em>scribendi</em></strong></span> <span class='ocrx_word' id='word_1_425' title='bbox 3411 3156 3634 3197; x_wconf 86' lang='lat' dir='ltr'><strong><em>munere</em></strong></span> <span class='ocrx_word' id='word_1_426' title='bbox 3674 3156 3802 3197; x_wconf 84' lang='lat' dir='ltr'><strong><em>cen-</em></strong></span> 
     </span>
    </p>
   </div>
   <div class='ocr_carea' id='block_1_60' title="bbox 460 3227 3802 3320">
    <p class='ocr_par' dir='ltr' id='par_1_60' title="bbox 460 3227 3802 3320">
     <span class='ocr_line' id='line_1_60' title="bbox 460 3227 3802 3320; baseline -0.002 -25"><span class='ocrx_word' id='word_1_427' title='bbox 460 3315 464 3320; x_wconf 27' lang='lat'><strong><em>.</em></strong></span> <span class='ocrx_word' id='word_1_428' title='bbox 535 3247 768 3301; x_wconf 69' lang='lat' dir='ltr'><strong><em>Maronis</em></strong></span> <span class='ocrx_word' id='word_1_429' title='bbox 796 3247 1047 3300; x_wconf 67' lang='lat' dir='ltr'><strong><em>accedat?</em></strong></span> <span class='ocrx_word' id='word_1_430' title='bbox 1079 3247 1201 3313; x_wconf 64' lang='lat' dir='ltr'><strong><em>Qui;</em></strong></span> <span class='ocrx_word' id='word_1_431' title='bbox 1232 3247 1303 3298; x_wconf 67' lang='lat' dir='ltr'><strong><em>ita</em></strong></span> <span class='ocrx_word' id='word_1_432' title='bbox 1331 3244 1529 3312; x_wconf 66' lang='grc' dir='ltr'><strong><em>ηῇιτιει</em></strong></span> <span class='ocrx_word' id='word_1_433' title='bbox 1561 3246 1796 3315; x_wconf 55' lang='lat' dir='ltr'><strong><em>singula,</em></strong></span> <span class='ocrx_word' id='word_1_434' title='bbox 1847 3254 1903 3298; x_wconf 62' lang='lat' dir='ltr'><strong><em>ut</em></strong></span> <span class='ocrx_word' id='word_1_435' title='bbox 1929 3257 1983 3299; x_wconf 73' lang='grc' dir='ltr'>ω</span> <span class='ocrx_word' id='word_1_436' title='bbox 2010 3246 2110 3300; x_wconf 69' lang='lat' dir='ltr'><strong><em>im-</em></strong></span> <span class='ocrx_word' id='word_1_437' title='bbox 2140 3227 2186 3287; x_wconf 84' lang='lat' dir='ltr'><strong>C</strong></span> <span class='ocrx_word' id='word_1_438' title='bbox 2223 3237 2453 3306; x_wconf 85' lang='lat' dir='ltr'><strong><em>sn&#39;sset‘_?</em></strong></span> <span class='ocrx_word' id='word_1_439' title='bbox 2474 3236 2675 3291; x_wconf 84' lang='lat' dir='ltr'><strong><em>Tecum</em></strong></span> <span class='ocrx_word' id='word_1_440' title='bbox 2713 3235 2827 3290; x_wconf 68' lang='lat' dir='ltr'><strong><em>haec</em></strong></span> <span class='ocrx_word' id='word_1_441' title='bbox 2861 3237 3075 3305; x_wconf 88' lang='lat' dir='ltr'><strong><em>pensius</em></strong></span> <span class='ocrx_word' id='word_1_442' title='bbox 3105 3234 3418 3291; x_wconf 72' lang='lat' dir='ltr'><strong><em>aestimabis.</em></strong></span> <span class='ocrx_word' id='word_1_443' title='bbox 3452 3230 3579 3290; x_wconf 79' lang='lat' dir='ltr'><strong><em>Mitti</em></strong></span> <span class='ocrx_word' id='word_1_444' title='bbox 3619 3234 3802 3306; x_wconf 78' lang='lat' dir='ltr'><strong><em>religio</em></strong></span> 
     </span>
    </p>
   </div>
   <div class='ocr_carea' id='block_1_61' title="bbox 534 3340 2109 3411">
    <p class='ocr_par' dir='ltr' id='par_1_61' title="bbox 534 3340 2109 3411">
     <span class='ocr_line' id='line_1_61' title="bbox 534 3340 2109 3411; baseline 0 -18"><span class='ocrx_word' id='word_1_445' title='bbox 534 3341 644 3411; x_wconf 78' lang='lat' dir='ltr'><strong><em>ples</em></strong></span> <span class='ocrx_word' id='word_1_446' title='bbox 668 3340 878 3394; x_wconf 82' lang='lat' dir='ltr'><strong><em>omnia?</em></strong></span> <span class='ocrx_word' id='word_1_447' title='bbox 910 3340 1048 3407; x_wconf 83' lang='lat' dir='ltr'><strong><em>Quid</em></strong></span> <span class='ocrx_word' id='word_1_448' title='bbox 1075 3340 1211 3392; x_wconf 90' lang='lat' dir='ltr'><strong><em>enim</em></strong></span> <span class='ocrx_word' id='word_1_449' title='bbox 1238 3341 1384 3393; x_wconf 85' lang='lat' dir='ltr'><strong><em>aliud</em></strong></span> <span class='ocrx_word' id='word_1_450' title='bbox 1413 3356 1463 3393; x_wconf 90' lang='lat' dir='ltr'><strong><em>es</em></strong></span> <span class='ocrx_word' id='word_1_451' title='bbox 1502 3356 1655 3408; x_wconf 87' lang='lat' dir='ltr'><strong><em>quam</em></strong></span> <span class='ocrx_word' id='word_1_452' title='bbox 1697 3356 1763 3394; x_wconf 74' lang='lat' dir='ltr'><strong><em>ea:</em></strong></span> <span class='ocrx_word' id='word_1_453' title='bbox 1787 3340 1922 3393; x_wconf 88' lang='lat' dir='ltr'><strong><em>omni</em></strong></span> <span class='ocrx_word' id='word_1_454' title='bbox 1949 3340 2109 3394; x_wconf 88' lang='lat' dir='ltr'><strong><em>bona-</em></strong></span> 
     </span>
    </p>
   </div>
   <div class='ocr_carea' id='block_1_62' title="bbox 535 3431 2114 3503">
    <p class='ocr_par' dir='ltr' id='par_1_62' title="bbox 535 3431 2114 3503">
     <span class='ocr_line' id='line_1_62' title="bbox 535 3431 2114 3503; baseline 0.003 -19"><span class='ocrx_word' id='word_1_455' title='bbox 535 3449 648 3486; x_wconf 88' lang='lat' dir='ltr'><strong><em>rum</em></strong></span> <span class='ocrx_word' id='word_1_456' title='bbox 687 3434 875 3486; x_wconf 79' lang='lat' dir='ltr'><strong><em>artium</em></strong></span> <span class='ocrx_word' id='word_1_457' title='bbox 915 3433 1115 3503; x_wconf 83' lang='lat' dir='ltr'><strong><em>ingcuio</em></strong></span> <span class='ocrx_word' id='word_1_458' title='bbox 1155 3431 1366 3484; x_wconf 79' lang='lat' dir='ltr'><strong><em>collecta</em></strong></span> <span class='ocrx_word' id='word_1_459' title='bbox 1410 3433 1689 3501; x_wconf 71' lang='lat' dir='ltr'><strong><em>perfectio?</em></strong></span> <span class='ocrx_word' id='word_1_460' title='bbox 1721 3431 1874 3496; x_wconf 65' lang='lat' dir='ltr'><strong><em>Haec,</em></strong></span> <span class='ocrx_word' id='word_1_461' title='bbox 1905 3432 2114 3488; x_wconf 86' lang='lat' dir='ltr'><strong><em>domine</em></strong></span> 
     </span>
    </p>
   </div>
   <div class='ocr_carea' id='block_1_63' title="bbox 535 3521 2116 3592">
    <p class='ocr_par' dir='ltr' id='par_1_63' title="bbox 535 3521 2116 3592">
     <span class='ocr_line' id='line_1_63' title="bbox 535 3521 2116 3592; baseline 0.002 -18"><span class='ocrx_word' id='word_1_462' title='bbox 535 3523 624 3583; x_wconf 86' lang='lat' dir='ltr'><strong><em>mi,</em></strong></span> <span class='ocrx_word' id='word_1_463' title='bbox 654 3523 731 3592; x_wconf 80' lang='lat' dir='ltr'><strong><em>fili</em></strong></span> <span class='ocrx_word' id='word_1_464' title='bbox 758 3521 1066 3592; x_wconf 84' lang='lat' dir='ltr'><strong><em>Symmache</em></strong></span> <span class='ocrx_word' id='word_1_465' title='bbox 1084 3563 1099 3586; x_wconf 90' lang='lat'><strong><em>,</em></strong></span> <span class='ocrx_word' id='word_1_466' title='bbox 1142 3537 1240 3574; x_wconf 88' lang='lat' dir='ltr'><strong><em>non</em></strong></span> <span class='ocrx_word' id='word_1_467' title='bbox 1277 3537 1448 3575; x_wconf 82' lang='lat' dir='ltr'><strong><em>vereor</em></strong></span> <span class='ocrx_word' id='word_1_468' title='bbox 1476 3538 1538 3575; x_wconf 90' lang='lat' dir='ltr'><strong><em>ne</em></strong></span> <span class='ocrx_word' id='word_1_469' title='bbox 1567 3523 1618 3574; x_wconf 89' lang='lat' dir='ltr'><strong><em>in</em></strong></span> <span class='ocrx_word' id='word_1_470' title='bbox 1643 3535 1690 3575; x_wconf 94' lang='lat' dir='ltr'><strong><em>te</em></strong></span> <span class='ocrx_word' id='word_1_471' title='bbox 1710 3521 1948 3577; x_wconf 81' lang='lat' dir='ltr'><strong><em>blandius</em></strong></span> <span class='ocrx_word' id='word_1_472' title='bbox 1975 3523 2116 3578; x_wconf 87' lang='lat' dir='ltr'><strong><em>dicta</em></strong></span> 
     </span>
    </p>
   </div>
   <div class='ocr_carea' id='block_1_64' title="bbox 535 3614 2115 3685">
    <p class='ocr_par' dir='ltr' id='par_1_64' title="bbox 535 3614 2115 3685">
     <span class='ocr_line' id='line_1_64' title="bbox 535 3614 2115 3685; baseline 0.002 -15"><span class='ocrx_word' id='word_1_473' title='bbox 535 3619 802 3671; x_wconf 79' lang='lat' dir='ltr'><strong><em>uideantur</em></strong></span> <span class='ocrx_word' id='word_1_474' title='bbox 832 3632 938 3670; x_wconf 84' lang='lat' dir='ltr'><strong><em>esse</em></strong></span> <span class='ocrx_word' id='word_1_475' title='bbox 982 3631 1137 3683; x_wconf 87' lang='lat' dir='ltr'><strong><em>quam</em></strong></span> <span class='ocrx_word' id='word_1_476' title='bbox 1165 3617 1347 3670; x_wconf 81' lang='lat' dir='ltr'><strong><em>uerius.</em></strong></span> <span class='ocrx_word' id='word_1_477' title='bbox 1378 3614 1442 3670; x_wconf 78' lang='lat' dir='ltr'><strong><em>Et</em></strong></span> <span class='ocrx_word' id='word_1_478' title='bbox 1470 3625 1708 3685; x_wconf 73' lang='lat' dir='ltr'><strong><em>expertus</em></strong></span> <span class='ocrx_word' id='word_1_479' title='bbox 1732 3633 1784 3670; x_wconf 90' lang='lat' dir='ltr'><strong><em>es</em></strong></span> <span class='ocrx_word' id='word_1_480' title='bbox 1810 3617 1963 3684; x_wconf 78' lang='lat' dir='ltr'><strong><em>ﬁdem</em></strong></span> <span class='ocrx_word' id='word_1_481' title='bbox 1991 3633 2115 3673; x_wconf 67' lang='lat' dir='ltr'><strong><em>mete</em></strong></span> 
     </span>
    </p>
   </div>
   <div class='ocr_carea' id='block_1_65' title="bbox 492 3709 2115 3781">
    <p class='ocr_par' dir='ltr' id='par_1_65' title="bbox 492 3709 2115 3781">
     <span class='ocr_line' id='line_1_65' title="bbox 492 3709 2115 3781; baseline 0.003 -21"><span class='ocrx_word' id='word_1_482' title='bbox 492 3778 493 3781; x_wconf 15' lang='grc' dir='ltr'><strong>η</strong></span> <span class='ocrx_word' id='word_1_483' title='bbox 537 3711 716 3764; x_wconf 87' lang='lat' dir='ltr'><strong><em>mentis</em></strong></span> <span class='ocrx_word' id='word_1_484' title='bbox 739 3719 892 3780; x_wconf 87' lang='lat' dir='ltr'><strong><em>atque</em></strong></span> <span class='ocrx_word' id='word_1_485' title='bbox 914 3710 1188 3775; x_wconf 70' lang='lat' dir='ltr'><strong><em>dic‘orum,</em></strong></span> <span class='ocrx_word' id='word_1_486' title='bbox 1218 3727 1329 3762; x_wconf 90' lang='lat' dir='ltr'><strong><em>cum</em></strong></span> <span class='ocrx_word' id='word_1_487' title='bbox 1354 3709 1404 3761; x_wconf 89' lang='lat' dir='ltr'><strong><em>in</em></strong></span> <span class='ocrx_word' id='word_1_488' title='bbox 1425 3711 1664 3764; x_wconf 85' lang='lat' dir='ltr'><strong><em>comitatu</em></strong></span> <span class='ocrx_word' id='word_1_489' title='bbox 1690 3709 1922 3780; x_wconf 87' lang='lat' dir='ltr'><strong><em>degimus</em></strong></span> <span class='ocrx_word' id='word_1_490' title='bbox 1943 3712 2115 3778; x_wconf 89' lang='lat' dir='ltr'><strong><em>ambo,</em></strong></span> 
     </span>
    </p>
   </div>
   <div class='ocr_carea' id='block_1_66' title="bbox 536 3799 2118 3870">
    <p class='ocr_par' dir='ltr' id='par_1_66' title="bbox 536 3799 2118 3870">
     <span class='ocr_line' id='line_1_66' title="bbox 536 3799 2118 3870; baseline 0.003 -18"><span class='ocrx_word' id='word_1_491' title='bbox 536 3816 644 3854; x_wconf 73' lang='grc' dir='ltr'><strong><em>ιιιυο</em></strong></span> <span class='ocrx_word' id='word_1_492' title='bbox 680 3799 877 3868; x_wconf 86' lang='lat' dir='ltr'><strong><em>dispari</em></strong></span> <span class='ocrx_word' id='word_1_493' title='bbox 911 3816 930 3854; x_wconf 81' lang='lat'><strong><em>.&#39;</em></strong></span> <span class='ocrx_word' id='word_1_494' title='bbox 961 3799 1048 3853; x_wconf 87' lang='lat' dir='ltr'><strong><em>ubi</em></strong></span> <span class='ocrx_word' id='word_1_495' title='bbox 1085 3809 1137 3853; x_wconf 87' lang='lat' dir='ltr'><strong><em>tu</em></strong></span> <span class='ocrx_word' id='word_1_496' title='bbox 1174 3801 1349 3856; x_wconf 74' lang='lat' dir='ltr'><strong><em>ueteris</em></strong></span> <span class='ocrx_word' id='word_1_497' title='bbox 1388 3802 1587 3854; x_wconf 72' lang='lat' dir='ltr'><strong><em>militia:</em></strong></span> <span class='ocrx_word' id='word_1_498' title='bbox 1633 3803 1846 3870; x_wconf 68' lang='lat' dir='ltr'><strong><em>praemia</em></strong></span> <span class='ocrx_word' id='word_1_499' title='bbox 1875 3803 1974 3855; x_wconf 90' lang='lat' dir='ltr'><strong><em>tiro</em></strong></span> <span class='ocrx_word' id='word_1_500' title='bbox 2011 3820 2118 3857; x_wconf 84' lang='lat' dir='ltr'><strong><em>nte-</em></strong></span> 
     </span>
    </p>
   </div>
   <div class='ocr_carea' id='block_1_67' title="bbox 537 3891 2119 3964">
    <p class='ocr_par' dir='ltr' id='par_1_67' title="bbox 537 3891 2119 3964">
     <span class='ocr_line' id='line_1_67' title="bbox 537 3891 2119 3964; baseline 0.001 -20"><span class='ocrx_word' id='word_1_501' title='bbox 537 3893 684 3948; x_wconf 87' lang='lat' dir='ltr'><strong><em>ruisti</em></strong></span> <span class='ocrx_word' id='word_1_502' title='bbox 705 3935 721 3960; x_wconf 92' lang='lat'><strong><em>,</em></strong></span> <span class='ocrx_word' id='word_1_503' title='bbox 748 3910 840 3964; x_wconf 83' lang='lat' dir='ltr'><strong><em>ego</em></strong></span> <span class='ocrx_word' id='word_1_504' title='bbox 865 3892 1159 3948; x_wconf 81' lang='lat' dir='ltr'><strong><em>tirocinium</em></strong></span> <span class='ocrx_word' id='word_1_505' title='bbox 1180 3895 1293 3963; x_wconf 85' lang='lat' dir='ltr'><strong><em>jam</em></strong></span> <span class='ocrx_word' id='word_1_506' title='bbox 1319 3905 1584 3947; x_wconf 85' lang='lat' dir='ltr'><strong><em>veteranus</em></strong></span> <span class='ocrx_word' id='word_1_507' title='bbox 1621 3895 1846 3949; x_wconf 69' lang='lat' dir='ltr'><strong><em>exercui.</em></strong></span> <span class='ocrx_word' id='word_1_508' title='bbox 1877 3891 1942 3948; x_wconf 87' lang='lat' dir='ltr'><strong><em>In</em></strong></span> <span class='ocrx_word' id='word_1_509' title='bbox 1963 3895 2119 3948; x_wconf 85' lang='lat' dir='ltr'><strong><em>comi-</em></strong></span> 
     </span>
    </p>
   </div>
   <div class='ocr_carea' id='block_1_68' title="bbox 538 3985 2120 4055">
    <p class='ocr_par' dir='ltr' id='par_1_68' title="bbox 538 3985 2120 4055">
     <span class='ocr_line' id='line_1_68' title="bbox 538 3985 2120 4055; baseline -0.001 -17"><span class='ocrx_word' id='word_1_510' title='bbox 538 3995 648 4039; x_wconf 89' lang='lat' dir='ltr'><strong><em>tatu</em></strong></span> <span class='ocrx_word' id='word_1_511' title='bbox 679 3985 768 4039; x_wconf 87' lang='lat' dir='ltr'><strong><em>tibi</em></strong></span> <span class='ocrx_word' id='word_1_512' title='bbox 809 4000 951 4039; x_wconf 81' lang='lat' dir='ltr'><strong><em>uerus</em></strong></span> <span class='ocrx_word' id='word_1_513' title='bbox 985 3986 1058 4053; x_wconf 85' lang='lat' dir='ltr'><strong><em>fui</em></strong></span> <span class='ocrx_word' id='word_1_514' title='bbox 1089 4001 1106 4037; x_wconf 90' lang='lat'><em>:</em></span> <span class='ocrx_word' id='word_1_515' title='bbox 1138 3985 1325 4039; x_wconf 88' lang='lat' dir='ltr'><strong><em>nedum</em></strong></span> <span class='ocrx_word' id='word_1_516' title='bbox 1359 4001 1433 4039; x_wconf 83' lang='lat' dir='ltr'><strong><em>me</em></strong></span> <span class='ocrx_word' id='word_1_517' title='bbox 1472 4000 1680 4055; x_wconf 84' lang='lat' dir='ltr'><strong><em>peregre</em></strong></span> <span class='ocrx_word' id='word_1_518' title='bbox 1703 3987 1958 4040; x_wconf 61' lang='lat' dir='ltr'><strong><em>existimes</em></strong></span> <span class='ocrx_word' id='word_1_519' title='bbox 1984 4002 2120 4039; x_wconf 85' lang='lat' dir='ltr'><strong><em>com-</em></strong></span> 
     </span>
    </p>
   </div>
   <div class='ocr_carea' id='block_1_69' title="bbox 538 4075 2121 4147">
    <p class='ocr_par' dir='ltr' id='par_1_69' title="bbox 538 4075 2121 4147">
     <span class='ocr_line' id='line_1_69' title="bbox 538 4075 2121 4147; baseline 0.001 -18"><span class='ocrx_word' id='word_1_520' title='bbox 538 4077 703 4146; x_wconf 85' lang='lat' dir='ltr'><strong><em>posita</em></strong></span> <span class='ocrx_word' id='word_1_521' title='bbox 734 4076 976 4146; x_wconf 88' lang='lat' dir='ltr'><strong><em>fabulari.</em></strong></span> <span class='ocrx_word' id='word_1_522' title='bbox 1009 4075 1076 4130; x_wconf 89' lang='lat' dir='ltr'><strong><em>In</em></strong></span> <span class='ocrx_word' id='word_1_523' title='bbox 1101 4079 1372 4140; x_wconf 85' lang='lat' dir='ltr'><strong><em>comitatu,</em></strong></span> <span class='ocrx_word' id='word_1_524' title='bbox 1403 4076 1612 4146; x_wconf 88' lang='lat' dir='ltr'><strong><em>inquam</em></strong></span> <span class='ocrx_word' id='word_1_525' title='bbox 1635 4119 1650 4143; x_wconf 92' lang='lat'><strong><em>,</em></strong></span> <span class='ocrx_word' id='word_1_526' title='bbox 1681 4077 1770 4147; x_wconf 85' lang='lat' dir='ltr'><strong><em>qui</em></strong></span> <span class='ocrx_word' id='word_1_527' title='bbox 1799 4077 1989 4145; x_wconf 87' lang='lat' dir='ltr'><strong><em>frontes</em></strong></span> <span class='ocrx_word' id='word_1_528' title='bbox 2028 4077 2121 4131; x_wconf 81' lang='lat' dir='ltr'><strong><em>Ito-</em></strong></span> 
     </span>
    </p>
   </div>
   <div class='ocr_carea' id='block_1_70' title="bbox 540 4157 2120 4242">
    <p class='ocr_par' dir='ltr' id='par_1_70' title="bbox 540 4157 2120 4242">
     <span class='ocr_line' id='line_1_70' title="bbox 540 4157 2120 4242; baseline 0.003 -21"><span class='ocrx_word' id='word_1_529' title='bbox 540 4172 733 4223; x_wconf 81' lang='lat' dir='ltr'><strong><em>minum</em></strong></span> <span class='ocrx_word' id='word_1_530' title='bbox 751 4157 933 4240; x_wconf 56' lang='lat' dir='ltr'><strong><em>a&#39;perit,</em></strong></span> <span class='ocrx_word' id='word_1_531' title='bbox 958 4181 1147 4224; x_wconf 84' lang='lat' dir='ltr'><strong><em>mentes</em></strong></span> <span class='ocrx_word' id='word_1_532' title='bbox 1168 4171 1306 4241; x_wconf 77' lang='lat' dir='ltr'><strong><em>tegit,</em></strong></span> <span class='ocrx_word' id='word_1_533' title='bbox 1335 4186 1414 4224; x_wconf 87' lang='lat' dir='ltr'><strong><em>me</em></strong></span> <span class='ocrx_word' id='word_1_534' title='bbox 1439 4171 1525 4224; x_wconf 84' lang='lat' dir='ltr'><strong><em>tibi</em></strong></span> <span class='ocrx_word' id='word_1_535' title='bbox 1545 4181 1593 4227; x_wconf 77' lang='lat' dir='ltr'><strong><em>et</em></strong></span> <span class='ocrx_word' id='word_1_536' title='bbox 1614 4183 1842 4242; x_wconf 81' lang='lat' dir='ltr'><strong><em>parente,</em></strong></span> <span class='ocrx_word' id='word_1_537' title='bbox 1867 4180 1914 4224; x_wconf 87' lang='lat' dir='ltr'><strong><em>et</em></strong></span> <span class='ocrx_word' id='word_1_538' title='bbox 1932 4172 2120 4238; x_wconf 88' lang='lat' dir='ltr'><strong><em>amico,</em></strong></span> 
     </span>
    </p>
   </div>
   <div class='ocr_carea' id='block_1_71' title="bbox 541 4264 2121 4335">
    <p class='ocr_par' dir='ltr' id='par_1_71' title="bbox 541 4264 2121 4335">
     <span class='ocr_line' id='line_1_71' title="bbox 541 4264 2121 4335; baseline 0.004 -19"><span class='ocrx_word' id='word_1_539' title='bbox 541 4276 586 4316; x_wconf 77' lang='lat' dir='ltr'><strong><em>et</em></strong></span> <span class='ocrx_word' id='word_1_540' title='bbox 621 4264 667 4318; x_wconf 88' lang='lat' dir='ltr'><strong><em>si</em></strong></span> <span class='ocrx_word' id='word_1_541' title='bbox 693 4265 815 4333; x_wconf 88' lang='lat' dir='ltr'><strong><em>quid</em></strong></span> <span class='ocrx_word' id='word_1_542' title='bbox 854 4274 1068 4335; x_wconf 82' lang='lat' dir='ltr'><strong><em>utroque</em></strong></span> <span class='ocrx_word' id='word_1_543' title='bbox 1103 4267 1272 4320; x_wconf 84' lang='lat' dir='ltr'><strong><em>carius</em></strong></span> <span class='ocrx_word' id='word_1_544' title='bbox 1296 4273 1392 4331; x_wconf 82' lang='lat' dir='ltr'><strong><em>est,</em></strong></span> <span class='ocrx_word' id='word_1_545' title='bbox 1426 4266 1671 4319; x_wconf 84' lang='lat' dir='ltr'><strong><em>cariomn</em></strong></span> <span class='ocrx_word' id='word_1_546' title='bbox 1712 4265 1872 4334; x_wconf 84' lang='lat' dir='ltr'><strong><em>fuisse</em></strong></span> <span class='ocrx_word' id='word_1_547' title='bbox 1897 4267 2121 4322; x_wconf 83' lang='lat' dir='ltr'><strong><em>sensisti.</em></strong></span> 
     </span>
    </p>
   </div>
   <div class='ocr_carea' id='block_1_72' title="bbox 542 4356 2124 4420">
    <p class='ocr_par' dir='ltr' id='par_1_72' title="bbox 542 4356 2124 4420">
     <span class='ocr_line' id='line_1_72' title="bbox 542 4356 2124 4420; baseline 0.001 -10"><span class='ocrx_word' id='word_1_548' title='bbox 542 4356 647 4410; x_wconf 84' lang='lat' dir='ltr'><strong><em>Sed</em></strong></span> <span class='ocrx_word' id='word_1_549' title='bbox 675 4356 917 4411; x_wconf 88' lang='lat' dir='ltr'><strong><em>abeamus</em></strong></span> <span class='ocrx_word' id='word_1_550' title='bbox 936 4356 999 4410; x_wconf 88' lang='lat' dir='ltr'><strong><em>ab</em></strong></span> <span class='ocrx_word' id='word_1_551' title='bbox 1031 4358 1147 4420; x_wconf 84' lang='lat' dir='ltr'><strong><em>his;</em></strong></span> <span class='ocrx_word' id='word_1_552' title='bbox 1173 4374 1234 4411; x_wconf 90' lang='lat' dir='ltr'><strong><em>ne</em></strong></span> <span class='ocrx_word' id='word_1_553' title='bbox 1259 4357 1432 4411; x_wconf 69' lang='lat' dir='ltr'><strong><em>ist/taec</em></strong></span> <span class='ocrx_word' id='word_1_554' title='bbox 1458 4359 1867 4414; x_wconf 86' lang='lat' dir='ltr'><strong><em>commemoratio</em></strong></span> <span class='ocrx_word' id='word_1_555' title='bbox 1883 4359 1953 4412; x_wconf 90' lang='lat' dir='ltr'><strong><em>ad</em></strong></span> <span class='ocrx_word' id='word_1_556' title='bbox 1981 4359 2124 4412; x_wconf 78' lang='lat' dir='ltr'><strong><em>illaut</em></strong></span> 
     </span>
    </p>
   </div>
   <div class='ocr_carea' id='block_1_73' title="bbox 544 4447 2128 4522">
    <p class='ocr_par' dir='ltr' id='par_1_73' title="bbox 544 4447 2128 4522">
     <span class='ocr_line' id='line_1_73' title="bbox 544 4447 2128 4522; baseline 0.001 -18"><span class='ocrx_word' id='word_1_557' title='bbox 544 4448 709 4504; x_wconf 70' lang='lat' dir='ltr'><strong><em>Sosia</em></strong></span> <span class='ocrx_word' id='word_1_558' title='bbox 739 4449 1062 4519; x_wconf 88' lang='lat' dir='ltr'><strong><em>formidinem</em></strong></span> <span class='ocrx_word' id='word_1_559' title='bbox 1103 4450 1335 4503; x_wconf 85' lang='lat' dir='ltr'><strong><em>uideatur</em></strong></span> <span class='ocrx_word' id='word_1_560' title='bbox 1365 4453 1620 4505; x_wconf 78' lang='lat' dir='ltr'><strong><em>accedere.</em></strong></span> <span class='ocrx_word' id='word_1_561' title='bbox 1660 4447 1804 4503; x_wconf 88' lang='lat' dir='ltr'><strong><em>Illud</em></strong></span> <span class='ocrx_word' id='word_1_562' title='bbox 1833 4452 1970 4519; x_wconf 88' lang='lat' dir='ltr'><strong><em>quod</em></strong></span> <span class='ocrx_word' id='word_1_563' title='bbox 1999 4468 2128 4522; x_wconf 85' lang='lat' dir='ltr'><strong><em>pene</em></strong></span> 
     </span>
    </p>
   </div>
   <div class='ocr_carea' id='block_1_74' title="bbox 545 4543 2128 4610">
    <p class='ocr_par' dir='ltr' id='par_1_74' title="bbox 545 4543 2128 4610">
     <span class='ocr_line' id='line_1_74' title="bbox 545 4543 2128 4610; baseline 0.002 -16"><span class='ocrx_word' id='word_1_564' title='bbox 545 4543 786 4610; x_wconf 70' lang='lat' dir='ltr'><strong><em>praterit,</em></strong></span> <span class='ocrx_word' id='word_1_565' title='bbox 815 4559 913 4609; x_wconf 85' lang='lat' dir='ltr'><strong><em>qua</em></strong></span> <span class='ocrx_word' id='word_1_566' title='bbox 942 4543 1211 4610; x_wconf 69' lang='lat' dir='ltr'><strong><em>affectione</em></strong></span> <span class='ocrx_word' id='word_1_567' title='bbox 1237 4543 1514 4608; x_wconf 87' lang='lat' dir='ltr'><strong><em>addidisti,</em></strong></span> <span class='ocrx_word' id='word_1_568' title='bbox 1554 4554 1610 4597; x_wconf 92' lang='lat' dir='ltr'><strong><em>ut</em></strong></span> <span class='ocrx_word' id='word_1_569' title='bbox 1637 4543 2007 4599; x_wconf 73' lang='lat' dir='ltr'><strong><em>didascalicum</em></strong></span> <span class='ocrx_word' id='word_1_570' title='bbox 2031 4546 2128 4598; x_wconf 90' lang='lat' dir='ltr'><strong><em>ali-</em></strong></span> 
     </span>
    </p>
   </div>
   <div class='ocr_carea' id='block_1_75' title="bbox 547 4635 2127 4704">
    <p class='ocr_par' dir='ltr' id='par_1_75' title="bbox 547 4635 2127 4704">
     <span class='ocr_line' id='line_1_75' title="bbox 547 4635 2127 4704; baseline 0.003 -18"><span class='ocrx_word' id='word_1_571' title='bbox 547 4638 678 4704; x_wconf 80' lang='lat' dir='ltr'><strong><em>quod</em></strong></span> <span class='ocrx_word' id='word_1_572' title='bbox 701 4635 1024 4703; x_wconf 86' lang='lat' dir='ltr'><strong><em>opusculum,</em></strong></span> <span class='ocrx_word' id='word_1_573' title='bbox 1052 4645 1139 4687; x_wconf 87' lang='lat' dir='ltr'><strong><em>aut</em></strong></span> <span class='ocrx_word' id='word_1_574' title='bbox 1161 4650 1442 4690; x_wconf 78' lang='lat' dir='ltr'><strong><em>sermonem</em></strong></span> <span class='ocrx_word' id='word_1_575' title='bbox 1465 4637 1823 4704; x_wconf 77' lang='lat' dir='ltr'><strong><em>protrepticum</em></strong></span> <span class='ocrx_word' id='word_1_576' title='bbox 1845 4636 2127 4692; x_wconf 85' lang='lat' dir='ltr'><strong><em>mitterem?</em></strong></span> 
     </span>
    </p>
   </div>
   <div class='ocr_carea' id='block_1_76' title="bbox 546 4819 2128 4892">
    <p class='ocr_par' dir='ltr' id='par_1_76' title="bbox 546 4819 2128 4892">
     <span class='ocr_line' id='line_1_76' title="bbox 546 4819 2128 4892; baseline 0.004 -21"><span class='ocrx_word' id='word_1_577' title='bbox 546 4819 825 4872; x_wconf 72' lang='lat' dir='ltr'><strong><em>discerem?</em></strong></span> <span class='ocrx_word' id='word_1_578' title='bbox 850 4829 939 4871; x_wconf 88' lang='lat' dir='ltr'><strong><em>aut</em></strong></span> <span class='ocrx_word' id='word_1_579' title='bbox 966 4835 1060 4890; x_wconf 83' lang='lat' dir='ltr'><strong><em>ego</em></strong></span> <span class='ocrx_word' id='word_1_580' title='bbox 1103 4829 1149 4876; x_wconf 87' lang='lat' dir='ltr'><strong><em>te</em></strong></span> <span class='ocrx_word' id='word_1_581' title='bbox 1174 4830 1406 4892; x_wconf 76' lang='lat' dir='ltr'><strong><em>vegetum</em></strong></span> <span class='ocrx_word' id='word_1_582' title='bbox 1433 4827 1483 4875; x_wconf 86' lang='lat' dir='ltr'><strong><em>et</em></strong></span> <span class='ocrx_word' id='word_1_583' title='bbox 1512 4822 1734 4875; x_wconf 85' lang='lat' dir='ltr'><strong><em>alacrem</em></strong></span> <span class='ocrx_word' id='word_1_584' title='bbox 1772 4823 2128 4878; x_wconf 75' lang='lat' dir='ltr'><strong><em>commonebo?</em></strong></span> 
     </span>
    </p>
   </div>
   <div class='ocr_carea' id='block_1_77' title="bbox 549 4906 2127 4979">
    <p class='ocr_par' dir='ltr' id='par_1_77' title="bbox 549 4906 2127 4979">
     <span class='ocr_line' id='line_1_77' title="bbox 549 4906 2127 4979; baseline 0.005 -18"><span class='ocrx_word' id='word_1_585' title='bbox 549 4906 748 4962; x_wconf 81' lang='lat' dir='ltr'><strong><em>Eadem</em></strong></span> <span class='ocrx_word' id='word_1_586' title='bbox 765 4924 918 4975; x_wconf 88' lang='lat' dir='ltr'><strong><em>opera</em></strong></span> <span class='ocrx_word' id='word_1_587' title='bbox 943 4919 987 4962; x_wconf 87' lang='lat' dir='ltr'><strong><em>et</em></strong></span> <span class='ocrx_word' id='word_1_588' title='bbox 1015 4909 1192 4964; x_wconf 70' lang='lat' dir='ltr'><strong><em>Musas</em></strong></span> <span class='ocrx_word' id='word_1_589' title='bbox 1215 4911 1449 4966; x_wconf 86' lang='lat' dir='ltr'><strong><em>hortabor</em></strong></span> <span class='ocrx_word' id='word_1_590' title='bbox 1491 4921 1546 4964; x_wconf 86' lang='lat' dir='ltr'><strong><em>ut</em></strong></span> <span class='ocrx_word' id='word_1_591' title='bbox 1572 4922 1792 4979; x_wconf 81' lang='lat' dir='ltr'><strong><em>canant;</em></strong></span> <span class='ocrx_word' id='word_1_592' title='bbox 1818 4923 1865 4966; x_wconf 87' lang='lat' dir='ltr'><strong><em>et</em></strong></span> <span class='ocrx_word' id='word_1_593' title='bbox 1889 4915 2054 4968; x_wconf 88' lang='lat' dir='ltr'><strong><em>maria</em></strong></span> <span class='ocrx_word' id='word_1_594' title='bbox 2070 4925 2127 4969; x_wconf 82' lang='lat' dir='ltr'><strong><em>ut</em></strong></span> 
     </span>
    </p>
   </div>
   <div class='ocr_carea' id='block_1_78' title="bbox 547 4998 2130 5076">
    <p class='ocr_par' dir='ltr' id='par_1_78' title="bbox 547 4998 2130 5076">
     <span class='ocr_line' id='line_1_78' title="bbox 547 4998 2130 5076; baseline 0.004 -24"><span class='ocrx_word' id='word_1_595' title='bbox 547 5000 785 5069; x_wconf 77' lang='lat' dir='ltr'><strong><em>effluant;</em></strong></span> <span class='ocrx_word' id='word_1_596' title='bbox 813 5009 861 5052; x_wconf 88' lang='lat' dir='ltr'><strong><em>et</em></strong></span> <span class='ocrx_word' id='word_1_597' title='bbox 891 5016 1046 5054; x_wconf 84' lang='lat' dir='ltr'><strong><em>auras</em></strong></span> <span class='ocrx_word' id='word_1_598' title='bbox 1069 5012 1126 5054; x_wconf 89' lang='lat' dir='ltr'><strong><em>ut</em></strong></span> <span class='ocrx_word' id='word_1_599' title='bbox 1153 5013 1390 5076; x_wconf 80' lang='lat' dir='ltr'><strong><em>aegeant;</em></strong></span> <span class='ocrx_word' id='word_1_600' title='bbox 1415 5013 1463 5057; x_wconf 87' lang='lat' dir='ltr'><strong><em>et</em></strong></span> <span class='ocrx_word' id='word_1_601' title='bbox 1478 5003 1624 5073; x_wconf 82' lang='lat' dir='ltr'><strong><em>ignes</em></strong></span> <span class='ocrx_word' id='word_1_602' title='bbox 1650 5013 1704 5057; x_wconf 87' lang='lat' dir='ltr'><strong><em>ut</em></strong></span> <span class='ocrx_word' id='word_1_603' title='bbox 1727 5005 1924 5058; x_wconf 78' lang='lat' dir='ltr'><strong><em>caleant</em></strong></span> <span class='ocrx_word' id='word_1_604' title='bbox 1949 4998 2130 5060; x_wconf 85' lang='lat' dir='ltr'><strong><em>admo-</em></strong></span> 
     </span>
    </p>
   </div>
   <div class='ocr_carea' id='block_1_79' title="bbox 549 5093 2136 5170">
    <p class='ocr_par' dir='ltr' id='par_1_79' title="bbox 549 5093 2136 5170">
     <span class='ocr_line' id='line_1_79' title="bbox 549 5093 2136 5170; baseline 0.005 -26"><span class='ocrx_word' id='word_1_605' title='bbox 549 5094 672 5145; x_wconf 84' lang='lat' dir='ltr'><strong><em>nebo</em></strong></span> <span class='ocrx_word' id='word_1_606' title='bbox 696 5108 716 5146; x_wconf 85' lang='lat'><strong><em>.&#39;</em></strong></span> <span class='ocrx_word' id='word_1_607' title='bbox 745 5103 793 5146; x_wconf 88' lang='lat' dir='ltr'><strong><em>et</em></strong></span> <span class='ocrx_word' id='word_1_608' title='bbox 816 5094 859 5147; x_wconf 87' lang='lat' dir='ltr'><strong><em>si</em></strong></span> <span class='ocrx_word' id='word_1_609' title='bbox 889 5094 1015 5163; x_wconf 82' lang='lat' dir='ltr'><strong><em>quid</em></strong></span> <span class='ocrx_word' id='word_1_610' title='bbox 1041 5093 1209 5148; x_wconf 77' lang='lat' dir='ltr'><strong><em>invitis</em></strong></span> <span class='ocrx_word' id='word_1_611' title='bbox 1238 5111 1433 5163; x_wconf 73' lang='lat' dir='ltr'><strong><em>quoque</em></strong></span> <span class='ocrx_word' id='word_1_612' title='bbox 1463 5095 1606 5150; x_wconf 88' lang='lat' dir='ltr'><strong><em>nobis</em></strong></span> <span class='ocrx_word' id='word_1_613' title='bbox 1639 5109 1823 5150; x_wconf 85' lang='lat' dir='ltr'><strong><em>natura</em></strong></span> <span class='ocrx_word' id='word_1_614' title='bbox 1849 5099 1930 5167; x_wconf 79' lang='lat' dir='ltr'><strong><em>fit,</em></strong></span> <span class='ocrx_word' id='word_1_615' title='bbox 1956 5115 2136 5170; x_wconf 82' lang='lat' dir='ltr'><strong><em>super-</em></strong></span> 
     </span>
    </p>
   </div>
   <div class='ocr_carea' id='block_1_80' title="bbox 548 5185 2134 5262">
    <p class='ocr_par' dir='ltr' id='par_1_80' title="bbox 548 5185 2134 5262">
     <span class='ocr_line' id='line_1_80' title="bbox 548 5185 2134 5262; baseline 0.008 -30"><span class='ocrx_word' id='word_1_616' title='bbox 548 5186 686 5251; x_wconf 74' lang='lat' dir='ltr'><strong><em>fluus</em></strong></span> <span class='ocrx_word' id='word_1_617' title='bbox 725 5185 991 5257; x_wconf 80' lang='lat' dir='ltr'><strong><em>instigator</em></strong></span> <span class='ocrx_word' id='word_1_618' title='bbox 1016 5185 1240 5255; x_wconf 83' lang='lat' dir='ltr'><strong><em>agitabo.</em></strong></span> <span class='ocrx_word' id='word_1_619' title='bbox 1269 5185 1412 5242; x_wconf 78' lang='lat' dir='ltr'><strong><em>Satis</em></strong></span> <span class='ocrx_word' id='word_1_620' title='bbox 1441 5198 1513 5242; x_wconf 88' lang='lat' dir='ltr'><strong><em>est</em></strong></span> <span class='ocrx_word' id='word_1_621' title='bbox 1554 5191 1705 5242; x_wconf 87' lang='lat' dir='ltr'><strong><em>unius</em></strong></span> <span class='ocrx_word' id='word_1_622' title='bbox 1736 5191 1954 5258; x_wconf 90' lang='lat' dir='ltr'><strong><em>erroris,</em></strong></span> <span class='ocrx_word' id='word_1_623' title='bbox 1995 5192 2134 5262; x_wconf 84' lang='lat' dir='ltr'><strong><em>quod</em></strong></span> 
     </span>
    </p>
   </div>
   <div class='ocr_carea' id='block_1_81' title="bbox 551 5275 2133 5351">
    <p class='ocr_par' dir='ltr' id='par_1_81' title="bbox 551 5275 2133 5351">
     <span class='ocr_line' id='line_1_81' title="bbox 551 5275 2133 5351; baseline 0.006 -25"><span class='ocrx_word' id='word_1_624' title='bbox 551 5275 760 5342; x_wconf 79' lang='lat' dir='ltr'><strong><em>aliquod</em></strong></span> <span class='ocrx_word' id='word_1_625' title='bbox 791 5290 1014 5327; x_wconf 86' lang='lat' dir='ltr'><strong><em>meorum</em></strong></span> <span class='ocrx_word' id='word_1_626' title='bbox 1035 5293 1114 5330; x_wconf 82' lang='lat' dir='ltr'><strong><em>me</em></strong></span> <span class='ocrx_word' id='word_1_627' title='bbox 1137 5279 1382 5332; x_wconf 83' lang='lat' dir='ltr'><strong><em>renitente</em></strong></span> <span class='ocrx_word' id='word_1_628' title='bbox 1411 5280 1672 5347; x_wconf 77' lang='lat' dir='ltr'><strong><em>uulgatum</em></strong></span> <span class='ocrx_word' id='word_1_629' title='bbox 1699 5289 1804 5347; x_wconf 87' lang='lat' dir='ltr'><strong><em>est,</em></strong></span> <span class='ocrx_word' id='word_1_630' title='bbox 1837 5286 1973 5351; x_wconf 85' lang='lat' dir='ltr'><strong><em>quod</em></strong></span> <span class='ocrx_word' id='word_1_631' title='bbox 2005 5284 2133 5335; x_wconf 85' lang='lat' dir='ltr'><strong><em>bona</em></strong></span> 
     </span>
    </p>
   </div>
   <div class='ocr_carea' id='block_1_82' title="bbox 553 5367 2136 5435">
    <p class='ocr_par' dir='ltr' id='par_1_82' title="bbox 553 5367 2136 5435">
     <span class='ocr_line' id='line_1_82' title="bbox 553 5367 2136 5435; baseline 0.007 -19"><span class='ocrx_word' id='word_1_632' title='bbox 553 5367 760 5435; x_wconf 80' lang='lat' dir='ltr'><strong><em>fortuna</em></strong></span> <span class='ocrx_word' id='word_1_633' title='bbox 786 5367 838 5417; x_wconf 92' lang='lat' dir='ltr'><strong><em>in</em></strong></span> <span class='ocrx_word' id='word_1_634' title='bbox 864 5383 1045 5419; x_wconf 86' lang='lat' dir='ltr'><strong><em>manus</em></strong></span> <span class='ocrx_word' id='word_1_635' title='bbox 1069 5371 1346 5422; x_wconf 85' lang='lat' dir='ltr'><strong><em>amicorum</em></strong></span> <span class='ocrx_word' id='word_1_636' title='bbox 1369 5370 1570 5425; x_wconf 83' lang='lat' dir='ltr'><strong><em>incidit.</em></strong></span> <span class='ocrx_word' id='word_1_637' title='bbox 1605 5369 1738 5423; x_wconf 77' lang='lat' dir='ltr'><strong><em>Nam</em></strong></span> <span class='ocrx_word' id='word_1_638' title='bbox 1762 5374 1807 5425; x_wconf 84' lang='lat' dir='ltr'><strong><em>si</em></strong></span> <span class='ocrx_word' id='word_1_639' title='bbox 1829 5385 2006 5426; x_wconf 86' lang='lat' dir='ltr'><strong><em>contra</em></strong></span> <span class='ocrx_word' id='word_1_640' title='bbox 2027 5392 2136 5429; x_wconf 82' lang='lat' dir='ltr'><strong><em>eve-</em></strong></span> 
     </span>
    </p>
   </div>
   <div class='ocr_carea' id='block_1_83' title="bbox 553 5457 2132 5533">
    <p class='ocr_par' dir='ltr' id='par_1_83' title="bbox 553 5457 2132 5533">
     <span class='ocr_line' id='line_1_83' title="bbox 553 5457 2132 5533; baseline 0.009 -27"><span class='ocrx_word' id='word_1_641' title='bbox 553 5459 703 5509; x_wconf 88' lang='lat' dir='ltr'><strong><em>nisset</em></strong></span> <span class='ocrx_word' id='word_1_642' title='bbox 721 5498 735 5519; x_wconf 90' lang='lat'><strong><em>,</em></strong></span> <span class='ocrx_word' id='word_1_643' title='bbox 762 5472 853 5510; x_wconf 86' lang='lat' dir='ltr'><strong><em>nec</em></strong></span> <span class='ocrx_word' id='word_1_644' title='bbox 881 5465 935 5508; x_wconf 89' lang='lat' dir='ltr'><strong><em>tu</em></strong></span> <span class='ocrx_word' id='word_1_645' title='bbox 957 5457 1080 5510; x_wconf 87' lang='lat' dir='ltr'><strong><em>mihi</em></strong></span> <span class='ocrx_word' id='word_1_646' title='bbox 1099 5463 1460 5527; x_wconf 79' lang='lat' dir='ltr'><strong><em>persuaderes,</em></strong></span> <span class='ocrx_word' id='word_1_647' title='bbox 1493 5461 1690 5529; x_wconf 84' lang='lat' dir='ltr'><strong><em>placere</em></strong></span> <span class='ocrx_word' id='word_1_648' title='bbox 1709 5480 1788 5517; x_wconf 89' lang='lat' dir='ltr'><strong><em>me</em></strong></span> <span class='ocrx_word' id='word_1_649' title='bbox 1818 5482 1982 5533; x_wconf 78' lang='lat' dir='ltr'><strong><em>posse.</em></strong></span> <span class='ocrx_word' id='word_1_650' title='bbox 2005 5465 2132 5521; x_wconf 69' lang='lat' dir='ltr'><strong><em>llaec</em></strong></span> 
     </span>
    </p>
   </div>
   <div class='ocr_carea' id='block_1_84' title="bbox 554 5549 2132 5623">
    <p class='ocr_par' dir='ltr' id='par_1_84' title="bbox 554 5549 2132 5623">
     <span class='ocr_line' id='line_1_84' title="bbox 554 5549 2132 5623; baseline 0.009 -27"><span class='ocrx_word' id='word_1_651' title='bbox 554 5549 620 5597; x_wconf 85' lang='lat' dir='ltr'><strong><em>nd</em></strong></span> <span class='ocrx_word' id='word_1_652' title='bbox 650 5549 846 5601; x_wconf 75' lang='lat' dir='ltr'><strong><em>litteras</em></strong></span> <span class='ocrx_word' id='word_1_653' title='bbox 869 5559 981 5602; x_wconf 90' lang='lat' dir='ltr'><strong><em>tuas</em></strong></span> <span class='ocrx_word' id='word_1_654' title='bbox 1011 5565 1251 5618; x_wconf 83' lang='lat' dir='ltr'><strong><em>responso</em></strong></span> <span class='ocrx_word' id='word_1_655' title='bbox 1275 5553 1394 5606; x_wconf 44' lang='lat' dir='ltr'><strong><em>sill.</em></strong></span> <span class='ocrx_word' id='word_1_656' title='bbox 1425 5552 1615 5609; x_wconf 66' lang='lat' dir='ltr'><strong><em>Cretera</em></strong></span> <span class='ocrx_word' id='word_1_657' title='bbox 1639 5571 1753 5621; x_wconf 74' lang='lat' dir='ltr'><strong><em>quo:</em></strong></span> <span class='ocrx_word' id='word_1_658' title='bbox 1777 5573 1980 5610; x_wconf 76' lang='lat' dir='ltr'><strong><em>nosrere</em></strong></span> <span class='ocrx_word' id='word_1_659' title='bbox 1999 5575 2132 5623; x_wconf 82' lang='lat' dir='ltr'><strong><em>aves,</em></strong></span> 
     </span>
    </p>
   </div>
   <div class='ocr_carea' id='block_1_85' title="bbox 555 5641 2135 5718">
    <p class='ocr_par' dir='ltr' id='par_1_85' title="bbox 555 5641 2135 5718">
     <span class='ocr_line' id='line_1_85' title="bbox 555 5641 2135 5718; baseline 0.01 -30"><span class='ocrx_word' id='word_1_660' title='bbox 555 5641 1008 5709; x_wconf 79' lang='lat' dir='ltr'><strong><em>compendifaciam</em></strong></span> <span class='ocrx_word' id='word_1_661' title='bbox 1043 5657 1060 5694; x_wconf 92' lang='lat'><em>:</em></span> <span class='ocrx_word' id='word_1_662' title='bbox 1100 5644 1173 5696; x_wconf 84' lang='lat' dir='ltr'><strong><em>sic</em></strong></span> <span class='ocrx_word' id='word_1_663' title='bbox 1207 5647 1320 5715; x_wconf 86' lang='lat' dir='ltr'><strong><em>jam</em></strong></span> <span class='ocrx_word' id='word_1_664' title='bbox 1355 5663 1555 5716; x_wconf 85' lang='lat' dir='ltr'><strong><em>quoque</em></strong></span> <span class='ocrx_word' id='word_1_665' title='bbox 1593 5647 1748 5718; x_wconf 81' lang='lat' dir='ltr'><strong><em>longa</em></strong></span> <span class='ocrx_word' id='word_1_666' title='bbox 1789 5659 1862 5702; x_wconf 89' lang='lat' dir='ltr'><strong><em>est</em></strong></span> <span class='ocrx_word' id='word_1_667' title='bbox 1900 5651 2135 5716; x_wconf 79' lang='lat' dir='ltr'><strong><em>epistola.</em></strong></span> 
     </span>
    </p>
   </div>
   <div class='ocr_carea' id='block_1_86' title="bbox 557 5731 2140 5812">
    <p class='ocr_par' dir='ltr' id='par_1_86' title="bbox 557 5731 2140 5812">
     <span class='ocr_line' id='line_1_86' title="bbox 557 5731 2140 5812; baseline 0.008 -29"><span class='ocrx_word' id='word_1_668' title='bbox 557 5731 827 5786; x_wconf 76' lang='lat' dir='ltr'><strong><em>lulianum</em></strong></span> <span class='ocrx_word' id='word_1_669' title='bbox 865 5744 1031 5787; x_wconf 82' lang='lat' dir='ltr'><strong><em>tamen</em></strong></span> <span class='ocrx_word' id='word_1_670' title='bbox 1068 5736 1374 5805; x_wconf 85' lang='lat' dir='ltr'><strong><em>fatnil&#39;arem</em></strong></span> <span class='ocrx_word' id='word_1_671' title='bbox 1417 5743 1602 5795; x_wconf 87' lang='lat' dir='ltr'><strong><em>domus</em></strong></span> <span class='ocrx_word' id='word_1_672' title='bbox 1638 5753 1823 5795; x_wconf 76' lang='lat' dir='ltr'><strong><em>nostra:</em></strong></span> <span class='ocrx_word' id='word_1_673' title='bbox 1852 5744 1895 5796; x_wconf 90' lang='lat' dir='ltr'><strong><em>si</em></strong></span> <span class='ocrx_word' id='word_1_674' title='bbox 1922 5744 2046 5812; x_wconf 84' lang='lat' dir='ltr'><strong><em>quid</em></strong></span> <span class='ocrx_word' id='word_1_675' title='bbox 2078 5749 2140 5796; x_wconf 85' lang='lat' dir='ltr'><strong><em>de</em></strong></span> 
     </span>
    </p>
   </div>
   <div class='ocr_carea' id='block_1_87' title="bbox 559 5825 2138 5904">
    <p class='ocr_par' dir='ltr' id='par_1_87' title="bbox 559 5825 2138 5904">
     <span class='ocr_line' id='line_1_87' title="bbox 559 5825 2138 5904; baseline 0.01 -29"><span class='ocrx_word' id='word_1_676' title='bbox 559 5825 700 5878; x_wconf 81' lang='lat' dir='ltr'><strong><em>nobis</em></strong></span> <span class='ocrx_word' id='word_1_677' title='bbox 727 5828 1132 5895; x_wconf 78' lang='lat' dir='ltr'><strong><em>percontandum</em></strong></span> <span class='ocrx_word' id='word_1_678' title='bbox 1161 5831 1426 5888; x_wconf 60' lang='lat' dir='ltr'><strong><em>arbitraris</em></strong></span> <span class='ocrx_word' id='word_1_679' title='bbox 1445 5875 1459 5903; x_wconf 90' lang='lat'><strong><em>,</em></strong></span> <span class='ocrx_word' id='word_1_680' title='bbox 1492 5833 1582 5888; x_wconf 74' lang='lat' dir='ltr'><strong><em>tibi</em></strong></span> <span class='ocrx_word' id='word_1_681' title='bbox 1617 5835 1784 5904; x_wconf 87' lang='lat' dir='ltr'><strong><em>allego</em></strong></span> <span class='ocrx_word' id='word_1_682' title='bbox 1814 5851 1829 5886; x_wconf 88' lang='lat'><strong><em>:</em></strong></span> <span class='ocrx_word' id='word_1_683' title='bbox 1857 5837 2011 5895; x_wconf 76' lang='lat' dir='ltr'><strong><em>simul</em></strong></span> <span class='ocrx_word' id='word_1_684' title='bbox 2044 5840 2138 5891; x_wconf 71' lang='lat' dir='ltr'><strong><em>ad.</em></strong></span> 
     </span>
    </p>
   </div>
   <div class='ocr_carea' id='block_1_88' title="bbox 2157 4597 2205 4657">
    <p class='ocr_par' dir='ltr' id='par_1_88' title="bbox 2157 4597 2205 4657">
     <span class='ocr_line' id='line_1_88' title="bbox 2157 4597 2205 4657; baseline 0 0"><span class='ocrx_word' id='word_1_685' title='bbox 2157 4597 2205 4657; x_wconf 79' lang='grc' dir='ltr'>υ</span> 
     </span>
    </p>
   </div>
   <div class='ocr_carea' id='block_1_89' title="bbox 550 4725 2164 4793">
    <p class='ocr_par' dir='ltr' id='par_1_89' title="bbox 550 4725 2164 4793">
     <span class='ocr_line' id='line_1_89' title="bbox 550 4725 2164 4793; baseline 0.005 -15"><span class='ocrx_word' id='word_1_686' title='bbox 550 4725 658 4793; x_wconf 72' lang='lat' dir='ltr'><strong><em>Ego</em></strong></span> <span class='ocrx_word' id='word_1_687' title='bbox 687 4734 734 4779; x_wconf 90' lang='lat' dir='ltr'><strong><em>te</em></strong></span> <span class='ocrx_word' id='word_1_688' title='bbox 763 4725 950 4778; x_wconf 82' lang='lat' dir='ltr'><strong><em>docebo</em></strong></span> <span class='ocrx_word' id='word_1_689' title='bbox 979 4726 1239 4793; x_wconf 80' lang='lat' dir='ltr'><strong><em>docendus</em></strong></span> <span class='ocrx_word' id='word_1_690' title='bbox 1259 4726 1431 4781; x_wconf 78' lang='lat' dir='ltr'><strong><em>adhuc</em></strong></span> <span class='ocrx_word' id='word_1_691' title='bbox 1452 4768 1464 4791; x_wconf 88' lang='lat'><strong><em>,</em></strong></span> <span class='ocrx_word' id='word_1_692' title='bbox 1494 4729 1539 4780; x_wconf 87' lang='lat' dir='ltr'><strong><em>si</em></strong></span> <span class='ocrx_word' id='word_1_693' title='bbox 1571 4742 1729 4781; x_wconf 84' lang='lat' dir='ltr'><strong><em>essem</em></strong></span> <span class='ocrx_word' id='word_1_694' title='bbox 1762 4728 1818 4780; x_wconf 87' lang='lat' dir='ltr'><strong><em>id</em></strong></span> <span class='ocrx_word' id='word_1_695' title='bbox 1847 4731 2040 4790; x_wconf 75' lang='lat' dir='ltr'><strong><em>atatis.</em></strong></span> <span class='ocrx_word' id='word_1_696' title='bbox 2068 4736 2125 4782; x_wconf 86' lang='lat' dir='ltr'><strong><em>ut</em></strong></span> <span class='ocrx_word' id='word_1_697' title='bbox 2160 4782 2164 4786; x_wconf 90' lang='lat'><strong><em>.</em></strong></span> 
     </span>
    </p>
   </div>
   <div class='ocr_carea' id='block_1_90' title="bbox 2216 3327 3803 3400">
    <p class='ocr_par' dir='ltr' id='par_1_90' title="bbox 2216 3327 3803 3400">
     <span class='ocr_line' id='line_1_90' title="bbox 2216 3327 3803 3400; baseline -0.001 -16"><span class='ocrx_word' id='word_1_698' title='bbox 2216 3330 2336 3396; x_wconf 79' lang='lat' dir='ltr'><strong><em>luit,</em></strong></span> <span class='ocrx_word' id='word_1_699' title='bbox 2367 3339 2573 3400; x_wconf 61' lang='lat' dir='ltr'><strong><em>tngere,</em></strong></span> <span class='ocrx_word' id='word_1_700' title='bbox 2604 3344 2724 3396; x_wconf 64' lang='lat' dir='ltr'><strong><em>quae</em></strong></span> <span class='ocrx_word' id='word_1_701' title='bbox 2745 3327 3018 3384; x_wconf 86' lang='lat' dir='ltr'><strong><em>dolebant.</em></strong></span> <span class='ocrx_word' id='word_1_702' title='bbox 3049 3327 3180 3384; x_wconf 78' lang='lat' dir='ltr'><strong><em>Nam</em></strong></span> <span class='ocrx_word' id='word_1_703' title='bbox 3205 3337 3263 3382; x_wconf 91' lang='lat' dir='ltr'><strong><em>ut</em></strong></span> <span class='ocrx_word' id='word_1_704' title='bbox 3289 3329 3419 3384; x_wconf 90' lang='lat' dir='ltr'><strong><em>inte</em></strong></span> <span class='ocrx_word' id='word_1_705' title='bbox 3446 3327 3610 3383; x_wconf 86' lang='lat' dir='ltr'><strong><em>animi</em></strong></span> <span class='ocrx_word' id='word_1_706' title='bbox 3637 3342 3803 3394; x_wconf 78' lang='lat' dir='ltr'><strong><em>astute</em></strong></span> 
     </span>
    </p>
   </div>
   <div class='ocr_carea' id='block_1_91' title="bbox 2216 3419 3804 3490">
    <p class='ocr_par' dir='ltr' id='par_1_91' title="bbox 2216 3419 3804 3490">
     <span class='ocr_line' id='line_1_91' title="bbox 2216 3419 3804 3490; baseline -0.001 -15"><span class='ocrx_word' id='word_1_707' title='bbox 2216 3420 2455 3490; x_wconf 78' lang='lat' dir='ltr'><strong><em>pendeo;</em></strong></span> <span class='ocrx_word' id='word_1_708' title='bbox 2500 3422 2569 3473; x_wconf 90' lang='lat' dir='ltr'><strong><em>ita</em></strong></span> <span class='ocrx_word' id='word_1_709' title='bbox 2591 3433 2757 3490; x_wconf 82' lang='lat' dir='ltr'><strong><em>apere</em></strong></span> <span class='ocrx_word' id='word_1_710' title='bbox 2787 3421 3022 3476; x_wconf 78' lang='lat' dir='ltr'><strong><em>maximo</em></strong></span> <span class='ocrx_word' id='word_1_711' title='bbox 3063 3423 3278 3476; x_wconf 81' lang='lat' dir='ltr'><strong><em>nsuratn</em></strong></span> <span class='ocrx_word' id='word_1_712' title='bbox 3307 3429 3410 3476; x_wconf 73' lang='lat' dir='ltr'><strong><em>tute</em></strong></span> <span class='ocrx_word' id='word_1_713' title='bbox 3439 3419 3804 3475; x_wconf 82' lang='lat' dir='ltr'><strong><em>unanimitatis</em></strong></span> 
     </span>
    </p>
   </div>
   <div class='ocr_carea' id='block_1_92' title="bbox 2213 3510 3215 3639">
    <p class='ocr_par' dir='ltr' id='par_1_92' title="bbox 2213 3510 3215 3639">
     <span class='ocr_line' id='line_1_92' title="bbox 2213 3510 3215 3639; baseline -0.001 -72"><span class='ocrx_word' id='word_1_714' title='bbox 2213 3521 2490 3583; x_wconf 67' lang='lat' dir='ltr'><strong><em>exspecto.</em></strong></span> <span class='ocrx_word' id='word_1_715' title='bbox 2524 3510 2675 3567; x_wconf 75' lang='lat' dir='ltr'><strong><em>Vale.</em></strong></span> <span class='ocrx_word' id='word_1_716' title='bbox 2778 3581 2971 3639; x_wconf 67' lang='lat' dir='ltr'>EPIST</span> <span class='ocrx_word' id='word_1_717' title='bbox 3021 3573 3215 3637; x_wconf 58' lang='lat' dir='ltr'><strong>XXXV</strong></span> 
     </span>
    </p>
   </div>
   <div class='ocr_carea' id='block_1_93' title="bbox 2725 3711 3304 3753">
    <p class='ocr_par' dir='ltr' id='par_1_93' title="bbox 2725 3711 3304 3753">
     <span class='ocr_line' id='line_1_93' title="bbox 2725 3711 3304 3753; baseline 0 -2"><span class='ocrx_word' id='word_1_718' title='bbox 2725 3712 3032 3753; x_wconf 66' lang='grc' dir='ltr'><strong><em>ετυκλειωε</em></strong></span> <span class='ocrx_word' id='word_1_719' title='bbox 3063 3711 3304 3753; x_wconf 76' lang='grc' dir='ltr'><strong><em>ΑυεοΜο.</em></strong></span> 
     </span>
    </p>
   </div>
   <div class='ocr_carea' id='block_1_94' title="bbox 2292 3832 3805 3902">
    <p class='ocr_par' dir='ltr' id='par_1_94' title="bbox 2292 3832 3805 3902">
     <span class='ocr_line' id='line_1_94' title="bbox 2292 3832 3805 3902; baseline 0 -14"><span class='ocrx_word' id='word_1_720' title='bbox 2292 3834 2391 3888; x_wconf 89' lang='lat' dir='ltr'><strong><em>Diu</em></strong></span> <span class='ocrx_word' id='word_1_721' title='bbox 2422 3832 2475 3888; x_wconf 89' lang='lat' dir='ltr'><strong><em>in</em></strong></span> <span class='ocrx_word' id='word_1_722' title='bbox 2503 3832 2812 3902; x_wconf 63' lang='lat' dir='ltr'><strong><em>Campania</em></strong></span> <span class='ocrx_word' id='word_1_723' title='bbox 2837 3833 3136 3889; x_wconf 83' lang='lat' dir='ltr'><strong><em>secessibus</em></strong></span> <span class='ocrx_word' id='word_1_724' title='bbox 3166 3833 3382 3899; x_wconf 86' lang='lat' dir='ltr'><strong><em>otiatus,</em></strong></span> <span class='ocrx_word' id='word_1_725' title='bbox 3410 3833 3691 3888; x_wconf 84' lang='lat' dir='ltr'><strong><em>occasione</em></strong></span> <span class='ocrx_word' id='word_1_726' title='bbox 3715 3849 3805 3888; x_wconf 85' lang='lat' dir='ltr'><strong><em>ca-</em></strong></span> 
     </span>
    </p>
   </div>
   <div class='ocr_carea' id='block_1_95' title="bbox 2223 3922 3800 3994">
    <p class='ocr_par' dir='ltr' id='par_1_95' title="bbox 2223 3922 3800 3994">
     <span class='ocr_line' id='line_1_95' title="bbox 2223 3922 3800 3994; baseline 0.003 -18"><span class='ocrx_word' id='word_1_727' title='bbox 2223 3928 2301 3979; x_wconf 88' lang='lat' dir='ltr'><strong><em>rtti</em></strong></span> <span class='ocrx_word' id='word_1_728' title='bbox 2334 3927 2706 3993; x_wconf 87' lang='lat' dir='ltr'><strong><em>scriptionum.</em></strong></span> <span class='ocrx_word' id='word_1_729' title='bbox 2745 3922 2871 3980; x_wconf 86' lang='lat' dir='ltr'><strong><em>Ideo</em></strong></span> <span class='ocrx_word' id='word_1_730' title='bbox 2903 3925 3172 3994; x_wconf 83' lang='lat' dir='ltr'><strong><em>paulisper</em></strong></span> <span class='ocrx_word' id='word_1_731' title='bbox 3206 3925 3473 3981; x_wconf 77' lang='lat' dir='ltr'><strong><em>sermonis</em></strong></span> <span class='ocrx_word' id='word_1_732' title='bbox 3512 3928 3616 3981; x_wconf 89' lang='lat' dir='ltr'><strong><em>mei</em></strong></span> <span class='ocrx_word' id='word_1_733' title='bbox 3661 3929 3800 3982; x_wconf 84' lang='lat' dir='ltr'><strong><em>circa</em></strong></span> 
     </span>
    </p>
   </div>
   <div class='ocr_carea' id='block_1_96' title="bbox 2226 4016 3803 4087">
    <p class='ocr_par' dir='ltr' id='par_1_96' title="bbox 2226 4016 3803 4087">
     <span class='ocr_line' id='line_1_96' title="bbox 2226 4016 3803 4087; baseline 0.001 -16"><span class='ocrx_word' id='word_1_734' title='bbox 2226 4026 2280 4072; x_wconf 84' lang='lat' dir='ltr'><strong><em>te</em></strong></span> <span class='ocrx_word' id='word_1_735' title='bbox 2306 4033 2502 4072; x_wconf 86' lang='lat' dir='ltr'><strong><em>munus</em></strong></span> <span class='ocrx_word' id='word_1_736' title='bbox 2538 4018 2785 4085; x_wconf 84' lang='lat' dir='ltr'><strong><em>intepuit.</em></strong></span> <span class='ocrx_word' id='word_1_737' title='bbox 2813 4016 2918 4072; x_wconf 84' lang='lat' dir='ltr'><strong><em>Sed</em></strong></span> <span class='ocrx_word' id='word_1_738' title='bbox 2949 4019 3036 4072; x_wconf 87' lang='lat' dir='ltr'><strong><em>ubi</em></strong></span> <span class='ocrx_word' id='word_1_739' title='bbox 3065 4019 3115 4071; x_wconf 91' lang='lat' dir='ltr'><strong><em>in</em></strong></span> <span class='ocrx_word' id='word_1_740' title='bbox 3144 4017 3370 4086; x_wconf 82' lang='lat' dir='ltr'><strong><em>patriam</em></strong></span> <span class='ocrx_word' id='word_1_741' title='bbox 3399 4018 3590 4087; x_wconf 70' lang='lat' dir='ltr'><strong><em>pedem</em></strong></span> <span class='ocrx_word' id='word_1_742' title='bbox 3619 4019 3803 4085; x_wconf 85' lang='lat' dir='ltr'><strong><em>retuli,</em></strong></span> 
     </span>
    </p>
   </div>
   <div class='ocr_carea' id='block_1_97' title="bbox 2226 4109 3807 4183">
    <p class='ocr_par' dir='ltr' id='par_1_97' title="bbox 2226 4109 3807 4183">
     <span class='ocr_line' id='line_1_97' title="bbox 2226 4109 3807 4183; baseline 0.001 -20"><span class='ocrx_word' id='word_1_743' title='bbox 2226 4115 2446 4178; x_wconf 79' lang='lat' dir='ltr'><strong><em>antiqua</em></strong></span> <span class='ocrx_word' id='word_1_744' title='bbox 2474 4109 2602 4165; x_wconf 85' lang='lat' dir='ltr'><strong><em>mihi</em></strong></span> <span class='ocrx_word' id='word_1_745' title='bbox 2645 4111 2741 4166; x_wconf 78' lang='lat' dir='ltr'><strong><em>fuit</em></strong></span> <span class='ocrx_word' id='word_1_746' title='bbox 2771 4112 3104 4166; x_wconf 80' lang='lat' dir='ltr'><strong><em>instaurandi</em></strong></span> <span class='ocrx_word' id='word_1_747' title='bbox 3143 4111 3306 4166; x_wconf 79' lang='lat' dir='ltr'><strong><em>ofﬁcii</em></strong></span> <span class='ocrx_word' id='word_1_748' title='bbox 3335 4113 3627 4183; x_wconf 69' lang='lat' dir='ltr'><strong><em>diligentia.</em></strong></span> <span class='ocrx_word' id='word_1_749' title='bbox 3670 4113 3807 4176; x_wconf 72' lang='lat' dir='ltr'><strong><em>Ergo</em></strong></span> 
     </span>
    </p>
   </div>
   <div class='ocr_carea' id='block_1_98' title="bbox 2225 4203 3808 4273">
    <p class='ocr_par' dir='ltr' id='par_1_98' title="bbox 2225 4203 3808 4273">
     <span class='ocr_line' id='line_1_98' title="bbox 2225 4203 3808 4273; baseline 0.001 -15"><span class='ocrx_word' id='word_1_750' title='bbox 2225 4203 2407 4258; x_wconf 82' lang='lat' dir='ltr'><strong><em>debito</em></strong></span> <span class='ocrx_word' id='word_1_751' title='bbox 2437 4205 2641 4259; x_wconf 80' lang='lat' dir='ltr'><strong><em>ltonote</em></strong></span> <span class='ocrx_word' id='word_1_752' title='bbox 2672 4204 3006 4259; x_wconf 78' lang='lat' dir='ltr'><strong><em>salutationis</em></strong></span> <span class='ocrx_word' id='word_1_753' title='bbox 3035 4215 3084 4257; x_wconf 86' lang='lat' dir='ltr'><strong><em>te</em></strong></span> <span class='ocrx_word' id='word_1_754' title='bbox 3114 4205 3386 4272; x_wconf 88' lang='lat' dir='ltr'><strong><em>impertio,</em></strong></span> <span class='ocrx_word' id='word_1_755' title='bbox 3413 4214 3698 4273; x_wconf 83' lang='lat' dir='ltr'><strong><em>utrumque</em></strong></span> <span class='ocrx_word' id='word_1_756' title='bbox 3722 4204 3808 4259; x_wconf 58' lang='lat' dir='ltr'><strong><em>dce</em></strong></span> 
     </span>
    </p>
   </div>
   <div class='ocr_carea' id='block_1_99' title="bbox 2232 4297 3809 4368">
    <p class='ocr_par' dir='ltr' id='par_1_99' title="bbox 2232 4297 3809 4368">
     <span class='ocr_line' id='line_1_99' title="bbox 2232 4297 3809 4368; baseline 0.001 -19"><span class='ocrx_word' id='word_1_757' title='bbox 2232 4311 2491 4363; x_wconf 79' lang='lat' dir='ltr'><strong><em>poscens;</em></strong></span> <span class='ocrx_word' id='word_1_758' title='bbox 2524 4304 2581 4350; x_wconf 92' lang='lat' dir='ltr'><strong><em>ut</em></strong></span> <span class='ocrx_word' id='word_1_759' title='bbox 2609 4305 2664 4350; x_wconf 88' lang='lat' dir='ltr'><strong><em>et</em></strong></span> <span class='ocrx_word' id='word_1_760' title='bbox 2692 4297 2913 4352; x_wconf 86' lang='lat' dir='ltr'><strong><em>silentio</em></strong></span> <span class='ocrx_word' id='word_1_761' title='bbox 2939 4297 3201 4366; x_wconf 82' lang='lat' dir='ltr'><strong><em>superiori</em></strong></span> <span class='ocrx_word' id='word_1_762' title='bbox 3232 4297 3383 4352; x_wconf 84' lang='lat' dir='ltr'><strong><em>venia</em></strong></span> <span class='ocrx_word' id='word_1_763' title='bbox 3416 4298 3558 4368; x_wconf 77' lang='lat' dir='ltr'><strong><em>iusta</em></strong></span> <span class='ocrx_word' id='word_1_764' title='bbox 3589 4309 3809 4365; x_wconf 71' lang='lat' dir='ltr'><strong><em>praeste-</em></strong></span> 
     </span>
    </p>
   </div>
   <div class='ocr_carea' id='block_1_100' title="bbox 2229 4389 3806 4463">
    <p class='ocr_par' dir='ltr' id='par_1_100' title="bbox 2229 4389 3806 4463">
     <span class='ocr_line' id='line_1_100' title="bbox 2229 4389 3806 4463; baseline 0.003 -21"><span class='ocrx_word' id='word_1_765' title='bbox 2229 4398 2346 4454; x_wconf 89' lang='lat' dir='ltr'><strong><em>tur,</em></strong></span> <span class='ocrx_word' id='word_1_766' title='bbox 2397 4398 2453 4444; x_wconf 90' lang='lat' dir='ltr'><strong><em>et</em></strong></span> <span class='ocrx_word' id='word_1_767' title='bbox 2509 4389 2760 4460; x_wconf 80' lang='lat' dir='ltr'><strong><em>praesenti</em></strong></span> <span class='ocrx_word' id='word_1_768' title='bbox 2805 4391 3064 4460; x_wconf 84' lang='lat' dir='ltr'><strong><em>obsequio</em></strong></span> <span class='ocrx_word' id='word_1_769' title='bbox 3101 4391 3415 4447; x_wconf 74' lang='lat' dir='ltr'><strong><em>vicissitudo</em></strong></span> <span class='ocrx_word' id='word_1_770' title='bbox 3465 4391 3806 4463; x_wconf 78' lang='lat' dir='ltr'><strong><em>respondeat.</em></strong></span> 
     </span>
    </p>
   </div>
   <div class='ocr_carea' id='block_1_101' title="bbox 2234 4482 3277 4611">
    <p class='ocr_par' dir='ltr' id='par_1_101' title="bbox 2234 4482 3277 4611">
     <span class='ocr_line' id='line_1_101' title="bbox 2234 4482 2386 4538; baseline 0 -2"><span class='ocrx_word' id='word_1_771' title='bbox 2234 4482 2386 4538; x_wconf 70' lang='lat' dir='ltr'><strong><em>Vale.</em></strong></span> 
     </span>
     <span class='ocr_line' id='line_1_102' title="bbox 2780 4553 3277 4611; baseline 0.002 -2"><span class='ocrx_word' id='word_1_772' title='bbox 2780 4553 2997 4611; x_wconf 83' lang='lat' dir='ltr'><strong><em>EPIST.</em></strong></span> <span class='ocrx_word' id='word_1_773' title='bbox 3037 4553 3277 4611; x_wconf 76' lang='lat' dir='ltr'><strong><em>XXXVI.</em></strong></span> 
     </span>
    </p>
   </div>
   <div class='ocr_carea' id='block_1_102' title="bbox 2727 4704 3299 4746">
    <p class='ocr_par' dir='ltr' id='par_1_102' title="bbox 2727 4704 3299 4746">
     <span class='ocr_line' id='line_1_103' title="bbox 2727 4704 3299 4746; baseline 0 0"><span class='ocrx_word' id='word_1_774' title='bbox 2727 4704 3024 4746; x_wconf 65' lang='grc' dir='ltr'><strong><em>ει-ωμλειιυς</em></strong></span> <span class='ocrx_word' id='word_1_775' title='bbox 3057 4705 3299 4746; x_wconf 67' lang='grc' dir='ltr'><strong><em>Αυεοκιο.</em></strong></span> 
     </span>
    </p>
   </div>
   <div class='ocr_carea' id='block_1_103' title="bbox 2304 4825 3808 4898">
    <p class='ocr_par' dir='ltr' id='par_1_103' title="bbox 2304 4825 3808 4898">
     <span class='ocr_line' id='line_1_104' title="bbox 2304 4825 3808 4898; baseline 0 -18"><span class='ocrx_word' id='word_1_776' title='bbox 2304 4825 2594 4894; x_wconf 80' lang='lat' dir='ltr'><strong><em>lutet-pello</em></strong></span> <span class='ocrx_word' id='word_1_777' title='bbox 2619 4827 2997 4896; x_wconf 78' lang='lat' dir='ltr'><strong><em>occupationes</em></strong></span> <span class='ocrx_word' id='word_1_778' title='bbox 3027 4826 3339 4881; x_wconf 84' lang='lat' dir='ltr'><strong><em>assiduitate</em></strong></span> <span class='ocrx_word' id='word_1_779' title='bbox 3368 4826 3641 4898; x_wconf 87' lang='lat' dir='ltr'><strong><em>colloquii.</em></strong></span> <span class='ocrx_word' id='word_1_780' title='bbox 3677 4827 3808 4882; x_wconf 78' lang='lat' dir='ltr'><strong><em>Nam</em></strong></span> 
     </span>
    </p>
   </div>
   <div class='ocr_carea' id='block_1_104' title="bbox 2233 4919 3811 4990">
    <p class='ocr_par' dir='ltr' id='par_1_104' title="bbox 2233 4919 3811 4990">
     <span class='ocr_line' id='line_1_105' title="bbox 2233 4919 3811 4990; baseline 0 -16"><span class='ocrx_word' id='word_1_781' title='bbox 2233 4928 2289 4974; x_wconf 90' lang='lat' dir='ltr'><strong><em>et</em></strong></span> <span class='ocrx_word' id='word_1_782' title='bbox 2316 4919 2431 4988; x_wconf 87' lang='lat' dir='ltr'><strong><em>ipse</em></strong></span> <span class='ocrx_word' id='word_1_783' title='bbox 2461 4919 2763 4986; x_wconf 76' lang='lat' dir='ltr'><strong><em>huiusmodi</em></strong></span> <span class='ocrx_word' id='word_1_784' title='bbox 2796 4933 2983 4989; x_wconf 79' lang='lat' dir='ltr'><strong><em>pascor</em></strong></span> <span class='ocrx_word' id='word_1_785' title='bbox 3015 4919 3216 4987; x_wconf 75' lang='lat' dir='ltr'><strong><em>ofﬁcio,</em></strong></span> <span class='ocrx_word' id='word_1_786' title='bbox 3245 4931 3300 4975; x_wconf 88' lang='lat' dir='ltr'><strong><em>et</em></strong></span> <span class='ocrx_word' id='word_1_787' title='bbox 3330 4921 3811 4990; x_wconf 76' lang='lat' dir='ltr'><strong><em>peregrinationem</em></strong></span> 
     </span>
    </p>
   </div>
   <div class='ocr_carea' id='block_1_105' title="bbox 2237 5011 3813 5067">
    <p class='ocr_par' dir='ltr' id='par_1_105' title="bbox 2237 5011 3813 5067">
     <span class='ocr_line' id='line_1_106' title="bbox 2237 5011 3813 5067; baseline 0 -3"><span class='ocrx_word' id='word_1_788' title='bbox 2237 5018 2384 5065; x_wconf 86' lang='lat' dir='ltr'><strong><em>tuam</em></strong></span> <span class='ocrx_word' id='word_1_789' title='bbox 2416 5011 2614 5066; x_wconf 84' lang='lat' dir='ltr'><strong><em>talibus</em></strong></span> <span class='ocrx_word' id='word_1_790' title='bbox 2639 5011 2844 5067; x_wconf 84' lang='lat' dir='ltr'><strong><em>solatiis</em></strong></span> <span class='ocrx_word' id='word_1_791' title='bbox 2874 5013 3038 5067; x_wconf 84' lang='lat' dir='ltr'><strong><em>credo</em></strong></span> <span class='ocrx_word' id='word_1_792' title='bbox 3070 5012 3322 5066; x_wconf 70' lang='lat' dir='ltr'><strong><em>recreari.</em></strong></span> <span class='ocrx_word' id='word_1_793' title='bbox 3349 5012 3494 5066; x_wconf 79' lang='lat' dir='ltr'><strong><em>Tuas</em></strong></span> <span class='ocrx_word' id='word_1_794' title='bbox 3518 5021 3696 5067; x_wconf 82' lang='lat' dir='ltr'><strong><em>autem</em></strong></span> <span class='ocrx_word' id='word_1_795' title='bbox 3729 5013 3813 5066; x_wconf 84' lang='lat' dir='ltr'><strong><em>lit-</em></strong></span> 
     </span>
    </p>
   </div>
   <div class='ocr_carea' id='block_1_106' title="bbox 2239 5103 3815 5174">
    <p class='ocr_par' dir='ltr' id='par_1_106' title="bbox 2239 5103 3815 5174">
     <span class='ocr_line' id='line_1_107' title="bbox 2239 5103 3815 5174; baseline 0 -16"><span class='ocrx_word' id='word_1_796' title='bbox 2239 5113 2382 5160; x_wconf 85' lang='lat' dir='ltr'><strong><em>teras</em></strong></span> <span class='ocrx_word' id='word_1_797' title='bbox 2410 5103 2644 5160; x_wconf 81' lang='lat' dir='ltr'><strong><em>vicissim</em></strong></span> <span class='ocrx_word' id='word_1_798' title='bbox 2667 5115 2952 5172; x_wconf 77' lang='lat' dir='ltr'><strong><em>exspecto;</em></strong></span> <span class='ocrx_word' id='word_1_799' title='bbox 2985 5119 3089 5158; x_wconf 90' lang='lat' dir='ltr'><strong><em>non</em></strong></span> <span class='ocrx_word' id='word_1_800' title='bbox 3125 5104 3304 5174; x_wconf 75' lang='lat' dir='ltr'><strong><em>exigo.</em></strong></span> <span class='ocrx_word' id='word_1_801' title='bbox 3331 5104 3587 5173; x_wconf 72' lang='lat' dir='ltr'><strong><em>iniurium</em></strong></span> <span class='ocrx_word' id='word_1_802' title='bbox 3615 5107 3815 5174; x_wconf 82' lang='lat' dir='ltr'><strong><em>quippe</em></strong></span> 
     </span>
    </p>
   </div>
   <div class='ocr_carea' id='block_1_107' title="bbox 2239 5197 3818 5266">
    <p class='ocr_par' dir='ltr' id='par_1_107' title="bbox 2239 5197 3818 5266">
     <span class='ocr_line' id='line_1_108' title="bbox 2239 5197 3818 5266; baseline 0 -14"><span class='ocrx_word' id='word_1_803' title='bbox 2239 5207 2343 5261; x_wconf 83' lang='lat' dir='ltr'><strong><em>est,</em></strong></span> <span class='ocrx_word' id='word_1_804' title='bbox 2377 5211 2702 5266; x_wconf 77' lang='lat' dir='ltr'><strong><em>magnopere</em></strong></span> <span class='ocrx_word' id='word_1_805' title='bbox 2741 5197 2977 5266; x_wconf 73' lang='lat' dir='ltr'><strong><em>ﬂagitare</em></strong></span> <span class='ocrx_word' id='word_1_806' title='bbox 3011 5197 3152 5266; x_wconf 88' lang='lat' dir='ltr'><strong><em>quod</em></strong></span> <span class='ocrx_word' id='word_1_807' title='bbox 3194 5211 3407 5264; x_wconf 66' lang='lat' dir='ltr'><strong><em>speres;</em></strong></span> <span class='ocrx_word' id='word_1_808' title='bbox 3450 5213 3516 5252; x_wconf 90' lang='lat' dir='ltr'><strong><em>ne</em></strong></span> <span class='ocrx_word' id='word_1_809' title='bbox 3554 5199 3692 5266; x_wconf 82' lang='lat' dir='ltr'><strong><em>quod</em></strong></span> <span class='ocrx_word' id='word_1_810' title='bbox 3737 5207 3818 5253; x_wconf 80' lang='lat' dir='ltr'><strong><em>est</em></strong></span> 
     </span>
    </p>
   </div>
   <div class='ocr_carea' id='block_1_108' title="bbox 2241 5289 3819 5348">
    <p class='ocr_par' dir='ltr' id='par_1_108' title="bbox 2241 5289 3819 5348">
     <span class='ocr_line' id='line_1_109' title="bbox 2241 5289 3819 5348; baseline -0.001 -6"><span class='ocrx_word' id='word_1_811' title='bbox 2241 5290 2620 5348; x_wconf 83' lang='lat' dir='ltr'><strong><em>voluntarium.</em></strong></span> <span class='ocrx_word' id='word_1_812' title='bbox 2648 5290 2894 5343; x_wconf 53' lang='lat' dir='ltr'><strong><em>rideatur</em></strong></span> <span class='ocrx_word' id='word_1_813' title='bbox 2924 5299 3214 5345; x_wconf 75' lang='lat' dir='ltr'><strong><em>extortum.</em></strong></span> <span class='ocrx_word' id='word_1_814' title='bbox 3241 5291 3381 5344; x_wconf 81' lang='lat' dir='ltr'><strong><em>Sane</em></strong></span> <span class='ocrx_word' id='word_1_815' title='bbox 3408 5289 3554 5345; x_wconf 78' lang='lat' dir='ltr'><strong><em>fratri</em></strong></span> <span class='ocrx_word' id='word_1_816' title='bbox 3587 5306 3707 5344; x_wconf 86' lang='lat' dir='ltr'><strong><em>meo</em></strong></span> <span class='ocrx_word' id='word_1_817' title='bbox 3740 5293 3819 5343; x_wconf 88' lang='lat' dir='ltr'><strong><em>ln-</em></strong></span> 
     </span>
    </p>
   </div>
   <div class='ocr_carea' id='block_1_109' title="bbox 2241 5374 3819 5451">
    <p class='ocr_par' dir='ltr' id='par_1_109' title="bbox 2241 5374 3819 5451">
     <span class='ocr_line' id='line_1_110' title="bbox 2241 5374 3819 5451; baseline 0 -17"><span class='ocrx_word' id='word_1_818' title='bbox 2241 5382 2492 5435; x_wconf 82' lang='lat' dir='ltr'><strong><em>nocentio</em></strong></span> <span class='ocrx_word' id='word_1_819' title='bbox 2526 5374 2764 5449; x_wconf 59' lang='lat' dir='ltr'><strong><em>gratulor</em></strong></span> <span class='ocrx_word' id='word_1_820' title='bbox 2789 5421 2805 5444; x_wconf 84' lang='lat'><strong><em>,</em></strong></span> <span class='ocrx_word' id='word_1_821' title='bbox 2845 5382 3106 5435; x_wconf 81' lang='lat' dir='ltr'><strong><em>amicitias</em></strong></span> <span class='ocrx_word' id='word_1_822' title='bbox 3156 5391 3309 5446; x_wconf 83' lang='lat' dir='ltr'><strong><em>tuas,</em></strong></span> <span class='ocrx_word' id='word_1_823' title='bbox 3341 5385 3647 5451; x_wconf 81' lang='lat' dir='ltr'><strong><em>priusquam</em></strong></span> <span class='ocrx_word' id='word_1_824' title='bbox 3689 5383 3819 5436; x_wconf 59' lang='lat' dir='ltr'><strong><em>seri.</em></strong></span> 
     </span>
    </p>
   </div>
   <div class='ocr_carea' id='block_1_110' title="bbox 2244 5473 3822 5542">
    <p class='ocr_par' dir='ltr' id='par_1_110' title="bbox 2244 5473 3822 5542">
     <span class='ocr_line' id='line_1_111' title="bbox 2244 5473 3822 5542; baseline -0.001 -14"><span class='ocrx_word' id='word_1_825' title='bbox 2244 5476 2449 5538; x_wconf 78' lang='lat' dir='ltr'><strong><em>berem,</em></strong></span> <span class='ocrx_word' id='word_1_826' title='bbox 2502 5473 2794 5542; x_wconf 76' lang='lat' dir='ltr'><strong><em>contigisse</em></strong></span> <span class='ocrx_word' id='word_1_827' title='bbox 2828 5491 2840 5521; x_wconf 74' lang='grc' dir='ltr'><strong>τ</strong></span> <span class='ocrx_word' id='word_1_828' title='bbox 2869 5474 2993 5542; x_wconf 81' lang='lat' dir='ltr'><strong><em>quia</em></strong></span> <span class='ocrx_word' id='word_1_829' title='bbox 3043 5474 3250 5528; x_wconf 79' lang='lat' dir='ltr'><strong><em>facilior</em></strong></span> <span class='ocrx_word' id='word_1_830' title='bbox 3299 5476 3427 5527; x_wconf 83' lang='lat' dir='ltr'><strong><em>mihi</em></strong></span> <span class='ocrx_word' id='word_1_831' title='bbox 3482 5476 3642 5539; x_wconf 76' lang='lat' dir='ltr'><strong><em>cmpit</em></strong></span> <span class='ocrx_word' id='word_1_832' title='bbox 3701 5491 3822 5528; x_wconf 73' lang='lat' dir='ltr'><strong><em>esse</em></strong></span> 
     </span>
    </p>
   </div>
   <div class='ocr_carea' id='block_1_111' title="bbox 2245 5565 3821 5637">
    <p class='ocr_par' dir='ltr' id='par_1_111' title="bbox 2245 5565 3821 5637">
     <span class='ocr_line' id='line_1_112' title="bbox 2245 5565 3821 5637; baseline 0.001 -19"><span class='ocrx_word' id='word_1_833' title='bbox 2245 5566 2364 5632; x_wconf 78' lang='lat' dir='ltr'><strong><em>ejus</em></strong></span> <span class='ocrx_word' id='word_1_834' title='bbox 2399 5565 2814 5627; x_wconf 83' lang='lat' dir='ltr'><strong><em>commendatio,</em></strong></span> <span class='ocrx_word' id='word_1_835' title='bbox 2847 5581 3004 5634; x_wconf 82' lang='lat' dir='ltr'><strong><em>quem</em></strong></span> <span class='ocrx_word' id='word_1_836' title='bbox 3038 5566 3294 5637; x_wconf 60' lang='lat' dir='ltr'><strong><em>probasti,</em></strong></span> <span class='ocrx_word' id='word_1_837' title='bbox 3333 5581 3492 5633; x_wconf 86' lang='lat' dir='ltr'><strong><em>quam</em></strong></span> <span class='ocrx_word' id='word_1_838' title='bbox 3526 5569 3709 5620; x_wconf 85' lang='lat' dir='ltr'><strong><em>luisset</em></strong></span> <span class='ocrx_word' id='word_1_839' title='bbox 3745 5569 3821 5619; x_wconf 83' lang='lat' dir='ltr'><strong><em>in-</em></strong></span> 
     </span>
    </p>
   </div>
   <div class='ocr_carea' id='block_1_112' title="bbox 2245 5655 3823 5727">
    <p class='ocr_par' dir='ltr' id='par_1_112' title="bbox 2245 5655 3823 5727">
     <span class='ocr_line' id='line_1_113' title="bbox 2245 5655 3823 5727; baseline 0.003 -17"><span class='ocrx_word' id='word_1_840' title='bbox 2245 5657 2468 5724; x_wconf 76' lang='lat' dir='ltr'><strong><em>cogniti.</em></strong></span> <span class='ocrx_word' id='word_1_841' title='bbox 2497 5655 2679 5724; x_wconf 84' lang='lat' dir='ltr'><strong><em>ltaquo</em></strong></span> <span class='ocrx_word' id='word_1_842' title='bbox 2714 5658 2814 5710; x_wconf 86' lang='lat' dir='ltr'><strong><em>hoc</em></strong></span> <span class='ocrx_word' id='word_1_843' title='bbox 2845 5674 3006 5711; x_wconf 88' lang='lat' dir='ltr'><strong><em>utnnn</em></strong></span> <span class='ocrx_word' id='word_1_844' title='bbox 3039 5659 3282 5713; x_wconf 77' lang='lat' dir='ltr'><strong><em>lteucticii</em></strong></span> <span class='ocrx_word' id='word_1_845' title='bbox 3316 5662 3618 5727; x_wconf 73' lang='lat' dir='ltr'><strong><em>expostulo,</em></strong></span> <span class='ocrx_word' id='word_1_846' title='bbox 3655 5661 3823 5727; x_wconf 79' lang='lat' dir='ltr'><strong><em>utqui</em></strong></span> 
     </span>
    </p>
   </div>
   <div class='ocr_carea' id='block_1_113' title="bbox 2247 5748 3821 5825">
    <p class='ocr_par' dir='ltr' id='par_1_113' title="bbox 2247 5748 3821 5825">
     <span class='ocr_line' id='line_1_114' title="bbox 2247 5748 3821 5825; baseline 0.003 -22"><span class='ocrx_word' id='word_1_847' title='bbox 2247 5749 2326 5803; x_wconf 89' lang='lat' dir='ltr'><strong><em>sui</em></strong></span> <span class='ocrx_word' id='word_1_848' title='bbox 2356 5748 2859 5818; x_wconf 78' lang='lat' dir='ltr'><strong><em>emendationejatn</em></strong></span> <span class='ocrx_word' id='word_1_849' title='bbox 2889 5751 3108 5812; x_wconf 84' lang='lat' dir='ltr'><strong><em>nititur;</em></strong></span> <span class='ocrx_word' id='word_1_850' title='bbox 3144 5754 3431 5807; x_wconf 77' lang='lat' dir='ltr'><strong><em>testimonii</em></strong></span> <span class='ocrx_word' id='word_1_851' title='bbox 3460 5756 3625 5810; x_wconf 85' lang='lat' dir='ltr'><strong><em>nostri</em></strong></span> <span class='ocrx_word' id='word_1_852' title='bbox 3657 5755 3821 5825; x_wconf 76' lang='lat' dir='ltr'><strong><em>gratia</em></strong></span> 
     </span>
    </p>
   </div>
   <div class='ocr_carea' id='block_1_114' title="bbox 2248 5841 3050 5909">
    <p class='ocr_par' dir='ltr' id='par_1_114' title="bbox 2248 5841 3050 5909">
     <span class='ocr_line' id='line_1_115' title="bbox 2248 5841 3050 5909; baseline 0.004 -11"><span class='ocrx_word' id='word_1_853' title='bbox 2248 5843 2564 5900; x_wconf 78' lang='lat' dir='ltr'><strong><em>cumulatius</em></strong></span> <span class='ocrx_word' id='word_1_854' title='bbox 2592 5841 2864 5909; x_wconf 70' lang='lat' dir='ltr'><strong><em>diligatur.</em></strong></span> <span class='ocrx_word' id='word_1_855' title='bbox 2906 5841 3050 5901; x_wconf 75' lang='lat' dir='ltr'><strong><em>Vale.</em></strong></span> 
     </span>
    </p>
   </div>
  </div>
