4218 6452
430 300 526 358 Ilii

959 420 1169 477 EPIST.
1219 422 1479 478 XXXVII.

940 528 1244 570 SYMHACHUS
1276 534 1302 570 Α
1312 533 1513 574 υεοκιο.

498 606 611 662 Non
656 605 851 661 frustra
896 608 1194 677 przedicant
1223 626 1237 662 :
1270 609 1472 665 Meutes
1516 610 1789 668 hominum
1838 616 2010 671 nitere

425 696 630 767 liquido
662 696 771 763 die,
822 706 1010 752 coacta
1047 698 1187 753 nube
1227 699 1561 756 flaccesscre.
1612 703 1760 757 Meus
1799 706 2009 761 animus

427 789 588 844 ﬁdem
610 788 737 843 facit
753 791 1023 859 exemplo.
1048 788 1180 843 Nam
1207 793 1417 859 quoties
1446 794 1537 847 tibi
1567 796 1764 861 scribo,
1796 813 1862 851 ex
1886 813 2008 853 seu-

423 883 588 937 tentia
617 897 747 938 usus
774 882 1059 939 verborum
1087 885 1344 953 suppetit,
1376 900 1605 954 quorum
1630 888 1763 942 alias
1792 892 2007 959 suppel-

422 972 510 1027 Iex
537 973 663 1028 mihi
694 973 854 1029 desit.
884 973 1095 1044 Quippe
1125 973 1306 1029 laetitia
1345 977 1537 1045 loquax
1582 993 1669 1033 res
1694 990 1804 1047 est,
1843 989 2006 1052 atque

418 1066 739 1119 ostentatrix
766 1067 848 1120 sui
883 1065 1054 1122 :adeo
1087 1080 1293 1136 magna:
1322 1072 1456 1138 parti
1495 1071 1770 1126 hominum
1801 1074 1870 1127 ab
1901 1073 2004 1129 hoc

423 1158 615 1212 morbo
644 1157 786 1211 nulla
817 1158 994 1213 cautio
1019 1166 1123 1213 est.
1156 1160 1341 1215 Patere
1365 1160 1546 1230 igitur,
1579 1180 1699 1233 quas
1727 1166 1791 1218 ad
1819 1166 2003 1222 laudes

426 1261 541 1305 tuas
568 1251 862 1319 pertinent,
891 1252 1292 1322 obloqoentem,
1325 1270 1405 1309 νιν
1428 1267 1685 1325 quantum
1715 1266 1800 1312 est
1832 1258 2003 1315 homi-

418 1358 544 1397 uutn
576 1340 629 1395 in
658 1341 816 1397 terris
860 1345 1283 1413 spectatissime;
1327 1348 1418 1416 qui
1472 1362 1537 1403 ex
1578 1351 1802 1404 summis
1829 1352 2001 1421 copiis

418 1435 650 1503 vigiliam
681 1449 779 1503 pro
804 1434 938 1489 meis
964 1436 1128 1491 rebus
1161 1439 1449 1503 anniteris,
1486 1449 1542 1493 et
1568 1439 1853 1495 amicitiam
1887 1450 1999 1496 sta-

416 1525 509 1579 bili
535 1524 810 1594 diligentia
842 1539 1172 1594 perseveras.
1200 1526 1257 1583 Si
1284 1527 1419 1584 Iides
1446 1531 1586 1585 seria
1612 1532 1857 1600 cuiquam
1876 1534 1994 1600 fuit,

415 1615 514 1669 tibi
546 1625 674 1685 puto
698 1631 850 1671 esse:
870 1631 1028 1684 quam
1052 1618 1293 1688 plerique
1316 1621 1480 1674 verbo
1509 1631 1803 1688 ostentant,
1831 1637 1997 1693 opere

412 1708 878 1777 deserunt:un
907 1724 1073 1778 genus
1113 1711 1241 1764 nulli
1269 1710 1346 1765 rei
1383 1719 1487 1774 est,
1536 1712 1635 1767 nisi
1676 1713 1742 1767 ad
1769 1716 1992 1781 loquen-

1646 310 2129 371 ειηετοιληυλι
2170 317 2371 375 LIBER
2409 321 2448 376 I.

2035 439 2084 497 Α
2117 432 2220 490 fide
2249 446 2302 490 et
2331 437 2620 497 sedulitate
2650 441 2878 513 militiae,
2900 454 3143 502 sanetum
3168 449 3435 505 Victorem
3461 450 3690 508 amicum

3594 341 3689 394 σω

2115 540 2292 581 meum
2317 540 2593 599 promptus
2612 536 3017 592 commendator
3043 539 3277 604 insinuo,
3310 558 3469 611 quem
3497 544 3563 596 ad
3589 546 3689 599 hoc

2112 618 2210 671 arvi
2248 621 2389 674 nulla
2426 629 2643 678 actuum
2673 626 2829 695 culpa
2855 626 3111 694 fuscavit;
3143 633 3239 686 sed
3269 634 3495 688 fortuna:
3521 634 3686 691 licen-

2110 708 2179 763 tia
2203 711 2490 777 (interdum
2511 717 2741 784 Optimos
2763 718 3106 791 decolorans)
3136 738 3261 789 spes
3282 724 3397 792 ejus
3420 727 3686 795 putli~per

2109 801 2343 873 infregit,
2371 821 2503 874 quas
2528 810 2579 862 in
2613 810 2875 880 integrum
2903 817 3084 869 szeculi
3118 818 3392 873 beatitudo
3419 823 3685 883 restituet.

2107 894 2151 947 si
2184 894 2541 953 innocentiam
2570 903 2828 973 supplicis
2871 905 3110 961 secundo
3140 906 3321 964 favore
3352 912 3684 981 respexeris.

2110 984 2258 1041 Vale.

2708 1062 2922 1125 EPIST.
2952 1068 3087 1123 XLI.

2595 1168 2903 1212 ενιιιιλειιυς
2928 1174 3172 1215 ιυεοκιο.

2178 1263 2339 1319 Facio
2379 1281 2516 1335 rem,
2559 1284 2679 1325 cum
2724 1273 2828 1327 tuis
2873 1276 3129 1341 moribus,
3185 1285 3299 1333 tum
3340 1293 3461 1335 meo
3505 1282 3681 1337 studio

2099 1367 2503 1425 congruentem,
2525 1368 2583 1413 ut
2602 1365 3047 1429 praestantissimo
3067 1367 3184 1423 viro
3208 1370 3470 1425 amicitias
3495 1372 3681 1440 optimi

2098 1446 2356 1514 cujusque
2395 1452 2677 1507 conciliem
2711 1470 2726 1508 :
2762 1455 2906 1510 velut
2954 1473 3095 1512 nunc
3124 1459 3217 1514 tibi
3264 1475 3293 1515 a
3335 1476 3421 1516 me
3456 1463 3682 1517 traditur

2099 1537 2453 1607 philosophiae
2481 1542 2833 1609 candidatus;
2860 1548 3016 1617 cujus
3065 1550 3348 1620 pudorem,
3381 1554 3465 1607 vel
3510 1557 3677 1622 prima

2097 1627 2297 1694 facies;
2332 1642 2522 1686 caetera
2554 1633 2690 1687 bona
2729 1634 2917 1707 leugus
2943 1655 3073 1693 usus
3098 1642 3368 1710 expediet.
3408 1643 3558 1698 Hunc
3580 1661 3680 1716 ego

2094 1718 2191 1772 abs
2233 1729 2286 1776 te
2334 1722 2531 1778 nollem
2574 1724 2746 1797 diligi,
2790 1728 2845 1782 ni
2876 1740 3174 1787 mereretur
3212 1733 3446 1802 probari.
3495 1735 3604 1790 Sed
3632 1737 3678 1790 si

411 1798 563 1852 dum.
582 1797 772 1853 Merito
794 1812 1077 1868 processus
1099 1809 1219 1853 tuos
1241 1800 1292 1853 in
1318 1815 1440 1856 meo
1465 1818 1572 1857 a-re
1597 1802 1994 1872 duco:quando
2026 1826 2070 1886 Β
2099 1811 2233 1867 bene
2262 1815 2494 1880 aestimo,
2520 1827 2758 1875 actutum
2788 1823 3100 1893 merebitur,
3131 1837 3291 1895 atque
3313 1828 3432 1880 ideo
3454 1827 3677 1898 diligen-

408 1887 558 1956 juxta
587 1902 796 1958 magna:
815 1902 960 1943 cura:
992 1903 1109 1943 sum
1142 1889 1257 1952 tibi,
1290 1901 1452 1960 atque
1480 1908 1599 1946 cum
1629 1894 1862 1948 maxime
1894 1894 1991 1948 fui.

409 1979 672 2049 Superest
698 1989 875 2035 tamen
906 1980 1127 2050 aliquid.
1158 1982 1300 2051 quod
1346 1983 1466 2036 huic
1496 1983 1550 2036 in
1577 1999 1663 2038 me
1692 1985 1871 2039 studio
1897 1988 1994 2038 ad-

404 2072 497 2141 jici
524 2072 706 2127 velim.
753 2072 887 2128 Nolo
928 2073 1261 2139 memineris,
1294 2074 1432 2142 quod
1486 2075 1774 2144 aliquando
1808 2076 1990 2132 animo

408 2172 502 2219 tuo
520 2163 821 2218 suocensui.
852 2166 1018 2218 Amor
1045 2162 1293 2218 fiduciam
1325 2166 1509 2220 nutrit.
1540 2166 1676 2233 Quid
1719 2176 1826 2221 tam
1859 2167 1992 2222 libe-

407 2272 552 2322 rum,
599 2270 757 2327 quam
787 2256 1057 2311 amicitia?
1096 2256 1335 2325 Negotiis
1388 2259 1702 2326 plerumque
1740 2262 1986 2328 apposita

404 2358 489 2402 est
514 2347 875 2418 expostulat‘to
906 2350 1023 2403 sine
1053 2350 1171 2404 labe
1196 2350 1520 2404 concordiae.
1553 2351 1626 2403 lta
1665 2368 1849 2406 verum
1879 2366 1986 2419 est,

402 2441 549 2511 quod
600 2441 760 2496 hodie
786 2440 881 2495 tibi
917 2441 1119 2511 gratias
1147 2456 1269 2512 ago,
1311 2453 1368 2496 ut
1416 2442 1544 2495 illud
1590 2458 1693 2495 non
1727 2444 1985 2510 potuerim

402 2533 767 2597 dissimulare,
810 2532 954 2601 quod
986 2531 1151 2584 dolui.
1183 2532 1346 2586 (lassa
1377 2532 1479 2585 fide
1508 2544 1652 2597 sunt,
1680 2532 1770 2602 qui
1789 2532 1990 2603 jugiter

402 2623 769 2679 blandiuntur.
801 2620 906 2678 Sed
945 2622 1072 2691 qttid
1097 2622 1299 2675 diutius
1336 2636 1396 2676 ea
1441 2633 1645 2686 retexo,
1676 2638 1904 2692 quorum
1935 2633 1988 2680 te

401 2713 644 2768 oblivisci
668 2712 829 2768 volo?
857 2714 1007 2779 Esto,
1040 2724 1097 2767 ut
1124 2729 1205 2781 es,
1231 2712 1455 2781 benigna
1485 2715 1534 2767 in
1564 2729 1650 2768 tne
1678 2716 1982 2770 voluntate:

399 2806 542 2873 quod
565 2820 670 2875 ego
697 2804 1019 2875 sperandum
1052 2807 1220 2874 magis
1243 2820 1274 2859 a
1306 2816 1358 2861 te
1392 2809 1565 2861 sentio
1592 2822 1750 2876 quam
1794 2818 1983 2878 peten-

402 2898 554 2951 dum.
586 2895 735 2952 Vale.

923 2965 1139 3021 EPIST.
1176 2966 1461 3022 XXXVIII.

896 3073 1204 3114 ευηιλεηυε
1234 3074 1475 3114 Αυδοκιο.

2096 1912 2178 1956 ter
2202 1903 2269 1957 de
2296 1904 2397 1961 hoc
2423 1907 2551 1961 nihil
2574 1911 2803 1975 amplius
2828 1927 2945 1967 oro.
2982 1913 3163 1984 Neque
3188 1917 3331 1970 enim
3363 1918 3672 1985 prtejudtcio

2094 2012 2215 2051 meo
2238 1998 2398 2055 debet
2424 2003 2666 2072 astringi,
2699 2005 2852 2075 cujus
2872 2020 3125 2080 exspecto
3145 2011 3428 2079 judicium.
3459 2013 3589 2067 Illud
3624 2025 3677 2069 te

2094 2090 2270 2154 mlius
2296 2099 2508 2144 oratum
2530 2094 2674 2158 volo,
2700 2106 2757 2148 ut
2785 2099 2952 2151 nostri
2984 2099 3313 2169 diligentiam
3338 2118 3673 2172 perseveres.

2091 2177 2243 2243 Quod
2276 2195 2399 2235 cum
2437 2181 2696 2253 efﬂagito,
2746 2201 2937 2243 vereor
2978 2205 3046 2243 ne
3094 2206 3181 2246 me
3217 2193 3466 2260 iujttrium
3496 2206 3672 2263 putes,

2089 2270 2231 2339 quia
2262 2281 2315 2328 te
2335 2274 2623 2344 postulem,
2652 2278 2796 2347 quod
2818 2290 3013 2351 sponte
3033 2295 3382 2353 prastaturus
3406 2302 3487 2344 es.
3514 2287 3668 2345 Vale.

2670 2390 2885 2448 EPIST.
2916 2392 3076 2451 XLII.

2582 2514 2892 2559 εγωηοευε
2918 2521 3159 2562 Αηεοωο.

2158 2602 2528 2676 Compensasti
2559 2609 2774 2681 longum
2803 2615 3074 2672 silentium
3103 2619 3315 2689 gemina
3355 2620 3663 2691 scriptione.

2089 2692 2296 2749 Pariter
2345 2702 2487 2753 enim
2546 2700 2699 2757 binas
2750 2704 2957 2762 litteras
2999 2710 3294 2777 praebuisti,
3340 2711 3665 2770 desiderium

2088 2802 2265 2843 meum
2298 2791 2477 2847 ofﬁcio
2527 2793 2757 2862 largiore
2798 2800 3137 2869 complexus.
3183 2803 3260 2858 Ex
3302 2822 3411 2876 qttn
3435 2808 3663 2873 adverti,

2086 2896 2197 2937 nou
2225 2883 2553 2937 voluntatem
2586 2885 2677 2941 tibi
2706 2886 2986 2959 hactenus,
3024 2893 3117 2947 Sed
3145 2894 3377 2963 bajulutu
3407 2897 3661 2956 defuisse.

2086 2968 2269 3039 Neque
2291 2973 2433 3028 enim
2463 2974 2615 3029 aliter
2637 2971 2896 3045 potuisset
2933 2982 3198 3049 accidere,
3242 2996 3297 3040 ut
3340 3002 3427 3041 me
3480 2990 3662 3045 taudiu

2083 3063 2352 3119 sermonis
2378 3066 2449 3119 tui
2483 3066 2687 3123 honore
2722 3068 3017 3148 fraudares.
3058 3074 3248 3130 Merito
3281 3078 3422 3147 apud
3468 3095 3568 3133 nos
3611 3082 3662 3136 itt

472 3164 629 3221 Falso
665 3165 905 3221 creditur
929 3167 1114 3237 iudici,
1148 3169 1381 3222 nesciam
1414 3185 1534 3225 esse
1565 3171 1854 3229 fortunam.
1883 3175 1974 3231 ma
2001 3194 2048 3257 ϐ
2083 3152 2201 3257 dies
2222 3154 2463 3257 singulos
2581 3160 3036 3257 ettltusangescit,
3066 3176 3119 3220 et
3140 3166 3287 3234 justo
3308 3172 3523 3224 cumulo
3543 3188 3660 3227 cre-

403 3272 533 3312 vero
580 3271 631 3313 et
685 3260 1075 3327 pmteritorum
1121 3275 1348 3330 memor,
1387 3272 1440 3315 et
1470 3266 1813 3332 praesentium
1859 3268 1979 3324 dili-

397 3364 550 3418 grus.
578 3358 633 3404 et
670 3352 902 3419 prudens
931 3351 1116 3418 futuri,
1159 3354 1253 3407 tibi
1292 3358 1554 3423 rependit,
1586 3358 1843 3427 quidquid
1871 3375 1979 3417 ca:-

401 3440 529 3493 teris
560 3440 829 3510 praestitit.
860 3441 973 3497 Non
1006 3458 1134 3513 ergo
1157 3460 1311 3512 vana,
1343 3462 1515 3517 neque
1537 3451 1765 3505 erratica
1794 3462 1879 3507 est
1907 3470 1922 3509 :
1947 3469 1977 3507 a

403 3546 506 3598 qua
537 3533 736 3588 scimus
765 3535 900 3589 alios
928 3536 1146 3591 domum
1170 3537 1417 3607 cmpisse,
1448 3550 1499 3595 te
1528 3545 1825 3609 prmmium.
1849 3545 1979 3614 Quis

399 3622 493 3675 tibi
523 3625 741 3679 honoris
773 3629 941 3681 nostri
971 3626 1226 3699 (inquies)
1259 3631 1385 3688 fecit
1420 3635 1714 3690 indicium?
1736 3638 1978 3695 Celebri-

406 3724 486 3766 tas
513 3716 690 3779 famas,
714 3722 796 3771 cui
821 3720 961 3785 justa
980 3722 1213 3775 narranti
1237 3724 1415 3778 statim
1440 3727 1689 3781 creditur.
1710 3730 1788 3782 An
1812 3745 1978 3797 oppe~

401 3806 537 3860 rircr
562 3823 725 3878 super
746 3809 846 3864 hoc
869 3820 983 3864 tuas
1012 3813 1234 3878 litteras,
1258 3832 1390 3883 quas
1414 3821 1732 3873 verecundia
1766 3824 1977 3879 differe-

396 3898 517 3951 hat?
548 3898 795 3962 Minime;
823 3902 1084 3971 siquidem
1106 3906 1339 3961 dilftcilis
1362 3918 1446 3975 est
1476 3912 1725 3979 patientia
1755 3916 1975 3981 gaudio-

398 4004 533 4041 rum.
574 3989 787 4060 Fungor
825 3991 1005 4061 igitur,
1038 4002 1095 4047 ut
1123 3996 1290 4062 vides,
1325 4004 1560 4065 partibus
1602 4003 1725 4071 tuis,
1772 4015 1826 4058 et
1855 4021 1973 4074 qtne

395 4080 554 4134 debui
585 4097 910 4153 cognoscere
939 4089 1099 4141 malui
1128 4091 1526 4158 quodammodo
1558 4098 1822 4153 nuntiare.
1864 4101 1971 4154 Sed

400 4174 526 4226 nolo
546 4174 643 4229 ista
673 4181 977 4245 properatio
1002 4180 1296 4236 litterarum
1329 4201 1566 4241 mearum
1603 4201 1747 4243 tuum
1780 4207 1973 4249 munus

402 4264 679 4333 impediat.
714 4268 865 4323 Scire
892 4286 1000 4337 me,
1032 4273 1170 4338 quod
1205 4291 1344 4329 nunc
1366 4279 1566 4343 scribo,
1597 4280 1894 4349 dissimula,
1920 4296 1973 4340 et

396 4355 570 4407 tribue
602 4359 752 4426 quasi
798 4374 992 4414 novum
1039 4367 1310 4431 nuntium,
1345 4383 1501 4437 quem
1541 4387 1639 4437 ego
1666 4376 1974 4442 gratulabor

394 4444 663 4502 iteratum.
692 4447 840 4505 Vale.

943 4521 1158 4580 EPIST.
1197 4526 1439 4585 XXXZX.

888 4629 1199 4673 εῖιιωλειιυε
1229 4634 1473 4676 Αυδοκιο.

464 4721 587 4778 Sc;o
615 4724 829 4795 quidem
856 4727 1060 4785 litteras
1081 4749 1227 4788 meas
1256 4735 1349 4790 tibi
1376 4751 1501 4793 sero
1531 4740 1852 4809 reddendas,
1886 4746 1970 4801 vel

395 4826 613 4885 prepter
639 4822 1038 4890 occupationes,
1070 4833 1189 4896 qua:
1231 4839 1282 4883 te
1327 4830 1378 4884 in
1412 4834 1684 4900 procinctu
1728 4838 1970 4907 aliquan-

395 4909 561 4976 tisper
603 4910 887 4980 tenebunt;
939 4915 1022 4969 vel
1056 4916 1197 4985 quod
1242 4919 1405 4975 frater
1452 4938 1601 4978 meus
1642 4927 1967 4997 Gorgonius,

394 5000 685 5055 admirator
730 5003 985 5060 virtutum
1016 5015 1250 5077 tuarum,
1284 5012 1507 5069 diutina:
1542 5018 1681 5085 apud
1722 5016 1966 5077 Picentes

396 5090 693 5163 indulgebit
715 5099 895 5166 quieti.
940 5098 1007 5155 Ut
1032 5110 1091 5154 ut
1116 5113 1201 5155 est
1231 5113 1410 5159 tamen
1442 5109 1539 5161 ista
1587 5112 1846 5179 conditio,
1879 5130 1971 5170 su-

396 5187 781 5252 persedendum
822 5190 997 5247 ofﬁcio
1042 5210 1146 5248 non
1181 5204 1379 5263 putavi.
1424 5198 1558 5256 Fors
1590 5202 1722 5269 fuat,
1756 5221 1821 5260 an
1857 5208 1969 5264 haec

394 5288 600 5333 mature
644 5281 697 5335 in
729 5298 917 5338 manus
948 5294 1066 5340 tuas
1108 5294 1304 5357 scripta
1342 5292 1446 5347 sint
1480 5306 1721 5350 ventura.
1753 5300 1861 5369 Ego
1886 5310 1967 5356 ta-

396 5383 514 5423 men
540 5386 795 5439 quantum
821 5391 915 5444 per
944 5392 1310 5436 commeantes
1344 5384 1542 5451 licebit,
1570 5389 1697 5456 justi
1733 5406 1968 5450 muneris

394 5471 605 5528 operam
635 5479 740 5518 non
773 5480 1068 5534 reparcam.
1109 5470 1254 5526 Vale.

998 5562 1208 5619 EI’IST.
1236 5564 1346 5619 XL.

875 5665 1181 5709 θγωιλοιιυς
1208 5673 1446 5712 Αυδοκιο.

456 5733 573 5789 Non
601 5751 798 5793 novum
826 5750 916 5797 aut
952 5744 1303 5815 incognitum,
1352 5750 1446 5806 sed
1490 5764 1825 5823 conpertum
1854 5755 1961 5826 jam

2081 3247 2185 3301 scit
2212 3248 2441 3304 affectio.
2484 3250 2725 3321 Namque
2752 3255 2824 3309 ita
2854 3271 2955 3311 usu
2996 3268 3361 3328 comparatum
3395 3263 3655 3329 videmus,

2079 3350 2135 3392 ut
2166 3340 2402 3396 amicitia
2445 3340 2581 3399 bene
2612 3344 2805 3409 locata,
2836 3350 3170 3417 experiundo
3197 3354 3435 3422 quotidie
3467 3370 3657 3423 prme-

2082 3429 2256 3485 hatur.
2286 3431 2391 3487 Sed
2431 3433 2498 3490 de
2528 3434 2625 3488 ista
2672 3445 2824 3505 parte
2854 3438 3035 3496 verbis
3067 3444 3522 3511 supersedendum
3550 3460 3651 3503 est.

2082 3523 2261 3593 Neque
2291 3526 2435 3582 enim
2462 3530 2549 3583 ine
2574 3533 2790 3597 oportet
2811 3523 3011 3597 dicere,
3046 3544 3167 3604 quae
3189 3546 3240 3591 te
3260 3537 3402 3592 malo
3427 3543 3650 3597 sentire.

2078 3612 2325 3682 Comperi
2371 3632 2500 3672 sane
2544 3635 2611 3675 ex
2657 3620 2847 3675 litteris
2894 3624 3017 3689 tuis,
3074 3638 3404 3698 quantopere
3454 3635 3652 3701 publici

2076 3708 2312 3761 ntuneris
2339 3709 2729 3765 absolutionem
2751 3712 3014 3781 requiras,
3036 3726 3092 3771 et
3115 3721 3332 3787 Stupere
3352 3736 3437 3777 me
3461 3725 3650 3791 fateor,

2078 3805 2281 3850 tantum
2313 3799 2406 3853 tibi
2438 3800 2913 3860 adminiétrationis
2940 3807 3058 3876 ejus
3087 3823 3209 3866 esse
3241 3810 3535 3884 fastidium,
3567 3820 3652 3873 cui

2075 3887 2278 3942 fructus
2308 3891 2571 3956 optabiles
2602 3895 2843 3951 omnium
2874 3912 3028 3954 amor
3051 3900 3299 3970 spondet.
3326 3902 3406 3958 Au
3437 3916 3521 3961 est
3554 3911 3651 3962 ali-

2077 3978 2204 4045 quid
2249 3984 2488 4036 tenacius
2524 3984 2718 4053 gloria,
2750 4003 2868 4057 qnte
2899 3990 3107 4047 laudem
3146 3992 3327 4063 adjicit
3352 3999 3649 4069 voluptati?

2076 4069 2169 4123 sed
2202 4081 2376 4125 tamen
2418 4088 2545 4127 cura
2578 4091 2682 4131 non
2722 4077 2915 4144 deerit,
2961 4092 3019 4137 ut
3065 4086 3322 4152 potiaris:
3351 4098 3408 4144 tu
3446 4101 3651 4147 tantum

2077 4163 2560 4231 peregrinationem
2590 4169 2764 4225 solute
2780 4170 2928 4241 justo
2950 4189 3139 4232 amore
3159 4181 3466 4248 provincia.
3503 4183 3649 4241 Vale.

2642 4281 2855 4340 EPIST.
2897 4285 3081 4341 XLIII.

2573 4387 2882 4431 ενηωειιυς
2914 4394 3156 4436 Αυδοηιο.

2150 4476 2316 4535 Vetus
2356 4488 2615 4540 sententia
2653 4498 2735 4542 est
2768 4505 2781 4543 :
2810 4489 2969 4547 Aites
3010 4492 3217 4551 honore
3266 4490 3479 4557 nut'riri.
3521 4502 3651 4559 Eam

2002 4567 2051 4626 D
2080 4584 2279 4625 natura:
2307 4575 2478 4628 sitatis
2507 4592 2633 4631 usus
2659 4580 3013 4636 cenftrmavit.
3046 4582 3214 4641 Nemo
3237 4590 3381 4645 enim
3403 4592 3527 4648 belli
3558 4610 3651 4649 ηο-

2078 4670 2180 4728 tus,
2214 4671 2308 4716 aut
2350 4664 2493 4720 domi
2532 4668 2708 4722 clarus
2749 4684 3015 4728 exsortem
3046 4679 3253 4745 prtemii
3296 4683 3467 4739 sensit
3498 4686 3651 4742 indu-

2074 4752 2283 4808 striam.
2344 4753 2416 4808 lta
2454 4771 2577 4811 cum
2616 4758 2789 4831 dignis
2839 4762 3044 4819 fructus
3089 4768 3367 4836 tribuitur,
3404 4776 3650 4833 eamdem

2073 4843 2212 4898 viam
2236 4848 2636 4915 capessentibus
2650 4864 2774 4921 spes
2793 4861 3030 4922 paratur.
3057 4854 3236 4914 Glisco
3259 4859 3419 4930 igitur
3433 4868 3650 4938 gaudio,

2069 4949 2192 4989 cum
2224 4947 2445 5008 propter
2474 4940 2633 5006 alios,
2664 4942 2857 5010 quibus
2887 4947 3149 5002 fortunam
3178 4950 3353 5007 solers
3381 4955 3487 5008 vita
3513 4972 3650 5013 con-

2071 5027 2246 5092 ciliat;
2282 5038 2392 5083 tum
2424 5034 2658 5087 maxime
2684 5034 2880 5089 Iuliani
2913 5036 3093 5093 fratris
3134 5042 3240 5096 mei
3266 5045 3457 5112 gratia,
3485 5062 3644 5115 quem

2073 5121 2151 5175 sic
2169 5135 2196 5173 a
2222 5130 2275 5175 te
2295 5122 2442 5193 diligi
2468 5124 2613 5189 volo,
2632 5126 2844 5193 probari
2861 5142 3018 5197 posse
3038 5129 3268 5187 conﬁdo.
3292 5132 3411 5189 Scis
3433 5151 3648 5208 nempe,

2075 5214 2127 5268 iu
2159 5214 2252 5269 illo
2278 5214 2477 5270 forensi
2510 5217 2732 5287 pulvere
2761 5235 2920 5288 quam
2944 5237 3065 5277 rara
3090 5227 3341 5295 cognatio
3359 5227 3431 5282 sit
3457 5228 3649 5286 facun-

2072 5306 2239 5361 tIIOI‘IS
2285 5319 2339 5362 et
2380 5310 2503 5365 boni
2545 5313 2775 5381 pectoris
2807 5331 2819 5366 :
2853 5314 2978 5368 dum
3032 5328 3124 5372 aut
3164 5320 3463 5377 modestum
3501 5324 3647 5396 inge.

2071 5402 2217 5452 nium
2242 5400 2561 5455 verecundia
2590 5405 2958 5470 contrahitur;
2986 5419 3079 5463 aut
3107 5422 3358 5467 successu
3388 5420 3646 5484 eloquens

2074 5489 2364 5544 ittsolescil.
2395 5492 2518 5547 ll.t-c
2544 5493 2598 5549 in
2630 5510 2752 5549 meo
2781 5494 3026 5552 familiari
3048 5514 3110 5555 ac
3140 5506 3445 5562 necessario
3468 5522 3530 5563 ea
3559 5524 3645 5565 so-

2072 5581 2266 5635 cietate
2296 5584 2594 5651 viguerunt,
2637 5598 2691 5639 ut
2730 5602 2901 5657 neque
2941 5590 3155 5659 obiectu
3184 5593 3403 5663 pudoris
3443 5611 3644 5666 areret.

2074 5690 2172 5728 nec
2215 5690 2336 5731 com
2367 5678 2691 5734 detrimento
2729 5681 2916 5736 frontis
2949 5684 3214 5741 afflueret.
3266 5687 3543 5759 Nunquam
3592 5697 3645 5753 in

2073 5767 2373 5823 mercedem
2396 5781 2705 5825 ornamenta
2734 5773 2924 5843 tinguat
2948 5778 3207 5844 corrupit.
3236 5778 3425 5837 Merito
3456 5798 3516 5839 ac
3539 5783 3647 5839 ποτα
