4218 6440
570 311 669 367 ll‘if‘i

1798 305 1862 374 Q.
1908 304 2180 363 AURELII
2220 303 2564 365 εγιιιιΑειιι

3726 304 3826 362 ισι

568 430 708 481 tunis
736 424 929 485 tennis,
957 420 1285 492 opulentiam
1322 419 1446 487 ﬁde,
1476 428 1742 491 qumstum
1779 419 1939 475 laude
1966 429 2140 475 muta-
2170 426 2218 483 Λ
2248 423 2412 475 tacito
2426 436 2558 489 opus
2576 428 2678 485 est,
2696 418 2937 475 tttltonor
2956 419 3206 476 amicitia:
3223 418 3351 475 milii
3372 418 3827 489 feraturacceptn;

568 516 657 573 vit.
688 515 838 570 llunc
858 513 951 568 tibi
974 511 1026 567 in
1056 524 1288 576 manum,
1314 511 1396 566 vel
1427 510 1597 582 magis
1620 510 1670 565 itt
1700 514 1935 566 animum
1965 511 2143 568 libens

566 607 736 664 trado.
791 606 921 662 Nam
968 604 1100 659 milii
1143 617 1349 658 summa
1388 602 1597 657 curatio
1639 610 1723 657 cst
1770 610 1826 657 ut
1854 601 2142 657 amicitiam

568 710 708 753 tuam
746 698 869 753 boni
910 696 1153 751 uberent.
1208 694 1285 750 Te
1330 705 1543 763 quoque
1594 692 1735 747 idem
1766 694 1924 761 velle,
1970 693 2144 749 italico

565 802 917 862 compertum.
949 793 1171 860 Semper
1193 789 1338 843 enim
1364 795 1561 841 natura
1592 786 1791 857 gaudet
1814 788 2143 857 aequalibus;

563 895 618 939 et
648 883 909 938 familiare
939 882 1040 937 sibi
1069 888 1156 936 est
1208 895 1372 935 omne
1418 878 1560 949 quod
1590 878 1772 934 simile
1801 889 1903 934 est.
1942 878 2046 933 Sed
2078 891 2146 933 ne

566 975 773 1045 prolixo
799 974 1106 1029 testimonio
1134 971 1494 1041 suspicionem
1516 971 1811 1025 laudatoris
1835 971 2143 1034 incurram;

566 1084 748 1137 qumso
774 1068 888 1137 ipsi:
925 1068 993 1121 de
1031 1081 1096 1120 co
1116 1064 1328 1134 jndices
1353 1065 1600 1119 examine
1628 1064 1899 1133 pensiore.
1926 1063 1997 1116 Ita
2022 1077 2146 1116 eum

568 1160 707 1212 illius
748 1158 1048 1213 institutum
1080 1154 1418 1226 probaveris,
1465 1154 1764 1225 periculum
1803 1154 1992 1224 judicii
2035 1153 2144 1208 tnei

568 1252 779 1306 feceris.
825 1250 972 1304 Vale.

1132 1314 1348 1374 EPIST.
1397 1314 1580 1372 χιιγ.

950 1421 1261 1465 δτιιιιλςιιυε
1288 1423 1482 1465 Λευιιο
1508 1422 1786 1464 ΡΒΞΪΕΧΤ.

638 1527 871 1579 Meretur
934 1522 1259 1594 indulgentia
1316 1522 1369 1579 iit
1444 1538 1532 1577 me
1588 1530 1707 1586 tua,
1774 1528 1830 1575 ut
1881 1535 1979 1587 ea,
2031 1534 2150 1590 qua:

565 1618 812 1685 proxime
851 1617 989 1669 laudi
1023 1614 1153 1668 milii
1185 1611 1422 1678 fuerunt,
1464 1615 1603 1667 clam
1653 1623 1705 1667 te
1742 1626 1865 1667 esse
1903 1625 2012 1665 non
2054 1627 2149 1678 pa-

568 1714 687 1765 tiar.
724 1711 897 1765 Credo
926 1708 1181 1764 indicium
1203 1707 1394 1763 fecisse
1417 1706 1517 1764 tibi
1544 1709 1758 1772 famam,
1784 1707 1926 1775 quod
1960 1720 2151 1777 paren-

2249 528 2420 583 tieque
2448 514 2625 566 omnia
2658 510 2909 567 mandata
2937 522 3064 567 sunt
3094 512 3315 580 litteris,
3342 522 3399 566 ιιι
3430 513 3505 568 illi
3535 511 3738 582 aliquid
3762 515 3830 568 ad

2248 605 2571 660 narrandum
2602 605 2953 673 relinquatur.
2987 606 3186 676 Accipe
3213 609 3392 660 tamen
3422 616 3601 661 rerum
3630 607 3829 677 capita,

2246 708 2302 755 et
2344 713 2579 753 summas
2625 698 2989 766 negotiorum,
3036 698 3232 767 quibus
3278 697 3441 753 frater
3483 696 3786 753 admonitus
3813 739 3831 765 ,

2246 792 2468 859 quesita
2502 790 2660 843 latius
2681 802 3025 858 exsequatur.
3054 788 3321 844 ϐοωεηί
3350 791 3488 845 Inter
3502 789 3830 857 sacerdotes,

2248 892 2308 934 ut
2334 880 2386 935 in
2416 879 2715 935 custodiam
2749 880 2947 934 cit-inin
2976 880 3187 948 pubbco
3213 879 3476 950 obsequio
3502 881 3836 937 traderemus

2248 984 2429 1024 curam
2482 970 2727 1024 deorum.
2782 966 3092 1039 Benignitas
3139 972 3285 1023 enim
3333 968 3626 1036 superioris
3657 1011 3673 1035 ,
3730 970 3833 1026 nisi

2247 1061 2392 1117 cultu
2417 1072 2691 1124 teneatur.
2722 1061 3007 1115 amittitur.
3039 1061 3179 1131 Ergo
3209 1062 3317 1115 mnl
3343 1077 3377 1117 o
3404 1071 3553 1116 tanto
3572 1064 3833 1129 orna'ior,

2249 1170 2407 1223 quam
2449 1153 2679 1221 solebat,
2705 1152 2945 1208 cmlestis
2972 1148 3143 1208 Iactus
3162 1160 3247 1207 est
3271 1154 3461 1207 liunnr.
3505 1153 3836 1225 Exspectare

2251 1245 2383 1299 milii
2429 1244 2630 1299 videris
2668 1245 2881 1311 omnia,
2910 1257 3028 1312 qute
3053 1252 3362 1309 supersunt.
3395 1242 3643 1299 Titianus
3684 1258 3837 1301 meus

2250 1336 2501 1407 fungetur
2550 1336 2839 1397 indicium,
2884 1336 2972 1389 cui
3011 1334 3368 1400 indulgentius
3400 1337 3648 1391 narrandi
3694 1337 3835 1408 quod

2251 1427 2407 1491 velis,
2431 1441 2594 1495 opera
2634 1425 2805 1497 legata
2831 1436 2932 1479 est.
2966 1424 3210 1481 Edictum
3236 1428 3568 1497 principum,
3597 1428 3701 1484 nisi
3726 1427 3834 1499 iam

2258 1526 2442 1573 notutn
2467 1528 2572 1584 est,
2603 1518 2742 1573 idem
2771 1517 2867 1572 tibi
2887 1527 3125 1572 assertor
3141 1518 3409 1587 expediet.
3432 1518 3648 1575 Statuas
3674 1521 3836 1576 etiam

2252 1611 2533 1679 recepistis
2574 1608 2764 1663 iisdem
2797 1623 2931 1676 pene
2968 1608 3147 1678 populi
3178 1608 3681 1675 acclamationibus,
3722 1609 3835 1681 qni-

2256 1704 2355 1759 bus
2378 1703 2697 1758 amiseratis.
2734 1701 2931 1756 ltides?
2949 1711 3004 1756 et
3036 1702 3163 1757 libet
3191 1701 3367 1758 rider
3399 1701 3602 1757 alfatint
3634 1717 3649 1756 :
3679 1702 3835 1772 plura

572 1813 678 1858 teni
708 1816 886 1858 meum
910 1801 1021 1856 ruri
1048 1809 1209 1870 atque
1242 1798 1297 1854 in
1328 1812 1543 1854 secessu
1568 1802 1779 1854 amissae
1805 1798 1999 1853 domus
2019 1797 2153 1863 inju-
2184 1799 2232 1861 Β
2256 1794 2470 1859 desino,
2498 1809 2568 1849 ne
2595 1793 2683 1864 qui
2713 1792 2940 1848 strictim
2984 1793 3205 1847 meliora
3241 1791 3490 1861 deteaui,
3535 1793 3591 1849 in
3614 1792 3838 1849 ntinorio

570 1896 707 1948 tiam
733 1894 1143 1964 deeoquentem,
1175 1890 1546 1960 frequentibus
1584 1889 1878 1959 sull‘ragiis;
1919 1889 2152 1957 denique

568 1986 875 2041 oratoribus
922 1984 1120 2047 missis,
1173 1998 1314 2041 ttovo
1352 1983 1558 2037 honore
1598 1994 1822 2037 senatus
1870 1979 2151 2035 acciverit.

567 2085 681 2148 Qua
711 2092 871 2133 causa
903 2078 990 2132 ubi
1015 2076 1248 2146 primum
1269 2075 1575 2130 facultatem
1604 2071 1854 2143 loquendi
1882 2071 2021 2140 apud
2048 2069 2154 2125 colu

571 2174 716 2241 legas
742 2171 922 2224 attulit
946 2168 1085 2231 dies,
1113 2165 1226 2238 egit
1253 2164 1343 2220 ille
1382 2172 1590 2220 senatui
1622 2163 1845 2234 gratias,
1873 2177 1937 2216 ea
1968 2160 2152 2214 facun-

568 2262 671 2317 dia:
707 2258 992 2331 gravitate,
1033 2272 1139 2328 qua
1184 2266 1347 2312 notus
1382 2265 1486 2311 est.
1518 2254 1768 2311 Calenda:
1806 2262 1934 2307 tunc
1973 2260 2151 2317 erant,

570 2356 763 2419 quibus
792 2368 964 2406 annos
1009 2350 1270 2420 aperitur.
1308 2348 1471 2403 Brevi
1514 2346 1803 2402 intervallo
1842 2359 1965 2398 tum
1998 2340 2151 2396 fami-

570 2446 718 2499 liaris
761 2446 867 2500 mei
908 2440 1112 2512 Trigeti
1162 2442 1273 2495 lilio
1312 2438 1567 2512 prmtorio
1609 2436 1898 2491 candidato
1929 2434 2155 2489 actionis

572 2552 791 2606 operam
821 2534 1254 2607 spepondissem,
1304 2534 1544 2586 animum
1594 2529 1783 2598 religio
1821 2527 2073 2583 convenit
2100 2534 2159 2580 ut

573 2632 856 2686 occasione
881 2626 1135 2683 destinati
1166 2624 1331 2679 oflicii
1362 2625 1573 2679 obirem
1599 2638 1792 2676 tnunus
1819 2620 1992 2676 adbuc
2018 2636 2047 2673 a
2070 2634 2158 2673 me

575 2719 715 2787 patri
752 2718 1025 2781 debitum;
1056 2715 1175 2783 sed,
1200 2723 1262 2769 ut
1287 2714 1426 2778 disi,
1463 2714 1533 2767 ab
1562 2712 1659 2767 illo
1688 2711 1897 2766 senatui
1917 2709 2029 2779 jam
2068 2724 2159 2763 sn-

578 2809 769 2862 lutum.
817 2810 959 2879 Ergo
986 2807 1057 2861 ad
1086 2811 1334 2876 quintum
1364 2804 1484 2859 idus
1512 2802 1751 2860 Januarii
1780 2802 1945 2857 verba
1972 2802 2072 2856 lect
2102 2800 2155 2855 in

576 2900 909 2966 amplissimo
934 2896 1123 2952 ordine
1149 2914 1163 2949 :
1186 2911 1308 2965 qua:
1334 2896 1422 2950 ubi
1444 2896 1498 2950 in
1521 2909 1711 2949 manus
1738 2904 1856 2948 tuas
1884 2894 2156 2958 venerint,

581 3004 645 3044 ιιι
682 2998 771 3043 tuo
810 2990 993 3043 animo
1018 2986 1279 3057 conjit-ics
1308 2986 1507 3057 judicia
1536 2996 1876 3040 exterarum.
1907 2968 2020 3054 Ego
2057 2985 2159 3038 sub

580 3084 788 3136 incerto
812 3081 1074 3137 examinis
1107 3080 1204 3144 tui,
1230 3077 1455 3133 aliorum
1502 3077 1800 3133 sententias
1833 3074 2157 3131 occulendus

2264 1886 2367 1944 bus
2392 1886 2578 1941 videar
2596 1884 2891 1940 immorari.
2920 1884 3067 1940 Vale.

2815 1972 3028 2031 EPIST.
3071 1972 3277 2031 XLVII.

2607 2081 2921 2125 ςῖιιιιιοιιιιε
2958 2079 3155 2124 Ααοιιιο
3189 2079 3474 2124 nam.

2324 2180 2536 2237 Silentii
2563 2180 2731 2234 nostri
2760 2177 2898 2234 ratio
2920 2176 3133 2233 diversa
3158 2186 3275 2246 est,
3311 2177 3408 2234 sed
3434 2192 3572 2233 unus
3596 2176 3840 2236 enectus.

2258 2274 2340 2329 Me
2361 2275 2583 2342 impedit
2608 2271 2947 2341 pontiﬁcialis
2967 2270 3127 2327 olIlcii
3147 2284 3275 2327 cura
3292 2313 3310 2340 ,
3337 2279 3391 2327 te
3415 2268 3599 2327 Baiani
3623 2272 3718 2327 otii
3745 2287 3840 2328 ne-

2256 2368 2531 2438 gligentia.
2565 2366 2747 2434 Neque
2784 2364 2928 2418 enim
2958 2361 3134 2418 minus
3174 2361 3411 2418 residem
3440 2362 3566 2417 facit
3596 2362 3841 2419 remissio

2258 2457 2468 2525 animi,
2514 2470 2675 2526 quam
2705 2455 3007 2525 occupatio.
3034 2450 3146 2509 Nec
3185 2452 3379 2507 mirum
3401 2494 3420 2520 ,
3462 2454 3507 2507 si
3549 2462 3603 2508 te
3631 2454 3717 2510 illa
3751 2469 3843 2508 ora

2260 2559 2431 2604 totum
2452 2548 2554 2603 sibi
2582 2546 2845 2608 vindicat;
2870 2560 2990 2599 cum
3009 2544 3181 2614 ipsum
3208 2543 3520 2601 Annibalem
3544 2544 3678 2600 tides
3697 2553 3841 2600 certa

2256 2641 2363 2706 sit,
2394 2639 2537 2695 bello
2584 2639 2839 2694 invictum
2873 2652 3063 2693 manus
3101 2636 3319 2692 dedisse
3355 2635 3684 2709 Campania.
3728 2635 3843 2693 Non

2260 2732 2405 2787 illius
2444 2729 2569 2786 οωιὶ
2609 2739 2702 2785 aut
2739 2728 2838 2784 soli
2885 2728 3197 2784 illecebram
3240 2726 3447 2783 retinas
3488 2727 3843 2783 adventorum

2259 2832 2397 2886 lotos
2428 2828 2740 2897 :Bquaverit,
2770 2839 2824 2883 et
2851 2827 3018 2882 suada
3045 2822 3203 2881 Circe
3232 2825 3420 2895 poeula
3440 2867 3456 2894 ,
3497 2834 3550 2880 et
3577 2822 3845 2879 triciniutn

2259 2925 2675 2979 semivoluerum
2699 2920 3016 2991 puellarum.
3042 2918 3227 2988 Neque
3241 2931 3343 2988 ego
3362 2925 3414 2972 te
3433 2916 3657 2985 pingues
3685 2914 3844 2970 ferias

2259 3028 2419 3082 agere
2440 3013 2740 3077 contendo,
2789 3018 2884 3064 aut
2928 3010 3177 3064 virtutem
3209 3020 3336 3077 puto
3364 3006 3589 3077 fregisse
3614 2998 3845 3062 deliciis.

2259 3106 2366 3162 Sed
2394 3110 2520 3160 dum
2547 3104 2641 3159 tibi
2669 3104 2831 3172 legis,
2856 3101 2949 3156 tibi
2979 3101 3194 3165 scribis,
3224 3109 3283 3156 et
3310 3100 3636 3155 urbanarum
3666 3115 3845 3155 rerum

577 3172 798 3266 mm":
824 3185 894 3227 ⁸³⁸
941 3182 994 3226 ιθ
1026 3167 1336 3242 "riuum"
1378 3171 1514 3223 mm
1558 3167 1765 3223 "amis
1805 3166 2023 3222 ﬁdem”
2061 3180 2150 3220 ω’
2182 3166 2229 3228 c
2264 3193 2437 3252 fessus
2457 3166 2748 3266 ingentem.
2757 3166 2995 3246 animum
3031 3190 3317 3248 solitudine
3344 3191 3553 3258 domas,
3582 3188 3848 3247 amicitia-

577 3280 724 3335 gere.
762 3264 913 3321 Vale.

1158 3351 1375 3409 EPIST.
1416 3350 1577 3408 XLV.

931 3461 988 3501 δι
998 3460 1243 3500 ιιιιλειιυε
1282 3459 1471 3500 Δουιιιο
1508 3458 1787 3499 νιετειτ.

647 3542 849 3597 Auetus
875 3554 992 3596 sum
1024 3536 1241 3609 gaudio,
1272 3538 1414 3607 quod
1448 3535 1698 3591 valetudo
1728 3546 1905 3591 tecum
1937 3534 2161 3590 revertit

575 3635 628 3689 in
667 3634 912 3703 gratiam.
960 3629 1094 3686 Nam
1133 3644 1349 3700 semper
1389 3628 1725 3684 incolumitas
1773 3636 1860 3683 tua
1899 3629 2004 3683 voti
2054 3626 2160 3683 mei

575 3739 780 3780 summa
798 3732 901 3778 est.
932 3720 1081 3776 Nunc
1108 3724 1154 3775 si
1184 3720 1287 3775 iliis
1310 3719 1613 3775 volentibus
1634 3720 1992 3774 reconciliata:
2016 3719 2159 3772 vires

577 3816 738 3870 animi
771 3813 843 3867 tui
873 3817 1274 3883 integraveruut
1298 3811 1556 3879 vigorem,
1591 3809 1752 3865 facito
1773 3810 2013 3879 cpistola:
2055 3818 2160 3864 tute

577 3905 866 3975 multijngis
899 3904 1103 3975 paginis
1126 3918 1442 3974 augeantur.
1476 3903 1575 3957 Udi
1612 3904 1996 3971 pareiznoniam
2035 3918 2157 3958 ter-

577 4000 763 4054 bnrum
800 3998 1081 4051 bonorum.
1115 3992 1395 4050 Seriandi
1435 3996 1631 4062 quippe
1668 3994 1939 4060 brevitas,
1990 4009 2161 4065 mags

579 4089 824 4152 fastidio,
855 4102 1013 4155 quant
1052 4085 1229 4140 officio
1264 4086 1504 4155 proxima
1535 4096 1638 4139 est.
1679 4087 1812 4140 bolo
1842 4086 2047 4141 litteras
2092 4092 2161 4141 de

576 4195 787 4237 summo
840 4194 935 4234 ore
989 4179 1274 4233 szillantes.
1328 4177 1453 4233 Illas
1508 4188 1682 4248 peto,
1737 4193 1857 4247 qua:
1912 4194 2161 4234 arescere

580 4276 851 4339 nesciunt;
880 4291 997 4345 qua:
1026 4288 1091 4327 es
1134 4274 1324 4327 intimo
1362 4273 1592 4341 pectoris
1635 4273 1779 4326 fonte
1820 4285 2157 4341 promuntur.

583 4368 800 4422 Memini
827 4367 1145 4421 brevitatem
1167 4365 1483 4430 Spartanam
1514 4363 1654 4418 laudi
1678 4365 1944 4433 quondam
1977 4362 2158 4417 fuisse.

580 4458 687 4514 Sed
711 4473 814 4525 ego
863 4467 1035 4511 tecum
1066 4455 1324 4509 Romanis
1367 4454 1571 4524 legibus
1600 4470 1733 4524 ago,
1763 4466 1818 4509 et
1861 4456 1905 4510 si
1946 4456 2017 4510 ita
2050 4457 2158 4521 vis,

579 4550 770 4605 Atticis
797 4567 810 4601 :
842 4550 1034 4618 quibus
1053 4557 1257 4602 tantum
1274 4547 1441 4602 decus
1461 4562 1488 4599 a
1521 4546 1766 4601 facundia
1793 4547 1908 4615 fuit,
1945 4557 2002 4602 nt
2031 4550 2157 4607 mihi
2187 4533 2217 4594 Ῐ

586 4641 863 4693 vidcantur
894 4639 1130 4695 Lacones
1156 4649 1301 4693 metu
1328 4635 1630 4692 collationis
1659 4639 1712 4691 in
1742 4640 2014 4694 diversum
2042 4650 2157 4693 stu-

581 4736 665 4788 dia
691 4734 1008 4788 destinasse.
1032 4730 1242 4787 Vellem
1270 4732 1452 4800 plura;
1472 4730 1568 4786 sed
1599 4739 1691 4786 tuo
1720 4735 1880 4787 modo
1903 4747 2161 4801 compun-

580 4831 785 4900 gendus
830 4842 911 4883 es.
962 4829 1133 4882 Simul
1180 4826 1356 4882 cautio
1382 4835 1499 4892 est,
1531 4840 1600 4880 ne
1642 4835 1696 4883 te
1737 4841 1917 4883 sermo
1959 4829 2159 4884 multos

581 4922 834 4975 utiendat.
872 4919 1115 4974 Instituto
1145 4920 1303 4990 igitur
1326 4932 1447 4973 meo
1474 4918 1678 4973 calcem
1702 4934 1872 4990 pono,
1913 4920 2042 4975 duttt
2070 4933 2159 4977 tuo

584 5030 766 5084 paen.
805 5013 920 5081 Qua
962 5028 1029 5067 ex
1060 5028 1119 5067 re
1150 5012 1437 5083 intelligis,
1466 5026 1532 5067 eo
1564 5019 1615 5067 te
1648 5011 1863 5068 invidiae
1887 5024 1941 5071 et
1977 5015 2161 5070 condi-

584 5110 743 5161 tionis
770 5106 1079 5168 adductum,
1109 5105 1261 5175 quasi
1291 5120 1321 5159 a
1346 5119 1436 5160 me
1465 5118 1631 5175 pauca
1660 5106 1823 5163 scribi
1863 5107 2030 5176 velis,
2060 5110 2161 5163 nisi

584 5200 751 5253 multa
781 5196 1144 5265 rescripseris.
1172 5195 1322 5251 \‘ale.

1151 5287 1362 5345 EPIST.
1405 5286 1584 5343 XLVI.

941 5389 1249 5433 SYHIACIIUS
1285 5392 1475 5432 Αοοιιιο
1512 5393 1792 5433 ριιτεκτ.

656 5468 811 5526 Potui
833 5468 1007 5525 facere
1030 5469 1228 5539 scripta
1248 5471 1576 5539 compendii,
1604 5485 1726 5526 cum
1751 5473 1845 5526 tibi
1871 5489 2163 5542 germanus

589 5578 739 5617 meus
797 5561 969 5616 verbis
1012 5566 1125 5617 suis
1172 5561 1388 5616 uberius
1438 5563 1809 5618 satisfacturos
1855 5566 2159 5636 videretur,

589 5670 745 5721 quam
787 5665 886 5721 ego
912 5657 1044 5705 m:is
1068 5652 1283 5707 litteris.
1332 5651 1438 5709 Sed
1471 5654 1521 5707 in
1550 5654 1754 5724 majore
1785 5655 1937 5711 lucro
1980 5659 2156 5713 officia

590 5743 834 5807 honesta,
868 5758 1024 5811 quam
1053 5742 1160 5801 otia
1182 5744 1346 5802 multa
1366 5746 1611 5812 ponenda
1639 5757 1781 5803 sunt.
1818 5746 1959 5815 Ergo
1983 5766 2157 5819 neque

2258 3303 2377 3345 runt
2404 3287 2583 3343 munia
2601 3287 2774 3341 nulfus
2796 3284 3125 3353 exsequeris.
3152 3282 3289 3351 Quin
3310 3283 3503 3351 airipis
3518 3284 3740 3355 stylum,
3756 3296 3849 3337 no-

2261 3393 2497 3450 straeque
2525 3380 2579 3436 in
2608 3390 2659 3435 te
2688 3379 2954 3435 an'ectinni
2980 3378 3239 3433 honorem
3270 3387 3508 3431 mutuum
3546 3374 3712 3430 facis?
3736 3374 3849 3430 Nisi

2259 3470 2435 3527 tnavis
2487 3474 2862 3527 auctoritatem
2904 3468 3173 3538 pontiﬁcis
3198 3466 3456 3537 experiri.
3488 3465 3650 3523 Multa
3692 3465 3849 3521 nobis

2260 3563 2316 3619 in
2344 3563 2570 3631 collegio
2608 3560 2956 3617 deliberanda
2999 3569 3146 3615 sunt.
3173 3559 3306 3628 Quis
3337 3558 3434 3613 tibi
3474 3558 3573 3614 bas
3610 3557 3849 3615 inducias

2259 3657 2457 3727 publici
2509 3656 2748 3709 muneris
2786 3652 2967 3710 dedit?
2997 3652 3213 3708 Senties
3244 3651 3336 3720 jus
3368 3652 3666 3709 sacerdotis
3691 3693 3707 3719 ,
3746 3652 3849 3708 nisi

2260 3748 2565 3819 impleveris
2592 3752 2681 3816 jus
2710 3746 2887 3801 amici.
2926 3745 3078 3801 Vale.

2810 3833 3024 3894 EPIST.
3066 3833 3302 3891 XLVIII.

2623 3942 2936 3986 SYUIIACIIUS
2975 3942 3169 3984 AGOIIO
3206 3940 3488 3982 ιδιιιιτειτ.

2336 4043 2413 4098 Dii
2443 4042 2589 4106 lioni,
2621 4055 2781 4112 quam
2810 4038 2946 4095 nihil
2979 4038 3181 4093 homini
3213 4048 3385 4093 tutum
3415 4048 3578 4107 atque
3599 4037 3850 4107 explora-

2264 4148 2371 4191 tum
2402 4137 2512 4189 est!
2544 4133 2705 4187 Certe
2734 4130 2943 4187 levandi
2980 4131 3143 4185 animi
3176 4144 3339 4184 causa
3373 4129 3529 4183 Baias
3568 4144 3851 4185 conm.

2262 4228 2414 4282 ratis.
2465 4229 2594 4293 Quis
2639 4224 2826 4279 oculos
2875 4222 3155 4279 faseinavit
3199 4221 3524 4278 destinatam
3569 4221 3849 4289 quietem?

2264 4319 2487 4374 l’aulina
2518 4334 2648 4387 ergo
2677 4332 2806 4371 cura
2850 4317 3153 4370 communis
3196 4324 3492 4369 extremum
3532 4315 3721 4369 salutis
3763 4331 3851 4368 ac-

2263 4422 2516 4464 cesserat.
2568 4409 2650 4462 An
2697 4416 2873 4461 vester
2916 4420 3012 4475 pro
3052 4406 3140 4461 ilia
3178 4415 3355 4459 tantus
3400 4415 3485 4459 est
3526 4414 3745 4472 metus,
3792 4416 3850 4460 ut

2218 4517 2425 4591 ’Olllllc
2475 4501 2593 4570 ejus
2645 4499 3039 4555 incommodum
3092 4497 3313 4568 periculi
3353 4499 3521 4552 instar
3562 4496 3850 4553 liabea'uri

2265 4596 2531 4663 Quidquid
2580 4594 2769 4648 bormn
2831 4604 2958 4658 est,
3002 4590 3233 4662 spectari
3286 4590 3469 4645 animo
3517 4590 3673 4658 licet,
3714 4605 3849 4659 quas

2266 4702 2536 4743 :u-umnas
2593 4691 2838 4751 nierum,
2886 4700 3020 4755 quas
3048 4684 3286 4739 noctium
3324 4683 3534 4755 vigilias
3569 4682 3848 4741 duxeritis.

2265 4781 2355 4835 Sic
2386 4782 2493 4832 nati
2518 4792 2723 4841 smnus,
2751 4785 2808 4831 ιιι
2832 4776 3031 4846 sarpius
3052 4774 3277 4831 adversa
3300 4773 3597 4844 fungamur.
3625 4774 3852 4844 Fugiunt

2268 4870 2595 4938 voluptates,
2624 4878 2677 4921 et
2709 4866 2865 4921 bonae
2911 4867 3172 4935 cujustue
3207 4865 3289 4921 rei
3320 4874 3427 4920 tam
3470 4863 3647 4920 brevis
3686 4880 3810 4919 usus
3831 4906 3847 4930 ,

2266 4974 2423 5031 qnam
2448 4959 2581 5013 levis
2605 4974 2796 5014 sensus
2816 4966 2918 5015 est.
2958 4957 3151 5013 Verum
3173 4957 3289 5013 luce
3309 4957 3747 5030 philosophorum
3771 4958 3852 5011 di-

2270 5049 2663 5121 sputationibus
2712 5050 3103 5121 relinquantur.
3144 5047 3296 5103 Nunc
3331 5049 3567 5103 babitutn
3591 5049 3851 5103 laetiorem

2270 5143 2547 5196 mentibus
2577 5141 2918 5207 suadeamus,
2948 5138 3163 5211 quando
3190 5139 3427 5193 Paulina:
3469 5149 3665 5193 nostra:
3709 5139 3854 5195 vale-

2269 5234 2506 5289 tudinem
2533 5247 2719 5288 rursus
2748 5231 2940 5287 locavit
2960 5230 3014 5285 in
3039 5230 3214 5287 solido
3234 5246 3337 5300 pax
3357 5230 3601 5287 deorum.
3626 5230 3774 5288 Vale.

2836 5363 3054 5420 EPIST.
3096 5362 3281 5419 XLIX.

2622 5474 2934 5516 εῐιιιιλειιυε
2971 5475 3166 5516 ιωιιιο
3204 5472 3490 5513 ιιιιιιτειτ.

2333 5578 2542 5646 Quaeris
2580 5589 2637 5633 ιιι
2676 5579 2810 5634 civis
2836 5577 2903 5632 ad
2931 5576 3128 5631 bonum
3160 5590 3443 5631 commune
3471 5576 3701 5646 genitus,
3723 5576 3850 5647 quid

2262 5686 2422 5741 super
2446 5672 2607 5728 rebus
2629 5672 2802 5728 anxiis
2844 5686 2973 5725 vero
3003 5669 3306 5741 proximum
3353 5670 3644 5725 nuntietur.
3673 5668 3849 5733 Certis

2263 5756 2524 5819 i.id;cibus
2549 5762 2779 5819 secunda
2817 5762 3188 5823 cognovimus.
3235 5759 3440 5820 Dehinc
3460 5761 3611 5819 multi
3652 5761 3852 5821 silentii
