4218 6438
602 331 697 390 167

595 537 853 595 tabellarii
876 531 1267 601 contemplatus
1288 568 1304 593 ,
1336 525 1588 581 etliibeo.
1629 523 1772 576 Alias
1800 518 1929 572 milii
1961 528 2015 570 et
2045 529 2170 569 usus

593 631 785 692 venio,
804 637 855 682 et
872 640 998 680 cura
1020 638 1123 677 nou
1149 620 1319 673 deerit
1345 617 1586 687 epistolae
1606 611 1883 682 lutigioris.
1914 608 1993 661 Dii
2017 606 2172 660 modo

593 729 768 790 aptata
790 718 1076 776 fortunent,
1097 714 1323 766 salutem
1350 709 1499 775 lteip.
1526 706 1577 759 in
1601 704 1772 758 solido
1795 701 2002 755 Ioccut!
2036 697 2173 751 Tum

593 815 838 868 voluntas
864 808 1164 877 promptior
1195 805 1320 865 erit,
1349 810 1402 853 et
1427 798 1493 852 ad
1523 795 1824 861 scribenda,
1853 809 1972 860 quin
2002 791 2174 843 liben-

597 915 677 960 ter
698 902 961 971 accipias;
1000 909 1055 952 et
1092 897 1158 950 ad
1186 892 1410 964 legenda
1435 930 1452 957 ,
1491 904 1612 959 qua:
1636 888 1813 941 animo
1843 893 2063 938 vat-aute
2093 896 2178 936 re-

594 996 899 1066 scripseris.
932 991 1078 1046 Vale.

1171 1078 1388 1134 EI‘IST.
1428 1074 1607 1130 LVIII.

1116 1207 1422 1249 SYMMACIIUS
1460 1203 1648 1244 PRDBO.

666 1316 747 1373 Sit
772 1313 867 1371 tibi
890 1313 1097 1367 animus
1124 1323 1327 1375 aequus,
1351 1311 1404 1358 et
1426 1303 1635 1371 patiens
1657 1299 1892 1354 muneris
1916 1294 2181 1367 imperati.

598 1409 756 1478 Saepe
786 1421 885 1460 usu
914 1405 1095 1463 venit,
1130 1411 1186 1453 ut
1216 1401 1266 1452 in
1297 1396 1561 1451 secundos
1611 1392 1823 1447 labores
1861 1392 2029 1443 virtus
2059 1401 2185 1457 pro—

601 1503 721 1555 bata
754 1507 1046 1568 reparetur.
1092 1490 1272 1559 Quid?
1312 1490 1418 1542 tui?
1452 1487 1679 1541 libenter
1707 1484 1767 1538 l3.
1802 1482 1963 1536 Atilio
1990 1480 2186 1533 factum

602 1594 791 1663 putas?
837 1590 977 1659 quod
1022 1584 1254 1638 laseilius
1304 1591 1476 1632 aratra
1523 1577 1781 1639 mutavit,
1811 1586 1865 1627 et
1910 1574 1960 1627 in
2014 1572 2192 1625 medio

604 1679 861 1738 sementis
888 1691 1052 1745 opere
1081 1674 1304 1728 anhelos
1336 1670 1497 1725 boves
1526 1670 1709 1722 statuit
1739 1663 2007 1720 rusticus?
2036 1663 2191 1730 Quis-

604 1776 725 1844 quis
755 1773 910 1826 bona:
936 1766 1100 1834 frugis
1131 1773 1234 1831 est,
1270 1765 1320 1816 in
1351 1760 1617 1832 publicum
1648 1756 1987 1813 commodum
2018 1754 2191 1807 vindi-

607 1873 780 1919 i-atur.
816 1861 959 1917 Pone
1001 1860 1119 1912 illas
1151 1854 1362 1910 interim
1390 1851 1739 1921 cogitationes
1769 1847 1938 1902 felicis
1966 1847 2059 1902 otii
2088 1848 2186 1899 tui.

603 1958 772 2024 Quam
807 1954 941 2007 bene
972 1951 1169 2004 urbana
1204 1961 1365 2016 opera
1396 1944 1550 1999 novis
1596 1942 1817 2012 fastigiis
1845 1943 2146 1996 excitabant
2174 1942 2188 1992 l

611 2051 707 2104 Uui
738 2063 863 2118 ager
886 2043 1098 2100 noster?
1128 2044 1209 2097 vel
1241 2042 1330 2096 ille
1355 2050 1610 2093 autumno
1631 2038 1804 2094 omnis
1826 2035 1991 2105 copi.e
2023 2034 2189 2101 ferax,

608 2143 691 2199 vel
730 2141 818 2197 ille
868 2142 1041 2194 liietne
1069 2136 1316 2208 apricus?
1367 2142 1468 2189 Aut
1511 2132 1603 2203 qui
1651 2145 1774 2187 vere
1819 2130 1945 2183 anni
1992 2128 2195 2197 primas

610 2252 759 2290 rosas
789 2234 951 2288 Itutuo
981 2229 1146 2298 exuit,
1174 2238 1261 2283 aut
1285 2230 1373 2296 qui
1402 2228 1502 2281 sub
1529 2224 1713 2280 aestivo
1737 2221 1847 2277 sole
1876 2224 1944 2276 de
1974 2232 2195 2274 nemore

609 2338 665 2382 et
693 2326 837 2381 fonte
869 2323 1143 2393 frigescit?
1175 2321 1278 2375 Sed
1304 2318 1429 2389 quid
1457 2332 1485 2370 a
1516 2314 1789 2385 proposito
1811 2312 1984 2369 excidi
2008 2311 2030 2363 ?
2062 2311 2196 2364 Dum

608 2419 926 2477 medicinam
984 2416 1119 2470 lacio
1170 2412 1403 2483 querelis
1462 2411 1605 2475 tuis,
1655 2408 1796 2463 ultro
1842 2406 2195 2462 desideranda

610 2512 869 2581 suggessi.
903 2512 1029 2565 Esto
1054 2554 1065 2575 ,
1101 2520 1158 2564 ut
1187 2523 1275 2571 es,
1307 2521 1556 2562 curarum
1584 2506 1823 2559 omnium
1851 2501 2115 2566 tolerans,
2144 2507 2198 2554 et

611 2603 850 2657 debitam
874 2616 1091 2671 operam
1124 2602 1273 2654 solve
1302 2598 1649 2667 principibus,
1677 2593 1765 2664 qui
1797 2594 2055 2648 rationem
2088 2606 2199 2649 nta-

609 2696 693 2764 gis
720 2695 898 2750 meriti
930 2693 1029 2757 tui,
1056 2707 1215 2763 quam
1245 2690 1532 2746 voluntatis
1558 2688 1877 2747 habueram.
1912 2685 2060 2740 \"ale.

1217 2824 1431 2879 [ΜΒΓ.
1473 2823 1609 2879 LlX.

1135 2952 1443 2993 SYﬂMACIlUS
1492 2951 1679 2991 l'llOllO.

687 3058 870 3113 Mones
897 3056 1145 3111 amicitiae
1173 3055 1371 3109 bonum
1402 3054 1617 3120 scriptis
1649 3052 2013 3120 frequentibus
2039 3064 2202 3105 exeo-

1824 313 1889 379 ρ.
1934 308 2207 366 ΛΙἪΕΙΛῘ
2244 304 2324 361 SY
2338 302 2599 359 SISIACIII

594 443 872 511 nerandae,
905 453 1026 496 cum
1057 446 1176 492 tuas
1204 432 1601 499 occupationes,
1635 437 1744 483 tum
1776 426 2168 482 festinationem
2201 434 2249 487 Α

3766 290 3865 345 I68

2882 409 3095 465 EPIST.
3139 406 3271 462 LXI.

2814 516 3121 557 SYRIACIIUS
3165 512 3351 553 θείοιο.

2351 598 2445 654 Ais
2478 607 2531 652 te
2571 594 2863 665 multiiugis
2892 591 3301 648 necessitatibus
3332 583 3615 654 impediri,
3651 583 3865 654 quomi-

2281 706 2379 745 nus
2408 689 2647 759 gnaviter
2679 687 2971 739 amicorum
3009 682 3319 737 carissimos
3359 676 3664 746 alloquaris.
3717 673 3867 729 Note

2279 784 2353 836 rei
2385 788 2563 835 cesset
2586 779 2835 833 assertio.
2861 776 2992 830 Nam
3019 785 3073 829 et
3098 777 3186 842 qui
3214 771 3393 840 procul
3418 770 3689 831 absumus,
3712 779 3868 821 curas

2280 888 2342 927 ac
2369 871 2578 940 vigilias
2604 881 2721 924 tuas
2745 868 3045 925 communis
3092 864 3275 933 patria:
3324 862 3491 930 copiis
3530 869 3585 914 et
3626 858 3869 912 satietate

2280 968 2565 1021 sentimus.
2598 962 2808 1017 lllutasti
2852 962 3009 1031 igitur
3033 956 3290 1023 olliciutn,
3329 969 3435 1008 non
3466 952 3686 1021 negaui.
3722 949 3871 1003 Anti-

2283 1058 2439 1127 quior
2476 1057 2620 1111 enim
2665 1054 2757 1109 tibi
2790 1054 2920 1121 luit,
2974 1059 3031 1104 ut
3070 1064 3189 1104 esse
3218 1047 3438 1109 debuit,
3478 1047 3621 1098 salus
3651 1042 3863 1107 civium,

2285 1162 2442 1215 quam
2474 1144 2745 1200 salutatio.
2797 1144 2947 1197 Nunc
2984 1155 3114 1195 sane
3136 1148 3191 1194 et
3214 1138 3579 1192 desideramus
3622 1144 3677 1188 et
3702 1148 3869 1200 expo-

2285 1239 2486 1293 scimus
2514 1249 2630 1293 tuas
2658 1237 2861 1291 litteras
2885 1274 2899 1297 ,
2934 1233 3148 1302 largiter
3174 1238 3424 1299 congesta
3464 1226 3619 1295 fruge
3668 1227 3719 1278 iii
3749 1238 3869 1293 pro-

2290 1333 2447 1386 ximae
2496 1330 2687 1384 hiemis
2734 1326 3101 1399 impendium:
3140 1336 3438 1394 quanquam
3488 1320 3603 1374 scio
3644 1318 3868 1373 necdum

2293 1426 2388 1480 tibi
2417 1425 2554 1479 lianc
2583 1434 2788 1493 partem
2821 1422 2980 1476 nimis
3010 1428 3174 1473 tutam
3208 1415 3389 1469 videri.
3429 1413 3701 1480 Nunquam
3730 1412 3872 1465 enim

2292 1529 2377 1574 est
2396 1533 2617 1572 securus
2649 1531 2800 1569 antur
2829 1513 3009 1585 patriae
3034 1528 3047 1564 :
3071 1523 3119 1566 et
3152 1508 3397 1579 quamvis
3425 1521 3611 1575 magna
3643 1503 3873 1559 remedia

2294 1611 2569 1679 conquirat
2590 1651 2607 1677 ,
2637 1624 2848 1679 semper
2878 1604 3008 1662 illud
3034 1612 3181 1674 putat
3212 1601 3488 1657 imminere
3513 1598 3653 1667 quod
3682 1597 3870 1652 timuit.

2299 1702 2448 1758 Vale.

2874 1765 3090 1823 EPIST.
3134 1763 3291 1821 LXII.

2551 1876 2857 1921 ιγκκλειιυε
2901 1874 3121 1917 επιειΝο
3160 1872 3372 1913 'I'ICIANO
3413 1870 3629 1911 ῖιιλτιιι.

2364 1981 2525 2034 Bona:
2557 1976 2673 2047 spei
2706 1978 2889 2045 plenus
2910 2017 2925 2041 ,
2960 1981 3237 2041 postquam
3275 1968 3401 2023 mibi
3434 1966 3690 2022 adventus
3717 1962 3877 2019 vestri

2297 2075 2495 2129 fecistis
2529 2071 2804 2134 indicium,
2840 2069 3021 2123 calcar
3064 2065 3329 2134 quoddam
3372 2059 3632 2128 suppingo
3678 2072 3877 2127 prope-

2296 2168 2565 2229 rantibus;
2612 2174 2667 2219 et
2711 2164 2760 2217 in
2789 2175 2907 2216 eam
2943 2172 3056 2214 rem
3089 2168 3235 2210 tuum
3278 2166 3469 2207 munus
3513 2149 3776 2219 imploro,
3828 2158 3881 2200 ut

2298 2270 2575 2331 parentum
2611 2256 2784 2312 studia
2837 2254 3080 2307 hortator
3108 2248 3393 2305 acceleres.
3437 2243 3606 2299 Stabit
3635 2242 3770 2308 apud
3800 2254 3884 2294 me

2299 2330 2552 2408 memoria
2600 2346 2843 2405 beneﬁcii
2898 2344 2970 2398 toi
2998 2382 3014 2407 ,
3058 2355 3159 2396 nec
3188 2351 3421 2408 utiquam
3461 2336 3620 2391 tacita
3649 2334 3794 2397 erit;
3840 2330 3885 2385 si

2299 2447 2523 2499 fratrum
2552 2440 2791 2509 delegata
2823 2432 3116 2492 curaveris.
3152 2431 3301 2485 Vale.

2872 2545 3091 2602 EPIST.
3133 2540 3313 2600 LXIII.

2560 2654 2870 2697 SYIIMCHUS
2908 2650 3129 2693 CELSINO
3170 2647 3383 2689 TICILNO
3420 2643 3635 2684 FRATRI.

2372 2756 2620 2826 Longum
2643 2755 2931 2824 loquantur
2960 2764 3058 2819 pro
3086 2746 3368 2818 incognitis
3397 2752 3489 2799 aut
3511 2741 3701 2797 alienis
3728 2737 3890 2793 verba

2303 2848 2516 2904 facturi.
2566 2846 2695 2902 Mihi
2738 2846 2852 2900 haec
2876 2856 3040 2913 opera
3069 2836 3361 2894 desinenda
3389 2843 3473 2889 est
3493 2875 3510 2902 ,
3539 2847 3662 2890 cum
3690 2832 3894 2886 litteras

2306 2955 2514 3001 nostras
2542 2942 2770 2997 Saturus
2802 2938 2968 2993 frater
2996 2932 3297 2990 communis
3325 2928 3553 2996 accipiat
3579 2965 3597 2993 ,
3626 2940 3759 2994 quas
3788 2938 3896 2977 non

2310 3033 2763 3092 commendationi
2811 3032 2925 3101 ejus
2974 3026 3196 3099 prastiti
3220 3063 3237 3089 ,
3268 3021 3362 3079 sed
3397 3030 3577 3076 nostra
3622 3018 3763 3074 circa
3802 3029 3898 3069 vos

618 3152 812 3207 lautus.
860 3150 1039 3205 Placet
1082 3148 1309 3202 hortatio
1357 3145 1622 3201 iuvitatrix
1665 3144 1960 3214 religionis.
2012 3143 2115 3205 Ει,
2150 3149 2207 3196 ut

2311 3143 2497 3184 amore
2527 3129 2692 3180 factas
2720 3124 2898 3179 emisi.
2928 3121 3076 3177 Vale.

620 3261 804 3301 verum
855 3244 1061 3309 fatear,
1110 3243 1273 3296 decus
1325 3241 1452 3294 milii
1503 3252 1583 3293 eat
1629 3238 1743 3293 lianc
1791 3247 1876 3291 tua
1927 3241 2203 3298 voluntas;

619 3355 772 3394 amor
803 3341 945 3394 enim
977 3336 1191 3392 maximi
1241 3334 1359 3403 plus
1390 3333 1631 3403 requirit.
1686 3333 1791 3388 Sed
1821 3333 1961 3402 quod
1989 3334 2089 3395 ais,
2124 3346 2208 3383 me

620 3432 828 3502 potius,
856 3431 947 3501 qui
981 3428 1082 3483 situ
1114 3441 1317 3481 vacuus
1353 3426 1578 3495 publica:
1609 3427 1717 3492 rei,
1747 3424 2051 3479 istiusmodi
2082 3424 2212 3492 vigi-

624 3527 750 3579 liam
780 3524 983 3579 debere
1014 3521 1227 3584 sortiri,
1259 3534 1465 3587 tequuiit
1498 3532 1617 3573 esse
1645 3518 1925 3572 dissentio.
1956 3515 2075 3570 .lam
2105 3516 2214 3584 pri-

623 3636 766 3674 mum
798 3617 938 3689 quod
984 3616 1144 3670 homo
1193 3615 1403 3669 licentis
1456 3613 1547 3666 otii
1594 3612 1823 3667 scrutari
1872 3609 2017 3665 vices
2061 3623 2211 3663 cont-

628 3712 921 3767 tneantiunt
972 3725 1075 3762 non
1110 3708 1293 3761 laboro
1324 3723 1336 3757 :
1369 3716 1490 3759 tuus
1523 3708 1690 3759 lionor
1718 3713 1988 3757 vecturam
2020 3701 2213 3758 litteris

626 3806 727 3858 nisi
762 3800 984 3863 invenit,
1016 3801 1158 3852 lacit.
1196 3797 1395 3852 Deliinc
1420 3796 1558 3864 qttod
1586 3795 1715 3849 itiilti
1744 3795 1889 3849 iners
1913 3796 2211 3850 desuetudo

625 3898 848 3953 oblimat
872 3895 1159 3963 ingenium.
1205 3893 1322 3946 'I‘tlii
1364 3894 1586 3961 impigro
1612 3892 1810 3961 jamdiu
1843 3892 2042 3962 negotii
2069 3894 2214 3948 leva-

628 4000 714 4042 tur
735 4003 863 4041 usus
890 3986 1162 4053 loquendi.
1196 3983 1336 4053 Ergo
1358 4000 1462 4053 quo
1491 3997 1543 4036 tu
1573 3984 1638 4037 ad
1670 3987 2010 4038 seribendum
2041 3986 2213 4054 major

625 4081 800 4145 copia,
834 4080 935 4131 ltoc
960 4092 1060 4145 ego
1087 4078 1295 4146 dignior
1325 4077 1475 4130 venia
1510 4077 1759 4131 raritatis.
1792 4075 2002 4130 Satisne
2029 4079 2215 4132 videor

627 4173 709 4225 liis
756 4170 931 4223 causis
978 4172 1212 4221 munitus
1261 4172 1312 4220 in
1366 4175 1636 4235 posterum
1657 4169 1677 4217 ἲ
1729 4168 2033 4221 Meuiiiieris
2073 4170 2211 4234 volo,

626 4264 881 4333 quidquid
918 4278 947 4313 a
982 4277 1066 4316 me
1094 4259 1359 4315 sermonis
1416 4261 1689 4329 acceperis
1713 4302 1727 4325 ,
1780 4262 2018 4330 obsequii
2070 4276 2213 4326 esse,

631 4368 736 4407 non
767 4353 887 4405 otii.
927 4349 1070 4403 Vale.

1248 4440 1462 4495 EPIST.
1505 4440 1611 4495 LX.

1159 4571 1468 4611 δῑυιιΑωιοδ
1499 4570 1684 4610 ιίιυθο.

701 4670 825 4727 Scio
854 4682 904 4726 te
931 4687 1035 4725 non
1066 4671 1401 4727 fortunarum
1445 4670 1641 4723 habere
1670 4668 1948 4736 dilectum,
1977 4672 2069 4725 sed
2100 4685 2214 4726 me-

632 4769 875 4823 ritorum.
906 4766 1176 4820 Romanus
1203 4765 1480 4819 familiaris
1505 4779 1657 4821 meus
1683 4764 1868 4818 aulicis
1886 4762 2050 4817 etiam
2073 4776 2218 4817 nunc

634 4868 785 4929 paret
811 4858 1005 4914 olliciis
1024 4898 1039 4923 ,
1070 4867 1249 4927 utpote
1275 4856 1411 4912 sarri
1437 4857 1752 4913 administer
1778 4856 1975 4910 terarii.
2006 4855 2112 4911 Sed
2137 4857 2221 4909 in-

634 4961 925 5007 strumenta
955 4950 1235 5022 probitatis
1257 4953 1358 5004 sub
1383 4964 1481 5003 usu
1510 4948 1727 5003 liouoris
1754 4947 2010 5003 excoluit.
2040 4947 2220 5013 Quare

635 5044 861 5113 dignitas
905 5044 991 5097 illa
1038 5052 1118 5097 est
1162 5043 1457 5110 promiscua
1487 5056 1608 5096 cum
1652 5041 1929 5109 plurimis,
1968 5040 2219 5093 honestas

636 5150 789 5203 aqua
815 5150 933 5188 cum
967 5138 1167 5203 pauCis.
1211 5134 1361 5199 Quod
1402 5149 1468 5187 eo
1499 5135 1899 5187 memorandum
1933 5134 2135 5201 putavi,
2164 5142 2220 5186 ut

637 5240 670 5278 a
698 5237 749 5279 te
778 5240 987 5294 quoque
1019 5239 1113 5291 pro
1143 5235 1349 5278 ratione
1379 5224 1526 5287 vita}.
1560 5240 1664 5279 non
1698 5238 1796 5292 pro
1818 5226 1984 5292 gradu
2015 5224 2220 5278 militia:

639 5330 940 5373 censeatur.
995 5318 1097 5371 Fac
1134 5318 1430 5388 periculum
1468 5318 1714 5372 maximis
1745 5319 1796 5371 iit
1827 5318 2092 5386 negotiis;
2138 5320 2219 5371 lat:

642 5411 694 5465 in
727 5410 883 5463 seriis
911 5412 1235 5463 remissisve.
1267 5407 1520 5479 Reperies
1551 5411 1784 5465 nominis
1814 5420 2004 5463 tectam
2034 5411 2215 5469 fidem,

643 5512 910 5571 patentem
943 5503 1254 5570 religionem
1274 5540 1289 5566 ,
1322 5501 1655 5569 prudentiam
1684 5501 1928 5567 liberam,
1960 5516 2220 5555 verecun-

641 5597 783 5650 diam
816 5593 1110 5648 Iiberalein.
1162 5594 1255 5648 Cui
1287 5608 1387 5663 ego
1418 5602 1696 5664 proiiterea
1748 5594 1943 5646 factum
1976 5594 2127 5657 volo,
2166 5602 2225 5646 ut

644 5687 746 5740 mei
778 5686 1060 5740 testimonii
1113 5685 1242 5739 fides
1289 5687 1489 5742 clareat
1515 5727 1532 5755 ,
1573 5694 1629 5745 et
1658 5683 1751 5742 tibi
1796 5686 1999 5740 amicus
2027 5683 2223 5739 limatte

645 5778 923 5852 probitatis
952 5777 1186 5835 accedat.
1222 5777 1367 5834 Vale.

2234 3194 2281 3237 Ὠ

2885 3212 3105 3270 EPIST.
3145 3207 3330 3266 LXIV.

2580 3322 2893 3366 sruacuos
2920 3318 3139 3361 CELSINO
3171 3304 3387 3357 homo
3416 3309 3628 3352 ritual.

2379 3422 2763 3481 Commendari
2790 3437 2820 3476 a
2852 3437 2937 3475 me
2962 3418 3272 3490 episcopum
3301 3414 3436 3467 forte
3462 3407 3695 3465 mireris.
3722 3405 3898 3462 Causa

2311 3519 2473 3581 istud,
2502 3531 2608 3571 non
2645 3525 2792 3570 secta
2828 3512 3113 3582 persuasit.
3155 3506 3285 3561 Nam
3334 3502 3583 3559 Clemens
3627 3496 3750 3554 boni
3797 3495 3898 3550 viri

2314 3610 2527 3665 Iunctus
2553 3608 2811 3671 ofﬁcium,
2839 3608 3168 3663 Caesareum,
3198 3613 3318 3668 quae
3349 3598 3421 3651 illi
3451 3596 3616 3664 patria
3645 3602 3746 3654 est,
3769 3604 3901 3644 con-

2311 3704 2489 3756 ciliata
2543 3701 2899 3754 maximorum
2949 3694 3247 3764 principum
3317 3702 3486 3758 pace,
3544 3694 3742 3739 tutatus
3792 3687 3895 3736 est.

2316 3794 2498 3849 Fando
2539 3806 2825 3861 acceperas
2850 3829 2867 3855 ,
2912 3786 3204 3842 rebellione
3262 3780 3540 3836 barbarica
3584 3787 3717 3846 quot
3759 3773 3895 3836 auri,

2313 3897 2441 3956 quot
2461 3884 2668 3955 argenti
2692 3882 2881 3949 privati
2912 3887 3003 3933 aut
3026 3874 3221 3946 publici
3251 3871 3386 3927 sacri
3418 3880 3471 3922 et
3499 3867 3729 3934 profani,
3756 3865 3902 3917 Mau-

2316 3982 2522 4035 ritania:
2550 3980 2647 4030 luit
2671 3974 2971 4043 direptione
2995 3971 3226 4024 hostium
3252 3962 3596 4019 lanciuatum.
3626 3958 3816 4012 Evenit
3836 3971 3897 4009 ea

2319 4078 2656 4141 tempestate,
2690 4078 2748 4121 ut
2777 4068 2937 4120 etiam
2968 4064 3078 4115 lisci
3110 4060 3409 4127 depositum
3444 4053 3561 4106 belli
3593 4052 3709 4119 jure
3740 4062 3895 4114 rape.

2318 4176 2461 4218 retur
2494 4182 2506 4215 :
2537 4160 2677 4231 quod
2710 4178 2738 4212 a
2768 4156 3121 4211 summatibus
3168 4147 3401 4203 cmtatis
3425 4186 3440 4208 ,
3489 4156 3619 4214 quos
3667 4141 3897 4206 reliquos

2319 4258 2438 4327 luga
2471 4258 2690 4317 fet-erat,
2721 4251 2809 4318 ius
2835 4249 3011 4303 aerarii
3039 4241 3372 4313 reposcebat.
3410 4238 3597 4290 Misera
3628 4244 3680 4286 et
3706 4233 3896 4285 acerba

2318 4350 2597 4411 Conditio,
2645 4346 2745 4398 nisi
2796 4341 3009 4398 tristitia
3054 4349 3349 4406 temporum
3400 4332 3688 4385 clementis
3716 4338 3898 4379 curam

2322 4444 2611 4503 movisset;
2652 4453 2810 4507 quem
2841 4450 2939 4506 ego
2966 4447 3071 4488 non
3110 4434 3286 4484 minus
3315 4430 3467 4479 I'atnte
3507 4422 3709 4485 stet-ui,
3741 4430 3901 4486 quant

2244 4544 2291 4604 ι)
2317 4532 2507 4589 civium
2550 4528 2818 4584 securitati
2860 4524 3231 4579 commodasse
3278 4516 3524 4571 dixerim.
3576 4512 3714 4580 Quid
3758 4508 3899 4561 enini

2319 4636 2513 4695 praeter
2542 4626 2793 4679 invidiam
2842 4620 3063 4675 referret
3097 4617 3345 4669 aerarium
3372 4655 3387 4679 ,
3429 4614 3471 4664 si
3510 4623 3641 4678 opes
3665 4607 3733 4659 ab
3759 4605 3901 4672 inopi

2316 4719 2464 4771 curia
2496 4712 2885 4785 poscerentur?
2918 4712 3090 4766 Habes
3119 4710 3365 4761 ordinem
3396 4719 3491 4757 ret.
3544 4699 3693 4767 Quod
3740 4704 3906 4752 restat

2318 4812 2548 4877 enitere,
2579 4820 2638 4864 ut
2668 4810 2742 4862 tui
2772 4805 3033 4876 aspiratio
3060 4803 3177 4856 vela
3208 4800 3366 4854 faciat
3399 4792 3721 4865 impetratis.
3756 4792 3900 4846 Vale.

2906 4916 3120 4975 EPIST.
3162 4913 3296 4969 LXV
3308 4953 3320 4967 .

2600 5029 2908 5073 δῑιιωλειιυε
2937 5025 3154 5067 εειδιιεο
3184 5021 3396 5061 ἸΙΩΙΔΝΟ
3424 5017 3639 5058 FRATRI.

2394 5129 2547 5188 Scire
2596 5127 2830 5199 postulas
2857 5164 2873 5191 ,
2918 5122 3045 5195 quid
3074 5123 3141 5178 de
3172 5118 3561 5174 lacessentibus
3590 5113 3903 5169 sentiamus.

2323 5225 2456 5280 Nolo
2484 5223 2763 5279 consilium
2788 5217 3156 5273 succensentis
3178 5224 3480 5281 exspectes.
3507 5211 3687 5276 Neque
3717 5208 3769 5259 in
3791 5206 3908 5272 ejus

2324 5330 2519 5370 nosam
2551 5314 2761 5366 labores
2780 5351 2794 5377 ,
2824 5326 2983 5379 quem
3013 5310 3161 5362 viiles
3189 5309 3460 5359 abundare
3490 5300 3742 5372 peccatis.
3793 5297 3909 5364 Ipse

2323 5423 2512 5463 causas
2539 5406 2709 5468 dobll,
2742 5420 2873 5474 quas
2903 5419 3008 5457 non
3038 5402 3270 5455 videaris
3311 5407 3543 5465 Optassc.
3593 5393 3792 5473 Sed'de
3821 5391 3911 5443 illo

2324 5502 2457 5554 satis
2487 5501 2657 5552 habeo
2686 5468 2907 5551 dictum.
2963 5493 3183 5547 Veniam
3232 5506 3338 5559 quo
3390 5503 3475 5543 uie
3502 5488 3649 5541 ducit
3678 5468 3908 5538 allectio.

2328 5592 2562 5645 ltntnaue
2589 5595 2843 5655 quantum
2868 5600 2896 5637 a
2925 5584 3113 5637 litteris
3143 5582 3421 5644 desidetis,
3451 5592 3624 5645 neque
3656 5574 3912 5637 metuitis,

2328 5697 2396 5735 ne
2423 5694 2517 5735 vos
2566 5680 2773 5734 ratione
2810 5677 3009 5733 silentii
3052 5678 3414 5731 mordeamus.
3467 5670 3601 5738 Quid
3634 5670 3803 5723 lnems
3833 5667 3913 5719 fa-

2326 5774 2454 5841 ciet,
2481 5785 2601 5841 qua:
2621 5778 2765 5828 terra
2793 5784 2847 5827 et
2871 5768 3007 5827 mari
3036 5768 3332 5826 morabitur
3357 5762 3727 5823 commeatus?
3758 5758 3913 5832 Cogi-
