4218 6476
411 296 512 352 I69

1646 329 2126 389 EPISTOIARUII
2173 334 2373 390 LIBER
2410 337 2446 392 I.

3594 354 3691 413 ιτο

386 453 504 499 tate
534 457 695 499 \‘CS’I'I
722 444 887 501 ofﬁcii
926 447 1299 503 necessitatem
1324 488 1340 514 ,
1374 456 1571 504 nostra
1617 451 1988 506 sollicitudinis
2017 458 2060 511 Λ
2091 454 2252 507 mirice
2275 454 2514 522 judicum
2555 454 2805 523 przesidio
2840 456 3143 516 fulciantur.
3171 458 3430 532 Intelligis
3457 477 3550 519 eas
3572 482 3691 521 esse

386 536 569 590 vicem
593 576 611 601 ,
639 551 864 608 eamque
891 538 1111 608 arripite
1138 538 1468 610 diligentiam
1493 581 1509 607 ,
1542 558 1704 612 quam
1735 543 1802 598 de
1834 543 1988 599 nobis

386 635 580 682 mutuo
606 625 880 697 ﬂagitatis.
914 628 1061 685 Vale.

980 720 1191 776 I'II‘IS'I‘.
1238 721 1416 777 LXVI.

673 826 981 869 ετκιιιῖιιυε
1013 830 1232 869 εειεικσ)
1263 830 1471 871 τΙΩΙΛΝΟ
1502 831 1716 871 FRATRI.

462 903 735 973 Cclasius,
758 907 845 961 cui
876 909 1071 962 factum
1099 910 1245 975 volo,
1268 909 1560 980 imperialis
1589 909 1781 965 domus
1804 925 1986 966 curam

388 1000 601 1066 rerepit
623 1038 640 1063 ,
682 999 827 1069 quod
873 1001 1143 1069 negotium
1183 1002 1230 1057 ei
1262 1002 1461 1072 aliquid
1487 1003 1761 1073 dignitatis
1784 1004 1987 1069 attulit,

382 1092 488 1145 etsi
524 1092 642 1160 plus
669 1092 831 1148 habet
877 1094 1096 1150 honoris
1121 1097 1173 1149 in
1204 1096 1464 1151 moribus.
1513 1096 1833 1152 Medicinam
1862 1112 1984 1153 cum

385 1187 582 1255 primis
619 1200 817 1245 nostra:
844 1191 1017 1245 atatis
1053 1191 1317 1247 exercuit.
1358 1190 1486 1247 Inde
1514 1201 1596 1247 est
1622 1190 1699 1245 illi
1729 1192 1812 1246 via
1852 1192 1986 1248 facta

382 1282 727 1337 meritorum.
776 1282 911 1339 Nam
958 1296 1252 1340 summates
1290 1285 1466 1349 anlze,
1517 1286 1710 1355 quibus
1747 1284 1987 1354 juvanda

382 1374 560 1427 salute
581 1372 875 1443 profuerat,
904 1384 1066 1430 testes
1089 1376 1264 1444 potius
1288 1376 1492 1439 habuit,
1517 1390 1677 1446 quam
1704 1389 1983 1446 patronos.

382 1467 566 1532 Absit,
597 1477 655 1520 ut
698 1467 794 1522 tibi
824 1466 1001 1522 veniat
1030 1483 1157 1523 usus
1184 1468 1314 1524 artis
1342 1470 1483 1537 ejus,
1514 1483 1636 1523 cum
1662 1482 1855 1525 caetera
1886 1472 1987 1524 ho-

384 1568 725 1621 nestamenta
756 1561 1079 1615 sanctissimi
1113 1560 1210 1615 viri
1236 1563 1442 1630 possint
1472 1577 1569 1630 pro
1595 1562 1688 1616 illo
1713 1562 1849 1617 ferre
1876 1561 1989 1617 suf-

384 1651 639 1720 fragium.
688 1652 829 1722 Ergo
854 1668 975 1707 ama
1005 1651 1280 1708 Gelasium
1308 1695 1323 1716 .
1364 1653 1493 1708 mihi
1520 1652 1833 1723 jamdudum
1875 1654 1986 1723 pla-

283 1755 293 1765 ‘
384 1746 573 1811 citum,
600 1745 693 1801 tibi
723 1759 813 1803 me
838 1744 1140 1815 spondente
1168 1745 1513 1817 placiturum.
1547 1744 1695 1802 Vale.

958 1903 1172 1961 EPIST.
1215 1904 1419 1961 LXVII.

676 2013 989 2054 SYIIIACIIUS
1015 2012 1233 2054 CELSIHO
1262 2012 1475 2054 TICIANO
1500 2013 1713 2053 ΙἪᾹΤΙΙ.

456 2107 910 2167 Commendarem
957 2111 1050 2167 tibi
1097 2111 1354 2182 Anysium
1381 2151 1397 2177 ,
1437 2111 1759 2168 laudabilem
1790 2111 1983 2179 virum,

384 2204 493 2257 nisi
526 2206 578 2258 in
610 2218 785 2260 meam
822 2204 1111 2260 amicitiam
1142 2214 1193 2259 te
1223 2215 1443 2257 auctore
1473 2204 1725 2258 venisset.
1759 2204 1986 2270 Quando

384 2296 549 2365 igitur
577 2296 712 2351 nihil
738 2305 819 2351 t-st
842 2336 859 2362 ,
890 2296 1030 2366 quod
1063 2295 1138 2350 illi
1185 2310 1337 2350 meus
1364 2310 1543 2351 sermo
1569 2297 1857 2365 conciliet,
1892 2297 1987 2353 be-

389 2387 569 2442 neﬁcii
597 2388 718 2443 loco
749 2388 923 2445 habeo
946 2428 965 2456 ,
996 2388 1041 2444 si
1068 2388 1120 2443 in
1149 2402 1273 2444 eum
1300 2390 1469 2444 sancti
1499 2390 1663 2444 animi
1696 2389 1771 2443 tui
1799 2390 1987 2459 gliscat

382 2478 622 2535 alfcctio.
671 2480 804 2535 Nam
832 2480 921 2536 ubi
960 2480 1161 2535 amoris
1188 2481 1487 2536 rudimenta
1521 2492 1791 2549 prmventa
1821 2493 1941 2535 sunt
1968 2490 1984 2541 ;

381 2588 424 2627 ες
449 2571 639 2629 ουιιάςε
685 2574 872 2644 gratia:
917 2574 1067 2629 locus
1093 2584 1215 2643 est,
1258 2582 1315 2629 ut
1355 2581 1640 2644 augmenta
1674 2583 1981 2645 pascantur.

385 2660 460 2715 Va
470 2661 543 2718 le.

930 2732 1148 2791 EPIST.
1201 2733 1410 2791 LXVIII

665 2840 976 2883 εῖιυιλοηυε
998 2842 1218 2884 οειειιιο
1244 2843 1458 2884 τΙΟΙΑΝυ
1484 2844 1700 2886 Ιιιιιτιιι.

463 2939 630 2997 fiufus
680 2942 997 3011 pontificalis
1043 2944 1295 3000 Arcarius
1347 2946 1687 3015 prosequitur
1735 2946 1878 3017 apud
1932 2956 1985 3003 te

388 3032 641 3087 mandata
667 3033 900 3105 collegii,
928 3035 1012 3090 cui
1038 3050 1148 3105 prre
1178 3037 1388 3092 casteris
1419 3039 1682 3094 retinendi
1705 3039 1986 3110 Vagauen-

386 3121 464 3177 sis
491 3124 660 3179 saltus
685 3140 816 3181 cura
859 3126 1029 3198 legata
1055 3138 1159 3183 est.
1204 3128 1389 3195 Efﬁce,
1420 3146 1517 3185 oro
1544 3142 1614 3199 te,
1650 3142 1707 3186 ut
1730 3132 1984 3186 divinitus

2097 562 2352 615 personas
2376 587 2391 612 ,
2424 548 2615 616 quibus
2664 550 2777 605 lucc
2823 553 2991 620 gratia
3031 557 3200 624 magis
3228 570 3293 611 ex
3336 571 3436 611 suo
3470 560 3683 625 merito,

2094 655 2251 708 quam
2287 656 2350 694 ex
2382 643 2515 695 meis
2544 642 2734 697 litteris
2775 644 3051 702 debeatur.
3105 646 3215 704 Nec
3261 650 3473 706 mireris
3498 689 3514 717 ,
3545 655 3689 719 ip~os

2095 744 2258 797 super
2282 746 2343 785 ea
2374 733 2670 787 rescribere
2702 735 2958 801 noluisse,
2990 750 3113 793 cum
3145 743 3442 797 reverentia
3471 744 3581 799 tnci
3613 742 3689 799 fc-

2092 823 2248 888 cerit,
2280 830 2338 878 ut
2368 832 2551 879 nostro
2589 824 2838 896 suffragio
2870 829 3047 898 potius
3074 839 3370 888 uterentur.
3402 834 3549 891 Vale.

2667 960 2879 1017 EI‘IST.
2927 962 3110 1020 LXXI.

2348 1063 2654 1105 ειιηιιοιιυε
2692 1066 2909 1107 επιεικο
2944 1068 3159 1111 παλιιο
3197 1070 3413 1112 ῩΙΑΤΜ.

2161 1179 2503 1237 Caecilianum
2538 1182 2710 1239 virum
2743 1186 3025 1244 honestum
3050 1230 3064 1256 ,
3121 1189 3464 1246 Laurentium
3520 1192 3681 1249 Lavi-

2094 1271 2303 1325 narium
2332 1271 2670 1330 defensorem
2714 1290 3020 1348 susceptum
3049 1282 3391 1337 commendat
3422 1285 3682 1343 officium.

2089 1362 2186 1419 Cui
2219 1365 2264 1421 si
2311 1366 2441 1421 nihil
2473 1370 2862 1427 conciliationis
2893 1383 3085 1430 caetera
3118 1376 3242 1433 vitae
3273 1378 3681 1438 honest-tmcnta

2090 1465 2406 1526 prmstarent
2431 1498 2447 1525 ,
2482 1460 2815 1517 interventus
2842 1480 2993 1521 meus
3034 1470 3261 1537 gratiam
3289 1480 3431 1525 tuam
3462 1474 3684 1531 deberet

2088 1549 2387 1618 acquirere.
2420 1551 2551 1607 Ama
2582 1570 2711 1624 ergo
2742 1555 3012 1614 hominem
3045 1560 3296 1629 placitum
3328 1566 3476 1630 mihi,
3517 1578 3571 1621 et
3598 1582 3684 1622 re.

2090 1638 2273 1708 ligiose
2308 1643 2540 1698 civitatis
2570 1646 2865 1702 commodis
2894 1651 3301 1720 obsequentem.
3338 1657 3551 1711 Amoris
3578 1674 3679 1713 au-

2089 1739 2192 1784 tem
2241 1734 2314 1788 tui
2347 1748 2623 1795 sumemus
2657 1740 2907 1795 indicium
2934 1787 2947 1809 ,
2990 1742 3035 1798 si
3065 1760 3160 1799 eos
3188 1747 3379 1815 quibus
3409 1751 3680 1819 negotium

2009 1838 2057 1900 Β
2086 1824 2346 1883 familiare
2377 1829 2670 1897 mandavit,
2705 1833 2996 1903 adjuveris.
3044 1837 3189 1893 Vale.

2649 1968 2860 2025 EPIST.
2913 1971 3121 2028 LXXII.

2359 2072 2664 2118 SYIMACIICS
2695 2078 2915 2120 CELSINO
2952 2082 3166 2123 TICIANO
3195 2084 3409 2125 FRATRI.

2162 2196 2467 2252 Amicorum
2515 2197 2797 2255 desideriis
2842 2216 3062 2270 operam
3105 2218 3210 2259 non
3244 2220 3521 2275 negamus,
3552 2209 3676 2266 dum

2084 2286 2227 2357 justa
2260 2290 2534 2343 credimus
2562 2331 2577 2354 ,
2627 2307 2744 2362 qua!
2775 2304 3025 2361 petuntur
3060 2314 3071 2349 :
3108 2305 3165 2350 ut
3215 2312 3354 2352 nunc
3400 2300 3530 2353 mihi
3579 2318 3677 2359 usu

2092 2380 2279 2446 venit,
2311 2382 2399 2450 qui
2434 2381 2651 2437 Bassum
2698 2384 2908 2454 optimis
2940 2387 3068 2441 viris
3115 2391 3488 2461 complacitum
3514 2435 3529 2457 ,
3573 2410 3677 2449 non

2090 2477 2266 2540 putavi
2311 2475 2563 2543 suffragio
2604 2478 2983 2534 deserendum.
3028 2480 3185 2538 Salva
3216 2482 3375 2553 igitur
3401 2500 3518 2542 mea
3560 2489 3675 2543 exi-

2089 2566 2416 2633 stimatione,
2448 2570 2536 2639 qui
2566 2568 2719 2624 bonis
2748 2572 2950 2627 credidi
2980 2615 2997 2640 ,
3047 2576 3295 2631 meritum
3323 2578 3419 2631 tibi
3448 2582 3677 2635 hominis

2086 2658 2203 2713 dies
2254 2659 2460 2729 longior
2506 2662 2778 2719 indicabit.
2812 2664 2935 2719 Mihi
2966 2667 3097 2722 satis
3125 2677 3206 2723 est
3233 2708 3249 2735 ,
3290 2669 3334 2725 si
3368 2669 3442 2725 illi
3472 2674 3675 2742 primus

2084 2750 2261 2806 aditus
2285 2766 2433 2820 spem
2461 2752 2667 2809 dederit
2688 2755 3000 2824 pleniorem.
3032 2757 3177 2814 Vale.

2638 2887 2853 2946 EPIST.
2898 2890 3131 2949 LXXIII.

2345 2994 2654 3036 SI'IIIACIIUS
2691 2996 2909 3039 δειδικο
2944 3000 3157 3043 τιοιιιιο
3198 3003 3410 3046 FRATRI.

2156 3111 2381 3179 Quando
2408 3129 2525 3167 eam
2554 3114 2623 3168 dii
2669 3126 2983 3185 potestatem
3017 3119 3109 3174 tibi
3140 3120 3421 3191 dederunt,
3451 3136 3507 3181 ut
3537 3130 3673 3183 ami-

389 3212 634 3270 videatur
655 3217 890 3272 oblatum
922 3218 996 3273 tui
1043 3219 1263 3275 bduoris
1290 3221 1548 3276 auxilium
1573 3262 1588 3287 ,
1621 3233 1676 3277 et
1706 3222 1984 3293 utriusque
2008 3211 2056 3275 C
2086 3202 2161 3256 “is
2212 3217 2275 3258 ³ο
2327 3207 2641 3259 ηθεθεεεπίίε
2688 3207 2822 3263 meis
2867 3210 2986 3264 "sui
3027 3225 3148 3266 esse
3191 3214 3363 3282 possis
3392 3233 3406 3282 ;
3463 3221 3674 3275 conﬁdo

390 3304 681 3360 sacerdotii
710 3314 764 3361 te
787 3305 1084 3362 antistitem
1114 3310 1420 3365 recordare.
1450 3310 1716 3379 Quidquid
1739 3310 1983 3380 publicus

389 3397 559 3469 vigor,
591 3409 683 3453 aut
711 3401 912 3469 privata
943 3402 1116 3471 poscit
1146 3402 1427 3469 industria,
1452 3413 1635 3459 oratus
1661 3419 1977 3472 exsequere.

388 3490 608 3546 Multum
639 3490 690 3546 in
720 3492 947 3561 gratiam
980 3503 1124 3548 tuam
1159 3495 1363 3563 publica
1392 3495 1595 3550 utilitas
1626 3498 1977 3566 promovebit.

390 3585 567 3641 llabcs
592 3600 856 3639 summam
888 3584 1158 3654 petitionis
1206 3602 1363 3642 meae.
1410 3586 1629 3656 Singula
1673 3598 1850 3643 autem
1884 3586 1978 3644 tibi

388 3679 471 3732 vel
516 3678 910 3732 commonitorii
941 3681 1111 3734 series
1156 3680 1452 3747 indicabit,
1484 3682 1568 3737 vel
1614 3681 1782 3737 Rufus
1812 3698 1977 3752 expe-

387 3770 529 3836 diet;
572 3771 660 3825 cui
691 3780 959 3826 maturum
987 3773 1265 3841 prazstabis
1289 3773 1562 3839 effectum,
1588 3784 1648 3829 ut
1671 3785 1979 3845 sequestra-

390 3874 503 3920 tum
536 3864 807 3936 paulisper
835 3864 1071 3922 officium
1102 3881 1380 3938 regressus
1408 3868 1655 3937 arripiat.
1687 3868 1837 3926 Vale.

964 3979 1183 4038 EPIST.
1217 3981 1401 4037 LXIX.

672 4089 986 4131 SYIIACIIUS
1007 4090 1231 4131 CELSINO
1256 4090 1467 4131 TICIANO
1490 4091 1703 4132 FRATRI.

462 4188 641 4245 Potuit
685 4191 852 4246 fuater
880 4204 1032 4246 meus
1069 4190 1361 4245 Acutianus
1394 4204 1494 4245 suo
1539 4191 1791 4257 nomine,
1834 4190 1976 4261 quod

388 4284 580 4354 poscit,
611 4281 854 4352 adipisci,
881 4291 938 4335 ut
959 4282 1051 4351 qui
1076 4283 1141 4336 sit
1176 4297 1280 4336 non
1308 4282 1484 4337 minus
1513 4283 1628 4347 tibi,
1656 4297 1815 4354 quam
1845 4283 1976 4338 mihi

388 4376 685 4431 familiaris.
713 4375 819 4430 Sed
850 4375 1085 4430 interfuit
1115 4374 1276 4429 officii
1304 4375 1432 4441 mei,
1458 4387 1514 4430 ut
1544 4377 1591 4430 ei
1621 4375 1974 4430 voluntariam

386 4484 607 4539 operam
636 4469 1058 4522 commodarem.
1091 4466 1247 4522 Juvat
1274 4480 1452 4523 autem
1480 4467 1799 4523 desiderium
1833 4468 1977 4524 illius

386 4562 587 4630 jnstitia
617 4561 889 4631 posmlati.
921 4559 1052 4615 Nam
1084 4575 1365 4631 germanos
1386 4575 1511 4615 suos
1532 4600 1550 4629 ,
1587 4558 1891 4615 Nichasium
1923 4568 1977 4615 et
2009 4587 2057 4650 υ

388 4655 740 4721 Itogatianum
767 4696 780 4719 ,
811 4655 1081 4723 negotium
1129 4668 1410 4707 commune
1455 4662 1705 4707 curantes
1728 4692 1745 4718 ,
1795 4651 1876 4707 vel
1908 4652 1973 4705 ad

385 4748 828 4817 disceptationem
858 4745 1121 4801 Numidici
1164 4746 1459 4801 consularis
1488 4744 1684 4797 remitti
1719 4744 1970 4813 postulat,

386 4846 496 4912 vel,
525 4842 668 4914 quod
695 4842 743 4897 ei
773 4841 1041 4910 antiquius
1068 4848 1151 4895 est
1176 4880 1190 4904 ,
1239 4850 1291 4894 te
1324 4838 1653 4909 pctissimum
1696 4838 1975 4907 cognitore

388 4941 586 4991 mavult
617 4951 773 5004 quam
805 4936 1034 5004 primum
1066 4934 1308 4987 molestia
1340 4932 1446 4987 litis
1476 4932 1698 4986 absolvi.
1729 4932 1905 4998 Quare
1926 4931 1970 4984 si

385 5042 435 5085 et
470 5031 614 5082 illius
640 5026 781 5096 apud
813 5037 865 5082 te
891 5026 1093 5098 grande
1125 5036 1449 5079 momentum
1478 5034 1559 5077 cst
1582 5063 1597 5088 ,
1629 5033 1684 5079 et
1713 5040 1739 5074 a
1769 5022 1972 5091 legibus

385 5138 545 5177 causa
574 5138 679 5176 non
705 5119 973 5189 discrepat
1001 5164 1015 5186 ,
1050 5130 1102 5174 et
1134 5118 1465 5173 interventus
1495 5132 1647 5172 meus
1677 5117 1863 5170 libram
1899 5114 1972 5170 tui

388 5218 581 5270 favoris
612 5212 858 5277 inclinat;
893 5213 1059 5265 anniti
1090 5202 1297 5280 a-quuin
1323 5219 1426 5271 est,
1457 5220 1513 5263 ut
1537 5211 1740 5277 optimo
1769 5207 1883 5262 viro
1908 5222 1971 5262 ex

384 5304 648 5362 sententia
682 5303 933 5375 procedat
959 5313 1218 5372 optatum.
1255 5299 1407 5354 Vale.

974 5412 1190 5468 EPIST.
1230 5412 1390 5467 LXX.

653 5524 963 5564 SYIIACIIUS
997 5521 1215 5561 CELSINO
1241 5520 1451 5561 TICIANO
1488 5520 1699 5559 Ρηιτιιι.

459 5621 706 5679 Fratrum
747 5630 1048 5675 nostrorum
1089 5617 1311 5671 Romani
1340 5626 1498 5687 atque
1530 5617 1680 5688 Magn
1706 5620 1758 5673 lli
1790 5619 1972 5688 petitio

379 5719 527 5786 justa
556 5725 640 5773 est
667 5757 682 5780 ,
726 5728 885 5784 quam
936 5712 1358 5783 prosequendam
1389 5710 1602 5778 recepi;
1667 5713 1841 5781 ptibus
1874 5714 1971 5767 im-

383 5809 583 5882 pendio
612 5822 753 5865 cura!
779 5816 860 5860 est
886 5847 899 5867 ,
932 5813 989 5857 ut
1016 5805 1259 5859 homines
1291 5802 1510 5859 Euticia:
1540 5804 1849 5860 claris~im:e
1892 5807 1960 5861 fc-

672 5899 941 5959 I’naoc.
995 5894 1225 5967 XVIII.

2090 3293 2329 3351 Romano
2360 3298 2561 3363 Optimo
2589 3299 2731 3365 viro,
2763 3315 2869 3370 quo
2894 3317 3014 3356 cum
3042 3304 3169 3358 mihi
3190 3305 3299 3374 jam
3324 3307 3412 3362 ditt
3444 3308 3672 3365 familia-

2087 3389 2219 3442 ritas
2248 3397 2351 3455 est,
2383 3390 2432 3443 in
2458 3399 2550 3445 tuo
2575 3392 2826 3462 prmsidio
2852 3406 3084 3465 paratam
3118 3397 3271 3455 bona:
3300 3403 3412 3471 spei
3441 3406 3671 3474 copiam.

2086 3476 2303 3535 Duabus
2328 3484 2468 3536 enim
2493 3485 3063 3553 commendationibus,
3088 3503 3309 3558 quarum
3339 3493 3432 3548 tibi
3456 3500 3670 3566 antiqua

2084 3589 2211 3630 cura
2244 3588 2319 3630 εει
2346 3618 2359 3641 ,
2391 3577 2671 3645 adjttvalur
2694 3620 2708 3643 ,
2744 3581 2845 3635 mei
2876 3582 3165 3637 testimonii
3198 3588 3547 3657 praerogativa
3571 3630 3586 3656 ,
3616 3604 3670 3649 et

2085 3668 2163 3720 sui
2205 3666 2378 3722 meriti
2420 3670 2765 3726 conscientia.
2814 3671 2944 3727 Nam
2986 3676 3171 3730 sedulo
3207 3680 3377 3735 audeo
3406 3681 3669 3750 judicare,

2081 3755 2296 3826 dignum
2324 3773 2443 3813 esse
2464 3802 2479 3825 ,
2510 3777 2664 3828 quem
2697 3764 2847 3830 pensi
2877 3765 3093 3832 habeas,
3127 3776 3179 3823 et
3200 3811 3214 3835 ,
3248 3787 3314 3826 no
3350 3772 3562 3843 longum
3592 3776 3666 3831 Itr

2082 3862 2239 3917 qnar,
2269 3849 2422 3918 cujus
2451 3852 2682 3907 amicitia
2716 3872 2819 3909 non
2848 3862 3108 3925 graveris.
3158 3860 3402 3930 Spectata
3433 3866 3561 3923 mihi
3589 3880 3671 3929 est

2083 3944 2135 3998 iu
2158 3960 2223 4000 eo
2250 3948 2402 4016 quies
2428 3950 2619 4017 animi,
2652 3951 2817 4009 officii
2845 3953 3136 4025 diligentia.
3188 3958 3357 4016 Nemo
3387 3962 3437 4016 in
3466 3968 3671 4021 amicos

2084 4037 2187 4093 fide
2219 4039 2381 4093 utitur
2428 4044 2775 4112 promptiore.
2826 4048 2950 4103 Hice
2993 4049 3063 4104 ita
3109 4064 3231 4107 esse
3257 4094 3273 4119 ,
3310 4055 3354 4109 si
3379 4058 3503 4126 quid
3538 4061 3668 4116 mihi

2082 4129 2293 4197 tribuis,
2323 4131 2477 4186 velim
2505 4135 2711 4190 credas.
2758 4138 2811 4193 Si
2844 4138 3012 4195 haeret
3049 4144 3289 4210 animus,
3322 4148 3507 4205 hortor
3539 4165 3667 4208 esa-

2081 4223 2273 4279 mines.
2305 4223 2451 4280 Vale.

2631 4300 2843 4357 EPIST.
2888 4301 3120 4360 LXXIV.

2358 4404 2667 4446 δνιιιιλιῖῐῐυε
2710 4408 2897 4448 Ασοιιιο
2933 4412 3149 4452 ΡΒᾸΞΤΕΧ
3159 4413 3319 4453 τΑτθ.

2155 4522 2245 4578 Est
2278 4523 2478 4592 aliquid
2512 4526 2562 4578 in
2591 4528 2824 4595 querelis
2852 4526 3145 4599 Fasgamia:
3177 4532 3296 4586 filiai
3325 4548 3493 4601 mete,
3524 4554 3663 4607 quod

2082 4616 2208 4669 mihi
2248 4631 2311 4670 ex
2348 4629 2473 4671 voto
2510 4616 2681 4672 fateor
2709 4620 2984 4675 accidisse.
3021 4623 3147 4677 Nam
3183 4627 3281 4680 nisi
3328 4626 3532 4683 futuras
3559 4632 3660 4687 sibi

2083 4706 2198 4760 usui
2233 4709 2435 4762 litteras
2484 4712 2853 4777 poposcisset,
2908 4712 2971 4764 ad
3020 4715 3358 4771 scribendum
3406 4720 3663 4775 defuisset

2078 4799 2312 4854 occasio.
2372 4799 2595 4854 Pra-liho
2644 4803 2803 4870 igitur
2848 4804 3221 4861 salutationem
3250 4848 3265 4872 ,
3316 4824 3435 4879 qua
3482 4827 3661 4867 meum

2077 4901 2280 4958 Spectat
2306 4890 2563 4945 ollicium.
2590 4894 2808 4960 lichqua
2838 4908 2961 4961 pars
2992 4897 3197 4964 pagina:
3224 4898 3289 4951 ad
3312 4914 3525 4957 causam
3554 4905 3660 4957 cla-

2078 4982 2303 5035 rissima:
2336 4985 2543 5035 femina:
2592 4985 2877 5051 pertinebit
2904 5028 2917 5048 ,
2962 5002 3080 5054 qua:
3129 4988 3227 5042 sibi
3259 4990 3328 5043 ab
3355 4992 3661 5048 hominibus

2083 5074 2184 5128 tuis
2213 5090 2258 5125 η·
2280 5076 2390 5127 scio
2422 5076 2545 5143 qud
2577 5093 2746 5145 :ugrorl
2773 5094 2821 5130 m
2854 5091 3092 5145 ereptum
3123 5080 3303 5135 deﬂet.
3346 5083 3402 5138 Id
3433 5102 3532 5155 ego
3560 5090 3659 5143 lori

2081 5175 2134 5216 ct
2165 5166 2335 5217 meriti
2386 5167 2457 5217 ttti
2490 5169 2735 5219 conscius
2763 5207 2775 5228 ,
2827 5171 3001 5221 St‘l‘VtIl
3035 5185 3164 5223 ansn
3196 5173 3333 5226 clam
3378 5184 3428 5226 te
3472 5178 3656 5244 opinor

2078 5256 2405 5321 admisinnt;
2455 5268 2611 5323 atque
2646 5257 2761 5310 ideo
2795 5260 2823 5309 li
2854 5260 2915 5311 ite
2948 5274 3077 5311 nteJe
3108 5265 3458 5319 com-ctionis
3486 5268 3625 5321 facili

2081 5357 2239 5401 latent
2275 5349 2535 5414 spepondi
2557 5390 2571 5411 ,
2600 5352 2642 5401 si
2676 5350 2737 5401 ad
2770 5362 2817 5402 te
2846 5349 3120 5405 familiaris
3149 5360 3461 5423 conquestio
3490 5376 3654 5428 genus

2080 5439 2286 5506 injuria:
2316 5442 2639 5507 pertulisset.
2674 5443 2867 5505 Qua-so
2917 5443 3075 5510 igitur
3125 5454 3393 5501 temerata:
3442 5465 3654 5518 possess

2075 5532 2240 5585 siouis
2286 5540 2478 5583 statum
2523 5532 2709 5597 jubeas
2740 5529 3038 5585 reformari.
3090 5533 3146 5587 Si
3171 5535 3296 5602 quid
3325 5547 3502 5593 autem
3529 5555 3651 5596 cnn-

2078 5621 2349 5677 Iroversia:
2376 5631 2457 5676 est
2483 5662 2496 5685 ,
2527 5623 2577 5675 in
2627 5622 2859 5690 pignoris
2900 5623 3065 5677 nostri
3110 5624 3384 5681 differatur
3415 5644 3652 5698 praesen-

2075 5716 2201 5767 tiam
2228 5754 2242 5777 ,
2272 5729 2390 5782 qua:
2419 5728 2601 5770 secura
2629 5712 2850 5783 justitite
2883 5722 2985 5771 tu:e
3017 5724 3223 5772 recusat
3252 5716 3387 5773 alios
3417 5723 3649 5792 cognito.

2076 5825 2180 5866 res.
2216 5808 2358 5865 Vale.
