4218 6450
295 345 397 403 I73

1530 345 2010 402 ΠηδῑιιιΑιιιίι
2059 345 2253 400 Lilillii
2301 366 2335 401 l.

3472 353 3569 408 ΓΗ

293 458 592 526 praesentiat.
633 467 739 514 tua:
771 461 946 532 imago
992 469 1232 516 versatur
1263 478 1273 510 ε
1308 472 1466 530 atque
1503 459 1622 515 ideo
1663 459 1874 512 ubcrin-
1910 467 1956 517 Α
1989 457 2073 518 bi,
2109 471 2336 524 quorum
2385 455 2616 512 Minerva
2650 461 2914 514 ranriilior
2947 473 3057 524 est.
3101 476 3208 516 non
3240 474 3465 533 negant,
3497 466 3570 518 la-

297 567 406 605 rvm
453 550 606 619 capio
644 552 1005 622 voluptatem,
1051 555 1190 622 quod
1239 563 1294 609 et
1339 561 1412 608 tut
1449 552 1640 617 ofllcii,
1673 563 1725 606 et
1774 553 1877 606 mei

297 641 470 695 meriti
501 642 674 696 sentio
702 643 882 714 vigere
913 655 1340 701 monumentum.
1363 645 1469 700 Sed
1502 653 1558 698 ιιι
1585 643 1882 714 promptior

295 739 440 788 circa
472 750 556 789 me
596 735 754 806 ltujus
784 737 1026 792 muneris
1051 737 1325 808 diligentia
1351 751 1688 809 perseveret,
1719 737 1879 791 etiam

297 825 410 894 ipse
449 840 633 881 curam
675 825 954 883 deferendi
993 829 1257 884 sermonis
1294 826 1531 900 arripui,
1575 827 1883 898 frequenter

297 923 571 985 expertus,
595 915 850 974 dilectum
881 919 1118 990 religiosi
1155 920 1320 976 animi
1359 919 1634 977 incentivo
1671 919 1879 976 vicissi-

299 1010 500 1064 tudinis
528 1011 834 1078 provocari.
863 1009 1020 1068 \‘ale.

835 1103 1048 1163 EPIST.
1083 1103 1341 1164 LXXXV.

778 1211 1091 1253 διηιιλοιιυε
1131 1213 1404 1255 ιιεειιειιιιι.

369 1287 607 1344 Tandem
635 1287 788 1345 bona:
810 1291 1133 1349 valetudinis
1153 1306 1396 1362 compos,
1424 1305 1546 1364 qua:
1573 1308 1603 1348 a
1637 1309 1723 1350 me
1747 1294 1885 1350 buc-

302 1394 468 1450 usque
509 1383 868 1450 disscnserat,
917 1397 1063 1440 nunc
1093 1393 1148 1441 te
1190 1383 1447 1442 societate
1489 1387 1886 1443 commoditatis

301 1473 572 1542 impertio,
617 1488 777 1543 quem
826 1477 1110 1546 praeterita
1157 1475 1536 1534 sollicitudinis
1567 1476 1881 1549 participem

303 1564 499 1622 habere
526 1566 688 1622 vitavi
717 1586 729 1620 ε
762 1566 862 1623 etsi
888 1570 999 1624 scio
1027 1581 1093 1626 ne
1118 1569 1214 1625 illo
1239 1568 1458 1641 quidem
1486 1579 1749 1641 tempore,
1777 1581 1886 1641 quo

299 1657 537 1712 cilicium
586 1672 764 1714 meum
815 1661 1035 1717 morbus
1083 1660 1395 1728 inhibebat,
1445 1657 1516 1716 ab
1580 1659 1886 1731 bujusiuodl

303 1765 522 1806 iuuuere
569 1762 950 1822 temperatum.
999 1752 1215 1820 Restat,
1258 1760 1319 1809 ut
1360 1750 1757 1810 observantiam
1807 1756 1887 1808 ri-

300 1843 612 1898 cissitudiue
660 1844 978 1900 munereris.
1012 1842 1090 1900 Ea
1133 1856 1364 1916 namque
1393 1858 1480 1902 res
1523 1854 1578 1900 et
1615 1854 1760 1902 luam
1789 1862 1884 1901 cu-
1919 1842 1962 1901 Β

303 1951 414 1990 ram
447 1937 714 2006 probabit.
743 1949 795 1994 cl
822 1937 1099 1994 refectioni
1129 1950 1265 1995 mea
1291 1935 1601 2010 adjuenta
1631 1939 1880 1996 sufiiciet.

307 2028 456 2085 Vale.

822 2101 1042 2158 EPIST.
1084 2099 1370 2158 LXXXVI.

783 2207 1092 2250 οιιιιιιςιιυσ
1129 2209 1407 2252 ιυριιιο.

373 2285 564 2341 Utrum
611 2286 894 2342 Mediolani
940 2290 1100 2342 etiam
1144 2303 1286 2343 nunc
1325 2289 1422 2344 tibi
1469 2289 1646 2359 posito
1693 2290 1883 2359 pagina

300 2387 397 2430 ista
446 2378 714 2433 reddenda
756 2381 857 2447 sit,
897 2379 950 2432 in
979 2380 1234 2450 ambiguo
1270 2381 1501 2435 colloco.
1538 2380 1755 2435 Peccari
1803 2392 1882 2433 ta-

299 2484 420 2522 ιιι-ιι
461 2471 513 2523 iu
561 2471 810 2525 amicitiai
849 2471 1007 2526 iidem
1052 2472 1292 2538 credidi,
1316 2473 1364 2527 ai
1396 2472 1589 2528 litteris
1621 2474 1726 2528 tuis
1768 2489 1884 2528 mu-

301 2569 448 2615 tuum
505 2562 764 2616 honorem
811 2562 1162 2620 destitissent.
1216 2563 1359 2619 Nihil
1412 2579 1545 2635 ergo
1601 2576 1884 2622 cunctatus

295 2653 540 2707 commisi
566 2657 780 2710 eventui
807 2655 1105 2712 solemnem
1133 2657 1270 2711 hanc
1291 2665 1347 2712 et
1368 2658 1668 2728 simplicem
1693 2658 1884 2714 dictio-

297 2759 419 2798 nem
459 2745 678 2810 salutis;
707 2761 828 2816 qua
865 2747 912 2802 si
950 2748 1005 2802 in
1040 2761 1234 2803 manus
1260 2751 1496 2812 venerit.
1527 2749 1634 2818 far,
1660 2764 1780 2815 oro.
1825 2758 1883 2803 ιιι

301 2837 615 2904 pervenisse
655 2837 862 2894 litteras
889 2852 1042 2896 meas
1075 2842 1350 2897 sermonis
1377 2842 1456 2897 tui
1498 2853 1746 2898 recursus
1792 2858 1882 2895 ot-

298 2930 503 2985 tcndat.
536 2928 685 2986 Vale.

805 3002 1019 3060 EPIST.
1064 3002 1373 3061 LXXXVII.

775 3110 1080 3153 ιηιιιαιυε
1124 3111 1401 3155 11885⁵88⁸0.

365 3186 788 3304 Ξ¹Ᾰ³ἱᾳῗ¹ὶῖἶὶἶῖἶ
833 3191 1876 3304 ἰῗῖῗθὲδῗεῗξνὶξ,ξ’,ίΐὲδνξιῖτῗὶςὶῗῑ
1906 3211 1954 3277 C
1984 3186 2102 3286 wn?
2121 3253 2157 3284 ι.
2198 3186 2380 3302 ιιυςιέε
2416 3186 2588 3304 λιδιίε
2631 3240 2827 3288 samum

297 3279 478 3332 luntas
521 3293 790 3348 nunquam
835 3279 1048 3336 deesset
1083 3280 1283 3338 cilicio.
1326 3283 1492 3354 ilujus
1532 3285 1609 3339 rei
1657 3283 1880 3341 evidens

295 3379 612 3441 certumque
638 3369 1018 3428 documentum
1041 3383 1154 3438 eat,
1185 3376 1326 3444 quod
1351 3375 1440 3431 ubi
1469 3378 1697 3446 primum
1723 3380 1878 3432 amici

295 3463 598 3520 communis
627 3462 730 3518 lida
761 3463 961 3521 aii'ulsit
993 3467 1231 3532 occasio,
1260 3467 1435 3524 libens
1464 3469 1732 3524 scribendi
1764 3485 1880 3524 mu-

294 3574 402 3615 nus
424 3560 650 3630 arripui.
673 3562 917 3620 Intellexi
941 3563 1084 3618 enim
1107 3564 1458 3634 incendimus
1481 3565 1576 3621 tibi
1601 3564 1716 3622 fore
1735 3568 1878 3622 litte-

293 3666 408 3721 ras,
433 3653 481 3708 si
507 3653 607 3708 bas
631 3653 725 3710 tibi
754 3653 1070 3711 familiarior
1090 3657 1396 3712 tabellarius
1419 3658 1766 3724 reddidisset;
1789 3660 1877 3730 qui

291 3758 405 3800 non
430 3746 608 3800 solum
633 3747 915 3817 epistolam
934 3789 952 3815 ,
983 3748 1077 3805 sed
1105 3748 1520 3804 insinuationem
1548 3765 1764 3820 quoque
1784 3765 1878 3806 ae-

291 3846 447 3898 tuum
474 3854 718 3895 meorum
739 3839 970 3896 lideliter
983 3839 1282 3896 exhibebit.
1310 3840 1457 3897 Vale.

804 3973 1016 4030 EPIST.
1062 3972 1393 4030 LXXXVIII.

777 4079 1083 4122 SUIIACIIUS
1122 4083 1266 4120 Ilf‘i'“
1289 4083 1391 4120 810-

367 4160 646 4227 Itonquam
690 4159 744 4212 in
792 4174 879 4214 me
920 4172 1166 4229 parcam,
1209 4163 1333 4228 quo
1379 4166 1472 4214 tuo
1514 4160 1694 4215 animo
1721 4160 1877 4217 obse-

288 4268 451 4320 quar.
481 4251 614 4306 Novi
653 4267 811 4322 quam
855 4253 930 4306 sis
973 4252 1241 4308 sermonis
1277 4250 1384 4306 mei
1439 4261 1714 4322 exoptans.
1749 4250 1880 4307 Pru-

290 4361 482 4415 pterea
514 4347 725 4402 decrevi
752 4363 873 4401 cum
903 4346 1082 4400 animo
1122 4345 1252 4402 niliil
1305 4347 1654 4417 supersedere
1687 4347 1878 4402 litteris

289 4438 656 4504 porrigendis,
691 4454 789 4493 nec
818 4448 1136 4508 exspectare
1167 4438 1620 4505 vicis-iludinem,
1651 4454 1718 4494 ne
1745 4441 1880 4494 scri-

289 4531 459 4586 bendi
489 4531 688 4585 tardior
717 4531 862 4586 liam.
885 4530 993 4588 Sed
1023 4540 1081 4585 ut
1111 4529 1224 4600 ipse
1251 4535 1448 4599 metui,
1477 4548 1545 4588 ne
1574 4532 1702 4588 mihi
1739 4533 1876 4589 foret

1983 551 2229 604 cundiam
2261 560 2407 605 tuam
2447 552 2612 607 curia:
2645 557 2811 623 magis
2856 570 3015 626 quam
3050 570 3227 611 eavea:
3256 559 3563 618 convenire.

1987 641 2053 695 At
2078 640 2186 706 illi,
2215 655 2349 712 quos
2376 643 2673 700 cothurnus
2703 645 2863 700 altior
2891 647 3068 716 rebit,
3099 659 3154 702 et
3176 655 3567 703 Structurarum

1985 747 2227 805 pegmata
2257 737 2564 802 delectant,
2593 754 2766 810 neque
2795 741 3003 796 tristem
3025 741 3370 807 soliditatem,
3395 757 3569 814 neque

1985 825 2244 884 lascivum
2283 827 2521 898 leporem
2564 844 2799 886 consona
2848 831 3003 888 laude
3049 833 3408 891 celebrarunt.
3443 835 3568 893 liae

1985 931 2107 973 sunt
2138 919 2284 975 enim
2312 921 2653 978 condimenta
2683 925 2795 978 oris
2825 934 2876 979 cl
2905 926 3138 996 pectoris
3162 928 3268 994 tni,
3296 929 3441 998 quod
3468 942 3567 986 nee

1984 1011 2246 1081 gravitate
2274 1011 2487 1083 horres,
2510 1029 2610 1072 nee
2632 1025 2912 1073 venustate
2942 1018 3206 1083 luxurias;
3237 1017 3331 1076 sed
3359 1021 3564 1078 ratione

1989 1103 2127 1157 tixus
2177 1115 2242 1160 ac
2278 1099 2486 1160 stabilis
2528 1119 2818 1176 germanus
2861 1109 3074 1164 colores
3120 1108 3278 1166 rebus
3321 1110 3563 1167 abducis.

1989 1195 2122 1252 Nolo
2147 1199 2310 1267 igitur
2335 1209 2614 1270 exspectes
2637 1200 2895 1269 iudicium
2928 1217 3103 1257 meum
3121 1247 3134 1271 ,
3170 1217 3237 1258 ne
3264 1215 3449 1261 amore
3474 1205 3568 1261 de.

1988 1288 2246 1360 linquam.
2271 1290 2406 1358 Quid
2432 1291 2579 1346 varia
2612 1291 2820 1362 ingenia
2842 1295 3138 1360 senserint,
3167 1309 3254 1350 res
3280 1294 3564 1352 inzimavit.

1992 1380 2112 1435 Fuit
2135 1382 2276 1436 enim
2301 1382 2352 1436 in
2375 1382 2461 1437 illa
2485 1387 2719 1453 ratione,
2743 1385 2883 1452 quod
2910 1386 3276 1457 unusquisque
3297 1386 3566 1457 diligeret,

1989 1478 2042 1526 et
2074 1485 2172 1540 pro
2202 1471 2399 1542 ingenii
2430 1473 2513 1530 sui
2543 1473 2797 1545 qualitate
2827 1476 3089 1532 laudaret.
3121 1476 3298 1545 Quare
3339 1488 3568 1548 sequere

1987 1571 2161 1634 empta
2189 1564 2395 1633 leiieia,
2423 1572 2480 1622 et
2515 1575 2568 1622 te
2593 1567 2647 1623 lu
2686 1566 2938 1623 omnibus
2979 1568 3255 1625 mutare.
3298 1567 3462 1625 Nobis
3501 1571 3567 1626 ad

1989 1657 2358 1712 testimonium
2386 1655 2664 1728 religionis
2687 1661 2820 1716 satis
2840 1669 2926 1717 est
2966 1671 3074 1716 non
3101 1660 3313 1718 si'n‘sse
3353 1669 3566 1719 sentcn-

1989 1751 2113 1803 tiam
2146 1761 2486 1806 ceterorum.
2511 1749 2662 1807 Vale.

2598 1841 2810 1898 EPIST.
2854 1840 2964 1898 XC.

2471 1947 2776 1988 διιιιλοιιυε
2805 1949 3057 1989 ANTONIO.

2061 2022 2174 2077 Etsi
2202 2034 2386 2079 amore
2417 2025 2744 2096 prterenior,
2775 2039 2842 2082 ne
2871 2027 2970 2082 sim
3001 2029 3144 2084 circa
3181 2035 3235 2083 te
3271 2039 3466 2085 avarus
3488 2032 3570 2087 ol-

1989 2113 2123 2179 lieii;
2157 2127 2298 2172 nunc
2327 2124 2507 2172 tamen
2550 2117 2834 2187 libentius,
2863 2131 3025 2189 quam
3062 2132 3209 2191 sal-pe
3233 2121 3401 2189 alias,
3437 2126 3567 2179 scri-

1986 2204 2147 2263 bendi
2203 2221 2399 2264 munus
2457 2208 2664 2265 insisto.
2723 2209 2933 2277 Primo,
2987 2213 3128 2284 quod
3185 2214 3353 2270 abitio
3389 2217 3571 2275 fratris

1987 2300 2156 2356 nostri
2186 2299 2360 2367 alarii,
2397 2301 2626 2373 quodam
2655 2303 2850 2360 viatico
2877 2316 3064 2360 carere
3087 2317 3194 2360 non
3221 2306 3423 2363 debuit.
3461 2311 3568 2366 De-

1987 2392 2146 2462 hinc,
2191 2395 2334 2465 quod
2391 2392 2599 2452 litteras
2645 2407 2792 2452 meas
2842 2398 3023 2474 putavi
3075 2399 3376 2468 plusculum
3422 2411 3573 2456 com-

1987 2485 2345 2544 mendationis
2367 2487 2661 2555 habituras,
2689 2487 2736 2544 si
2770 2489 2862 2545 tibi
2893 2502 2989 2560 per
3017 2501 3140 2546 cum
3157 2530 3172 2558 ,
3201 2505 3360 2562 quem
3387 2504 3570 2551 sancto

1984 2581 2145 2649 atque
2181 2578 2381 2637 cflilcte
2408 2578 2609 2652 diligis,
2655 2580 3026 2639 redderentur.
3057 2584 3139 2640 Fit
3163 2581 3308 2642 enim
3339 2589 3569 2655 plerum-

1985 2685 2109 2744 que,
2142 2683 2198 2729 ut
2241 2671 2374 2732 levia
2419 2689 2596 2732 rerum
2644 2677 2873 2748 portitor
2901 2677 3124 2734 festivus
3161 2691 3404 2735 exornet.
3453 2681 3569 2738 Alia

1984 2781 2197 2838 quoque
2224 2768 2292 2823 de
2338 2780 2497 2825 causa
2539 2769 2702 2826 studii
2747 2771 2852 2826 mei
2892 2769 3054 2827 ardor
3096 2771 3568 2846 incanduit;un

1987 2866 2160 2913 terum
2188 2871 2354 2926 super
2387 2855 2507 2916 talis
2531 2861 2632 2915 viri
2661 2858 2814 2916 laude
2845 2862 3022 2932 putavi
3053 2865 3451 2934 gratulandum,
3480 2869 3569 2936 qui

1985 2964 2016 3004 e
2045 2952 2318 3020 provincia
2348 2950 2654 3008 suburbana
2686 2961 2894 3009 tantum
2925 2965 3167 3026 reportat
3206 2951 3402 3028 publici
3431 2959 3554 3015 deai

1983 3043 2150 3112 derii,
2192 3054 2446 3115 quantum
2495 3046 2714 3117 reliquit
2756 3049 3007 3117 exempli.
3056 3049 3167 3104 Non
3195 3050 3373 3130 dicam
3409 3049 3560 3116 dolo,

1987 3147 2042 3192 ut
2073 3148 2196 3207 pote
2221 3136 2573 3209 subpalpaudi
2606 3140 2836 3196 nescius.
2871 3139 3022 3213 Viget
3067 3141 3120 3197 in
3164 3158 3232 3199 eo
3274 3160 3406 3200 vena
3455 3143 3565 3200 fra-

2854 3246 2969 3299 est,
3008 3247 3065 3290 ιιι
3109 3236 3408 3292 discessum
3450 3244 3568 3309 ejus

1985 3327 2328 3397 impatienter
2376 3327 2629 3395 feramus,
2658 3331 2747 3400 qui
2779 3328 2831 3386 in
2862 3346 2967 3385 uno
2993 3331 3096 3386 tum
3131 3332 3445 3389 videbamur
3463 3345 3567 3391 am-

1984 3417 2173 3474 bobus.
2203 3416 2406 3476 Vereor
2431 3421 2700 3492 protelare
2729 3424 3094 3478 testimonium
3120 3438 3320 3489 meum.
3353 3438 3423 3481 ne
3456 3439 3567 3481 tua-

1981 3509 2064 3580 gis
2092 3509 2237 3565 laudi
2265 3507 2383 3580 eius
2411 3509 2703 3568 obsecutus
2743 3509 2969 3583 iudicer,
3000 3525 3158 3584 quam
3192 3511 3398 3585 pudcri.
3435 3511 3565 3574 Natu

1985 3612 2211 3669 quorum
2267 3617 2418 3658 mens
2461 3605 2683 3659 honesta
2716 3611 2832 3664 est.
2875 3617 3060 3660 eorum
3109 3603 3371 3661 imbecila
3420 3608 3568 3663 frons

1981 3697 2084 3746 est.
2114 3689 2193 3746 Tu
2223 3694 2290 3748 dc
2316 3694 2497 3764 paucis
2521 3695 2730 3764 conjlce
2765 3692 2936 3766 plura,
2969 3711 3086 3766 quae
3115 3708 3254 3753 nunc
3291 3693 3565 3756 Insinuare

1985 3799 2090 3839 non
2112 3783 2320 3852 decuit,
2347 3786 2442 3842 sed
2471 3799 2569 3857 per
2592 3787 2753 3842 alium
2777 3785 3010 3844 scribere
3037 3801 3141 3845 non
3171 3791 3385 3864 pigebit.
3415 3790 3561 3848 Vale.

2583 3875 2800 3934 EPIST.
2845 3879 2979 3934 XCI.

2484 3985 2786 4028 'eYIIIACllUS
2821 3985 3060 4028 Ακτοιιιο.

2056 4063 2262 4117 Dudum
2295 4073 2368 4125 te.
2403 4063 2474 4118 ml
2514 4063 2695 4124 frati-r.
2730 4064 2945 4120 silentio
2986 4065 3264 4137 indulgere
3311 4069 3560 4126 mirabar.

1985 4153 2058 4209 Ea
2081 4170 2166 4208 res
2195 4153 2464 4223 impendio
2491 4155 2716 4226 augebat
2737 4159 2997 4222 dolorem,
3023 4159 3166 4229 quod
3202 4161 3316 4229 ipso
3344 4165 3563 4218 ttiiuitnu

1982 4248 2252 4304 scribendi
2279 4249 2671 4305 observantiam
2709 4251 3058 4322 negligebam.
3086 4253 3254 4308 Simul
3286 4263 3447 4323 atque
3477 4272 3563 4307 ac.-

1982 4343 2097 4410 cepi
2123 4342 2330 4398 litteras
2369 4351 2503 4408 luas,
2545 4343 2778 4396 animum
2813 4343 2972 4398 subiit
3007 4343 3207 4408 Imlitia,
3233 4348 3445 4413 querela
3468 4348 3563 4400 tle-

1981 4433 2171 4491 seruit.
2211 4432 2455 4488 Amicitia
2478 4433 2618 4488 enim
2649 4436 2754 4489 cito
2781 4443 3000 4489 sanatur
3028 4435 3224 4491 officio.
3253 4436 3331 4491 Tu
3353 4453 3564 4508 qumpui

1983 4524 2054 4578 ita
2084 4525 2326 4594 paginam
2357 4523 2876 4580 melleeruditissimi
2895 4529 3004 4579 oris
3023 4526 3320 4594 obleveras,
3348 4537 3560 4599 utque-

284 4622 516 4692 Ilagitio,
540 4622 583 4676 si
617 4631 879 4688 tacerem;
901 4622 978 4676 sic
1011 4622 1168 4676 relitn
1201 4632 1254 4676 tu
1283 4638 1495 4689 caveas,
1526 4623 1739 4693 culpam
1768 4623 1877 4679 dis-
1904 4600 1956 4660 D
1984 4616 2111 4671 libet
2145 4617 2346 4671 oll'ensa
2395 4626 2644 4687 tanquam
2697 4615 2914 4671 Letltmo
2967 4620 3157 4688 poculo
3208 4633 3558 4691 mergeretur.

284 4713 560 4767 simulata!
585 4712 956 4767 familiaritatis
980 4714 1290 4768 accendere.
1317 4715 1466 4782 Quod
1492 4725 1541 4767 te
1562 4727 1872 4769 curaturum

286 4807 497 4876 liquido
523 4806 690 4859 babvo
723 4814 1087 4874 compertum;
1115 4805 1236 4874 quia
1268 4822 1370 4860 non
1399 4805 1575 4860 utinus
1607 4806 1872 4876 ingenium

283 4907 442 4950 tuum
466 4912 622 4963 quam
648 4904 894 4949 llit‘i'nltlllt
919 4910 1095 4949 meum
1119 4894 1379 4965 cogitans,
1406 4909 1613 4966 nequeo
1636 4895 1708 4950 tui
1726 4910 1871 4950 amo-

285 4988 363 5040 tis
388 5003 512 5041 esse
541 4988 807 5040 tlil'lidt‘ns.

813 5073 1027 5132 EI’IS'I‘.
1070 5075 1353 5130 LXXXIX.

790 5182 1095 5221 δικιιιειιιῑε
1132 5181 1376 5220 ANTONIO.

362 5260 481 5314 Non
516 5258 787 5327 incognito
815 5258 1028 5327 quidem
1059 5258 1214 5312 IIOIIIS
1243 5258 1435 5327 eloquii
1466 5258 1751 5327 splendore
1791 5261 1868 5311 ni.

285 5355 470 5415 tuisti;
500 5351 592 5406 sed
627 5356 829 5420 magnis
859 5351 1020 5406 rebus
1050 5350 1482 5416 accommodata,
1511 5361 1564 5405 ct
1594 5353 1869 5420 majestate

285 5451 475 5517 scripti
512 5457 712 5518 aptata,
742 5447 1000 5518 gloriam,
1030 5463 1188 5516 quam
1220 5447 1526 5518 magisterio
1565 5459 1689 5500 ante
1718 5462 1867 5517 quaa-

283 5543 436 5604 sisli.
472 5559 658 5595 recens
689 5543 834 5594 ausit
860 5542 1051 5593 oratio.
1085 5540 1214 5593 Nam
1249 5548 1443 5609 prmter
1468 5539 1716 5608 loquendi
1742 5542 1871 5608 plta-

286 5636 450 5698 leras,
480 5633 674 5703 quibus
709 5641 759 5687 te
785 5643 973 5687 natura
995 5631 1210 5694 dilatat,
1243 5633 1416 5686 simile
1449 5630 1721 5701 quiddam,
1755 5632 1870 5701 pla-

283 5746 460 5800 neque
503 5727 835 5784 couveniena
878 5727 1094 5782 auribus
1140 5736 1381 5797 patrum,
1436 5724 1696 5794 gravitate
1744 5740 1868 5780 scu-

282 5841 470 5884 sntnu.
499 5823 781 5880 verborum
811 5822 1132 5888 proprietate
1162 5822 1408 5876 sonuisti.
1439 5819 1674 5888 Denique
1699 5821 1860 5876 etiam

1980 4708 2147 4762 Versu
2165 4708 2322 4780 igitur
2344 4710 2484 4780 siylo
2506 4707 2729 4779 gratiam
2757 4709 2946 4775 fateor,
2972 4711 3060 4780 qui
3085 4713 3423 4779 expostulare
3446 4728 3559 4768 tne-

1976 4800 2205 4868 ditabar,
2255 4800 2511 4871 adjicietts
2551 4801 2896 4870 pos'ulalttm,
2933 4819 2999 4856 ne
3041 4819 3269 4872 unquam
3308 4819 3558 4875 supersc-

1976 4894 2104 4948 dere
2127 4892 2320 4948 litteris
2346 4907 2674 4961 perseveres.
2711 4893 2860 4958 Quod
2892 4894 2934 4945 si
2966 4895 3247 4948 scribenda
3271 4896 3558 4963 defuerint,

1980 4987 2106 5040 mibi
2132 5003 2157 5040 s
2196 4987 2265 5040 tis
2291 4987 2411 5053 erit,
2437 4995 2494 5039 ut
2524 4985 2615 5039 tibi
2646 4987 2882 5052 gratuler
2905 4988 3194 5055 sospitatis.
3232 4988 3381 5042 Vale.

2555 5076 2767 5132 FPiST.
2821 5077 2972 5132 XCII.

2470 5185 2767 5224 §\'.\l.\l.\Clll.'S
2801 5185 3046 5223 ANTONIO.

2051 5265 2210 5318 Dulce
2237 5274 2504 5318 certaizou
2533 5278 2608 5317 (εει
2640 5263 2796 5315 olticii
2823 5280 2834 5315 :
2859 5271 2911 5314 et
2944 5263 3062 5316 ideo
3084 5263 3203 5331 jure
3229 5264 3386 5317 ambo
3412 5280 3470 5319 ea
3485 5268 3557 5319 ti~

1979 5371 2116 5419 tnus,
2155 5373 2221 5409 ne
2252 5356 2472 5410 alternis
2514 5372 2540 5407 ι·
2570 5369 2868 5408 meremur.
2915 5354 3163 5407 Gratulor
3201 5369 3357 5425 igitur
3403 5371 3558 5425 lares

1980 5461 2075 5502 nos
2097 5462 2232 5507 esse.
2274 5461 2376 5499 non
2419 5447 2591 5499 >0Iltlil
2632 5444 2912 5499 :tllct'lionc
2958 5450 3234 5510 tuentium,
3273 5449 3363 5501 sed
3394 5449 3554 5502 etiam

1981 5539 2344 5594 vicissitudine
2385 5539 2702 5592 litterarum.
2740 5537 2947 5591 Curabo
2981 5545 3155 5590 tamen
3203 5539 3444 5608 posthac,
3499 5552 3550 5593 ut

1972 5632 2214 5703 obsequii
2244 5631 2350 5688 mei
2377 5633 2600 5696 trutina,
2628 5637 2684 5686 et
2704 5630 2835 5685 libra
2866 5631 3255 5699 praeponderet,
3281 5647 3349 5686 ne
3376 5635 3545 5686 Videa-

1973 5735 2055 5777 Illf‘
2105 5721 2306 5778 inertia
2353 5723 2619 5794 quoddam
2657 5738 2776 5778 esse

1970 5818 2121 5872 lance
2141 5816 2370 5874 censeri.
2405 5814 2586 5886 Itaque
2625 5815 2854 5870 scribant
2881 5815 3100 5882 sccpius.
3137 5813 3294 5868 modo
3330 5814 3354 5870 I
3369 5817 3550 5871 lenitur

2865 5721 3122 5786 Illudium,
3158 5736 3371 5791 semper
3403 5741 3549 5794 :I'qttu
