4218 6458
380 306 488 363 177

1614 303 2096 364 EPISTULARUM
2139 305 2339 363 LIBER
2383 308 2442 363 ll.
3574 307 3674 366 I78

380 423 517 477 mibi
546 438 610 478 ex
633 421 950 493 a'gritudiue
969 431 1054 478 tua
1085 422 1270 479 oborta
1295 432 1399 490 est,
1425 424 1768 493 prosperiore
1793 424 1980 478 nuntio
2012 423 2053 480 Λ
2089 421 2299 478 videtur
2333 439 2450 480 esse
2480 425 2736 481 de'attnn.
2790 427 2894 483 Nos
2925 431 3011 498 qui
3056 431 3352 484 (0tt5ttlaltti
3392 439 3481 482 tuo
3528 429 3671 480 varia

381 518 457 569 uit
482 514 518 570 il
541 524 780 570 moratus
803 514 1093 570 exemeris.
1127 513 1281 569 Vale.

1011 605 1231 660 EPIST.
1269 607 1358 661 CI.

885 711 1193 752 ιυηιΑειιυς
1234 711 1473 754 SYAGRIO.

464 790 652 858 Video,
697 790 888 846 consul
945 789 1303 859 amplissime,
1346 799 1605 860 quantum
1661 790 1786 843 milii
1829 807 1979 843 arnor

385 897 516 940 tuus
546 884 770 939 honoris
798 882 1061 950 imponat.
1095 881 1259 937 Iubes
1291 890 1342 936 te
1364 882 1582 949 adeam,
1606 893 1662 937 et
1686 897 1868 936 eotam
1896 882 1980 935 de-

384 978 540 1033 frnar
559 977 906 1049 magistratus
935 975 1010 1029 tui
1033 973 1249 1045 gaudio.
1284 973 1400 1042 Quo
1423 986 1580 1043 pacto
1610 975 1750 1029 istud
1783 980 1978 1041 possint

387 1087 612 1144 negare,
640 1071 743 1127 nisi
769 1085 829 1124 ea
858 1070 1116 1138 religione
1146 1068 1436 1140 iguoveris,
1470 1084 1572 1138 qua
1592 1070 1828 1124 vorasti?
1850 1070 1980 1122 Nam

386 1161 518 1232 quid
538 1175 694 1233 agam
726 1159 952 1215 fortuna:
971 1160 1186 1227 dubius,
1210 1175 1331 1216 eum
1359 1162 1480 1215 hinc
1502 1159 1680 1217 invcte
1711 1174 1801 1215 ato
1827 1162 1983 1213 Obse-

385 1255 519 1320 quio
539 1252 779 1317 honoris,
807 1252 931 1308 hinc
957 1255 1098 1307 luctu
1125 1252 1308 1305 amissi
1334 1252 1511 1306 fratris
1532 1251 1830 1320 impediar?
1855 1251 1981 1306 Duo:

387 1344 521 1400 mihi
563 1344 721 1401 simul
760 1345 1004 1412 dispares
1052 1357 1297 1411 persona:
1341 1342 1658 1398 offeruntur.
1712 1344 1811 1409 Qui
1866 1343 1979 1397 fieri

389 1453 425 1508 p
449 1448 589 1504 ~test,
609 1450 664 1492 ut
691 1452 754 1493 os
776 1453 941 1491 unum
965 1437 1251 1490 contrariis
1275 1435 1449 1490 .-ll'eeti
1489 1437 1648 1490 nibus
1671 1435 1982 1490 induant-is?

389 1533 625 1588 I’roinilc
653 1532 815 1587 animi
853 1545 1040 1601 (equus
1077 1530 1240 1598 lmjus
1269 1532 1453 1584 oneris
1502 1530 1662 1585 facito
1701 1530 1827 1584 milii
1856 1546 1979 1601 gra-

389 1627 543 1679 tiam.
580 1624 858 1682 Fertnnati
892 1623 1078 1678 sellam
1111 1632 1255 1678 tuam
1279 1623 1403 1678 Imto
1422 1623 1634 1693 agmine
1656 1636 1983 1692 prosequim-

387 1729 499 1775 tur.
531 1718 802 1788 Aaspiciis
834 1717 939 1772 tuis
967 1717 1141 1786 quivis
1163 1715 1256 1772 fati
1281 1717 1489 1786 integer
1516 1716 1721 1772 amicus
1752 1719 1980 1770 intersit.

2085 523 2437 589 occupatione
2460 523 2749 588 defuimus,
2773 527 3018 579 amicitia?
3047 531 3245 581 honore
3269 527 3440 580 affecti
3467 541 3668 589 sumus,

2087 627 2192 664 non
2238 613 2486 668 mercede
2527 615 2849 681 prmscntige.
2895 615 3008 685 Ago
3062 619 3218 687 igitur
3273 618 3363 671 tibi
3404 616 3670 669 oblatione

2083 705 2349 758 consulari
2383 707 2583 775 gratia»~
2613 707 2824 772 uberes,
2870 710 2962 762 sed
3013 710 3146 762 bona
3193 724 3372 764 metue
3418 710 3666 777 majores.

2090 793 2154 848 ῐίι
2186 794 2286 848 nisi
2317 797 2640 851 veremtttdia
2680 811 2763 852 tua
2793 801 2968 853 verbis
3003 804 3131 853 meis
3162 813 3384 868 poneret
3431 803 3668 860 modum,

2087 887 2243 940 latius
2282 904 2559 958 evagarer.
2607 892 2781 960 Atque
2831 893 2951 947 ideo
3001 908 3180 948 Sermo
3221 897 3429 949 utet-im
3483 911 3670 963 parcus

2085 979 2207 1044 etil,
2241 983 2498 1036 memoria
2536 998 2662 1037 vero
2691 984 2966 1051 prolixior.
3005 985 3150 1038 Vale.

2687 1075 2900 1129 EPIST.
2939 1077 3065 1129 t‘IV.

2584 1184 2895 1225 εςλιωλειηιδ
2937 1186 3174 1225 δγωιιιο.

2155 1257 2283 1314 Ture
2314 1261 2528 1329 quidem
2555 1262 2770 1315 virtutis
2798 1272 2905 1324 est,
2941 1278 3126 1316 omnes
3165 1265 3251 1333 qui
3291 1263 3540 1316 Palatinis
3578 1264 3668 1315 sti-

2087 1351 2293 1419 pendiis
2324 1351 2648 1418 eniteseunt,
2684 1352 2874 1420 juvare
2910 1355 3185 1424 prmsid’o.
3230 1356 3333 1410 Sed
3370 1357 3615 1420 speriulis
3643 1372 3668 1404 a

2087 1458 2171 1498 me
2201 1444 2317 1498 viro
2342 1446 2545 1514 optimo
2570 1445 2813 1500 Romano
2844 1461 2971 1500 cura
3003 1448 3246 1508 debetur.
3281 1449 3525 1499 amicitur
3549 1463 3670 1512 gra-

2086 1537 2180 1601 tia,
2222 1553 2340 1605 quae
2383 1539 2522 1592 inter
2562 1553 2659 1592 nos
2702 1539 2860 1607 longa
2909 1539 3138 1592 adolevit
3190 1550 3365 1592 aetate.
3407 1541 3583 1605 Quare
3631 1539 3674 1588 si

2086 1631 2214 1701 qttid
2255 1634 2562 1688 testimon'o
2595 1647 2714 1687 tneo
2759 1633 2971 1697 tribuis,
3017 1635 3140 1686 nolo
3179 1632 3411 1696 dubites,
3456 1634 3672 1699 ιιιμηιιιη

2087 1738 2229 1790 esse,
2260 1740 2419 1792 quem
2448 1723 2654 1793 diligas.
2685 1736 2740 1780 et
2769 1741 2923 1794 quem
2955 1727 3207 1780 maximis
3246 1726 3435 1779 oflieiis‘
3486 1741 3676 1780 mune-

389 1814 474 1869 Me
497 1812 659 1867 sinito
683 1808 897 1867 interim
919 1819 1159 1880 tempore
1182 1819 1274 1863 aut
1300 1810 1510 1865 ratione
1535 1807 1840 1877 decoquere
1861 1825 1980 1865 crn-

2087 1829 2193 1871 res.
2219 1815 2380 1871 Certe
2410 1817 2455 1869 si
2482 1831 2708 1872 examen
2732 1817 2799 1872 de
2821 1833 2886 1871 eo
2911 1816 3109 1873 habere
3139 1817 3401 1886 digneris;
3443 1835 3674 1883 pronun-

389 1907 519 1958 d-tnt
550 1904 652 1958 dol-
679 1919 816 1958 rem.
846 1903 1008 1969 Quid,
1053 1901 1196 1970 quod
1239 1901 1401 1956 etiam
1456 1913 1707 1971 parentes
1755 1903 1882 1956 milii
1924 1903 1976 1956 in

390 1997 664 2051 communi
693 2009 928 2051 mrerore
957 1995 1168 2049 solandi
1196 1996 1356 2049 sunt?
1381 2009 1610 2065 quorum
1629 2010 1870 2049 mriotnna
1891 2011 1982 2064 ge-

391 2091 702 2154 tninabitnr,
723 2089 768 2144 si
791 2088 893 2142 illis
913 2095 1019 2141 tam
1047 2087 1344 2143 immatura:
1376 2088 1819 2158 peregrinationis
1851 2102 1983 2142 mea:

390 2195 520 2234 rura
551 2179 823 2249 jungatur.
856 2177 985 2234 Esto
1001 2179 1160 2250 igitur
1185 2187 1464 2247 promptus
1482 2179 1549 2234 ad
1577 2179 1806 2233 veniam.
1827 2180 1983 2234 Certe

392 2273 437 2326 si
481 2282 635 2342 putas
671 2271 1024 2342 arguentium,
1064 2271 1203 2341 quod
1243 2270 1504 2337 desimus,
1559 2273 1788 2327 fortunae
1848 2287 1980 2328 mea:

395 2365 576 2433 potius
605 2365 859 2418 irascere.
893 2363 987 2418 Illa
1031 2363 1217 2433 injecit
1253 2379 1490 2429 manum,
1534 2365 1620 2418 illa
1652 2366 1875 2419 invitum
1907 2379 1984 2420 re-

395 2457 582 2510 traxit.
611 2456 688 2510 Ita
714 2454 809 2510 tibi
838 2469 944 2510 non
977 2455 1320 2522 persuadeat,
1349 2465 1406 2510 ut
1433 2465 1516 2511 est
1540 2457 1728 2512 eadem
1753 2457 1848 2511 dea
1888 2458 1984 2510 im-

397 2556 612 2615 potens,
643 2561 731 2602 me
753 2545 988 2600 uoluisse
1018 2544 1306 2616 prolicisci.
1338 2545 1485 2602 Vale.

1016 2658 1237 2716 EPIST.
1276 2659 1385 2716 CII.

891 2765 1195 2808 εγιωιωιυε
1243 2768 1486 2810 εἵλοιιιο.

469 2841 756 2898 mediolani
787 2853 839 2898 te
864 2857 1024 2912 agere
1047 2855 1172 2900 ante
1202 2844 1408 2900 litteras
1439 2856 1557 2901 tuas
1590 2848 1725 2900 fama
1753 2849 1986 2917 pertule-

401 2946 506 3000 rat,
553 2949 673 3005 qua
711 2934 844 2989 nihil
884 2935 1115 3005 ignorari
1154 2933 1225 2992 de
1260 2937 1564 3006 con-pictus
1598 2938 1721 2993 viris
1767 2939 1982 3008 patitur.

396 3026 502 3082 Sed
530 3025 656 3097 quid
689 3027 834 3096 juvat
862 3024 1255 3094 desiderantes,
1285 3030 1424 3094 quod
1466 3040 1748 3096 jervectus
1779 3030 1830 3084 itt
1862 3046 1985 3100 pro-

399 3120 544 3173 xima
576 3118 730 3174 nobis
757 3119 1003 3188 negaris?
1033 3118 1262 3190 {Equius
1293 3120 1527 3176 ferebam
1553 3123 1890 3193 longinquam
1908 3124 1979 3178 tui

2077 1908 2247 1963 .tiabis
2296 1909 2432 1965 meis
2464 1909 2664 1964 Iitter's
2693 1909 2948 1976 defui-se,
2979 1926 3096 1980 qua:
3120 1911 3173 1966 iu
3201 1910 3346 1966 illius
3375 1911 3579 1965 meritis
3599 1911 3672 1965 in-

2087 2002 2271 2054 veitios
2300 2001 2619 2056 redundare.
2654 2001 2800 2056 Vale.

2697 2091 2910 2147 EPIST.
2952 2093 3058 2147 CV.

2603 2200 2914 2240 SVIHIACIIUS
2937 2199 3173 2241 ςγΑςιηο.

2158 2277 2232 2332 Ne
2259 2277 2491 2331 otiosum
2527 2277 2740 2347 penitus
2765 2276 3062 2341 arbitreris,
3089 2277 3371 2330 committo
3396 2277 3680 2331 eruditioni

2091 2379 2192 2423 tuae
2214 2365 2513 2437 vigiliarum
2560 2382 2799 2422 mearum
2842 2377 3031 2422 testem
3079 2368 3335 2431 libellum,
3368 2383 3477 2437 quo
3513 2383 3680 2435 nuper

2088 2461 2140 2515 itt
2170 2468 2358 2513 senatu
2396 2460 2584 2512 sustuli
2614 2459 2816 2513 civium
2835 2459 3070 2514 secunda
3099 2458 3368 2528 suffragia.
3399 2459 3555 2512 Vides
3578 2475 3682 2525 quo

2089 2551 2400 2623 prajudicio
2427 2562 2759 2606 antevertam
2788 2553 3086 2621 gravissimi
3111 2552 3370 2605 examinis
3403 2553 3476 2603 tui
3526 2565 3679 2603 seve-

2089 2647 2323 2701 ritatem.
2353 2643 2468 2699 Non
2509 2646 2630 2715 διγί
2666 2647 2767 2698 mei
2801 2648 3046 2698 meritum
3081 2643 3372 2712 prmteudo,
3404 2644 3496 2697 sed
3534 2644 3680 2696 ordi-

2087 2740 2172 2796 nis
2211 2738 2527 2807 judicatnm.
2555 2740 2870 2794 Communis
2924 2738 3053 2793 milti
3094 2746 3149 2794 et
3186 2736 3498 2791 auctoribus
3548 2734 3684 2791 meis

2087 2844 2246 2885 causa
2271 2840 2376 2885 est.
2403 2829 2589 2886 Scient
2624 2844 2835 2896 omnes,
2868 2840 2958 2882 aut
2997 2844 3316 2883 consensum
3363 2836 3470 2882 tua:
3502 2826 3569 2880 de
3597 2839 3684 2879 tto-

2089 2921 2173 2977 bis
2202 2921 2505 2986 sententias,
2541 2933 2633 2975 aut
2670 2920 3051 2976 contumeliam
3092 2935 3224 2975 suae.
3250 2919 3398 2976 Vale.

2693 3011 2908 3066 EI’IST.
2948 3010 3081 3067 CVI.

2599 3119 2907 3161 SVlﬂlAClIl‘S
2937 3120 3171 3161 εγλοῐιιο.

399 3214 817 3279 scparelionem.
847 3213 982 3282 Spes
1013 3214 1154 3268 enim
1196 3217 1491 3284 prasentia:
1530 3226 1632 3269 tua!
1672 3231 1861 3284 magno
1902 3217 1982 3270 itt-

2160 3200 2326 3256 Posse
2353 3198 2554 3268 aliquid
2585 3198 2838 3252 amicitiis
2860 3198 3120 3250 a‘slimor.
3162 3196 3294 3251 lline
3327 3210 3450 3265 spes
3487 3195 3677 3262 oritur,

399 3305 623 3358 tirvallo
653 3314 839 3374 negata
875 3305 1140 3360 cessabat.
1189 3305 1340 3361 Nunc
1378 3309 1829 3375 exspectationem
1889 3325 1984 3361 no-

397 3409 564 3450 stram
588 3395 798 3451 vicinia:
823 3396 1076 3453 facilitate
1094 3399 1372 3453 sollicitas.
1398 3399 1505 3454 Nec
1529 3409 1580 3455 te
1597 3415 1859 3454 excusare
1876 3401 1987 3455 eol-

401 3488 537 3556 Iegis
557 3489 889 3544 interventus
918 3490 1132 3558 Alpium
1174 3500 1378 3559 potest;
1409 3505 1473 3545 eo
1504 3491 1645 3560 quod
1670 3491 1863 3562 justior
1892 3510 1982 3545 uo-

397 3583 481 3635 bis
517 3580 582 3635 ad
619 3582 894 3650 querelam
941 3582 1074 3636 facta
1115 3593 1200 3638 est
1243 3585 1350 3652 via,
1383 3599 1488 3653 qttu
1521 3584 1613 3639 tbi
1667 3585 1734 3639 ad
1775 3585 1983 3640 veniam

397 3689 555 3728 ratta
601 3672 858 3728 deterior.
913 3674 1017 3731 Sed
1069 3674 1243 3731 dolori
1287 3690 1408 3730 meo
1451 3676 1724 3733 faeivndus
1771 3678 1982 3733 nodus.

398 3767 597 3819 Saltem
639 3764 862 3833 pestltac
904 3764 1148 3832 epistola:
1194 3777 1299 3822 tua:
1346 3766 1568 3823 Romam
1622 3769 1983 3838 frequentent,

403 3855 592 3926 Hybla!
611 3867 700 3912 aut
732 3855 966 3929 IIymetti
995 3855 1127 3911 favis
1149 3857 1524 3926 jucundiores;
1558 3875 1785 3928 quarum
1815 3876 1901 3916 nIe
1930 3861 1984 3917 in

399 3948 629 4004 maxime
673 3947 861 4007 fenore
921 3951 1198 4021 perceptio
1233 3951 1402 4020 juvat,
1452 3951 1650 4007 solutio
1699 3952 1982 4026 defatigat.

400 4041 550 4098 Vale.

1002 4113 1216 4171 EPIST.
1259 4115 1389 4172 CIII.

897 4221 1209 4264 SYIIACBOS
1247 4222 1485 4266 εηῦιιιο.

465 4298 734 4369 Quidquid
763 4302 1002 4356 muneris
1050 4303 1101 4356 in
1140 4313 1438 4372 praesentes
1471 4304 1768 4372 contulisti,
1809 4306 1988 4362 officio

401 4405 2014 4434 Μ

2090 3307 2212 3362 quze
2249 3291 2550 3360 Theophilo
2574 3291 2876 3345 clarissimo
2905 3291 3021 3343 viro
3061 3299 3204 3344 luam
3240 3305 3396 3358 opem
3439 3290 3505 3343 de
3563 3303 3684 3341 meo

2093 3398 2348 3439 sermone
2376 3382 2661 3452 promittit.
2689 3381 2825 3448 Quid
2875 3381 3036 3449 igitur
3073 3381 3191 3449 ejus
3227 3380 3514 3436 commodo
3553 3379 3679 3431 veli-

2096 3491 2238 3540 mus,
2274 3477 2326 3529 in
2373 3484 2560 3543 aperto
2608 3483 2713 3528 εει.
2760 3471 2947 3539 Effice,
2976 3486 3074 3526 oro
3120 3481 3192 3536 te,
3235 3481 3294 3526 ut
3320 3485 3440 3524 cum
3491 3469 3680 3523 I'ilueia

2095 3568 2201 3625 mei
2231 3582 2336 3622 non
2367 3565 2618 3622 videatur
2643 3578 2765 3618 esse
2794 3563 3067 3617 frustrata.
3099 3561 3250 3620 Vale.

2693 3654 2910 3710 EI’IST.
2952 3654 3102 3709 CVII.

2587 3760 2897 3801 δηηιλαωε
2927 3760 3168 3801 δῖΑϐΜο.

2161 3841 2467 3900 Alexander
2519 3840 2601 3894 vir
2648 3839 3029 3893 ornatissimus
3076 3837 3298 3891 sortitus
3353 3836 3681 3904 provinciam

2091 3934 2473 4008 praesidialem,
2505 3939 2659 4002 putat
2700 3930 2891 3984 honori
2910 3945 3009 3985 suo
3041 3928 3372 3985 incrementa
3411 3932 3678 3998 praestari,

2090 4034 2134 4088 si
2159 4041 2252 4086 tuo
2271 4044 2456 4085 amore
2488 4027 2738 4098 potiatur.
2761 4025 2939 4093 Quare
2959 4024 3209 4079 desiderii
3238 4025 3320 4080 sui
3371 4039 3456 4079 me
3499 4024 3688 4078 ascivit

2093 4125 2464 4191 interpretem,
2493 4119 2671 4173 sciens
2695 4120 2834 4185 apud
2870 4127 2923 4172 te
2953 4125 3159 4170 tantum
3192 4115 3294 4170 loci
3327 4129 3448 4170 esse
3491 4115 3684 4170 litteris

2097 4214 2252 4279 meis,
2281 4225 2340 4266 ut
2367 4213 2482 4265 haec
2509 4207 2911 4264 commendatio
2949 4206 3164 4261 maximi
3193 4207 3483 4262 testimonii
3517 4206 3684 4260 instat-

2101 4306 2384 4360 habeatur.
2417 4301 2568 4355 Vale.

2028 4405 3652 4432 Μ

1319 4488 1801 4597 LIBER
1871 4483 2710 4598 SECUNDUS.

894 4649 1224 4708 rIPISTOLA
1266 4649 1502 4707 PRIMA.

631 4753 946 4797 S‘IISCBIJS
975 4755 1238 4796 ηλνιικο
1267 4757 1461 4798 FRATRI
1490 4757 1754 4799 SALUTEI.

467 4829 568 4886 llic
589 4829 680 4887 ille
706 4839 791 4888 est
815 4830 1090 4898 Patalius,
1119 4834 1204 4886 cui
1243 4839 1525 4888 accusator
1553 4845 1704 4903 pater
1733 4843 1989 4903 quantum

391 4922 722 4980 discriminis
744 4921 930 4992 movit,
960 4931 1165 4978 tantum
1189 4921 1363 4979 laudis
1392 4925 1616 4995 paravit.
1645 4925 1825 4983 Multis
1846 4929 1988 4982 enim

392 5015 818 5089 quzestionibus,
848 5025 902 5071 et
930 5014 1074 5085 quod
1102 5023 1187 5071 est
1214 5016 1549 5086 potissimum
1567 5057 1581 5084 ,
1615 5017 1870 5088 principis
1895 5033 1990 5074 ore

397 5118 654 5181 purgatus
696 5115 940 5176 senator,
969 5117 1198 5178 arguere
1242 5123 1347 5164 non
1393 5119 1568 5178 potest
1613 5110 1852 5180 parentis
1890 5111 1989 5166 im-

395 5204 538 5272 piam
565 5200 914 5266 voluntatem,
943 5214 1062 5268 quae
1092 5199 1165 5253 illi
1203 5201 1452 5266 przestitit
1481 5201 1840 5257 innocentiam
1879 5203 1988 5257 cla-

390 5294 612 5349 rioretn.
641 5291 794 5348 Hunc
832 5292 877 5346 si
911 5305 1092 5346 amare
1133 5302 1405 5360 postulas,
1441 5293 1777 5362 imperatoris
1817 5295 1986 5350 nostri

391 5383 759 5442 testimonium
783 5383 929 5451 lege,
961 5392 1020 5437 ut
1053 5381 1301 5437 advertas
1330 5383 1551 5439 felititer
1583 5384 1778 5440 factum
1809 5400 1981 5452 reum,

396 5492 555 5546 quem
585 5477 664 5534 sic
692 5477 874 5533 videas
899 5476 1221 5531 absolutum.
1254 5475 1404 5532 Vale.

1026 5563 1244 5621 EPIST.
1285 5565 1349 5618 II.

779 5673 1084 5716 εῐιιιιΑοιιυδ
1111 5672 1369 5713 ηΑνιΑκο
1398 5673 1606 5715 FRATRI.

465 5755 661 5815 Taceat
725 5753 938 5825 prod'ga
982 5750 1155 5808 laudis
1199 5761 1467 5818 vetustas,
1536 5765 1653 5816 qua:
1708 5749 1983 5820 Apellem,

2014 4656 2065 4716 D
2090 4651 2341 4712 lcttxim,
2376 4650 2460 4703 vel
2493 4647 2684 4701 horum
2722 4649 2959 4711 similes,
2990 4654 3046 4698 ut
3082 4662 3348 4714 quemque
3376 4655 3505 4701 artas
3538 4647 3685 4709 tulit.

2099 4741 2430 4794 voluminum
2456 4740 2658 4792 honore
2678 4737 2891 4806 dignata
2911 4746 3015 4792 est.
3046 4736 3167 4790 Mihi
3190 4751 3311 4807 erga
3340 4739 3522 4793 Luculli
3556 4753 3688 4806 pra:-

2097 4830 2418 4888 dirationent
2447 4844 2628 4885 sermo
2653 4831 2882 4896 parcior,
2910 4829 3040 4883 fides
3062 4829 3229 4898 major
3255 4841 3357 4884 ιω.
3385 4831 3518 4895 Quid
3546 4831 3689 4883 cuiut

2093 4924 2237 4988 juvat
2273 4921 2547 4978 iudu'sere
2571 4919 2778 4982 verbis,
2816 4934 2936 4972 eum
2965 4933 3077 4972 rem
3123 4919 3277 4974 liceat
3308 4918 3577 4989 experiri?
3610 4920 3692 4976 Sit

2098 5015 2255 5081 igitur
2284 5012 2353 5067 de
2387 5010 2488 5065 hoc
2529 5021 2617 5063 tua
2663 5010 3025 5074 exisntuatio,
3058 5011 3148 5078 qui
3193 5010 3451 5065 bonarum
3495 5011 3690 5064 artium

2097 5111 2367 5173 spectator
2388 5116 2601 5170 semper
2623 5099 2789 5154 fuisti.
2815 5098 2926 5167 Ego
2946 5097 3208 5155 Lucillum
3231 5099 3507 5154 modestia:
3531 5114 3692 5154 mera:

2092 5206 2251 5266 atque
2315 5194 2618 5249 honestatis
2693 5193 2968 5262 astipulor.
3023 5191 3308 5247 Videturne
3361 5191 3454 5246 tibi
3497 5191 3693 5262 dignus

2093 5303 2246 5355 esse,
2276 5303 2434 5358 quem
2461 5287 2678 5356 diligas,
2709 5287 2860 5353 cujus
2891 5285 3127 5352 gravitas
3155 5299 3417 5353 sponsore
3450 5299 3534 5339 me
3566 5284 3690 5338 uiti-

2095 5391 2201 5447 tur,
2228 5394 2316 5435 ars
2338 5390 2393 5433 et
2418 5379 2650 5434 eruditio
2683 5385 2735 5431 te
2773 5378 2943 5443 ipsum
2968 5375 3202 5442 judicent
3237 5376 3513 5432 meretur?
3545 5374 3692 5428 Vale.

2714 5466 2928 5520 EI’IS'I‘.
2974 5465 3056 5520 III.

2466 5575 2773 5617 δνκιιΑουυε
2805 5571 3065 5613 ηΑνιΑκο
3094 5573 3310 5614 FRATRI.

2170 5660 2414 5714 Fratrum
2456 5655 2662 5724 negotia
2690 5653 2828 5708 velle
2871 5664 3202 5721 cognoscere
3252 5652 3335 5720 pia
3375 5659 3428 5703 et
3467 5649 3693 5706 honesta

2098 5751 2299 5807 curatio
2341 5759 2445 5806 est.
2493 5747 2705 5804 Lubens
2747 5747 2902 5812 igitur
2934 5743 3269 5813 respondebo
3299 5743 3558 5808 quatsitis.
3590 5740 3691 5798 Ctt-
