4218 6454
503 307 607 364 I83

1069 414 1284 473 EPIST.
1326 414 1511 471 XVIII.

859 526 1173 569 αιωιιαιιυε
1212 524 1479 565 ιἰΑνιΑνιο
1519 524 1732 564 FRATRI.

684 603 968 676 (Cattjunge
996 618 1112 655 cum
1142 600 1240 654 line
1262 603 1414 673 epist.
1448 601 1517 656 54
1544 612 1593 655 et
1622 600 1693 657 55
1721 601 1811 655 lib.
1838 601 1917 671 v.)

570 701 647 754 Ita
678 699 817 752 votis
848 699 900 752 in
930 706 980 752 te
1025 698 1157 750 meis
1192 694 1313 749 felix
1339 706 1564 751 eventus
1587 693 1857 756 arrideat,
1902 700 1961 745 ut
1997 706 2097 762 ego

500 795 735 869 graviter
762 792 898 854 fero.
923 789 1143 845 fratrem
1171 787 1606 857 Hephaestionem
1637 800 1731 855 per
1760 794 1814 839 te
1844 783 1977 839 mihi
2000 798 2095 838 co-

500 890 699 959 gnitum
723 929 739 951 ,
767 902 865 958 per
886 899 947 941 se
972 884 1253 955 probatum
1274 922 1289 947 ,
1336 881 1521 935 nescio
1558 877 1687 948 quid
1720 876 2096 933 amaritudinis

500 980 774 1035 incidisse.
804 977 1003 1048 thuia
1030 976 1510 1029 virtutumtuarum
1533 968 1921 1037 contemplatio
1948 966 2096 1036 facit,

500 1083 558 1126 ιιι
582 1072 726 1127 illius
748 1071 975 1126 {artuum
1004 1066 1267 1132 applicent
1286 1109 1300 1135 ,
1326 1062 1467 1133 quod
1493 1060 1634 1130 apud
1660 1071 1711 1116 te
1734 1060 1943 1115 minore
1972 1075 2093 1113 mo.

499 1170 683 1218 mento
712 1171 828 1225 est;
872 1158 937 1211 ad
983 1172 1172 1228 preces
1195 1168 1411 1219 versus,
1440 1162 1496 1207 ut
1526 1153 1618 1210 tibi
1643 1151 1993 1218 respondeas,
2022 1150 2100 1203 fa-

500 1269 753 1323 mamque
770 1253 993 1323 cogites.
1012 1264 1160 1319 rogo.
1185 1248 1380 1302 Pr.esta
1397 1247 1496 1301 hoc
1509 1244 1885 1307 contubernio,
1902 1255 2095 1315 pimsta

500 1345 701 1416 Ῑυιιὶιιιυ
722 1355 815 1399 tuo
841 1385 855 1410 ,
881 1352 938 1399 ut
982 1342 1075 1397 tibi
1107 1355 1216 1396 non
1249 1340 1387 1395 desit
1418 1338 1699 1410 patientia,
1726 1339 1768 1392 si
1800 1336 1874 1391 illi
1908 1336 2097 1391 modus

500 1439 689 1493 deluit.
720 1437 856 1493 Nolo
897 1436 1129 1492 videaris
1160 1434 1419 1503 despectu
1443 1433 1599 1487 amici
1637 1430 1955 1485 satislacere
1984 1429 2098 1483 cui-

500 1533 619 1588 dam
652 1546 824 1602 nuper
849 1532 1075 1585 Romam
1106 1540 1385 1597 regresso,
1412 1526 1565 1594 cujus
1594 1524 1734 1595 apud
1757 1537 1855 1576 nos
1876 1521 2094 1592 querela

501 1630 648 1682 auxit
687 1625 913 1697 gloriam
940 1635 1104 1679 tuam.
1144 1621 1303 1678 Certe
1351 1621 1616 1677 Eusebius
1641 1620 1971 1673 medicorum
2004 1632 2098 1686 po-

503 1718 742 1775 tissimus
767 1718 1029 1787 obsequio
1057 1726 1149 1772 tuo
1170 1730 1200 1770 a
1239 1730 1327 1771 me
1357 1714 1615 1776 traditus.
1647 1721 1705 1768 et
1729 1712 1793 1764 ad
1820 1710 2096 1766 leniendas

1664 303 1731 372 ρ.
1774 298 2125 359 Αυιιειιυδ
2160 299 2594 362 SYlIMACIIUS.

2116 416 2167 475 Α
2196 414 2391 483 quibus
2431 415 2691 474 beneﬁcia
2733 416 2937 476 domini
2970 424 3138 479 nostri
3170 420 3458 479 Theodosii
3483 421 3795 490 frequenter

3684 302 3792 365 184

2198 519 2578 572 cnumcras,et
2596 508 2782 580 augeri
2810 511 3008 566 merita
3041 522 3128 568 tua
3152 514 3363 585 magnis
3385 512 3620 581 prmiis
3640 526 3791 571 asse-

2200 611 2375 652 verac.
2421 599 2486 653 Et
2519 600 2596 655 illi
2639 600 2860 671 quidem
2907 602 2974 656 ad
3004 603 3243 672 agendas
3262 605 3464 674 gratias
3492 605 3671 675 lingua
3697 612 3789 661 tua

2198 688 2453 746 sufﬁciet.
2507 690 2621 761 Ego
2677 708 2775 761 pro
2835 694 3212 752 mediocritate
3262 695 3461 765 ingenii
3520 696 3626 752 mei
3674 698 3794 753 viro

2199 782 2680 849 excellentissimo,
2723 788 3002 857 nostrique
3048 789 3101 843 in
3135 788 3448 845 Flavianum
3488 792 3595 844 voti
3616 789 3791 859 socio,

2200 874 2370 929 vicem
2399 874 2572 930 laudis
2592 877 2817 933 exsolvi.
2844 878 2950 935 Sed
2976 879 3139 935 etiam
3170 892 3382 952 tempus
3403 887 3505 947 est,
3534 890 3591 936 ut
3615 882 3794 952 ipsum

2200 970 2349 1025 illum
2370 970 2545 1027 redire
2563 974 2781 1041 patiaris
2804 988 2903 1043 pro
2918 990 3028 1046 quo
3042 976 3257 1047 obligati
3275 990 3480 1033 animus.
3502 976 3791 1047 Quousque

2201 1063 2568 1133 magistratum
2613 1064 2917 1136 longinquae
2947 1068 3239 1138 provinciae
3267 1070 3463 1124 solatio
3494 1078 3587 1123 tuo
3616 1066 3790 1124 vindi-

2199 1155 2327 1211 cas?
2354 1155 2506 1211 Nulla
2537 1155 2607 1213 de
2652 1158 2838 1213 uxoris
2881 1169 3038 1215 utero
3072 1162 3315 1217 causatio
3342 1169 3428 1217 est
3450 1204 3467 1228 ,
3507 1162 3666 1233 cujus
3689 1176 3790 1218 cs-

2200 1254 2591 1324 spectationem
2618 1264 2860 1311 maturus
2888 1265 3075 1326 partus
3104 1258 3355 1314 absolvit.
3390 1258 3535 1314 Vale.

2784 1349 2996 1405 EPIST.
3031 1350 3218 1405 XXIII.

2556 1455 2866 1497 SVIIACIIUI
2906 1457 3166 1498 FLAVIANO
3203 1458 3420 1498 FRATRI.

2275 1534 2532 1589 Putabam
2583 1542 2661 1590 tot
2705 1534 2925 1590 monitis
2969 1544 3132 1601 atque
3166 1534 3631 1592 exhortationibus
3657 1534 3794 1590 meis

2200 1625 2403 1694 aliquid
2430 1626 2611 1681 animo
2640 1635 2734 1681 tuo
2749 1628 3047 1683 accessisse
3071 1627 3394 1683 tolerantia.
3428 1627 3793 1683 Enimverotu

2201 1717 2362 1773 etiam
2392 1718 2719 1775 reverendus
2761 1720 3194 1776 necessitudines
3222 1728 3438 1775 nostras
3484 1718 3789 1789 peregrina-

503 1824 839 1883 opportunus
861 1812 1119 1877 offensas,
1142 1810 1249 1879 jam
1279 1807 1477 1879 poterit
1515 1821 1700 1861 amara
1738 1802 1960 1859 condire
1986 1819 2002 1856 :
2031 1803 2099 1858 de
2132 1791 2177 1852 Η
2206 1810 2366 1865 tionis
2386 1810 2665 1866 sollicitas.
2694 1810 2799 1866 Sed
2824 1811 2950 1879 quid
2982 1823 3264 1880 promovet
3301 1815 3400 1867 ista
3440 1809 3795 1878 conquestio?

504 1906 653 1976 cujus
677 1904 884 1960 facetiis
912 1905 1022 1960 duo
1043 1902 1314 1973 Spondeo.
1342 1914 1442 1955 nec
1487 1896 1851 1969 Hephaestioni
1894 1905 2101 1963 tempe-

503 2009 841 2064 ramentum,
873 2011 975 2053 nec
1018 1995 1114 2051 tibi
1139 1992 1446 2049 defuturum
1490 2006 1609 2048 esse
1648 1990 1919 2047 solatium.
1948 1987 2098 2045 Vale.

1099 2084 1315 2140 EPIST.
1362 2084 1499 2139 XIX.

866 2191 1178 2235 ειιιιηςιιυε
1218 2192 1483 2233 ηιινιλκη
1522 2191 1717 2231 FRATRI
1731 2219 1741 2229 .

576 2276 654 2333 Eu
680 2276 775 2332 tibi
815 2276 983 2330 tilium
1016 2282 1259 2329 nostrum
1281 2317 1293 2341 ,
1321 2287 1478 2343 quem
1510 2271 1703 2325 solatio
1730 2269 2101 2336 decerpsimus

506 2377 713 2435 nostro,
758 2368 884 2423 dum
915 2366 1187 2423 desiderio
1230 2374 1321 2418 tuo
1360 2364 1617 2419 cedimus.
1666 2362 1903 2416 Tandem
1938 2360 2100 2415 fultus

506 2476 632 2517 caro
672 2461 937 2517 levamine
983 2458 1097 2513 redi
1128 2457 1179 2512 in
1210 2457 1434 2528 gratiam
1465 2454 1655 2524 prioris
1680 2454 1903 2509 lzetitize.
1925 2452 2032 2508 Sed
2056 2453 2099 2506 si

504 2556 717 2612 accedis
757 2556 1044 2611 sententia!
1088 2565 1258 2618 mete;
1299 2550 1386 2605 ubi
1422 2551 1653 2620 primum
1679 2558 1962 2619 paternum
1988 2546 2101 2601 ani-

505 2664 648 2702 mum
694 2646 809 2702 visu
835 2646 1073 2717 pignoris
1101 2642 1300 2699 foveris
1323 2684 1337 2707 ,
1358 2634 1515 2697 ittilia
1541 2653 1807 2707 anteponc
1827 2639 2099 2709 jucundis,

504 2744 859 2811 jmeuemque
882 2740 947 2793 ad
971 2735 1160 2792 civiles
1188 2734 1363 2789 fasces
1383 2732 1648 2789 contende
1678 2733 1970 2786 dimittere.
1987 2730 2102 2797 Quo

505 2834 597 2888 ιὼί
629 2830 687 2887 iu
715 2832 910 2889 castris
931 2841 1112 2885 coram
1138 2827 1384 2883 duobus?
1411 2825 1535 2881 ηενρ
1564 2826 1777 2881 consilii
1803 2823 1905 2878 mei
1935 2822 2101 2877 forma

504 2933 610 2980 est.
640 2922 829 2980 Facies
876 2927 1025 2991 ipse,
1059 2919 1201 2991 quod
1245 2918 1526 2990 prodeuntia
1570 2918 1775 2986 majore
1814 2915 2099 2985 delegeris.

508 3017 663 3074 Plura
689 3017 834 3073 enim
858 3016 1003 3072 videt
1027 3055 1043 3082 ,
1066 3014 1159 3086 qui
1189 3028 1372 3070 coram
1402 3014 1470 3069 de
1502 3028 1678 3067 rerum
1706 3010 2105 3066 conditionibus

2202 1900 2320 1958 Non
2350 1900 2527 1959 ferunt
2549 1903 2932 1973 impatientiam
2961 1885 3337 1975 tuam,quib.us
3362 1904 3567 1960 reditus
3597 1902 3650 1958 in
3670 1912 3795 1957 voto

2202 2005 2307 2051 est.
2333 1995 2528 2051 Vident
2558 1996 2702 2051 enim
2727 1996 2830 2052 sub
2855 1996 3177 2065 quibusdam
3221 1996 3432 2054 curulis
3459 1995 3665 2052 civibus
3694 2010 3794 2051 es-

2205 2102 2417 2144 cessum
2444 2090 2675 2145 celerem
2705 2090 2836 2143 nihil
2868 2088 3040 2145 laudis
3066 2089 3389 2144 habiturum.
3419 2089 3557 2156 Quin
3580 2102 3797 2143 assume

2202 2182 2586 2249 constantiam,
2611 2192 2667 2236 et
2685 2183 2809 2251 quid
2837 2183 3025 2238 deceat
3054 2184 3242 2252 magis,
3266 2196 3425 2253 quam
3456 2180 3583 2252 quid
3609 2179 3794 2245 libeat,

2204 2276 2447 2343 expende
2481 2294 2493 2328 :
2521 2290 2619 2345 pra
2634 2275 2791 2341 cipue
2804 2290 2926 2330 cum
2957 2276 3071 2345 ipse
3102 2274 3353 2343 fatearis,
3386 2276 3441 2330 in
3472 2290 3657 2329 amore
3693 2276 3793 2326 dn-

2204 2368 2335 2423 mini
2367 2369 2535 2423 nostri
2567 2367 2855 2424 Theodosii
2883 2367 3207 2424 venerabilis
3238 2367 3493 2439 principis
3515 2407 3532 2433 ,
3555 2368 3791 2422 omnium

2206 2472 2261 2518 te
2305 2461 2709 2518 carissimorum
2760 2462 3042 2531 pignorum
3076 2460 3303 2532 gratiam
3331 2455 3792 2529 reperisse.VaIe.

2776 2552 2994 2608 EPIST.
3036 2552 3077 2608 Χ
3092 2553 3223 2609 XIV.

2564 2661 2877 2702 SYIIACBUS
2916 2660 3175 2702 ιιηιιιιο
3213 2660 3430 2701 FRATRI.

2277 2738 2609 2806 Simplicium
2644 2748 2889 2809 agentem
2920 2738 2972 2793 in
3016 2738 3178 2793 rebus
3228 2752 3363 2806 rene
3410 2738 3460 2791 in
3492 2745 3644 2807 porta
3676 2732 3793 2792 Fla-

2207 2831 2371 2885 minia
2416 2831 2674 2885 retentavi
2700 2872 2716 2896 .
2745 2840 2803 2884 ut
2837 2830 2904 2885 ad
2932 2842 2983 2885 te
3012 2844 3176 2899 pauca
3206 2872 3222 2894 ,
3253 2839 3306 2884 et
3342 2846 3450 2885 non
3491 2828 3789 2886 omittenda

2207 2921 2494 2977 dit-tarem.
2526 2920 2695 2976 Ftlius
2726 2929 2911 2978 noster
2943 2919 3231 2976 Flavianus
3256 2920 3478 2976 Romam
3499 2920 3671 2989 pridie
3698 2933 3789 2976 ca-

2210 3015 2396 3071 lendas
2427 3013 2644 3070 l‘Ja'rtias
2666 3016 2845 3080 venit,
2871 3023 2929 3071 et
2951 3013 3098 3071 brevi
3126 3014 3178 3068 in
3211 3013 3391 3068 Asiam
3419 3012 3672 3069 secundis
3695 3025 3793 3066 au-

506 3109 726 3181 judicat.
754 3109 867 3180 Ego
894 3108 1035 3181 quod
1068 3108 1279 3179 loquor,
1305 3117 1487 3163 votum
1514 3116 1631 3163 est:
1664 3114 1721 3161 tu
1744 3107 1810 3160 de
1841 3105 2104 3175 appositis
2144 3176 2175 3181 _
2208 3108 2395 3179 spiriis
2421 3109 2693 3175 ordietur,
2726 3108 2867 3179 quod
2894 3109 3015 3164 ideo
3040 3125 3136 3181 par
3161 3108 3259 3164 fuit
3288 3109 3534 3176 indrcari,
3564 3116 3621 3163 ut
3650 3107 3794 3163 θιρΙΙίο

506 3217 719 3263 assumc
744 3203 1034 3275 judicium.
1061 3201 1214 3258 Vale.

1109 3291 1330 3349 EPIST.
1373 3292 1493 3348 XX.

870 3401 1183 3445 ετιιιιιιιςιιυε
1222 3402 1484 3442 ηλνιλιεο
1522 3401 1659 3442 ηΑτ
1667 3401 1737 3441 ιιι.

576 3484 843 3542 Succurre
874 3482 1033 3550 fidei,
1076 3496 1198 3552 quae
1230 3480 1424 3536 officiis
1472 3480 1767 3535 amicorum
1796 3477 2100 3534 debitorem

507 3592 596 3636 lue
616 3578 817 3635 diutius
844 3591 953 3631 non
975 3576 1193 3647 patitur.
1220 3575 1436 3629 Fratres
1465 3573 1570 3629 mei
1597 3616 1611 3642 ,
1636 3572 1910 3628 Rontanus
1940 3579 2101 3638 atque

507 3668 811 3739 Magnillus,
839 3665 1121 3724 durissimi
1151 3665 1285 3732 viri,
1322 3666 1431 3736 jam
1466 3664 1666 3720 dudum
1697 3679 1783 3718 rue
1824 3661 2103 3732 religionis

509 3763 719 3819 meritis
742 3770 1064 3817 nexuerant.
1084 3759 1149 3814 Et
1166 3760 1411 3831 quamvis
1428 3760 1643 3829 pra'mia
1661 3773 1771 3813 non
1794 3769 2099 3826 reposcan',

508 3870 630 3929 qua:
672 3858 808 3913 solet
850 3856 1028 3912 minor
1069 3864 1385 3924 exspectare
1426 3854 1637 3910 fortuna
1665 3895 1681 3917 ,
1718 3854 1896 3909 acrius
1920 3864 2101 3908 tamen

508 3951 746 4005 animum
791 3963 968 4003 meum
1012 3947 1209 4016 stepius
1239 3949 1519 4001 honestate
1560 3946 1913 4000 conveniunt.
1956 3946 2103 4003 len-

512 4042 644 4106 tiar,
670 4041 715 4097 si
748 4039 878 4095 milti
902 4039 965 4093 ad
996 4038 1355 4109 prastaudum
1388 4038 1584 4093 deesse
1615 4049 1827 4109 tempus
1848 4037 2102 4108 allegent,

509 4135 635 4202 quia
666 4134 903 4205 petentia
935 4147 1054 4192 mea
1093 4132 1161 4188 tle
1185 4131 1259 4187 tui
1303 4132 1520 4187 honoris
1551 4130 1755 4185 viribus
1784 4132 2099 4186 metiuntur.

514 4227 623 4281 Fac
643 4241 743 4281 oro
760 4268 774 4291 ,
800 4237 857 4281 ut
880 4225 1073 4282 effectu
1106 4225 1327 4280 honoris
1349 4224 1430 4280 sui
1459 4225 1729 4290 sentiant,
1760 4238 1859 4293 pro
1880 4237 2106 4278 concor-

513 4319 618 4384 .lii,
665 4334 787 4389 qua:
822 4317 951 4373 mihi
982 4328 1159 4374 tecum
1188 4328 1273 4373 est
1298 4360 1313 4381 ,
1338 4316 1595 4387 quidquid
1618 4315 1862 4373 defertur
1882 4314 2009 4383 uni,
2037 4313 2108 4369 ab

516 4422 741 4483 utroque
770 4409 978 4467 deberi.
1010 4409 1161 4465 Vale.

1108 4501 1327 4557 EPIST.
1370 4500 1511 4557 XXI.

876 4609 1190 4650 SVIIIIACIIUS
1219 4610 1479 4649 PLAVIANO
1518 4610 1729 4650 FRATRI.

584 4687 776 4756 Officii
805 4689 910 4742 mei
959 4689 1096 4741 ratio
1135 4688 1337 4750 suasit,
1362 4697 1420 4740 ut
1442 4702 1483 4741 st
1506 4685 1768 4751 riberem,
1797 4685 2013 4757 quando
2040 4699 2103 4740 ea

515 4790 598 4837 est
626 4794 851 4846 persona
875 4781 1083 4836 litteras
1110 4778 1403 4843 redditura,
1430 4791 1482 4833 ut
1513 4779 1631 4849 plus
1657 4778 1726 4833 de
1757 4786 1848 4833 tuo
1872 4778 2100 4849 judicio,

516 4886 677 4941 quam
704 4870 773 4925 de
798 4885 918 4926 meo
941 4880 1122 4940 speret
1143 4870 1358 4925 auxilio.
1396 4870 1581 4939 Itaque
1601 4872 1780 4926 omnia
1800 4913 1814 4937 ,
1846 4884 1967 4940 qua:
1992 4883 2108 4923 mus

518 4974 603 5021 cst
631 4964 823 5019 litteris
850 4964 1123 5033 explicare
1144 5004 1157 5028 ,
1190 4965 1288 5033 ipsi
1318 4964 1497 5033 potius
1521 4964 1787 5019 narranda
1816 4964 2007 5034 delego
2031 4983 2047 5019 :
2078 4979 2106 5017 a

520 5072 625 5126 quo
651 5055 950 5126 amplitudo
987 5065 1073 5110 tua
1098 5098 1113 5121 ,
1140 5066 1195 5112 et
1214 5072 1334 5122 qua:
1363 5057 1429 5112 de
1456 5071 1543 5111 me
1566 5056 1779 5127 cognitu
1802 5056 1961 5123 digna
1988 5070 2109 5110 crc-

522 5145 753 5215 ditlerit,
776 5155 830 5203 et
852 5160 972 5217 qua:
1000 5149 1166 5219 ipsius
1190 5146 1401 5203 fortuna
1451 5149 1648 5215 poscit,
1680 5149 1927 5217 accipiet.
1958 5147 2105 5202 Vale.

1110 5239 1322 5296 EPIST.
1368 5240 1531 5295 XXII.

995 5346 1300 5387 SYIIMCIIUS
1341 5349 1526 5387 ηιιιτιΑ
1536 5350 1622 5386 κιο.

593 5424 947 5496 Reparassem
988 5423 1197 5494 jamdiu
1235 5426 1547 5495 corpusculi
1581 5427 1686 5481 mei
1714 5426 2111 5493 valetudinem,

518 5517 567 5574 si
593 5516 696 5572 frui
719 5530 971 5587 agrorum
993 5516 1359 5574 salubritatem
1386 5519 1704 5587 potuissem.
1731 5517 1837 5574 Sed
1867 5535 2008 5575 nunc
2033 5520 2115 5573 in-

522 5617 634 5669 tuta
662 5616 748 5663 Col
786 5606 1081 5664 latrociniis
1110 5609 1490 5667 suburbanitas
1518 5627 1531 5663 :
1556 5622 1717 5681 atque
1743 5611 1864 5667 ideo
1896 5619 2117 5682 praestat

521 5700 781 5755 macerari
808 5700 921 5754 otio
942 5699 1205 5765 civitatis,
1238 5716 1395 5771 quam
1421 5702 1659 5773 pericula
1684 5704 1824 5759 ruris
1853 5705 2111 5760 incidere.

533 5788 654 5853 luis
684 5802 863 5854 tamen
886 5791 1079 5849 litteris
1109 5794 1373 5861 proficere
1402 5796 1687 5855 sanitatem
1715 5810 1889 5854 meam
1914 5798 2108 5860 sentio.

2138 4559 2191 4621 ι)

2128 3176 2178 3242 C
2205 3176 2498 3258 citudinem
2526 3243 2541 3265 ,
2586 3176 2848 3270 quamde
2890 3176 3057 3256 mora-
3072 3202 3188 3271 ejus
3216 3204 3492 3272 hucusque
3533 3197 3795 3267 tolerati,

2202 3309 2330 3365 spes
2356 3294 2620 3364 promissa
2650 3293 2912 3361 detergat.
2946 3292 3097 3348 Vale.

2784 3383 3002 3441 EI’IST.
3045 3384 3214 3440 XXV.

2634 3492 2945 3533 BVIHACHUS
2985 3494 3243 3535 FLAVMNO
3266 3493 3477 3535 FRATRI.

2276 3567 2535 3624 Abundas
2581 3568 2798 3639 quidem
2836 3570 3078 3627 consiliis
3111 3586 3127 3625 :
3159 3571 3214 3625 in
3244 3585 3461 3626 omnem
3507 3569 3585 3625 rei
3640 3584 3797 3627 usum

2206 3667 2425 3729 paratus
2448 3699 2464 3723 ,
2493 3668 2548 3715 et
2578 3658 2856 3728 sapientia:
2884 3662 3063 3716 cultus
3099 3661 3306 3716 artibus
3329 3701 3346 3727 ,
3388 3660 3656 3717 monitore
3690 3676 3797 3720 non

2206 3752 2428 3823 indiges.
2465 3751 2573 3808 Sed
2603 3751 2683 3807 fas
2711 3761 2792 3807 est
2816 3795 2831 3820 ,
2858 3763 2916 3808 ut
2941 3770 3090 3809 meas
3114 3769 3327 3825 qu-que
3354 3755 3561 3825 vigilias
3590 3752 3794 3823 aliquid

2206 3847 2430 3916 privatis
2460 3845 2694 3914 negotiis
2732 3845 2839 3900 tuis
2857 3846 3105 3901 conferre
3133 3846 3374 3916 patiaris.
3397 3846 3444 3914 Q
3463 3860 3573 3900 tare
3599 3845 3648 3902 si
3669 3843 3797 3915 quid

2207 3938 2638 4010 pratmedi'atum
2671 3939 2885 4006 utrique
2916 3949 3163 3994 nostrum
3208 3939 3379 4007 stvlus
3416 3939 3687 3993 fraternus
3719 3937 3799 3991 iu-

2204 4029 2474 4100 gesserit,
2529 4033 2867 4085 constantius
2904 4045 3205 4101 exsequere
3228 4074 3244 4096 ,
3300 4042 3552 4102 tanquam
3588 4029 3803 4089 duobus

2208 4123 2514 4194 probatum.
2548 4122 2604 4177 Si
2641 4124 2767 4193 quid
2801 4123 2872 4179 ibi
2900 4125 3080 4179 adhuc
3110 4108 3551 4192 novum'legens,
3583 4139 3612 4178 a
3640 4132 3692 4178 te
3719 4122 3802 4177 iu-

2206 4228 2426 4272 ventum
2481 4227 2643 4287 puta,
2676 4217 2819 4281 quod
2850 4216 2919 4271 ab
2958 4227 3172 4274 amante
3214 4217 3540 4287 suggeritur.
3583 4214 3801 4286 Subieci

2205 4312 2378 4383 capita
2404 4327 2610 4377 rerum,
2640 4313 2766 4381 quia
2800 4312 3086 4382 complecti
3114 4312 3310 4367 litteris
3334 4310 3536 4366 fastidii
3564 4310 3681 4378 fuga
3706 4326 3801 4364 no-

2208 4406 2303 4461 lui.
2355 4405 2529 4460 Tuum
2560 4406 2666 4460 erit
2693 4405 2957 4459 insinuata
2987 4406 3271 4475 trutinare.
3305 4404 3376 4457 Ita
3404 4403 3545 4459 enim
3577 4417 3702 4459 meo
3725 4401 3803 4455 of-

2215 4498 2337 4553 ficio
2366 4498 2581 4570 functus
2608 4512 2749 4561 sum,
2775 4506 2831 4550 ut
2857 4496 2952 4552 tibi
2979 4497 3237 4565 judicium
3270 4511 3625 4552 reservarem.
3654 4493 3799 4550 Vale.

2785 4587 3003 4645 EPIST.
3050 4587 3140 4643 XX
3156 4589 3236 4641 \‘l.

2685 4697 2996 4739 εικιιιωυδ
3036 4697 3314 4740 ηιινιιικιν.

2292 4779 2540 4832 Baiarum
2568 4776 2859 4832 solitudine
2885 4776 3239 4831 vehementer
3266 4773 3504 4828 «ﬂemus
3530 4814 3543 4836 .
3576 4772 3806 4827 Puteolis

2216 4872 2385 4924 malui
2420 4868 2766 4927 commorari.
2799 4866 2956 4923 Juvat
2971 4868 3115 4922 enim
3145 4882 3245 4921 nos
3271 4867 3427 4921 istius
3451 4865 3554 4920 luci
3577 4863 3808 4918 salubris

2218 4962 2501 5018 habitatio.
2537 4960 2741 5016 Dehinc
2768 4960 2814 5015 si
2855 4959 3041 5028 adjutu
3085 4959 3178 5013 Det
3205 4966 3386 5027 optata
3416 4958 3806 5027 processerint,

2218 5056 2453 5124 Capuam
2486 5066 2736 5119 paramus
2752 5066 3067 5117 excurrere,
3095 5060 3371 5121 totumque
3401 5046 3545 5103 htinc
3567 5063 3808 5103 mensem

2217 5151 2578 5206 Novembrem
2601 5145 2835 5201 diversis
2874 5142 3185 5213 Campania:
3232 5142 3364 5198 locis
3400 5150 3563 5209 atque
3590 5140 3809 5197 urbibus

2216 5244 2559 5314 deputamus.
2599 5239 2728 5294 “ac
2754 5246 2839 5293 est
2875 5238 3047 5293 nostri
3074 5251 3283 5292 summa
3314 5236 3594 5305 prapusiti.
3620 5234 3724 5290 Sed
3754 5243 3810 5290 ut

2218 5336 2430 5389 animos
2466 5334 2699 5385 a'acrior
2740 5328 3004 5384 destinata
3050 5335 3362 5399 promoveat
3386 5368 3402 5393 ,
3454 5326 3649 5381 vestris
3678 5325 3809 5380 allo-

2220 5425 2361 5497 quiis
2399 5421 2685 5491 erigendus
2714 5430 2800 5475 est
2839 5436 2853 5473 :
2885 5418 3320 5487 quandoquidem
3352 5416 3596 5471 sanitatis
3620 5426 3810 5476 vestra:

2222 5529 2276 5574 et
2307 5517 2576 5573 felicitatis
2609 5516 2807 5571 indicio
2844 5515 2975 5568 nihil
3022 5514 3295 5584 antiquius
3324 5514 3674 5567 estimamus.
3708 5511 3812 5566 Ve-

2224 5626 2340 5666 rum
2369 5610 2467 5663 hoc
2495 5625 2591 5676 pro
2628 5608 2823 5678 insigni
2855 5606 3117 5677 religione
3148 5617 3339 5676 sponte
3382 5604 3611 5660 facietis.
3641 5606 3812 5672 Atque

2225 5705 2345 5758 ideo
2370 5718 2472 5755 non
2505 5708 2586 5756 est
2609 5713 2830 5755 necesse
2873 5700 3189 5753 voluntariis
3230 5697 3422 5752 (illiciis
3465 5696 3683 5751 aculeos
3720 5710 3809 5750 ex-

2228 5796 2543 5853 hortationis
2566 5792 2844 5852 adhibere.
2872 5794 3078 5851 lutcrca
3102 5792 3242 5865 quod
3272 5805 3341 5861 te,
3378 5791 3448 5849 tui
3474 5792 3657 5859 frater,
3684 5790 3809 5848 all"
