4218 6440
369 323 472 378 18ςῖ

1593 319 2067 376 EI’ISTOLARUM
2111 321 2308 377 LIBER
2354 324 2413 379 ll.

3535 317 3642 381 186

363 448 424 486 fc
476 429 782 502 Ροηίοοτίςι
813 427 1164 484 vehemente"
1200 428 1513 498 amplector-
1550 429 1720 497 Atque
1755 431 1953 484 utinam
1985 436 2027 491 Α
2058 434 2198 487 cium
2241 437 2324 489 Vel
2368 435 2616 491 invidiam
2663 436 3018 506 possessionis
3063 449 3193 490 mea?
3228 434 3371 502 parvi
3423 433 3636 500 agellttli

363 535 418 578 te
447 524 640 579 domus
667 531 774 578 tota
805 521 1122 576 comitetur!
1149 529 1206 573 ιιι
1231 529 1287 575 et
1308 520 1462 575 nobis
1494 521 1729 574 lzctitiam
1757 517 1950 590 plenio-

369 631 487 670 rem
520 615 714 670 tribuat
743 614 1003 667 adventus
1031 612 1271 666 omnium
1293 651 1306 674 ,
1337 622 1390 666 et
1419 610 1514 664 tibi
1544 626 1703 665 causa
1749 627 1852 665 non
1882 615 1952 664 sit

368 709 530 763 citius
551 709 778 776 patriam
804 703 1113 759 recurrendi
1138 744 1153 766 ,
1201 702 1468 758 desiderio
1489 712 1542 756 et
1566 719 1751 758 amore
1780 719 1953 757 rema-

370 801 635 856 nentium.
666 798 819 852 Vale.

933 865 1144 922 EPIST.
1187 864 1398 919 XXVII.

723 977 1034 1017 SYIIACIIUS
1073 976 1331 1015 FLAVIANO
1371 975 1580 1015 ιτιιλτιιι.

439 1053 694 1122 Quamvis
725 1053 928 1108 litteras
959 1067 1104 1106 meas
1145 1053 1279 1104 fama
1310 1048 1630 1118 praevenerit
1652 1092 1666 1115 ,
1705 1065 1823 1118 qua:
1865 1064 1953 1102 ex-

367 1155 650 1203 oneratum
673 1155 726 1200 te
757 1144 981 1212 publicis
1007 1141 1412 1198 necessitatibus
1434 1143 1699 1196 nuntiavit
1725 1159 1738 1196 :
1774 1154 1947 1196 tamen

367 1255 479 1311 quo
509 1239 715 1294 fidelior
756 1248 898 1293 esset
939 1238 1166 1292 assertio
1189 1277 1203 1301 ,
1233 1235 1446 1304 scriptis
1484 1234 1746 1289 confirmo
1767 1250 1949 1289 rumo-

368 1347 511 1388 rem.
540 1331 646 1387 Sed
691 1331 811 1385 licet
839 1328 1063 1398 publicis
1089 1327 1165 1382 rei
1191 1327 1533 1382 absolutione
1574 1326 1797 1390 Ιωιριιιε,
1829 1325 1951 1380 volo

369 1436 422 1481 te
451 1426 738 1480 adversum
775 1425 978 1478 incerta
1021 1421 1214 1476 muniri
1249 1440 1260 1474 ε
1295 1420 1544 1476 videlicet
1576 1429 1634 1474 ut
1660 1421 1761 1474 sub
1791 1421 1951 1475 Αιτιοο

368 1532 488 1574 rum
519 1516 855 1571 confectione
868 1515 1164 1572 tuorum.si
1189 1513 1362 1568 adhuc
1384 1512 1582 1569 retines
1606 1522 1946 1580 potestatem,

367 1610 453 1665 vel
489 1609 706 1663 vicaria:
737 1606 1098 1676 praefecturae,
1129 1620 1246 1674 qua:
1277 1603 1368 1659 tibi
1394 1605 1632 1670 poscenti
1661 1619 1810 1673 aequa
1842 1617 1946 1655 non

366 1701 563 1766 deerit,
600 1698 892 1768 diligentia:
937 1707 1039 1752 tua:
1086 1697 1226 1752 ratio
1272 1695 1584 1766 digeratur:
1634 1712 1750 1765 qua:
1781 1695 1947 1763 possit

365 1791 683 1856 ostendere,
711 1798 839 1857 quot
869 1802 1092 1843 numero
1132 1787 1375 1842 animalia
1407 1787 1718 1850 collocaris,
1751 1796 1805 1840 et
1841 1801 1948 1854 quo
1981 1802 2025 1862 Β

365 1890 627 1952 apparatu
655 1881 970 1936 instruxeris
999 1879 1332 1943 mansiones,
1366 1889 1420 1933 et
1443 1887 1698 1948 quantum
1724 1877 1774 1931 in
1822 1878 1943 1931 titu-

367 1973 434 2028 lis
457 1972 724 2028 fiscalibus
737 1970 1010 2041 exigendis
1029 1980 1115 2024 tua
1139 1985 1264 2024 cura
1293 1969 1639 2039 promoverit.
1669 1968 1777 2022 lloe
1801 1968 1944 2022 enim

367 2067 678 2123 testimonio
722 2065 1004 2120 adversum
1054 2077 1242 2118 omnes
1288 2065 1368 2118 vel
1401 2064 1650 2118 fortuitas
1677 2063 1924 2132 querelas

367 2162 450 2214 vel
482 2157 756 2213 afl‘ectatas
785 2155 1003 2212 insidias
1034 2157 1345 2226 protegeris.
1373 2155 1521 2211 Vale.

881 2267 1097 2322 EPIST.
1143 2266 1371 2322 XXVIII.

733 2376 1043 2416 εγιιιιλοιιυε
1084 2376 1338 2415 ιἰ.ΑιίΑΝο
1381 2375 1590 2413 FRATRI.

443 2463 642 2527 Argue,
671 2466 726 2511 ut
756 2457 860 2521 vis,
889 2470 1067 2510 rerum
1092 2456 1313 2509 consilia
1345 2463 1464 2523 post
1487 2453 1710 2519 exitum,
1739 2460 1795 2508 et
1819 2451 1950 2506 mihi

368 2549 503 2605 vitio
531 2560 683 2603 Verte
708 2589 723 2614 ,
753 2546 893 2617 quod
933 2555 1301 2614 contemptum
1346 2546 1424 2598 sui
1471 2543 1784 2614 praifectura
1821 2559 1953 2598 cnn-

367 2651 557 2714 questa
601 2650 702 2696 eat.
735 2637 915 2694 Facile
941 2646 1222 2692 accusatur
1244 2637 1490 2691 desertus
1519 2635 1747 2690 auxilio.
1779 2635 1952 2705 Atque

369 2740 499 2795 ideo
543 2739 593 2791 in
627 2752 713 2791 me
740 2735 984 2804 recipere
1013 2733 1155 2788 malo
1185 2734 1384 2788 erroris
1410 2731 1805 2787 confessionem
1832 2774 1848 2798 ,
1887 2745 1953 2782 ne

369 2843 466 2887 aut
493 2829 696 2885 amicos
734 2827 1107 2898 negligentiae,
1157 2835 1251 2881 aut
1285 2826 1621 2879 adversarios
1651 2822 1956 2892 asperitatis

371 2924 659 2980 incessam.
703 2920 888 2976 Fuerit
916 2920 1174 2982 fet-tome,
1209 2933 1311 2972 non
1341 2914 1686 2971 conscientia:
1713 2928 1876 2979 mea},
1900 2923 1957 2968 ut

372 3018 548 3072 victos
589 3012 842 3080 viderer,
883 3013 970 3081 qui
1019 3011 1249 3066 necdum
1289 3023 1558 3078 creperam
1613 3009 1842 3078 litigare.
1889 3011 1958 3060 At

373 3111 539 3164 etiam
567 3107 756 3162 scribis
779 3145 796 3172 ,
835 3108 1010 3161 causis
1054 3104 1317 3158 similibus
1366 3101 1762 3157 abstinendum.
1798 3100 1957 3155 Vides

2059 531 2415 582 retentionem
2444 530 2624 593 cessit,
2657 543 2779 585 cum
2810 530 2880 584 illi
2915 541 3024 583 tota
3060 527 3387 582 innlierculae
3420 527 3634 595 promit-

2057 629 2258 676 teretur
2289 623 2610 677 ba'rcditas?
2641 623 2769 678 Nam
2791 622 3059 678 referendi
3087 621 3202 675 lure
3236 623 3344 674 sola
3385 623 3635 690 profecto

2058 714 2213 770 Urbis
2254 717 2390 769 ratio
2440 716 2569 781 fuit;
2603 731 2705 770 non
2749 725 2805 769 ut
2845 731 3176 784 receptarum
3217 715 3634 782 apiellationum

2056 821 2266 875 penam
2296 808 2490 862 Siciliae
2533 816 2707 862 rector
2751 808 3089 865 exsolveret.
3141 805 3232 858 sed
3278 816 3330 858 ιιι
3382 804 3626 870 injuriatn

2052 914 2201 953 suam
2233 899 2368 953 sacri
2400 899 2648 953 auditorii
2671 898 2914 968 cognitor
2937 898 3246 951 vindicaret.
3274 897 3421 948 Nunc
3440 897 3631 948 restri-

2054 991 2160 1046 bere
2184 1001 2269 1044 tur
2297 992 2347 1044 in
2372 1005 2608 1054 causam,
2643 1002 2760 1060 post
2787 989 3061 1042 victoriam
3087 1003 3278 1048 meam,
3304 1003 3380 1036 co-
3409 998 3483 1039 tra
3508 1003 3630 1039 sen-

2053 1085 2270 1138 tentiam
2297 1084 2657 1152 prmfecturae,
2701 1085 2785 1137 cui
2826 1098 2948 1150 pars
2985 1083 3209 1136 adversa
3253 1081 3538 1133 consentit.
3572 1078 3629 1134 Si

2053 1178 2238 1229 telatio
2279 1175 2342 1227 ad
2386 1178 2648 1228 fortunam
2698 1175 2896 1244 negotii
2953 1178 3261 1241 pertineret,
3314 1180 3366 1223 et
3410 1171 3627 1236 supple-

2054 1281 2253 1333 menta,
2297 1269 2379 1323 vel
2431 1268 2776 1322 refutatorios
2817 1268 3091 1336 jurgautes
3137 1264 3442 1322 dedissent;
3479 1277 3628 1328 rogo,

2051 1361 2118 1415 de
2139 1361 2333 1430 quibus
2359 1360 2658 1415 actionibus
2686 1358 3029 1427 iudicabitur,
3062 1370 3192 1426 quas
3223 1355 3275 1408 in
3305 1353 3482 1409 Sicilia
3514 1363 3631 1417 rost

2050 1453 2462 1523 appellationem
2497 1467 2667 1504 meam
2703 1464 2826 1519 pars
2868 1465 2970 1503 una
3016 1446 3344 1515 deprompsit
3372 1487 3385 1507 ,
3435 1445 3630 1513 quibus

2054 1544 2448 1613 tyrannicorutn
2475 1549 2940 1612 temponnngcsta
2969 1540 3166 1593 sociata
3188 1548 3306 1590 sunt
3325 1539 3348 1589 ?
3369 1536 3459 1589 Ta.
3488 1547 3519 1588 ιι
3550 1546 3630 1589 est

2054 1636 2247 1691 invidia
2298 1634 2429 1698 mei,
2481 1648 2528 1688 e'.
2574 1642 2721 1699 gnata
2762 1631 3023 1699 alzqttibus
3065 1627 3430 1694 reprehensio.
3488 1626 3629 1677 Crdo

2052 1730 2448 1785 adversantium
2472 1728 2751 1791 voluntati,
2769 1737 2822 1779 et
2842 1725 3058 1779 domino
3076 1734 3259 1776 nostro
3281 1721 3630 1774 invictissime

2057 1825 2279 1896 principi
2308 1822 2616 1878 Theodosio
2658 1835 2871 1888 semper
2913 1826 3138 1886 augusto
3178 1815 3398 1884 dignare
3440 1828 3628 1880 Sogge‘

2049 1933 2188 1984 rere,
2223 1931 2329 1972 non
2357 1917 2524 1986 pluris
2552 1914 2690 1982 apud
2726 1929 2811 1966 me
2859 1911 3073 1965 divitias
3104 1909 3313 1972 valere,
3360 1919 3517 1972 quam
3553 1904 3628 1955 fn—

2107 2027 2211 2068 am.
2248 2015 2450 2066 Bonum
2481 2009 2550 2064 de
2571 2024 2656 2063 me
2681 2007 2938 2077 judicium
2973 2001 3210 2072 parentis
3239 1999 3430 2066 publici
3456 2038 3468 2059 ,
3501 2013 3626 2049 con-

2048 2105 2342 2162 servatoris
2363 2103 2489 2168 mei,
2507 2102 2676 2156 cuivis
2698 2111 2966 2168 antepono
2988 2095 3326 2167 patrimonio.
3352 2091 3408 2147 Si
3434 2091 3534 2158 pla:
3553 2099 3630 2152 ct,

2049 2208 2110 2254 ut
2137 2198 2279 2251 omni
2307 2210 2424 2251 mea
2459 2193 2795 2249 ltmreditatia
2839 2191 3180 2260 possessione
3221 2179 3475 2239 decedant
3496 2223 3510 2244 ,
3545 2183 3625 2234 lex

2053 2291 2184 2346 mihi
2214 2290 2338 2356 erit,
2366 2286 2622 2357 quidquid
2649 2284 2885 2340 omnium
2923 2282 3172 2336 dominus
3204 2280 3408 2347 placata
3442 2285 3629 2328 aucto-

2053 2384 2211 2440 ritate
2238 2381 2528 2438 censuerit.
2558 2379 2709 2433 Vale.
2761 2369 2763 2372 ⁴

2612 2491 2831 2547 EI‘IST.
2873 2489 3065 2544 XXXI.

2407 2621 2715 2664 SYIIACHUS
2749 2618 3009 2660 l-‘LAVIANO
3045 2617 3255 2656 ηΑτιιι.

2125 2745 2252 2800 Scio
2282 2753 2335 2799 te
2353 2744 2584 2799 amicum
2601 2742 2854 2811 iustitia.
2891 2751 2943 2793 et
2973 2747 3241 2794 amantem
3271 2735 3376 2787 ιιιρὶ
3397 2774 3412 2797 ,
3459 2739 3514 2787 et
3548 2745 3637 2788 ve-

2058 2854 2184 2893 reor
2217 2851 2287 2894 ne
2331 2836 2589 2905 suscipias
2627 2834 2794 2889 ullum
2838 2848 2933 2900 pro
2964 2830 3201 2884 absentis
3233 2825 3636 2881 existimatione

2059 2939 2355 2992 certamen,
2385 2936 2546 2999 atque
2574 2927 2632 2981 in
2669 2935 2722 2980 te
2752 2925 2924 2993 aliqua
2962 2924 3082 2977 odia
3123 2922 3462 2988 detorquens.
3509 2915 3639 2973 Peto

2062 3023 2222 3092 igitur
2251 3023 2518 3091 quiescas.
2573 3020 2688 3075 Erit
2726 3018 2951 3072 fortasse
2984 3016 3136 3082 copia
3180 3013 3308 3066 mihi
3353 3009 3640 3064 afferenda:

2001 3179 2029 3201 Ἰ
2063 3117 2384 3187 quandoque
2413 3113 2652 3169 veritatis
2676 3111 2814 3180 apud
2847 3122 3104 3165 alernum
3139 3106 3431 3175 principem
3470 3102 3641 3156 domi-

375 3211 634 3270 quantum
667 3203 828 3256 liceat
853 3199 1088 3254 eventui.
1119 3198 1327 3253 Ublilus
1355 3213 1414 3252 cs
1447 3212 1653 3251 morum
1693 3211 1956 3252 meorum.
1985 3194 2032 3242 υ
2065 3227 2189 3264 num
2237 3219 2476 3263 ηοεπυπι
2525 3205 2886 3260 τιιεοάηςίωη
2908 3249 2920 3269 ’
2978 3203 3129 3270 cuius
3168 3215 3290 3269 erga
3348 3213 3433 3252 me
3493 3198 3640 3250 favor

377 3293 492 3363 Ego
518 3308 565 3344 vi
586 3305 647 3346 ro
673 3290 846 3346 solita:
871 3288 1205 3343 verecundia:
1229 3293 1475 3357 ignavum
1499 3300 1710 3355 quoque
1734 3285 1954 3355 jungam

378 3383 668 3450 timorem,
693 3393 749 3437 et
781 3379 974 3435 litteris
1003 3382 1106 3434 tuis
1143 3394 1296 3448 agam
1345 3379 1574 3447 gratias,
1601 3392 1718 3444 quae
1747 3391 1830 3430 me
1859 3376 1956 3429 dc—

378 3477 553 3546 posita
594 3475 733 3544 juris
775 3483 830 3529 et
878 3473 1173 3528 amicorum
1205 3473 1419 3534 fiducia,
1448 3472 1514 3525 ad
1543 3472 1781 3526 omnium
1822 3469 1960 3539 inju-

378 3571 582 3624 riarum
610 3568 883 3623 silentium
919 3565 1287 3622 cohortantur.
1321 3565 1464 3620 Vale.

947 3677 1160 3734 EPIS’I‘.
1201 3677 1394 3734 XXIX.

740 3783 1052 3827 ειιιιιιοιιυι
1089 3786 1347 3825 FLAVIANI
1385 3785 1600 3826 ευτιιι.

455 3862 562 3920 Pro
593 3862 813 3935 eptlmis
843 3862 971 3917 viris
1020 3862 1264 3932 quisquis
1305 3862 1626 3928 intervenit,
1659 3875 1763 3916 non
1793 3861 1963 3933 magis

380 3963 596 4018 illorum
619 3959 828 4015 videtur
844 3959 1033 4030 juvare
1061 3959 1425 4024 commodum,
1456 3972 1611 4027 quam
1637 3973 1787 4011 suum
1810 3973 1958 4013 com-

381 4053 640 4110 mendare
671 4051 952 4122 judicium.
998 4049 1176 4117 Quare
1223 4050 1403 4114 ineo,
1447 4050 1588 4118 quod
1633 4050 1811 4106 fratris
1858 4050 1961 4104 mei

381 4145 600 4201 Maximi
627 4143 892 4200 desideria
914 4143 1108 4200 litteris
1125 4157 1439 4213 prosequor.
1459 4157 1564 4197 non
1595 4153 1698 4196 Iam
1725 4143 1795 4196 ilEi
1821 4144 1960 4204 usui,

381 4252 545 4308 quam
577 4235 707 4290 mihi
731 4234 874 4289 laudi
905 4242 1007 4289 est.
1035 4234 1131 4288 Est
1149 4236 1293 4288 enim
1317 4237 1420 4287 vita
1445 4243 1499 4288 et
1512 4236 1810 4287 eruditione
1829 4233 1962 4288 Iibe-

380 4328 574 4386 ralium
597 4327 1000 4396 disciplinarum
1029 4324 1230 4393 pariter
1245 4324 1491 4392 insignis,
1521 4339 1691 4393 neque
1715 4324 1807 4378 ulli
1832 4339 1962 4394 prae-

380 4422 639 4477 stantium
679 4419 1118 4490 philos0phorutn
1158 4417 1454 4480 secundus,
1484 4432 1545 4472 ac
1570 4428 1852 4486 prOpterea
1877 4427 1964 4472 tua

381 4511 749 4568 familiaritate
773 4509 1140 4578 dignissimus.
1177 4508 1346 4578 Cujus
1378 4509 1471 4562 tibi
1517 4509 1725 4577 negotia
1750 4523 1872 4563 cum
1916 4511 1967 4563 in

382 4620 499 4659 rem
526 4603 724 4659 missus
772 4601 1088 4669 absolverit,
1130 4616 1318 4671 quaeso
1362 4615 1420 4655 ut
1460 4603 1815 4666 humanitate,
1859 4618 1965 4672 qua

380 4699 562 4752 clarus
590 4711 687 4762 es,
710 4694 887 4764 justas
919 4694 1208 4764 petitiones
1237 4695 1515 4764 ingravate
1554 4693 1756 4748 auxilio
1781 4708 1965 4763 prose-

381 4789 590 4861 quaris.
629 4787 779 4844 Vale.

969 4856 1184 4914 EPIST.
1223 4855 1395 4912 XXX.

760 4964 1070 5005 εῖιιιοιιυε
1101 4963 1365 5004 πιλνιλιιο
1395 4963 1612 5003 FRATRI.

459 5043 575 5110 Quo
599 5041 780 5096 animo
821 5039 1121 5110 acceperim
1160 5040 1441 5095 Sieiliense
1476 5041 1745 5110 negotium
1785 5041 1969 5094 vulne-

387 5150 585 5201 ratum.
631 5137 788 5193 facile
821 5136 1127 5206 conjectas,
1170 5133 1262 5207 qui
1299 5148 1387 5191 me
1423 5137 1640 5191 noveris
1684 5137 1734 5190 in
1778 5135 1972 5190 alienis

389 5252 602 5307 quoque
627 5233 986 5306 judicatorum
1018 5232 1300 5302 iniquitate
1345 5232 1596 5288 morderi.
1636 5233 1775 5299 Quin
1809 5234 1970 5287 etiam

388 5327 596 5384 consilii
640 5325 995 5395 imprudentis
1044 5340 1069 5375 a
1112 5334 1164 5378 te
1201 5338 1397 5394 arguor
1429 5323 1500 5378 ob
1534 5324 1754 5378 amissa.
1806 5324 1972 5377 [lecte

391 5419 527 5487 agis.
555 5417 664 5471 Cur
691 5416 834 5469 enim
862 5415 1074 5484 speravi
1115 5415 1498 5468 contumeliam
1545 5413 1682 5467 sacri
1722 5413 1968 5468 auditorii

394 5509 809 5561 vindicandam?
849 5507 958 5562 Cur
989 5510 1053 5561 de
1084 5508 1271 5561 amicis
1309 5507 1546 5574 legitima
1587 5515 1642 5560 et
1667 5505 1804 5574 justa
1841 5522 1973 5573 prm-

393 5603 643 5667 sumpsi?
695 5601 761 5654 Et
797 5616 902 5667 quo
931 5600 1127 5653 redacti
1160 5600 1384 5653 sumus?
1425 5598 1691 5654 Iustitiam
1747 5600 1971 5666 perdidi,

395 5696 520 5748 dum
555 5705 804 5764 exspecto
840 5694 1144 5748 vindictam.
1193 5692 1306 5747 iam
1348 5693 1505 5759 illud,
1547 5707 1653 5760 quo
1699 5704 1850 5760 ρ.ιςι‹›
1892 5692 1967 5744 di-

397 5786 562 5850 luam,
599 5786 730 5853 quod
760 5786 959 5842 Probus
987 5787 1161 5841 mitior
1182 5785 1472 5850 iudicatur,
1499 5799 1585 5852 qui
1621 5785 1669 5838 in
1709 5783 1962 5852 pr.cjudi-

2062 3298 2208 3363 fecit,
2244 3309 2299 3352 ut
2328 3297 2529 3366 aliquid
2562 3297 2776 3351 interim
2803 3294 3085 3350 moliretur
3107 3293 3326 3346 invidia.
3368 3290 3482 3343 Non
3512 3300 3640 3357 puto

2062 3392 2215 3445 bonis
2241 3390 2568 3460 tcmporibns
2592 3403 2710 3443 eam
2736 3402 2914 3443 causa:
2943 3401 3079 3440 mea:
3108 3384 3472 3439 conditionem
3502 3380 3640 3433 futu-

2063 3499 2207 3547 ram;
2230 3498 2351 3552 qua:
2371 3482 2472 3536 sub
2499 3489 2726 3552 tyranno
2748 3480 2875 3544 fuit,
2917 3479 3070 3546 cujus
3098 3476 3288 3530 litteris
3317 3476 3382 3528 ad
3416 3474 3638 3527 Marcel-

2063 3577 2155 3629 lini
2184 3577 2582 3644 snggestionem
2611 3574 2749 3627 datis
2779 3573 3021 3627 homines
3045 3584 3195 3623 meos
3223 3569 3326 3622 scis
3349 3582 3469 3621 esse
3500 3567 3637 3617 ntul-

2064 3677 2225 3722 tatos.
2262 3664 2416 3733 Quod
2445 3666 2498 3721 in
2521 3664 2827 3735 panegyrici
2850 3661 3164 3718 defensione
3187 3674 3290 3716 non
3309 3655 3639 3714 tacui.Vale.

2618 3799 2829 3855 EPIS'I’.
2873 3797 2965 3853 XX
2978 3796 3090 3855 XII.

2435 3928 2746 3970 ειΙιιΑοιιυε
2775 3929 3030 3969 ηΑνιΑιιο
3056 3928 3265 3968 FIATBI.

2139 4044 2346 4100 Reddet
2383 4044 2476 4098 tibi
2518 4045 2725 4099 litteras
2763 4060 2949 4110 meas,
2995 4049 3082 4114 qui
3123 4055 3238 4098 tuas
3285 4041 3416 4096 mihi
3463 4039 3646 4094 debuit

2066 4136 2347 4192 exhibere.
2377 4133 2559 4204 Neque
2580 4136 2722 4188 enim
2744 4134 2930 4189 eadem
2955 4135 3106 4190 nobis
3136 4131 3329 4186 silentii
3346 4132 3644 4192 excusatio,

2067 4243 2186 4295 qua:
2214 4224 2308 4279 tibi
2336 4223 2594 4291 suppetit.
2632 4223 2710 4279 Te
2756 4223 3030 4293 multiplex
3067 4234 3280 4276 actuum
3308 4221 3642 4292 publicorum

2069 4319 2220 4373 turba
2249 4317 2640 4380 circumsonat;
2665 4330 2765 4386 ego
2789 4315 2856 4369 ab
2873 4315 3122 4368 omnibus
3150 4314 3376 4383 negotiis
3404 4311 3642 4370 feriatus.

2071 4413 2222 4465 triste
2252 4410 2422 4464 otium
2470 4417 2606 4462 tero.
2664 4405 2728 4460 Et
2771 4406 2910 4474 quod
2949 4405 3022 4459 tui
3065 4406 3286 4458 honoris
3324 4404 3495 4472 gratia
3522 4414 3648 4457 ante

2082 4506 2366 4568 faciebam,
2397 4519 2539 4557 nunc
2570 4515 2689 4555 meo
2715 4515 2935 4554 assumo
2959 4499 3171 4553 solatio.
3208 4499 3433 4551 Levalur
3451 4500 3646 4565 quippe

2075 4594 2391 4666 a'gritudiue
2419 4591 2876 4661 animus,quotics
2903 4590 2957 4643 in
2981 4590 3157 4644 officia
3181 4590 3349 4642 amica
3381 4588 3644 4656 dirigitur.

2072 4689 2154 4744 Me
2179 4703 2244 4744 ex
2272 4702 2430 4749 vero,
2462 4700 2568 4739 non
2602 4685 2668 4736 ad
2695 4685 2919 4753 gloriam
2948 4683 3123 4752 loqui,
3165 4682 3399 4737 secessio
3430 4695 3550 4735 mea
3574 4691 3646 4734 le-

2071 4782 2168 4836 stis
2196 4790 2300 4837 est.
2329 4779 2458 4832 Nam
2488 4793 2609 4832 cum
2637 4777 2828 4832 dolore
2856 4776 3072 4831 saucius
3099 4785 3383 4829 :estuarem
3413 4815 3427 4836 ,
3465 4774 3648 4828 sedem

2072 4872 2306 4928 dominae
2336 4870 2637 4925 communis
2665 4869 2902 4938 parentis
2931 4867 3081 4937 quasi
3117 4866 3296 4920 fanum
3322 4864 3533 4933 aliquod
3560 4863 3648 4916 Dei

2073 4962 2323 5017 salutaris
2365 4960 2589 5015 accessi.
2632 4960 2782 5013 Nunc
2817 4958 2938 5024 ejus
2976 4957 3205 5011 consilio
3240 4956 3435 5009 vulnus
3472 4969 3650 5010 meum

2075 5057 2126 5111 in
2153 5055 2454 5112 cicatricem
2479 5056 2751 5109 convenit.
2777 5051 2922 5106 Illius
2941 5051 3223 5120 acquiesco
3247 5049 3482 5110 monitis.
3511 5045 3653 5102 illius

2072 5163 2174 5215 ope
2199 5146 2429 5214 respiro.
2459 5145 2660 5198 Adsunt
2686 5145 2852 5198 etiam
2878 5153 3089 5197 caetera
3108 5139 3440 5196 venerabiles
3470 5153 3654 5193 umes-

2075 5238 2338 5292 sitndiues
2379 5245 2483 5289 tua:
2515 5253 2528 5288 :
2577 5245 2633 5289 et
2680 5234 2820 5304 quod
2859 5248 2944 5288 nte
2987 5249 3098 5302 prae
3131 5232 3345 5287 caeteris
3371 5231 3540 5298 juvat,
3578 5228 3654 5282 tui

2077 5330 2316 5397 quotidie
2363 5327 2612 5382 blandam
2654 5325 3221 5380 commemorationem
3261 5337 3440 5377 sermo
3476 5333 3652 5376 noster

2079 5430 2313 5474 ι-ιιθτοι-ι.
2349 5420 2460 5486 Qua
2494 5420 2558 5473 de
2593 5433 2650 5473 re
2679 5418 2818 5472 inter
2846 5417 3153 5484 Campania!
3194 5417 3451 5469 terminos
3488 5413 3656 5477 major

2079 5528 2201 5582 pars
2225 5511 2425 5567 :cstatis
2448 5511 2779 5580 agitabatur;
2811 5509 3024 5577 quando
3051 5517 3106 5562 et
3140 5505 3418 5575 priescntia
3465 5504 3656 5570 placet.

2079 5613 2132 5658 ct
2161 5619 2221 5658 ea
2250 5602 2485 5657 conditio
2509 5612 2586 5657 est
2613 5602 2819 5667 patriai,
2845 5608 2902 5653 ut
2924 5601 3012 5668 qui
3037 5599 3248 5654 excludi
3271 5613 3366 5664 per
3388 5593 3658 5660 improbos

2084 5707 2382 5762 pussultllls,
2438 5695 2626 5748 abesse
2667 5692 2880 5748 interim
2922 5689 3065 5746 velut
3107 5706 3170 5745 ex
3208 5697 3391 5744 nostro
3436 5683 3662 5739 arbitrio

2084 5784 2387 5840 debeamus.
2427 5783 2569 5835 Vale.
