4218 6440
1169 411 1382 468 ΕΗθΤ.
1413 411 1652 466 XXXIII.

1001 522 1305 562 5\'\I\1LCIIUS
1337 522 1433 560 FLA
1445 523 1462 552 \
1477 519 1602 560 IANO
1633 514 1852 558 ΐιιτκι.

694 600 903 660 Ilelatio
938 605 1032 655 ι’.ιί
1077 602 1387 672 spectabilis
1427 599 1610 655 fratris
1643 596 1812 652 nostri
1851 592 2036 650 vicarii
2073 590 2209 645 indi-

618 699 878 766 gnitatem
909 694 1235 764 deprehensi
1270 691 1493 749 sceleris
1536 691 1840 759 eloquetur.
1887 685 2062 754 Atque
2091 683 2213 736 ideo

620 803 729 845 non
773 798 860 845 est
903 803 1147 853 necesse,
1193 795 1255 842 ut
1281 786 1426 841 dictu
1457 793 1512 839 et
1555 782 1738 840 auditu
1784 778 1987 835 nefaria
2029 787 2213 832 noster

618 896 801 938 sermo
824 889 1120 938 recenseat.
1149 880 1320 935 Unum
1357 886 1445 933 est
1481 875 1624 947 quod
1646 887 1764 930 mea
1792 871 2002 943 petitio,
2028 877 2084 926 et
2109 882 2214 923 ctu-

621 987 860 1030 terorum
893 983 1012 1029 vota
1034 975 1364 1039 de-iderant,
1394 984 1451 1027 ut
1481 987 1578 1040 pro
1602 969 1810 1041 justitia
1860 978 1948 1022 tua
1985 967 2212 1020 inultum

622 1084 745 1124 esse
771 1084 877 1123 non
907 1072 1075 1132 sinas,
1110 1068 1249 1136 quod
1275 1066 1529 1134 exemplo
1556 1063 1929 1134 gravissimum
1953 1058 2078 1123 erit,
2107 1057 2211 1112 nisi

623 1178 788 1218 ausus
816 1164 1044 1217 aliorum
1076 1162 1367 1216 vehemens
1401 1173 1555 1226 pruna
1598 1154 2002 1223 compressi-rit.
2049 1151 2212 1208 Fama

623 1266 727 1322 est,
763 1255 1064 1325 Ampeliun.
1091 1263 1141 1309 et
1170 1251 1428 1320 quosdam
1459 1252 1597 1305 alios
1624 1251 1692 1303 de
1716 1246 1967 1304 Sardinia
1991 1287 2004 1306 .
2036 1254 2093 1298 nt
2129 1258 2216 1295 as-

621 1347 843 1410 seritur,
867 1357 1150 1402 senatores
1181 1345 1232 1398 in
1261 1345 1464 1399 crimen
1486 1341 1768 1404 adductos,
1800 1338 1978 1394 forum
2000 1349 2217 1405 compc-

626 1454 746 1494 tens
772 1438 1065 1493 observare
1087 1437 1434 1506 praeceperis.
1470 1435 1580 1489 Ilus
1605 1445 1746 1486 nunc
1777 1429 1938 1484 audio
1966 1430 2032 1481 ad
2069 1425 2214 1480 aliud

623 1535 878 1604 judicium
901 1548 1026 1590 esse
1056 1533 1363 1588 translatus.
1393 1531 1572 1598 Quare
1601 1528 1645 1584 si
1675 1528 1792 1596 ipse
1823 1528 1892 1580 ita
1915 1540 1945 1578 a
1971 1533 2026 1580 te
2056 1521 2217 1578 remi-

626 1628 852 1682 uisceris
874 1626 1170 1698 judicatum
1195 1643 1211 1689 ;
1244 1639 1456 1695 :equum
1485 1637 1607 1681 esse
1628 1622 1864 1678 arbitror
1881 1659 1898 1685 ,
1923 1628 1981 1675 ut
2003 1616 2216 1674 statutis

628 1728 736 1780 tuis
757 1725 948 1782 adesse
978 1724 1234 1795 digneris.
1261 1722 1416 1778 Vale.

1174 1812 1391 1870 EI’lST.
1432 1810 1672 1874 XXXIV.

1003 1924 1030 1964 8
1040 1922 1316 1963 ιἰιιιισιιιιε
1343 1919 1606 1961 ηινιιιιο
1631 1915 1850 1958 FRATRI.

705 2002 982 2058 Adornare
1014 2011 1066 2054 te
1097 1999 1351 2062 reditum,
1374 2000 1516 2068 quod
1545 2010 1698 2051 sacra
1725 1994 1893 2050 Deum
1921 1994 2109 2048 matris
2129 2006 2220 2063 ap-

633 2107 896 2169 peletcul,
927 2093 1248 2150 arbitrabar.
1280 2092 1360 2146 Tu
1389 2092 1442 2146 in
1471 2091 1578 2146 diei
1599 2090 1754 2144 unius
1782 2090 1883 2144 iter
1905 2098 2213 2158 promoves,

634 2205 837 2260 nosque
882 2195 938 2244 et
977 2186 1202 2256 patriam
1232 2193 1352 2255 post
1385 2194 1588 2247 tergum
1619 2179 1898 2252 relinquis.
1928 2177 2129 2244 Illude,
2159 2183 2221 2231 ut

631 2284 735 2347 vis,
758 2281 1053 2336 amicorum
1081 2276 1318 2333 facilitati
1342 2293 1356 2330 :
1393 2289 1530 2347 quos
1554 2273 1600 2330 si
1631 2275 1748 2330 limo
1776 2271 2048 2328 morderet
2076 2269 2219 2337 inju-

632 2375 734 2439 ria,
757 2377 809 2429 in
840 2375 1008 2429 vicem
1037 2371 1190 2427 malae
1216 2371 1404 2442 gratia:
1430 2369 1626 2424 saltem
1650 2367 1842 2423 litteris
1863 2364 2218 2420 abstinerent.

633 2463 785 2520 Nunc
826 2479 954 2519 vero
996 2461 1191 2517 oflieiis
1229 2463 1530 2515 meleemus
1569 2457 1887 2521 abeuntem,
1934 2465 1990 2510 et
2025 2452 2219 2509 blanda

633 2559 818 2612 animo
871 2565 963 2613 ttto
1004 2557 1245 2612 fomenta
1290 2555 1646 2626 suggerimus,
1697 2566 1820 2608 eum
1870 2559 1926 2604 ιιι
1973 2548 2223 2604 omnibus

631 2666 814 2706 curam
846 2649 924 2703 rei
962 2649 1241 2703 familiaris
1267 2648 1558 2702 anteferas.
1617 2642 1751 2699 Nam
1787 2641 2090 2700 recordaris
2121 2641 2223 2694 ltoe

635 2752 688 2798 te
738 2741 1050 2812 prtefamiue
1095 2739 1381 2808 epistolam
1439 2737 1723 2792 texuisse:
1777 2732 1931 2788 Nihil
1957 2734 2050 2787 hac
2071 2742 2224 2787 etate

633 2835 954 2888 irai-laridum
979 2833 1184 2901 pensius
1211 2829 1498 2886 domesticis
1528 2830 1699 2881 rebus.
1743 2825 1898 2893 Quod
1934 2838 2054 2894 egit,
2094 2824 2221 2878 dum

633 2929 972 2995 contemplor
1002 2940 1190 2980 venam
1234 2935 1444 2977 morum
1497 2931 1734 2982 tuorum,
1780 2918 1893 2973 seio
1936 2915 2064 2972 ludo
2101 2928 2224 2970 esse

633 3029 976 3089 conceptum.
1045 3015 1272 3084 Quando
1338 3015 1481 3070 enim
1547 3009 1846 3068 sublimitas
1894 3008 2090 3078 ingenii
2147 3005 2224 3062 ttti

636 3113 784 3170 curis
810 3114 1090 3168 vilioribus
1116 3108 1462 3167 flecteretur?
1507 3107 1717 3163 Censeo
1757 3104 1916 3175 igitur
1943 3102 2065 3156 aliis
2093 3101 2225 3156 dare

634 3206 799 3262 verba
842 3205 1152 3272 mediteris,
1199 3202 1290 3272 qui
1340 3211 1583 3257 sanetum
1632 3168 1912 3267 penetrale
1940 3193 2104 3249 animi
2147 3193 2222 3246 tui
2249 3168 2297 3232 ο

636 3299 901 3355 nesciunt.
960 3296 1087 3353 Mihi
1139 3310 1246 3350 uno
1291 3308 1494 3366 genete
1538 3289 1857 3352 satisfacies.
1912 3285 1958 3340 si
2009 3283 2228 3341 remotis

637 3391 989 3462 epistularum
1009 3387 1411 3446 defensionibus
1442 3386 1558 3454 ipse
1584 3381 1932 3439 remeaveris.
1964 3377 2115 3434 Vale.

1197 3521 1416 3579 EPIST.
1458 3518 1674 3576 XXXV.

1014 3655 1325 3700 εἵιηλςιιυδ
1349 3652 1612 3695 ιῖιΑιΊΑιιο
1635 3651 1854 3693 ηΑ-τιιι.

713 3760 830 3830 Ego
866 3771 1081 3828 quoque
1117 3756 1173 3812 in
1219 3753 1504 3811 scribendo
1546 3750 1773 3807 formam
1804 3746 2085 3804 vetustatis
2111 3758 2229 3798 aut-

647 3852 877 3919 pleetor,
925 3848 1190 3920 nimisque
1238 3847 1436 3911 miror,
1487 3843 1628 3914 quod
1667 3840 1798 3896 mibi
1838 3839 2038 3895 Lbrarii
2076 3851 2230 3893 error

568 3936 571 3939 ’
641 3945 974 4011 obrepset-it;
1019 3943 1107 4012 qui
1155 3940 1345 3994 solitus
1391 3936 1637 4008 epistolis
1681 3934 1816 3990 meis
1853 3933 2070 3988 nomina
2115 3930 2228 3985 sola

643 4049 960 4103 praeponere
979 4077 994 4096 .
1032 4047 1185 4089 usum
1212 4031 1512 4100 simplicem
1538 4025 1751 4083 novella
1779 4024 2084 4096 adjectione
2113 4035 2230 4077 mu-

643 4129 794 4184 tavit.
819 4129 925 4185 Sed
953 4127 1003 4182 id
1033 4127 1208 4198 potius
1234 4140 1362 4180 casu
1383 4166 1399 4189 ,
1436 4139 1596 4194 quam
1634 4120 1885 4176 consulto
1926 4117 2128 4173 factum
2167 4116 2232 4171 li-

642 4221 845 4291 qni-bit,
868 4221 911 4276 si
941 4218 1261 4283 recorderis,
1282 4231 1430 4287 sirpe:
1446 4217 1590 4269 iores
1605 4225 1881 4283 nunquam
1907 4210 2063 4265 istius
2085 4207 2232 4264 modi

645 4315 800 4367 lilttln
829 4311 1125 4366 sorduEsse.
1159 4310 1226 4364 Et
1245 4319 1422 4364 tamen
1457 4317 1726 4374 utcunque
1752 4317 1838 4358 res
1864 4300 2079 4366 accidit,
2111 4314 2231 4369 gra—

647 4407 790 4458 tulor
813 4405 933 4460 novi
959 4402 1161 4473 aliquid
1182 4402 1443 4466 oblatum,
1473 4399 1615 4471 quod
1645 4414 1732 4453 me
1752 4414 1782 4453 a
1804 4397 1966 4454 solito
2007 4411 2229 4467 respon-

646 4497 808 4552 dendi
839 4510 1036 4565 genere
1076 4493 1393 4548 vindicaret.
1431 4491 1724 4560 Quousque
1767 4489 1909 4544 enim
1950 4487 2142 4542 dandas
2170 4501 2235 4540 ac

647 4556 938 4643 toddetula:
981 4586 1288 4642 salutationi
1320 4556 1485 4641 verba
1514 4556 1929 4644 lilaterabimus,
1966 4594 2090 4635 eum
2127 4580 2231 4633 alia
2263 4556 2315 4617 Ῑ)

645 4681 790 4749 ston
817 4679 1036 4734 materia
1066 4692 1173 4732 non
1204 4675 1488 4748 suppetat?
1516 4674 1584 4729 At
1622 4673 1750 4728 oliiu
1789 4681 2041 4742 parentes
2072 4670 2232 4726 etiam

647 4773 835 4844 patria!
865 4773 1098 4844 negotia,
1127 4787 1197 4842 qu
1216 4789 1245 4824 e
1273 4785 1415 4826 nunc
1443 4781 1688 4835 augusta,
1717 4768 1804 4823 vel
1829 4765 1974 4822 nulla
2004 4772 2150 4830 sunt,
2181 4763 2234 4818 in

651 4868 943 4923 familiares
965 4866 1183 4937 paginas
1207 4862 1576 4921 conferebant.
1602 4863 1656 4917 Id
1680 4860 1805 4930 quia
1825 4859 1965 4917 versi
1983 4857 2049 4913 ad
2068 4859 2236 4913 Otium

654 4961 815 5014 rebus
840 4957 1145 5022 omisimus,
1187 4953 1450 5026 captanda
1474 4963 1600 5007 sunt
1631 4953 1787 5007 nobis
1815 4952 2128 5021 plerumque
2153 4950 2238 5002 in-

653 5063 854 5106 tentata
906 5049 1179 5106 scribendi
1225 5049 1451 5113 semina,
1504 5062 1625 5117 quat
1673 5046 1946 5102 fastidium
1995 5050 2241 5114 tergeant

653 5145 983 5217 generalium
1015 5142 1335 5198 litterarum.
1368 5140 1512 5196 Juvit
1541 5140 1702 5209 igitur
1732 5152 1821 5193 me
1853 5137 2032 5206 culpa,
2079 5151 2238 5206 quam

652 5236 820 5300 dclui,
847 5242 902 5289 et
922 5234 968 5287 si
997 5249 1105 5289 non
1127 5234 1283 5289 fallor
1303 5273 1317 5298 ,
1355 5233 1444 5287 tibi
1473 5245 1686 5301 quoque
1714 5231 1856 5284 viam
1883 5228 2034 5284 dedit
2074 5227 2236 5283 inusi-

654 5340 761 5386 tata
786 5327 1077 5387 referendi.
1115 5326 1266 5380 Vale.

1195 5417 1412 5475 ιζιιιδτ.
1459 5415 1697 5472 XXXVI.

1009 5527 1316 5569 εϊιιιιιειιυε
1355 5526 1618 5566 ηινιιιιο
1664 5525 1880 5565 ιἰιιιτιιι.

730 5609 876 5680 Ergo
904 5606 1038 5662 adeo
1066 5605 1442 5675 complacitum
1472 5614 1555 5658 est
1596 5602 1869 5656 communi
1906 5601 2108 5669 parenti
2135 5643 2146 5656 .
2186 5608 2242 5652 ut

657 5709 713 5755 te
745 5701 974 5771 longius,
1029 5713 1187 5766 quam
1218 5695 1410 5751 vcilv-m
1443 5737 1451 5758 ,
1506 5710 1732 5748 necesse
1761 5703 1830 5748 sit
1855 5693 1906 5746 di
1927 5691 2126 5746 titttzri‘?
2159 5695 2240 5747 λιι

662 5796 759 5854 tibi
785 5796 1112 5848 ut'ltattot'un't
1144 5803 1284 5846 tanta
1323 5790 1496 5844 \‘i'ai'w
1532 5799 1632 5848 est.
1678 5800 1732 5842 ut
1775 5789 2240 5858 CXlet'L'iililUfil'ill

1793 297 1853 364 ρ.
1899 288 2254 349 Αιῖιιειιυδ
2291 283 2728 342 SYMMACIIUS.

2240 399 2286 458 Α
2317 411 2492 450 meam
2521 396 2605 468 pia
2627 395 2946 451 causatione
2972 395 3291 453 frttstrcris?
3338 397 3398 452 Et
3433 412 3619 454 revera
3653 399 3780 454 mihi
3814 401 3901 456 liic

3797 284 3904 349 188

2314 498 2514 560 agitur,
2560 501 2652 546 aut
2690 489 2926 555 dicitur,
2968 490 3110 560 quc-il
3141 491 3310 545 bonus
3333 491 3564 556 animus,
3601 502 3653 546 et
3689 493 3899 549 sincera

2317 591 2507 636 natura
2534 583 2704 648 possit
2734 581 3006 650 amplecti.
3044 581 3152 638 Sed
3199 592 3465 651 utcunque
3508 586 3606 638 ista
3654 593 3806 648 sunt.
3852 584 3902 640 si

2316 673 2502 729 Roma:
2531 688 2744 744 ageres,
2803 673 2950 728 aditu
2981 673 3120 728 inter
3149 686 3247 727 nos
3267 683 3452 728 mtuo
3482 677 3709 731 fortasse
3744 675 3901 731 mite-

2316 774 2551 821 scerent.
2586 763 2738 820 Nunc
2759 766 3040 836 graviores
3063 779 3241 819 rerum
3273 767 3516 821 omnium
3551 765 3900 836 offensiones,

2316 869 2377 913 ut
2404 867 2530 929 pote
2553 859 2723 922 solus.
2745 860 3018 928 experior.
3045 858 3290 929 Exempli
3313 871 3473 914 causa
3499 876 3662 916 unum
3693 863 3900 931 accipe,

2316 953 2386 1008 de
2413 967 2520 1021 quo
2550 952 2760 1019 reliqua
2797 951 3093 1019 coniectos.
3132 951 3456 1006 l‘r.rtestato
3487 962 3672 1008 nostro
3701 969 3894 1008 tuonu-

2319 1055 2557 1100 mentum
2581 1055 2772 1100 statua:
2797 1043 2978 1097 dicare
3003 1042 3271 1098 destinant
3296 1045 3528 1114 virgines
3547 1046 3687 1099 sacri
3714 1045 3892 1101 Vesta-

2321 1137 2387 1192 lis
2413 1136 2703 1192 antistites.
2755 1134 3000 1191 (lonsulti
3051 1135 3348 1201 pontifices,
3399 1139 3708 1207 priusquam
3751 1151 3904 1193 reve-

2319 1229 2544 1284 rentiam
2573 1227 2821 1284 sublimis
2853 1226 3165 1295 sacerdotii,
3197 1237 3290 1283 aut
3315 1229 3487 1295 longa:
3518 1229 3695 1282 :ctatis
3725 1243 3898 1297 usum,

2318 1323 2402 1378 vel
2449 1321 2817 1378 conditionem
2870 1323 3130 1389 temporis
3181 1322 3460 1388 pra-sentis
3499 1321 3902 1391 expenderent;

2318 1416 2520 1486 absque
2551 1414 2754 1484 paucis,
2785 1414 2875 1486 qui
2900 1430 2987 1471 me
3014 1415 3184 1470 secuti
3216 1424 3340 1469 sunt
3361 1457 3377 1481 ,
3419 1426 3479 1470 ut
3507 1416 3624 1485 ejus
3667 1416 3902 1470 officium

2318 1521 2638 1572 statuerent,
2665 1517 2991 1563 annuerunt.
3031 1509 3162 1577 Ego,
3190 1509 3282 1578 qui
3316 1507 3679 1574 adverterent,
3727 1525 3902 1579 neque

2321 1601 2589 1657 honestati
2624 1598 2890 1669 virginum
2922 1599 3046 1653 talia
3073 1601 3126 1652 in
3155 1598 3303 1655 viros
3319 1601 3574 1670 onst-quia
3591 1600 3902 1664 convenire,

2321 1710 2496 1766 neque
2525 1707 2682 1748 more
2702 1691 2842 1758 fieri,
2871 1689 3015 1760 quod
3039 1691 3207 1747 Numa
3236 1701 3448 1762 auctor,
3495 1691 3744 1749 Metellus
3770 1707 3905 1748 eon-

2245 1784 2565 1844 Bservator
2615 1783 2958 1854 religionum,
3009 1797 3308 1853 omnesque
3358 1781 3637 1852 pontifices
3685 1785 3904 1838 maximi

2319 1892 2593 1949 nunquam
2641 1886 2770 1932 ante
2817 1886 3178 1933 meruerunt:
3231 1876 3346 1932 base
3383 1876 3601 1946 quidem
3647 1875 3790 1943 silui,
3837 1894 3906 1933 tie

2318 1986 2596 2030 sacrorum
2625 1968 2835 2025 aemulis
2859 1969 3133 2025 enuntiata
3161 1984 3353 2022 nosam
3384 1977 3656 2037 crearent,
3687 1970 3903 2024 inusita-

2319 2071 2428 2118 tum
2453 2061 2801 2117 censentibus.
2833 2060 3150 2132 Exemplum
3180 2061 3342 2117 modo
3364 2060 3642 2116 vis-indum
3673 2075 3796 2118 esse
3825 2075 3908 2116 re-

2320 2155 2540 2226 scripsi,
2565 2172 2632 2211 ne
2659 2168 2748 2211 res
2763 2155 2910 2222 justo
2929 2165 3045 2209 orta
3067 2154 3358 2224 principio,
3380 2155 3530 2211 brevi
3551 2154 3617 2210 ad
3636 2153 3907 2224 indignos.

2321 2265 2418 2322 per
2438 2249 2696 2306 ambitum
2715 2249 3016 2304 deveniret.
3039 2247 3116 2304 Ne
3141 2247 3358 2316 longum
3381 2247 3588 2319 loquar,
3613 2249 3730 2315 ipsa
3746 2247 3908 2303 verba

2320 2340 2390 2396 ad
2421 2352 2473 2395 Ic
2503 2340 2622 2396 misi
2653 2339 2809 2395 bonis
2838 2339 3094 2408 probata,
3137 2340 3232 2394 sed
3275 2353 3504 2396 numero
3532 2339 3758 2395 fortasse
3787 2341 3908 2395 vino

2321 2435 2527 2502 eenda;
2581 2434 2705 2491 licet
2742 2433 2796 2488 in
2835 2431 3071 2489 decretis
3108 2432 3418 2498 pontiﬁcum
3457 2447 3564 2487 non
3601 2432 3673 2486 sit
3718 2433 3906 2488 eadem

2324 2525 2516 2592 forma,
2549 2538 2670 2596 qua
2705 2526 2873 2580 curia
2895 2531 3000 2580 est.
3043 2523 3151 2580 Sed
3193 2525 3296 2580 hoc
3333 2537 3550 2595 quoque
3579 2525 3722 2592 parvi
3754 2523 3909 2578 faciet

2326 2619 2630 2676 inscientia.
2659 2617 2812 2688 Quod
2842 2618 2886 2672 si
2928 2627 2986 2672 tu
3014 2619 3237 2673 adesses
3258 2659 3274 2682 ,
3309 2617 3534 2672 multum
3560 2617 3789 2672 duomiu
3819 2631 3906 2670 sa-

2324 2711 2469 2768 nitas
2517 2718 2888 2782 promoveret.
2936 2710 3116 2777 Quare
3163 2709 3254 2764 ubi
3307 2710 3538 2778 primum
3586 2723 3651 2764 es
3704 2708 3910 2762 incerto

2325 2802 2500 2859 morbi
2530 2815 2726 2873 parens
2752 2801 3062 2858 communis
3091 2801 3395 2862 ememrit,
3445 2801 3610 2856 redde
3647 2808 3704 2855 te
3753 2797 3904 2861 mihi,

2327 2903 2387 2951 ut
2415 2895 2572 2952 nobis
2602 2896 2895 2965 cquiorem
2937 2895 3062 2951 vitae
3097 2908 3317 2956 cursum
3354 2891 3551 2948 faciant
3597 2889 3913 2964 participata

2325 2987 2540 3044 solatia.
2575 2987 2724 3044 \‘ale.

2870 3055 3086 3115 EPIST.
3129 3054 3272 3112 XXX
3285 3055 3393 3111 VII.

2702 3165 3012 3207 svuuacuus
3041 3156 3306 3204 navium
3333 3162 3549 3205 suum.

2403 3243 2619 3314 Nequeo
2643 3243 2896 3309 definire,
2923 3257 3042 3310 quae
3063 3239 3400 3312 potissimum
3423 3239 3552 3292 mihi
3574 3236 3914 3292 describendt

2333 3337 2506 3392 forma
2533 3336 2843 3392 conveniat.
2903 3333 2976 3388 Ea
3012 3333 3215 3404 quippe
3237 3331 3348 3400 jam
3382 3331 3471 3384 diu
3505 3326 3915 3396 intemperantia

2329 3429 2608 3486 variorum
2632 3442 2946 3493 rumorum;
2977 3436 3037 3481 ut
3065 3440 3242 3494 neque
3264 3425 3516 3494 decipere
3545 3423 3712 3489 falsis,
3745 3436 3917 3491 neque

2331 3521 2628 3578 sollicitare
2665 3521 2812 3577 veris
2857 3517 3262 3574 amantissimos
3304 3516 3411 3573 mei
3463 3515 3713 3571 debeam.
3777 3515 3915 3582 Spes

2332 3623 2536 3678 tamen,
2583 3627 2708 3684 qua:
2751 3625 2931 3667 rerum
2973 3623 3191 3679 semper
3215 3608 3562 3664 adversarum
3608 3605 3916 3676 patientiam

2331 3705 2548 3767 suadet.
2582 3706 2633 3758 in
2660 3711 2776 3758 tuto
2803 3711 2910 3758 est.
2941 3701 3005 3756 Et
3037 3699 3084 3756 si
3109 3699 3311 3770 aliquid
3346 3700 3743 3755 commoditatis
3777 3709 3917 3752 attu-

2334 3798 2478 3865 lerit,
2503 3812 2838 3870 nequaquam
2861 3795 3116 3851 morabor
3138 3793 3296 3852 iudex
3315 3808 3440 3852 esse
3456 3788 3916 3850 meii«rum.Vale.

2849 3927 3065 3986 EPIST.
3113 3925 3401 3983 XXXVIII.

2688 4035 3001 4080 SYIIACMS
3039 4031 3300 4076 ΠΛῚΙΔΙΟ
3338 4032 3557 4073 ηιτιιι.

2408 4138 2527 4196 Filii
2557 4138 2661 4194 mei
2695 4134 2970 4193 Parthenii
2994 4135 3256 4190 adventus
3298 4131 3462 4188 nullis
3503 4129 3743 4201 postulat
3769 4141 3921 4184 com-

2339 4230 2746 4287 niendationum
2790 4227 3076 4282 lenociniis
3105 4224 3372 4294 adjuvari.
3428 4222 3536 4278 Sed
3585 4235 3923 4277 accessurum

2335 4330 2526 4395 gratia:
2552 4321 2836 4384 existimo,
2876 4317 3020 4389 quod
3055 4318 3178 4387 ejus
3217 4316 3528 4387 praecutit
3575 4313 3740 4369 etiam
3777 4325 3925 4366 meus

2337 4435 2518 4477 sermo
2549 4418 2916 4489 coniungitur.
2968 4414 3046 4470 Es
3091 4414 3209 4482 ipso
3251 4411 3436 4466 nouae
3476 4419 3625 4480 gesta
3667 4411 3926 4470 nasi-ets,

2340 4519 2389 4572 ιιι
2409 4526 2465 4572 et
2504 4516 2767 4586 scriptum
2814 4513 2962 4567 fama
3016 4508 3357 4580 prmvenerit.
3411 4505 3596 4574 Neque
3642 4503 3788 4557 enim
3839 4511 3927 4554 ria

2339 4626 2548 4682 suasua:
2587 4618 2648 4666 et
2680 4609 2968 4678 insperatae
3007 4605 3063 4660 in
3101 4611 3314 4659 secreto
3363 4613 3424 4655 se
3465 4613 3588 4654 esse
3631 4596 3928 4665 patiuntur.

2342 4705 2396 4758 In
2422 4703 2617 4758 bonum
2650 4707 2858 4770 partem
2883 4696 3037 4768 plebs
3059 4703 3242 4752 nostra
3274 4701 3444 4747 mutat
3474 4707 3488 4743 :
3521 4688 3653 4743 adeo
3688 4696 3742 4741 ut
3778 4685 3929 4754 jugi-

2343 4808 2425 4852 ter
2454 4793 2836 4852 seditiosorum
2864 4803 3021 4859 plena
3045 4795 3299 4858 poscatur
3317 4827 3333 4847 ,
3370 4793 3423 4835 et
3446 4782 3554 4852 jam
3585 4789 3729 4849 terga
3757 4777 3930 4832 dede-

2344 4889 2456 4942 rint
2499 4883 2817 4940 insolentes.
2863 4881 3041 4936 Multis
3081 4894 3186 4933 non
3228 4889 3363 4947 opus
3402 4881 3504 4930 est.
3554 4870 3738 4941 Neque
3781 4869 3928 4923 enim

2345 4978 2638 5049 quidquam
2683 4973 2973 5031 nartandis
3021 4971 3195 5025 delu-o
3239 4968 3545 5036 derogare,
3596 4964 3687 5030 qui
3746 4974 3928 5015 rerum

2345 5069 2732 5142 plenitudinem
2763 5074 2992 5122 venturo
3019 5063 3084 5118 ad
3126 5076 3220 5116 vos
3244 5059 3407 5114 indici
3444 5053 3736 5114 reservavi.
3774 5050 3926 5107 νη.

2885 5201 3102 5257 EPIST.
3146 5194 3390 5255 XXXIX.

2720 5309 3030 5351 statuamus
3058 5307 3245 5349 ηΑνιΑ
3255 5306 3320 5344 N0
3348 5303 3556 5344 γιιιτιι.

2418 5412 2592 5469 llorns
2620 5408 2998 5482 philosophus,
3034 5406 3138 5460 vita
3183 5412 3345 5472 atque
3394 5398 3696 5455 eruditione
3741 5390 3904 5463 ρι’ωεὶ

2348 5520 2502 5578 pnus,
2551 5504 2660 5574 jam
2696 5502 2786 5555 diu
2817 5499 3149 5554 milti‘carus
3199 5505 3254 5550 et
3291 5496 3498 5546 amicos
3540 5504 3653 5554 est;
3687 5494 3743 5540 et
3791 5484 3932 5539 inter

2350 5599 2518 5667 prima
2551 5606 2794 5652 numerat
2827 5593 2964 5646 dona
3000 5590 3260 5649 fortuna},
3293 5586 3336 5640 si
3378 5582 3597 5653 optimis
3631 5579 3933 5648 quibusque

2344 5702 2611 5763 jungatur.
2647 5688 2878 5742 Studens
2908 5686 3067 5753 igitur
3095 5683 3160 5737 ad
3189 5680 3436 5736 effectum
3464 5672 3794 5731 desiderium
3815 5671 3933 5738 ejus

2348 5783 2633 5840 adducere.
2691 5794 2876 5842 qua-so
2919 5785 2992 5835 te.
3039 5783 3096 5830 ut
3146 5782 3201 5827 et
3247 5770 3328 5826 sui
3373 5768 3548 5824 meriti
3576 5763 3766 5830 gratia,
3799 5769 3852 5815 et
3882 5763 3934 5816 in
