4218 6440
616 293 713 351 I9I

1778 286 1842 357 ρ.
1887 282 2231 345 sunmus
2273 282 2713 343 SYMMACIIUS.

3789 293 3891 348 l9!

610 406 837 473 Humor,
868 404 959 474 qui
1002 403 1209 475 parvuli
1250 402 1418 459 nostri
1449 411 1635 474 pectus
1690 400 1978 457 obsederat
2028 407 2189 470 atque
2218 394 2272 457 Δ
2298 399 2539 453 mandari
2565 415 2579 458 :
2615 400 2744 455 mihi
2771 408 2921 455 tuum
2951 415 3145 479 munus
3173 403 3425 474 iniungis.
3456 404 3659 460 Fruere
3684 406 3889 461 deliciis

609 501 971 572 importunam
996 499 1182 553 tussim
1204 497 1399 562 ciebat,
1425 510 1613 566 magna
1638 503 1787 565 parte
1807 503 2059 549 tenuatus
2079 502 2159 548 est
2179 509 2193 546 :

609 592 791 662 itaque
812 590 1134 664 spiramenta
1164 589 1398 645 faucium
1427 588 1592 643 libera
1622 587 1749 642 nihil
1773 587 1883 657 jam
1911 586 2195 641 stridulum

605 692 825 740 sonant.
875 681 1045 739 Deum
1085 681 1389 753 benignitas
1430 681 1556 736 vclit
1598 693 1907 749 processum
1948 678 2196 734 sanita'is

607 774 731 847 eius
757 776 811 832 in
843 776 1018 832 solido
1046 776 1336 833 collocare.
1386 774 1493 829 Nos
1524 786 1579 828 ut
1612 789 1643 828 a
1671 782 1815 829 metu
1847 772 2193 843 praesentium

607 869 1009 941 respiravitnus,
1039 869 1110 924 ita
1138 876 1264 922 voto
1292 866 1468 921 futura
1496 867 1796 923 munitnus.

1185 979 1403 1035 EPIST.
1443 978 1632 1033 XLIX.

1108 1087 1414 1128 SVIIAORUS
1459 1086 1695 1127 εγωιιιο.

676 1163 927 1222 Scribere
957 1164 1234 1233 hucusque
1268 1179 1375 1218 non
1405 1164 1593 1229 libuit,
1625 1163 2067 1234 obstrepentibus
2094 1163 2197 1217 im-

607 1254 958 1310 becillitatutn
1000 1253 1265 1323 querelis,
1312 1270 1447 1322 quas
1491 1255 1729 1309 indicare
1757 1256 2005 1309 vitamus.
2059 1256 2193 1310 llinc

606 1345 805 1403 factum
840 1356 957 1410 est,
1000 1357 1060 1401 ut
1097 1345 1334 1402 ofticium
1365 1354 1611 1402 nostrum
1655 1357 1744 1401 tua
1788 1348 2023 1418 alloquia
2054 1364 2194 1418 pra:-

606 1438 875 1495 venirent.
925 1438 1213 1509 Postquam
1242 1438 1421 1493 divina
1465 1454 1571 1509 ope
1615 1439 1864 1495 sanitatis
1908 1439 2053 1495 bono
2090 1438 2196 1495 frui

606 1528 891 1597 carpimus,
923 1528 1063 1585 redit
1090 1544 1219 1585 cura
1249 1530 1534 1584 sermonis.
1579 1529 1746 1586 Sume
1777 1530 1935 1601 igitur
1962 1531 2191 1602 litteras,

606 1632 758 1675 seras
776 1619 1017 1689 quidem,
1038 1620 1133 1676 sed
1160 1629 1285 1675 voto
1308 1631 1398 1676 tuo
1423 1630 1477 1675 et
1500 1620 1778 1691 proposito
1800 1632 2191 1694 congruentes:

606 1727 728 1779 qua
759 1722 816 1767 ut
842 1712 935 1768 diu
968 1713 1147 1768 dilatae
1174 1723 1329 1779 sunt,
1379 1712 1452 1769 ita
1494 1712 1821 1771 desiderium
1865 1717 1951 1772 sui
1995 1716 2194 1773 indicio

610 1807 749 1864 nteIL
774 1823 833 1865 re
860 1810 1182 1877 pensabuttt.
1211 1808 1359 1864 Vale.

1238 1902 1457 1960 EPIST.
1500 1902 1560 1958 L.

962 2007 1275 2049 ιηιιοιιυς
1312 2011 1412 2050 ηΑ
1423 2009 1581 2050 τιλκο
1619 2010 1835 2050 FRATRI.

683 2086 789 2143 Iter
823 2088 875 2141 iu
924 2088 1151 2156 patriam
1197 2088 1303 2143 diis
1350 2087 1655 2158 auspicibus
1700 2088 1997 2157 ordiemur,
2047 2090 2190 2161 quod

608 2178 706 2234 tihi
751 2188 804 2235 et
849 2191 975 2235 ante
1021 2188 1355 2249 compertum
1402 2192 1507 2235 est.
1561 2180 1667 2237 Sed
1717 2180 1905 2253 religio
1952 2184 2191 2250 monuit,

608 2280 666 2326 ιιι
694 2271 800 2329 dici
833 2286 1046 2342 quoque
1068 2272 1271 2327 certior
1310 2271 1637 2327 reddercris.
1686 2271 1819 2327 Cras
1860 2274 2023 2343 igitur
2053 2277 2187 2328 tiam

608 2363 761 2419 nobis
789 2364 938 2419 disce
969 2363 1305 2436 relegendam
1372 2363 1436 2419 Et
1461 2364 1581 2433 quia
1614 2364 1863 2431 promissi
1894 2369 2190 2421 servantim-

608 2458 778 2513 simus
802 2472 894 2521 es,
937 2456 1020 2514 fac
1049 2456 1364 2514 memineris
1391 2456 1457 2512 ad
1483 2458 1754 2528 publicum
1780 2457 2027 2514 solemne
2054 2473 2188 2514 cun-

606 2550 849 2609 tendere.
876 2550 1028 2608 Vale.

1216 2619 1437 2676 EPIST.
1477 2620 1567 2679 LI.

965 2729 1278 2773 ενιελοιιυι
1314 2731 1579 2772 νιηιικο
1617 2732 1828 2774 FRATRI.

677 2806 972 2863 Emiserant
1004 2809 1152 2879 prior
1173 2810 1451 2879 scriptum,
1473 2808 1615 2879 quod
1648 2810 1700 2865 in
1732 2824 1920 2865 manus
1946 2819 2063 2867 tuas
2086 2809 2187 2865 du-

603 2898 731 2954 dum
756 2913 1023 2968 prcs'tmo
1042 2901 1277 2958 venisse.
1305 2898 1350 2955 II
1367 2899 1456 2956 Iud
1480 2902 1705 2957 multum
1730 2904 1991 2971 processit
2014 2902 2185 2970 horzr,

2224 1770 2273 1831 Β

2296 491 2549 560 copiosis.
2581 490 2686 547 Nos
2712 493 2961 548 mandata
2986 498 3223 550 curaturi
3248 512 3454 551 sumus.
3483 497 3589 553 Sed
3617 511 3888 553 tttetncntu

2297 587 2502 641 exactis
2530 584 2676 640 feriis
2702 586 2991 656 participes
3014 586 3193 641 facere
3217 589 3439 642 luxuria:
3462 599 3585 655 tuas,
3608 605 3744 659 quos
3766 599 3855 644 tan

2298 685 2484 747 tepere
2513 677 2763 733 laborasti
2793 687 3075 733 consortes
3104 677 3301 735 habere
3322 678 3538 750 jejunii.
3564 681 3714 736 Vale.

2898 791 3114 849 EPIST.
3159 792 3291 847 LIV.

2663 902 2967 940 SHHIACIIUS
3004 901 3265 941 FLAVIANO
3303 903 3517 942 FRATRI.

2370 974 2615 1032 Cratiosa
2658 987 2741 1032 est
2782 978 3148 1046 cxpostulatio
3194 995 3313 1047 qnze
3360 977 3587 1047 requirit
3622 978 3881 1036 officium.

2297 1070 2401 1125 Sed
2434 1086 2555 1124 cum
2601 1071 2653 1124 in
2700 1070 2988 1126 scribendo
3032 1088 3304 1141 nunquam
3346 1074 3573 1127 resident
3621 1077 3882 1143 gesserim

2298 1163 2655 1227 voluntatem,
2690 1162 2887 1217 frustra
2931 1163 3189 1231 neglectae
3222 1162 3598 1218 familiaritatis
3635 1179 3876 1220 accusor.

2301 1255 2434 1312 Utor
2462 1254 2513 1309 in
2544 1269 2606 1308 ca
2639 1270 2695 1309 re
2726 1243 3036 1309 testimonio
3078 1255 3353 1308 hominum
3399 1267 3636 1319 tuorum,
3661 1256 3750 1325 qui
3779 1256 3881 1309 du-

2295 1347 2424 1404 dum
2456 1349 2554 1402 sibi
2598 1347 2877 1417 cpismlam
2920 1346 3167 1401 traditam
3210 1347 3468 1401 tabellarii
3502 1346 3632 1400 vitio
3653 1346 3877 1400 distule-

2299 1448 2441 1495 runt.
2491 1439 2626 1494 Volo
2674 1438 2835 1507 igitur
2874 1438 3012 1508 apud
3070 1450 3122 1495 te
3178 1446 3403 1493 servata:
3450 1438 3698 1493 amicitia:
3752 1437 3878 1491 mihi

2297 1544 2545 1591 constare
2574 1534 2860 1587 rationem.
2909 1530 3043 1586 Nam
3088 1532 3436 1586 vehementer
3480 1531 3730 1600 iniurium
3772 1538 3874 1595 est,

2296 1642 2363 1681 ex
2391 1626 2566 1681 alieno
2597 1635 2845 1695 peccato,
2892 1640 3098 1678 tta-vum
3141 1624 3352 1679 violata:
3395 1622 3672 1693 religionis
3712 1630 3877 1676 attra-

2300 1720 2449 1776 here.
2473 1718 2627 1774 Vale.

2902 1788 3119 1844 EPIST.
3164 1786 3274 1843 LV.

2664 1892 2969 1934 ινιιιιλοιιιις
3006 1894 3191 1934 ηυιι
3200 1895 3265 1932 N0
3302 1893 3515 1934 FRATRI.

2369 1970 2479 2040 Spe
2508 1972 2662 2026 bona:
2689 1972 3008 2027 vnletudinis
3038 1973 3172 2026 mari
3202 1972 3371 2025 vicina
3410 1972 3720 2037 delegimus.
3770 1970 3879 2026 Sed

2297 2079 2397 2118 nec
2422 2064 2547 2117 dmn
2577 2079 2733 2118 auras
2762 2064 3004 2119 salubres
3034 2066 3205 2121 ventis
3234 2064 3632 2119 obluctantihtts
3661 2064 3868 2132 experi-

2297 2171 2435 2210 mur.
2457 2155 2591 2211 IIinc
2612 2156 2807 2226 pigrior
2824 2162 2909 2211 est
2928 2165 3187 2211 matrona:
3208 2156 3272 2207 ad
3292 2156 3572 2210 sanitatem
3598 2169 3875 2211 recursus:

2293 2252 2379 2306 cui
2410 2250 2453 2306 si
2481 2249 2606 2321 quid
2636 2249 2941 2306 refectionis
2969 2250 3089 2304 dies
3120 2250 3315 2303 melior
3339 2248 3615 2318 adiecerit,
3639 2258 3876 2316 0p'atnm

2292 2344 2361 2399 de
2396 2358 2454 2397 ea
2496 2342 2749 2397 indicium
2794 2356 2899 2396 non
2934 2342 3206 2397 morabor.
3257 2340 3490 2397 Urbanis
3521 2340 3779 2410 negotiis,
3822 2351 3879 2416 ιιι

2294 2437 2565 2493 insinuare
2589 2438 2833 2506 dignatus
2846 2452 2927 2503 es,
2946 2436 3173 2505 inquies,
3189 2434 3424 2490 monitor
3441 2448 3661 2490 securus
3686 2434 3867 2491 illttdit.

2292 2529 2487 2583 Alieno
2520 2528 2663 2584 enim
2695 2528 2933 2599 periculo
2964 2536 3053 2584 res
3080 2528 3325 2583 inefficax
3352 2538 3405 2583 et
3433 2528 3603 2599 copia:
3632 2528 3873 2583 nocitura

2294 2628 2557 2684 tentatur;
2608 2630 2666 2673 ut
2724 2633 2845 2675 tum
2902 2620 3120 2675 vilitatis
3162 2630 3335 2676 metus
3380 2619 3430 2674 in
3469 2620 3742 2690 angustias
3780 2633 3875 2674 co-

2290 2714 2464 2784 egerit
2487 2714 2786 2779 civitatem,
2812 2720 2937 2768 tun‘c
2975 2728 3138 2781 opum
3167 2714 3355 2771 validis
3382 2728 3644 2783 quaestum
3684 2723 3876 2782 augeat

2290 2820 2447 2861 avara
2478 2804 2734 2862 venditio.
2777 2805 3009 2862 IIusrine
3036 2805 3281 2862 homines
3307 2805 3603 2863 arbitreris.
3637 2806 3723 2875 qui
3757 2807 3876 2873 plus

2288 2898 2476 2955 amicis
2521 2899 2747 2954 consilio
2792 2897 3018 2968 nocent?,
3058 2914 3219 2969 quam
3251 2898 3485 2954 inimicis
3513 2898 3639 2953 odio
3675 2902 3870 2956 obesse

604 3003 727 3044 cum
752 2990 958 3052 aderat.
979 2991 1069 3061 qui
1096 3005 1127 3045 a
1155 2999 1208 3047 te
1232 2990 1362 3046 mihi
1391 2990 1597 3046 litteras
1621 2992 1922 3047 exhiberet.
1954 2993 2183 3049 Decursa
2291 2990 2634 3060 noluissent?
2663 2990 2769 3049 Sed
2799 3007 2899 3048 nos
2930 2991 3143 3060 publico
3167 2993 3367 3048 dudum
3394 3007 3557 3062 opere
3585 2990 3873 3063 perfuncti,

602 3082 774 3137 oculis
812 3083 1004 3153 pagina
1045 3085 1244 3153 requiri
1275 3098 1307 3139 a
1336 3100 1423 3140 me
1450 3086 1688 3155 comperi
1718 3085 1860 3141 diem
1899 3089 2187 3158 cmptando
2220 3149 2258 3158 _
2288 3084 2463 3140 aliena
2494 3084 2771 3141 sileamus.
2804 3083 2884 3139 Dii
2915 3084 3139 3140 meliora
3169 3086 3492 3154 procurent!
3526 3098 3699 3153 neque
3728 3085 3871 3139 enim

605 3174 781 3230 itine.i
812 3149 1158 3231 destinatum.
1211 3176 1316 3231 Sed
1350 3178 1487 3232 hanc
1517 3149 1698 3234 curam
1728 3149 2027 3250 spontaneo
2064 3198 2182 3236 εει·-
2210 3149 2258 3214 c
2286 3176 2520 3248 gaudere
2544 3175 2762 3247 dignum
2790 3186 2894 3244 est,
2925 3177 2972 3232 si
3001 3192 3105 3247 qua
3131 3149 3265 3233 mihi
3294 3178 3411 3234 laus
3436 3193 3502 3234 ex
3529 3149 3751 3232 alterius
3779 3190 3870 3233 er-

602 3279 764 3319 mone
782 3282 1165 3335 pr:rvcneram.
1184 3268 1327 3339 Ergo
1348 3268 1714 3339 respondendo
1733 3285 1954 3326 consum
1962 3272 2184 3340 ps'mus.

604 3356 740 3423 Quid
771 3366 1038 3427 superest,
1064 3360 1166 3415 nisi
1192 3369 1246 3413 ut
1266 3361 1506 3431 gratuler
1536 3361 1691 3414 nobis
1717 3362 1926 3417 animos
1949 3378 2069 3418 esse
2094 3378 2185 3418 co-

604 3452 829 3521 gnatos?
863 3452 995 3507 Nam
1032 3469 1151 3522 qua
1187 3459 1240 3507 te
1275 3453 1419 3508 scire
1450 3453 1589 3509 velle
1624 3456 1968 3526 pra-sumpsi,
2010 3455 2187 3528 prius-

605 3559 761 3615 quam
790 3561 1066 3618 quarercs
1095 3545 1347 3603 indicari.
1384 3546 1533 3603 Vale.

1206 3658 1423 3717 EPIST.
1472 3658 1578 3715 LII.

969 3765 1283 3807 srluscnos
1319 3741 1578 3808 navum
1615 3767 1829 3807 nam.

676 3842 899 3898 Redime
928 3857 991 3899 ac
1018 3856 1268 3898 recursus
1296 3844 1349 3898 in
1378 3843 1623 3914 patriam,
1650 3845 1738 3914 qui
1769 3858 1985 3913 semper
2008 3843 2188 3899 omni-

606 3934 704 3989 IlllS
720 3945 902 4004 gratus
927 3945 1029 3999 est,
1051 3934 1373 3991 festinationi
1402 3943 1597 3991 nostra:
1619 3951 1952 4006 nequaquam
1981 3952 2080 4009 pro
2100 3952 2189 3994 ex-

606 4027 937 4094 spectatione
965 4027 1260 4095 respondit.
1290 4025 1492 4083 Causas
1510 4028 1555 4083 si
1573 4026 1911 4091 desideratis,
1935 4028 2184 4101 accipite.

606 4117 721 4172 .lam
754 4121 982 4190 primum
1030 4129 1087 4173 ut
1127 4120 1431 4176 communia
1467 4118 1778 4176 domesticis
1812 4120 2183 4190 praeferamus,

607 4228 720 4268 rem
753 4212 1150 4273 frumentariam
1179 4221 1375 4267 nostra:
1402 4212 1549 4268 urbis
1576 4212 1720 4269 nulla
1748 4224 1906 4284 auget
1930 4213 2183 4271 invectio.

608 4306 745 4375 Spes
772 4305 907 4375 ipsa,
934 4321 1055 4377 quae
1086 4305 1139 4360 in
1163 4306 1407 4360 adversis
1435 4305 1580 4359 alere
1604 4305 1814 4359 animos
1843 4306 2000 4368 solet.
2033 4321 2185 4361 recu-

606 4407 688 4451 sat
710 4396 962 4467 etl'ugium
992 4396 1268 4465 polliceri,
1297 4409 1421 4449 cum
1450 4393 1652 4451 sterilis
1680 4408 1856 4448 annos
1884 4409 1953 4449 ne
1982 4398 2184 4450 semina

601 4489 819 4559 quidem
848 4490 1006 4543 terris
1034 4488 1321 4542 commissa
1362 4484 1673 4541 reddiderit.
1728 4485 1932 4540 Dehinc
1960 4498 2017 4541 ut
2043 4487 2184 4556 apud

608 4593 703 4634 vos
729 4578 1044 4634 familiarem
1064 4592 1248 4634 curam
1276 4578 1580 4648 loquamur,
1609 4588 1764 4648 urget
1783 4578 2032 4635 Ostiensc
2060 4596 2191 4649 prte-

606 4674 752 4727 dium
783 4680 1023 4725 nostrum
1053 4669 1300 4725 militaris
1330 4670 1633 4739 impressio.
1684 4670 1789 4726 Nos
1815 4671 1994 4741 legum
2027 4675 2188 4729 inane

608 4778 802 4819 nomen
832 4776 1101 4819 vocamus.
1142 4761 1222 4816 Dii
1256 4761 1486 4817 viderint
1511 4762 1713 4818 exitum
1741 4776 1940 4818 causa.
1978 4763 2184 4820 Interea

611 4856 919 4912 mordentur
948 4870 1055 4910 non
1098 4866 1245 4909 metu
1285 4853 1502 4920 damni,
1554 4853 1647 4908 sed
1694 4854 1925 4909 civitatis
1968 4856 2185 4925 injuria.

604 4949 941 5020 Collegarum
974 4958 1229 5020 tractatus
1252 4949 1339 5018 qui
1372 4963 1459 5002 tne
1479 4948 1771 5013 exciverat,
1797 4949 2017 5004 aeternis
2044 4949 2187 5020 prin-

606 5042 814 5105 ci,ihus
865 5039 1212 5109 legandorutn
1270 5040 1324 5093 in
1379 5040 1613 5093 Africam
1664 5038 1901 5095 virorum
1956 5040 2191 5096 reddidit

607 5140 901 5202 «ψιοιιριιι.
950 5129 1209 5187 Cessante
1245 5144 1381 5201 ergo
1416 5142 1624 5201 patrum
1654 5130 2045 5188 deliberatione
2082 5148 2187 5187 non

613 5238 884 5279 vocantur.
916 5220 1065 5277 Vale.

1202 5290 1413 5347 EPIST.
1456 5289 1589 5345 LIII.

983 5396 1292 5438 SVIIACIIUS
1331 5396 1592 5435 ηΑνιΑκο
1619 5395 1831 5435 FRATRI.

684 5474 943 5545 Fungeris
971 5472 1098 5527 boni
1122 5473 1153 5527 ι.
1170 5473 1300 5528 atris
1322 5472 1520 5529 oflicio.
1550 5470 1655 5525 Sed
1682 5470 1869 5528 desine
1893 5486 2187 5529 memorent

614 5568 980 5624 eonttnonere.
1035 5564 1183 5620 Nota:
1215 5564 1368 5620 nobis
1412 5575 1537 5619 sunt
1566 5564 1903 5619 caeremoniae
1929 5565 2185 5633 deorum,

614 5675 662 5715 et
695 5662 823 5713 festa
851 5658 1143 5713 divinitatis
1170 5658 1451 5725 imperata.
1484 5656 1593 5713 Nisi
1624 5658 1759 5712 forte
1788 5673 1872 5713 me
1899 5660 2068 5714 solum
2099 5677 2189 5715 cs-

617 5768 762 5821 scqan
790 5752 956 5807 vicem
996 5759 1139 5807 tuam
1179 5750 1435 5817 postulas,
1460 5759 1511 5805 et
1556 5762 1609 5805 ut
1653 5752 1850 5805 assolet
1894 5767 1979 5808 res
2014 5752 2189 5809 divina

2289 3283 2411 3325 rore
2438 3268 2739 3340 proveniat.
2771 3267 2921 3329 Vale.

2888 3360 3101 3417 EPIST.
3144 3359 3278 3417 LVI.

2642 3466 2951 3509 SVIIACIIUS
2988 3468 3249 3510 ηΑνιΑκο
3288 3468 3508 3511 FRATRI.

2360 3544 2417 3599 In
2447 3545 2693 3600 maximis
2723 3546 2937 3615 quidem
2969 3546 3154 3611 rebus,
3186 3547 3311 3615 quid
3352 3547 3483 3601 tnilti
3523 3545 3681 3600 studii
3711 3555 3873 3614 atque

2286 3638 2489 3692 amoris
2536 3637 2838 3705 impendas,
2883 3636 3196 3707 frequenter
3222 3637 3450 3693 adventi.
3500 3636 3610 3691 Sed
3656 3620 3870 3706 quoque

2286 3729 2462 3785 crebri
2505 3730 2769 3785 sermonis
2807 3727 2980 3784 olllcia
3005 3770 3022 3797 ,
3067 3738 3126 3784 ut
3169 3739 3292 3798 pote
3325 3744 3397 3784 ex
3441 3728 3633 3783 intimo
3672 3730 3861 3783 affectu

2286 3823 2601 3893 tiu-prompta
2644 3824 3016 3892 complector:
3061 3839 3289 3893 quorum
3334 3822 3622 3879 assiduitas
3660 3823 3860 3878 cultum

2286 3911 2430 3968 circa
2477 3922 2531 3968 te
2579 3928 2758 3969 meum
2805 3915 2916 3983 pari
2966 3916 3117 3971 lance
3167 3925 3500 3986 compensat.
3556 3916 3869 3973 Iucunditas

2289 4018 2418 4059 vero
2449 4012 2592 4059 tanta
2619 4014 2721 4071 est,
2750 4016 2807 4061 ut
2834 4004 3005 4062 fatear
3031 4020 3119 4062 tne
3144 4006 3381 4077 alloquio
3410 4016 3501 4064 tuo
3532 4008 3712 4079 potius
3737 4010 3869 4065 incl-

2289 4096 2389 4152 tari
2417 4095 2487 4151 ad
2515 4095 2864 4161 desiderium,
2894 4111 3055 4166 quam
3096 4098 3314 4169 repleri.
3364 4099 3438 4155 Ea
3466 4100 3667 4170 quippe
3694 4115 3871 4156 rerum

2287 4187 2530 4244 omnium
2576 4188 2711 4242 ratio
2757 4199 2917 4256 atque
2965 4197 3153 4245 natura
3200 4201 3307 4257 est,
3360 4198 3420 4244 nt
3461 4205 3585 4261 qua:
3629 4190 3875 4246 humanis

2288 4278 2539 4336 sensibus
2586 4278 2962 4344 blandiuntur,
3018 4289 3285 4351 nequeant
3328 4282 3526 4338 olferre
3575 4281 3867 4338 fastidium.

2292 4374 2474 4445 Itaque
2501 4388 2621 4429 cum
2650 4374 2922 4431 solvendis
2950 4385 3111 4447 atque
3147 4378 3367 4449 agendis
3403 4378 3591 4449 gratiis
3631 4394 3728 4448 par
3750 4394 3873 4437 esse

2293 4487 2399 4525 non
2437 4472 2678 4541 possint;
2729 4470 2867 4529 facio
2908 4474 3049 4543 quod
3092 4478 3265 4530 scient
3309 4476 3537 4544 improbi
3580 4474 3874 4542 debitores,

2292 4562 2384 4630 qui
2412 4560 2589 4618 adhuc
2614 4564 2792 4619 alieno
2817 4578 2925 4620 azre
2948 4563 3188 4635 depressi
3217 4566 3437 4635 cupiunt
3460 4564 3697 4621 secundo
3726 4581 3872 4621 nexu

2298 4655 2499 4710 fenoris
2543 4654 2790 4726 obligari.
2839 4657 3017 4721 Quare
3054 4656 3153 4711 etsi
3193 4672 3495 4716 numerosa:
3536 4656 3645 4711 sint
3681 4656 3873 4712 littera:

2296 4752 2436 4811 tute;
2484 4761 2590 4799 non
2633 4756 2690 4799 ut
2731 4747 2993 4815 ingratus,
3036 4746 3131 4802 sed
3176 4756 3236 4803 ut
3275 4749 3513 4804 muneris
3544 4750 3617 4803 tui
3646 4747 3875 4817 cupidus

2299 4838 2512 4908 postulo
2563 4837 2886 4893 crebriores.
2956 4838 3135 4894 Facile
3179 4848 3360 4895 autem
3412 4840 3605 4910 conjici
3654 4848 3873 4910 potest,

2295 4945 2456 4999 quam
2477 4929 2651 4985 vicem
2678 4929 2928 4998 colloquii
2965 4930 3172 4984 otiosus
3200 4931 3314 5000 ipse
3341 4929 3619 5001 pollicear,
3651 4946 3773 4986 cum
3805 4930 3876 4985 ab

2293 5036 2327 5074 ο
2359 5028 2556 5088 cupato
2585 5019 2889 5090 bujttsmodi
2916 5018 3153 5076 ofllcium
3197 5022 3535 5092 impatienter
3560 5034 3870 5093 exposcam.

2296 5110 2442 5166 Vale.

2871 5200 3085 5258 EPIST.
3126 5200 3281 5257 LVII.

2651 5309 2959 5351 εγιιιιλςιιυε
2997 5311 3261 5351 ηΑνιλιιο
3302 5312 3513 5351 FRATRI.

2370 5388 2465 5442 Diu
2492 5386 2653 5442 domo
2678 5387 2866 5443 abesse
2889 5388 3253 5453 decreveram,
3279 5388 3681 5460 jucitndumque
3709 5391 3874 5444 Otium

2294 5495 2414 5536 cum
2444 5480 2789 5536 familiaribus
2817 5484 3011 5537 nostris
3040 5484 3091 5537 in
3121 5483 3429 5537 suburbano
3450 5484 3734 5537 Arabiam:
3767 5486 3861 5538 cxi-

2295 5578 2507 5644 gebam.
2557 5574 2662 5628 Sed
2691 5575 2813 5643 quia
2848 5575 2981 5629 Fm's
3011 5584 3190 5631 versat
3234 5576 3487 5641 humana,
3518 5591 3614 5631 nec
3664 5593 3877 5644 semprr

2297 5681 2359 5719 ex
2389 5674 2515 5718 voto
2544 5663 2805 5719 tlestinata
2834 5666 3123 5720 succedunt
3151 5686 3163 5720 :
3198 5666 3439 5722 Prmfccti
3486 5667 3679 5722 littera:
3713 5685 3843 5733 rupe

2298 5765 2420 5811 runt
2439 5756 2604 5812 otium
2629 5772 2829 5825 meum,
2854 5774 2973 5825 qua:
2996 5761 3147 5814 bona:
3170 5761 3281 5828 spei
3308 5760 3530 5815 sollicita
3554 5762 3872 5816 miscebant.
