4218 6454
423 361 529 418 193

1634 350 2112 408 EPISTULARUSI
2158 348 2356 405 LIBER
2404 352 2463 405 ll.

3605 354 3708 408 19$

423 474 712 544 Spei-iatim
742 470 1078 543 praesentiam
1109 482 1279 522 meam
1307 481 1398 536 per
1422 466 1724 535 ambiguum
1751 479 1982 532 poposee
2037 469 2086 525 Α
2116 473 2385 516 exsortem
2413 503 2426 526 ,
2460 478 2727 528 nunqtmn
2761 463 3090 534 philosophis
3120 473 3504 534 congruentem
3555 474 3673 514 sum

425 578 568 621 runt.
617 565 730 620 Non
761 563 948 619 differt)
978 564 1431 631 exspectationem
1465 569 1630 612 tuam.
1661 557 2004 626 Collcgarum

423 667 655 713 tractatu
683 667 930 712 senatum
957 654 1307 717 commoveri,
1355 652 1450 706 sed
1493 664 1548 705 et
1567 652 1892 707 oblationem
1930 649 2006 703 fa-

421 751 666 804 i‘iendam
697 750 914 813 scri,.tis
938 747 1316 804 secretioribus
1348 746 1616 800 indicavit.
1651 745 1796 799 Nihil
1830 747 2006 814 publi-

421 851 625 907 catum,
657 842 787 894 nihil
817 841 1012 895 lectum
1039 855 1140 894 es'.
1187 840 1467 906 Quantitas
1496 839 1774 904 postulata:
1807 839 1881 894 rei
1913 855 2006 894 ex-

421 935 588 989 cessit
646 933 974 1003 opulentiam
1039 933 1386 1002 recognitatn.
1458 930 1672 986 Vastum
1733 931 2006 987 silentium

420 1026 633 1080 cunctis
659 1037 848 1093 Stupor
876 1024 1082 1079 subitus
1109 1022 1409 1093 imperavit.
1439 1023 1556 1089 Quo
1583 1025 1794 1096 longius
1831 1026 1995 1094 prod-

419 1127 585 1168 eunte
635 1114 832 1184 placuit
862 1115 915 1168 in
959 1123 1168 1182 tempus
1203 1112 1346 1167 aliud
1373 1113 1718 1169 deliberanda
1751 1116 1999 1186 produci,

419 1223 490 1262 ne
537 1207 912 1262 omitterentur
955 1207 1248 1260 absentes:
1298 1207 1543 1274 quamvis
1589 1207 1703 1275 ipse
1750 1209 2002 1276 dixerim,

421 1301 632 1365 nonne,
662 1312 751 1354 aut
790 1300 842 1354 in
885 1300 1140 1370 proximis
1168 1299 1390 1368 positos,
1425 1298 1504 1354 vel
1535 1301 1746 1355 evocari
1778 1299 2000 1369 debere,

419 1397 502 1450 vel
529 1396 758 1457 consuli,
791 1395 1118 1464 reliquorum
1147 1397 1386 1456 nomine.
1410 1395 1477 1449 de
1497 1395 1776 1452 oblatione
1801 1396 2001 1463 futura,

419 1501 476 1541 nt
525 1492 739 1542 statutis
787 1488 995 1542 ordinis
1045 1488 1398 1558 polliceantur
1462 1502 1760 1540 assensum.
1828 1489 2004 1544 Habes

413 1597 633 1633 onmem
667 1596 797 1644 rem,
831 1580 899 1635 de
927 1595 1030 1650 qua
1059 1579 1185 1650 quid
1217 1582 1442 1634 sentiam
1493 1581 1623 1633 satis
1669 1580 1831 1635 nosti.
1880 1581 2001 1636 Tibi

414 1674 628 1727 etiamsi
655 1688 814 1727 causa
841 1673 1141 1728 communis
1163 1684 1265 1736 est,
1293 1671 1474 1740 procul
1500 1681 1674 1726 tamen
1700 1674 1914 1740 abesse,
1935 1672 2001 1727 ad

413 1766 664 1821 solatium
694 1763 920 1836 prodest.
949 1765 1098 1820 Vale.

997 1855 1211 1912 EPIST.
1242 1855 1418 1911 LVIII.

889 1967 1196 2008 ετιικλοιιιιε
1228 1965 1508 2008 ειλνιλκο.

487 2049 654 2105 Paulo
691 2061 818 2107 ante
859 2051 1066 2104 litteras
1106 2050 1251 2103 dedi.
1299 2050 1448 2102 Nunc
1493 2047 1662 2104 reddo
1709 2061 1998 2119 responsa,

413 2146 540 2214 quia
590 2145 693 2198 illis
728 2145 1028 2200 necessaria
1057 2145 1387 2197 continentur
1428 2157 1441 2195 :
1486 2142 1570 2196 his
1611 2143 1857 2197 salutatio
1885 2141 2000 2196 sola

413 2237 824 2306 praestringitur.
861 2237 1112 2292 Valemtts
1133 2279 1148 2302 ,
1180 2245 1234 2289 ut
1264 2251 1447 2289 Verum
1478 2245 1580 2291 est.
1613 2235 1670 2292 Si
1699 2237 1791 2292 tibi
1821 2235 2002 2290 ornaia

414 2342 671 2398 prospere
689 2329 1198 2399 fluttut,scriptionis
1226 2329 1326 2383 fide
1358 2344 1643 2386 commune
1672 2330 1868 2387 booum
1892 2346 2002 2387 mc-

409 2435 536 2472 cum
574 2420 851 2489 participa.
889 2418 1038 2474 Vale.

1009 2511 1220 2566 EPIST.
1265 2511 1402 2566 LlX.

889 2619 1196 2660 SYllIACllUS
1231 2619 1507 2659 FLH'IANO.

482 2693 859 2750 suburbanum
906 2697 1161 2765 prtediutn
1187 2740 1200 2761 ,
1247 2698 1384 2764 quod
1415 2697 1512 2750 vim
1545 2698 1727 2765 Appia:
1757 2696 1994 2768 adjacct,

411 2789 747 2852 iuco'ebam,
795 2804 917 2842 cum
964 2791 1092 2842 mihi
1138 2791 1344 2843 litteras
1394 2800 1509 2842 tuas
1556 2790 1607 2843 in
1657 2791 1755 2842 hoc
1804 2790 1998 2847 missus

408 2881 678 2936 exhibuit.
710 2881 856 2935 Nosti
889 2899 1010 2936 rura
1041 2901 1156 2950 quae
1192 2885 1475 2953 loquunur,
1502 2886 1588 2939 ubi
1617 2901 1833 2954 magnas
1855 2888 1998 2941 1'ch

412 2976 465 3028 in
499 2978 736 3043 angustis
769 2977 960 3032 finibus
984 2978 1263 3032 collocavi.
1299 2977 1393 3032 llic
1416 2978 1571 3031 dulce
1592 2979 1758 3032 otium
1785 2979 1849 3049 (si
1870 2980 1995 3048 quid

409 3067 613 3132 alisque
661 3077 709 3120 te
737 3066 892 3121 dulce
939 3071 1044 3134 est)
1075 3068 1345 3136 paulisper
1382 3067 1674 3136 exegimus.
1709 3068 1858 3122 Nunc
1893 3068 1994 3123 Ve-

409 3155 564 3211 stalis
594 3154 711 3211 festi
734 3157 922 3227 gratia,
955 3157 1169 3212 domum
1199 3167 1406 3227 repeto,
1427 3158 1661 3213 incertus
1681 3174 1994 3215 maneamne

2116 557 2307 624 posset
2355 566 2622 610 ornatum.
2660 557 2760 612 Sed
2795 559 2858 608 tle
2891 557 2990 610 hoc
3039 569 3212 611 vestra
3247 561 3575 612 existitttatio
3604 562 3695 624 sit,

2113 665 2200 715 qui
2231 650 2415 703 talium
2450 666 2622 702 rerum
2652 651 2969 717 profitemini
3003 651 3297 706 notionem.
3339 652 3462 705 Mihi
3510 653 3700 719 religio

2115 742 2233 810 fuit,
2269 757 2462 810 negare
2517 744 2675 797 verba
2709 746 2969 812 poscenti.
3008 744 3197 802 Facies
3227 746 3406 814 itaque
3436 761 3548 799 rem
3583 763 3692 798 mo-

2113 850 2228 886 rum
2259 849 2493 903 tuorum,
2526 838 2567 888 si
2595 852 2693 904 ope
2718 849 2874 905 atque
2910 842 3107 893 lnunan
3131 846 3238 893 tate
3277 838 3541 893 fortunam
3571 853 3692 906 prr—

2109 926 2400 996 egrinantis
2429 930 2716 998 adjuveris.
2755 931 2899 986 Vale.

2702 1022 2913 1076 EI’IST.
2949 1022 3108 1079 LX".

2467 1129 2778 1170 εῑωιλοιιυε
2823 1132 3084 1170 FLAVIANII
3120 1133 3334 1170 Πιπιιι.

2182 1205 2464 1272 Postquam
2490 1205 2788 1261 Gaudentio
2809 1209 3099 1277 apparitori
3127 1222 3216 1263 tuo
3241 1209 3467 1262 iudiCem
3491 1209 3690 1280 peracti

2106 1315 2134 1353 a
2167 1316 2250 1352 tne
2295 1301 2505 1355 itineris
2532 1302 2809 1368 epistolam
2861 1302 3018 1366 dedi,
3064 1318 3228 1372 agens
3268 1303 3321 1356 in
3363 1304 3524 1357 rebus
3561 1305 3690 1357 mihi

2106 1394 2408 1461 apportavit
2432 1409 2611 1447 sacras
2647 1394 2850 1448 litteras
2881 1397 2991 1464 spei
3021 1406 3075 1448 et
3105 1396 3371 1448 desidero
3392 1412 3690 1464 congruen-

2105 1498 2206 1549 tes,
2238 1485 2431 1554 quibus
2459 1502 2840 1555 cognoscerem
2872 1493 3018 1543 clare
3045 1491 3095 1542 in
3128 1505 3285 1542 aures
3316 1491 3554 1556 pttltliCas
3594 1492 3688 1544 de-

2105 1577 2462 1646 signationem
2512 1582 2819 1636 consulatus
2871 1583 2973 1635 mei
3014 1583 3208 1637 drbere
3254 1583 3498 1652 proferri.
3550 1584 3687 1652 Quid

2103 1670 2262 1738 igitur
2284 1675 2480 1725 eximio
2510 1690 2689 1728 animo
2713 1685 2803 1727 tuo
2839 1676 3032 1728 laetitia:
3064 1676 3248 1742 plenus
3278 1687 3551 1743 exoptem,
3582 1675 3686 1729 nisi

2104 1769 2162 1814 ιιι
2185 1763 2342 1817 simili
2367 1780 2485 1817 mox
2518 1764 2754 1819 fruamur
2770 1767 2928 1820 etiam
2950 1768 3014 1820 de
3039 1777 3089 1821 te
3107 1766 3329 1836 gaudio;
3356 1767 3498 1834 quod
3524 1780 3686 1834 spero

2029 1850 2076 1912 Β
2102 1853 2373 1910 dom‘num
2406 1869 2646 1912 nostrum
2676 1859 3058 1923 Theodosium,
3087 1861 3320 1914 venerab
3344 1860 3447 1913 lem
3473 1861 3682 1914 cunctis

2105 1955 2160 1999 et
2183 1949 2450 2017 praecipue
2480 1949 2653 2015 benis,
2685 1952 2856 2006 solida
2881 1953 2930 2006 in
2961 1954 3163 2007 amicos
3187 1952 3494 2018 dignatione
3520 1951 3687 2006 factu-

2104 2053 2255 2092 rum:
2281 2041 2543 2109 siquidem
2575 2042 2792 2112 dignum
2812 2053 2912 2109 est,
2933 2055 2988 2098 ut
3006 2044 3391 2114 angustissimis
3422 2046 3686 2099 honorum

2104 2140 2409 2185 nostrorum
2461 2144 2715 2200 patronus
2761 2147 2936 2206 a-qnet
2980 2137 3358 2207 dignitatibus,
3405 2150 3542 2204 quos
3585 2137 3687 2192 scit

2105 2221 2370 2278 mentibus
2398 2225 2707 2280 convenire.
2747 2227 2894 2282 Vale.

2676 2317 2890 2374 EPlS'f‘.
2921 2321 3105 2378 LXl'l.

2469 2426 2772 2468 SUIIIACIIUS
2802 2431 3064 2470 FLAVIAVO
3098 2431 3314 2471 l'fl.\Tfll.

2174 2497 2461 2557 Cresconio
2490 2505 2664 2558 amico
2703 2522 2824 2559 meo
2865 2522 3100 2562 amorem
3135 2518 3281 2564 tuum
3319 2513 3480 2565 nmlta
3506 2512 3680 2566 conci-

2103 2591 2250 2644 liant.
2289 2593 2466 2646 Primo
2487 2597 2626 2664 quod
2657 2612 2838 2651 sacras
2881 2599 3119 2667 litteras,
3152 2604 3341 2670 quibus
3373 2605 3681 2658 consulatus

2101 2683 2207 2738 mei
2248 2686 2548 2754 designatio
2583 2699 2807 2755 tenetur,
2843 2693 3113 2756 exhibuit;
3163 2695 3357 2748 dehinc
3383 2694 3526 2762 quod
3557 2711 3680 2749 eum

2103 2780 2266 2843 patria
2310 2779 2484 2833 Africa
2525 2797 2629 2834 non
2664 2783 2836 2836 utiuus
2875 2784 3002 2849 tibi,
3036 2801 3192 2853 quam
3225 2787 3354 2840 mihi
3383 2803 3505 2841 cara
3535 2802 3681 2840 rom-

2100 2871 2336 2923 ntendat.
2383 2870 2546 2939 Cujus
2600 2887 2775 2928 mores
2827 2888 2947 2928 cum
3010 2878 3244 2942 primore
3295 2875 3412 2930 loco
3459 2892 3681 2932 censeri:

2097 2959 2396 3026 debuerim,
2447 2964 2608 3018 malui
2638 2975 2726 3019 tuo
2755 2969 2984 3021 examini
3019 2983 3310 3024 reservare.
3339 2970 3560 3038 Suscipe
3585 2971 3633 3041 ig
3656 3000 3680 3012 -

2099 3061 2203 3117 tur,
2234 3068 2330 3108 oro
2357 3065 2430 3120 te,
2464 3067 2647 3110 notum
2681 3059 2884 3113 militia:
2915 3061 3106 3124 virum,
3131 3062 3219 3130 qui
3241 3076 3300 3116 se
3327 3064 3532 3131 apicem
3564 3064 3632 3117 [ιιι
3655 3091 3682 3107 ο

2097 3143 2271 3197 νὶιείιίς
2293 3146 2466 3200 credit
2498 3147 2822 3213 habiturum,
2855 3149 2898 3204 si
2929 3165 3049 3205 eum
3094 3153 3372 3222 patrocinii
3404 3156 3476 3207 tui
3502 3157 3680 3222 splen-

409 3263 530 3301 eum
561 3247 787 3312 civibus,
819 3263 887 3302 an
920 3264 1103 3303 rursus
1132 3254 1181 3303 in
1218 3251 1389 3303 vicina
1418 3249 1728 3304 concedam.
1761 3249 1842 3305 Tu
1868 3251 1992 3320 quid
2022 3240 2068 3302 C
2099 3234 2196 3290 dor
2227 3235 2510 3294 ίιίυηιίιιοι·
2541 3239 2690 3294 νεηθ-

409 3355 570 3406 agerc
617 3341 873 3394 decernas
923 3340 1074 3408 (nam
1124 3355 1271 3394 certe
1312 3342 1457 3410 justo
1506 3341 1706 3396 diutius
1751 3340 1992 3412 abfuisti)

408 3431 582 3486 debeo
606 3446 756 3502 cogn.
779 3447 952 3486 scere.
980 3431 1146 3486 Vocat
1174 3435 1314 3486 enim
1359 3445 1407 3487 te
1441 3436 1488 3486 in
1520 3435 1724 3488 curiam
1758 3443 1993 3488 nostram

409 3523 515 3576 diis
545 3526 848 3579 auctoribus
887 3528 1275 3593 quamprimum
1307 3527 1572 3580 Candidati
1602 3528 1705 3581 mei
1745 3528 1991 3597 designa-

411 3617 520 3678 tio;
550 3615 635 3668 cui
671 3630 832 3684 supra
876 3632 1062 3670 onmes
1109 3627 1429 3670 ornamento
1472 3620 1578 3671 eris
1607 3659 1619 3683 ,
1671 3619 1758 3686 qui
1793 3634 1890 3672 nos
1911 3619 1992 3672 vel

406 3707 684 3762 aflinitatis
713 3708 798 3763 vel
823 3708 1071 3762 amicitia:
1101 3708 1293 3764 ofliciis
1324 3719 1734 3778 prus-equcntur.
1771 3709 1918 3765 Vale.

1028 3821 1241 3876 El’lST.
1275 3822 1384 3876 LX.

785 3929 1090 3968 δνκιιλειιυδ
1123 3930 1378 3970 FLAVIANO
1407 3931 1619 3971 FRATRI.

487 4004 644 4058 Varui
668 4004 804 4072 apud
835 4005 1104 4074 Neapolim
1138 4005 1259 4071 soli,
1293 4007 1430 4076 quod
1465 4008 1590 4062 ‘lllill
1621 4023 1687 4062 ex
1727 4019 1817 4062 tuo
1846 4008 1994 4078 adja-

405 4106 515 4160 cet,
549 4109 606 4150 ut
648 4096 791 4150 mdes
832 4111 997 4152 navas
1045 4100 1294 4162 molirer,
1325 4108 1662 4167 optaveram,
1695 4108 1749 4153 tu
1782 4117 1990 4155 mecum

403 4203 570 4259 opera
612 4188 890 4245 Lucellana
937 4192 1170 4258 partiris.
1216 4190 1282 4244 Et
1328 4205 1395 4246 ne
1440 4174 1761 4248 verecundia
1795 4193 1992 4248 retinet

407 4282 674 4348 oblatum,
707 4298 867 4351 negas
896 4283 968 4336 tui
1014 4284 1155 4352 juris
1200 4284 1387 4348 videri,
1417 4286 1554 4354 quod
1578 4300 1676 4353 ego
1706 4301 1881 4340 meum
1912 4286 1994 4340 fa-

405 4381 526 4427 teor
555 4385 658 4426 non
687 4373 870 4429 fuisse.
921 4374 1148 4442 Patere,
1199 4385 1255 4428 ut
1282 4376 1456 4430 saltim
1499 4379 1723 4444 gratiam
1770 4379 1862 4432 tibi
1899 4379 1991 4433 de-

405 4467 584 4521 beam.
609 4466 791 4536 Neque
820 4469 962 4521 enim
993 4468 1070 4521 las
1100 4476 1203 4531 est,
1239 4467 1375 4521 tnala
1409 4469 1509 4522 lide
1538 4485 1621 4523 me
1649 4485 1987 4538 reenporarc,

402 4558 547 4629 quod
581 4574 796 4628 possum
830 4560 964 4612 bona
996 4573 1228 4613 sumere.
1262 4560 1461 4628 Adjicis
1505 4569 1760 4628 prmterea
1794 4563 1988 4616 lenoci-

406 4652 536 4717 nia,
565 4651 758 4719 quibus
804 4653 1045 4705 morbum
1086 4649 1418 4706 fabricatoris
1464 4651 1642 4707 irrites
1677 4669 1688 4704 :
1719 4655 1983 4721 geminam

407 4744 694 4813 poi-ticum,
709 4744 880 4797 solido
900 4751 952 4797 ct
977 4743 1282 4811 incorrupto
1303 4759 1465 4810 opere
1489 4754 1784 4809 curvatam,
1810 4747 1988 4799 inultis

405 4855 458 4891 tn
495 4838 878 4906 longitudinem
913 4838 1155 4904 passibus
1189 4837 1482 4904 explicari;
1525 4839 1687 4891 vicina
1721 4853 1840 4893 esse
1869 4853 1986 4908 quae

402 4944 689 4994 construi,
720 4941 772 4986 et
801 4946 960 4998 parvo
1000 4929 1369 4984 :edificationis
1406 4930 1617 4998 negmio
1647 4931 1787 5000 quod
1819 4932 1986 4985 inter-

406 5028 553 5081 venit
584 5042 738 5096 posse
779 5025 1012 5081 misceri.
1040 5026 1172 5092 Quid
1213 5028 1421 5080 laboras
1447 5029 1701 5082 adversus
1735 5044 1988 5083 verecun-

400 5118 546 5170 diam
576 5115 782 5169 meam?
809 5117 918 5182 Ego
939 5131 1152 5185 quoque
1177 5117 1332 5181 facio,
1358 5117 1497 5183 quod
1524 5133 1754 5171 recusas.
1790 5119 1985 5173 Gratus

400 5226 526 5264 sum
558 5210 763 5262 muneri
793 5219 880 5262 tuo
913 5226 926 5262 :
961 5208 1051 5261 sed
1085 5223 1272 5262 vereor
1299 5225 1385 5271 ne,
1417 5211 1704 5264 accedente
1747 5221 1983 5280 sumptu,

399 5302 533 5352 dum
584 5311 760 5354 vetera
809 5301 960 5353 novis
1010 5299 1232 5353 nitimur
1284 5301 1564 5366 aemulari,
1619 5302 1905 5371 intelligam
1937 5315 1988 5358 te

403 5397 611 5462 majora
659 5393 792 5448 velle
841 5395 1164 5459 eoneederc,
1207 5408 1362 5463 quam
1397 5411 1481 5448 me
1515 5410 1670 5464 posse
1716 5411 1985 5465 reparare.

409 5484 562 5540 Vale.

1001 5556 1212 5611 EPIST.
1260 5557 1389 5611 LXI.

779 5661 832 5700 Sl
846 5662 1087 5701 IIACBUS
1117 5664 1375 5702 l'LAVIANO
1405 5665 1614 5702 FRATRI.

479 5737 546 5794 Ut
579 5740 787 5792 habitus
815 5749 867 5791 et
895 5739 1059 5792 crinis
1089 5739 1283 5792 indico
1322 5749 1422 5801 est,
1452 5740 1712 5806 Serapam
1749 5753 1851 5793 non
1899 5739 1987 5792 lit-

405 5841 642 5888 terarum
678 5835 914 5893 peritiam
944 5830 1220 5896 pollicetur
1248 5847 1260 5883 :
1294 5831 1443 5898 cujus
1470 5833 1514 5885 si
1555 5845 1614 5886 se
1654 5829 1986 5886 meminisset

2674 3333 2888 3388 EPIST.
2916 3335 3096 3390 LXIV.

2473 3440 2782 3481 ειίινλςηυε
2813 3443 3073 3483 FLAVHNO
3095 3447 3302 3484 ςηλτιιι.

2170 3536 2393 3592 Exercet
2432 3555 2516 3594 me
2556 3541 2770 3610 quidem
2813 3545 3004 3598 votivis
3049 3561 3110 3600 ac
3161 3548 3400 3602 felicibus
3447 3551 3678 3621 negotiis

2098 3632 2417 3696 pra-paratio
2448 3635 2773 3690 consulatus.
2808 3635 2913 3692 Sed
2940 3647 2989 3690 ut
3023 3638 3211 3693 litterm
3241 3652 3342 3693 tuae
3370 3643 3676 3710 frequenter

2097 3722 2292 3778 indicio
2321 3736 2463 3789 sunt,
2491 3735 2578 3782 tua
2606 3744 2700 3796 pro
2728 3745 2812 3784 me
2837 3745 2964 3784 cura
2984 3734 3376 3800 pra-ponderat.
3414 3735 3674 3802 Hortaris,

2097 3831 2305 3872 moue~.
2337 3819 2505 3888 cogis,
2533 3830 2588 3872 nt
2630 3821 2883 3890 quidquid
2911 3825 3168 3891 potissimi
3197 3826 3536 3894 magistratus
3561 3828 3675 3880 fitti-

2094 3908 2200 3959 etio
2227 3912 2436 3976 quierit,
2467 3911 2798 3976 acc-lcrem;
2849 3922 3047 3968 etcum
3077 3918 3151 3969 sis
3183 3935 3313 3971 luem
3341 3931 3558 3972 exactor
3589 3922 3670 3974 in-

2093 3998 2332 4067 dustriar,
2360 4002 2702 4059 nihilominus
2724 4006 2902 4060 omnia
2919 4008 3264 4064 sollicitudini
3287 4023 3389 4064 tua:
3413 4014 3668 4068 vindicas.

2097 4090 2277 4145 Eritne
2321 4100 2528 4161 tempus
2562 4105 2794 4160 optatum
2821 4139 2836 4162 ,
2869 4112 2975 4167 quo
3006 4100 3160 4153 istam
3194 4111 3423 4156 mentem
3455 4105 3674 4172 paribus

2095 4194 2191 4247 pro
2221 4189 2271 4234 te
2317 4180 2508 4236 oflieiis
2547 4184 2822 4242 districtus
2854 4190 3216 4259 acquiparem?
3239 4193 3406 4261 Spero
3434 4205 3671 4249 actutum

2096 4272 2316 4328 florente
2343 4277 2552 4343 repulil.
2582 4288 2633 4331 et
2664 4293 2954 4352 propagato
2986 4283 3035 4335 in
3069 4299 3239 4338 mrum
3272 4284 3470 4338 domini
3502 4293 3672 4341 nostri

2093 4363 2376 4420 Theodosii
2428 4368 2750 4439 principatu,
2783 4375 3004 4428 virtutes
3056 4383 3171 4429 tuas
3225 4376 3452 4431 fascibus
3484 4395 3670 4433 mune-

2094 4457 2306 4511 ramlas.
2356 4459 2504 4514 Tunc
2543 4462 2890 4530 epistolarum
2935 4468 3181 4520 stimulos
3228 4484 3330 4521 non
3374 4471 3665 4537 requiram,

2095 4565 2192 4603 nec
2221 4554 2540 4620 exspectabo
2569 4559 2908 4613 monitorem.
2948 4561 2991 4614 Α
3021 4572 3069 4615 te
3098 4565 3237 4617 enim
3287 4565 3445 4618 didici
3474 4576 3664 4632 Sponte

2092 4643 2364 4712 suscipere
2403 4646 2656 4714 quidquid
2701 4665 2795 4716 pro
2832 4649 2993 4705 fratre
3035 4656 3325 4710 curandum
3356 4668 3457 4711 est.
3515 4658 3664 4714 Vale.

2670 4779 2881 4837 EPIST.
2919 4783 3076 4838 LXV.

2569 4913 2875 4956 SYIIACIIUS
2904 4918 3026 4956 PL.“
3042 4920 3180 4956 ΗΜ).

2163 5006 2604 5075 Astipulitmnem
2658 5013 2910 5078 prmelara
2961 5017 3150 5068 merita
3195 5032 3298 5070 non
3347 5021 3665 5087 requirunt:

2095 5097 2355 5164 siquidem
2405 5101 2571 5152 virtus
2601 5117 2696 5154 sua
2730 5103 2844 5157 luce
2871 5119 3038 5174 consp
3061 5121 3157 5160 cita
3207 5121 3484 5163 aversatur
3521 5114 3664 5166 auxi-

2098 5189 2222 5241 lium
2257 5190 2732 5246 Cominendationis
2779 5195 2990 5250 alienm.
3046 5197 3183 5265 Ergo
3226 5214 3346 5252 cum
3393 5201 3666 5255 dominum

2095 5293 2150 5335 et
2182 5286 2396 5335 tratrem
2443 5299 2614 5336 meum
2661 5284 2918 5339 Licinium
2946 5289 3214 5344 celebrem
3245 5292 3430 5347 fecerit
3451 5294 3514 5347 ad
3542 5313 3667 5350 nor~

2099 5387 2236 5426 mam
2269 5374 2462 5428 veteris
2497 5375 2791 5445 disciplina:
2821 5380 3114 5447 gubernata
3145 5399 3310 5448 tt'Sp.,
3343 5385 3467 5452 quid
3498 5397 3668 5454 potest

2097 5465 2143 5516 ei
2191 5464 2460 5534 dignitatis
2504 5469 2735 5536 adjicere
2787 5469 2987 5536 piivata
3040 5472 3303 5527 laudatio?
3351 5477 3459 5529 llac
3512 5477 3663 5546 igitur

2099 5559 2370 5625 pra'missa
2400 5568 2568 5627 parte,
2600 5560 2814 5628 optima:
2846 5561 2897 5615 in
2925 5563 3126 5616 amicos
3155 5565 3274 5619 lidei
3298 5581 3360 5621 ac
3389 5567 3668 5637 diligentia.

2095 5649 2286 5710 virum,
2319 5649 2572 5716 prmcelso
2604 5651 2781 5703 animo
2829 5661 2918 5703 tuo
2951 5663 3076 5721 opto
3105 5655 3312 5710 sociare
3347 5675 3359 5709 :
3394 5673 3497 5709 non
3527 5662 3667 5729 quod

2087 5741 2342 5808 judiciqu
2393 5751 2536 5794 tuum
2569 5757 2745 5796 serum
2789 5757 2851 5796 ac
2896 5743 3108 5798 dil‘ticile
3160 5746 3229 5800 sit
3273 5746 3336 5798 ad
3369 5749 3662 5815 colligenda

2095 5833 2302 5900 ingenia
2341 5843 2394 5888 et
2437 5834 2787 5904 explorandos
2815 5839 3114 5894 voluntates
3149 5841 3431 5902 bonorum,
3465 5841 3559 5894 τεά
3606 5859 3656 5894 ηε
