4218 6440
365 341 471 397 197

1573 341 2054 399 ΙιῖΙῚδτοιιΜιυΜ
2095 339 2298 396 LIBER
2341 339 2402 394 Il.

3552 347 3643 406 198

362 465 516 511 ιιιιιιιι
551 470 671 526 pne
715 453 1050 512 mordebant.
1103 456 1276 526 Atque
1316 456 1518 513 utinam
1564 454 1951 512 sollicitudines
1976 459 2025 516 Α
2054 452 2206 517 mini,
2239 454 2329 522 qui
2360 452 2640 524 apparatui
2661 452 2780 524 ejus
2809 452 2958 524 plura
2987 464 3040 512 et
3063 455 3317 528 praeclara
3346 458 3533 514 tribuis
3557 463 3593 514 ti
3613 493 3642 514 ..

357 548 682 618 questurias
698 563 795 620 par
807 560 1155 608 σωωιιιιιιω
1175 545 1404 606 felicius
1433 547 1765 619 mitigassetl
1803 545 1946 604 Vale.

893 662 1110 720 EPIST.
1150 661 1411 720 LXXVII.

714 768 1029 814 ιιι-λειω
1065 769 1332 812 ηινιικο
1367 769 1586 812 ηΑτιι.

439 843 677 903 εᾶίιιοιιι
708 862 887 904 tnunei
902 850 948 903 is
978 847 1145 904 nostri
1175 855 1231 904 et
1257 850 1456 905 usitata
1481 859 1539 906 et
1588 848 1803 906 insolita
1837 862 1868 905 a
1899 856 1951 905 te

356 936 743 1004 conferuntur;
771 942 841 994 ita
862 941 1045 995 omnia
1069 940 1138 996 ad
1157 940 1551 997 conciliandum
1569 943 1822 1012 quaestori
1849 955 1950 998 no-

359 1037 477 1083 stro
505 1029 678 1098 plebis
704 1029 945 1086 favorem
974 1044 1028 1086 et
1047 1033 1369 1088 solemnium
1426 1047 1602 1088 rerum
1649 1033 1830 1104 largus
1893 1041 1950 1088 et

361 1133 625 1175 novare
653 1131 898 1191 repertor
924 1124 1197 1193 escogitas
1229 1142 1242 1177 :
1279 1132 1336 1178 ut
1362 1139 1505 1179 nunc
1528 1133 1733 1195 septem
1775 1123 1950 1182 Scoti-

357 1226 550 1268 c-irum
577 1229 770 1268 canum
796 1215 1041 1285 probavit
1060 1215 1298 1281 oblatio;
1326 1232 1460 1289 quos
1491 1218 1831 1288 prclusiouis
1857 1217 1949 1276 die

359 1303 436 1359 ita
460 1305 628 1361 Roma
655 1305 845 1362 mirata
875 1315 981 1374 est.
1003 1317 1062 1363 ut
1088 1308 1276 1364 ferreis
1305 1311 1490 1366 caveis
1531 1320 1750 1379 putaret
1777 1310 1946 1368 adve-

359 1409 500 1452 ctos.
528 1396 672 1470 Ergo
697 1407 754 1454 et
783 1398 944 1469 hujus
970 1400 1047 1455 rei
1082 1415 1243 1456 causa
1272 1411 1328 1458 et
1361 1411 1618 1472 prmterea
1666 1417 1947 1459 munerum

359 1502 703 1556 catervarum,
742 1501 973 1562 quantas
1017 1506 1267 1561 possum,
1315 1493 1576 1550 maximas
1611 1495 1816 1566 gratias
1847 1494 1944 1552 tibi

357 1595 466 1653 ago
492 1597 509 1635 :
537 1581 664 1638 licet
689 1583 744 1639 in
775 1583 877 1648 liis,
909 1599 1030 1655 qua:
1057 1584 1298 1644 studiose
1327 1585 1588 1642 fratribus
1615 1601 1713 1658 pro
1741 1587 1947 1657 magni-

359 1673 549 1731 tudine
565 1673 732 1731 animi
761 1677 835 1732 tui
854 1677 1065 1745 tribuis,
1089 1679 1407 1737 beueliciutn
1431 1694 1484 1737 te
1503 1695 1610 1738 non
1631 1689 1788 1751 potes
1811 1695 1948 1755 prte-

358 1777 531 1841 atare,
553 1771 651 1828 sed
672 1785 909 1830 sumere.
946 1772 1094 1830 Vale.

883 1864 1102 1923 EPIST.
1143 1865 1426 1926 LXXVIII.

843 1971 1155 2015 σιιιιιιοιιυι
1190 1973 1470 2018 ηινιλιιο.

435 2046 571 2103 Pais
600 2048 880 2107 hominum
907 2051 1241 2122 compendiis
1268 2060 1322 2110 et
1348 2053 1642 2124 quatstibus
1668 2051 1903 2125 gaudent
1929 2069 1946 2121 ;

373 2155 464 2197 me
488 2143 666 2198 votiva
690 2143 929 2202 delectat
962 2145 1240 2215 espenslo.
1295 2145 1480 2218 Itaque
1525 2146 1714 2202 avidus
1758 2147 1950 2203 civica

359 2233 883 2306 gratic,quaistoris
908 2238 1002 2294 b'lii
1037 2238 1142 2295 mei
1163 2239 1466 2313 sumptibus
1485 2243 1678 2295 studeo
1695 2240 1839 2296 aliud
1855 2256 1948 2311 ge-

359 2341 464 2382 nus
509 2327 774 2398 largitatis
804 2328 1040 2400 adjicere
1066 2374 1082 2399 ,
1117 2341 1175 2386 ut
1210 2333 1492 2388 curulibus
1533 2333 1760 2389 stabulis
1789 2331 1948 2391 Urbis

361 2431 580 2476 ateriae
608 2423 773 2477 etiam
803 2425 964 2491 quina
992 2423 1257 2496 mancipia
1284 2425 1592 2496 largiamur.
1610 2427 1676 2484 Et
1694 2431 1944 2498 quoniam

361 2525 643 2568 servorum
671 2529 768 2582 per
798 2515 1018 2572 limitem
1045 2515 1216 2572 facilis
1243 2515 1502 2585 inventio,
1524 2528 1580 2576 et
1605 2519 1834 2589 pretium
1857 2534 1948 2574 so-

361 2605 440 2660 let
472 2619 597 2661 esse
625 2606 937 2673 tolerabile;
983 2624 1145 2682 quam
1194 2611 1431 2665 maxime
1468 2621 1520 2667 te
1561 2611 1846 2682 deprecor,
1890 2622 1946 2668 ut

359 2713 462 2768 per
489 2696 737 2756 homines
767 2710 1020 2758 strenuos
1043 2703 1228 2773 viginti
1243 2703 1472 2774 juvenes
1503 2706 1758 2774 pmilieto
1784 2723 1948 2779 nego-

360 2787 442 2842 tio
467 2800 830 2856 congruentes
855 2791 1048 2862 jubeas
1076 2796 1404 2863 comparari.
1431 2794 1490 2851 In
1520 2811 1682 2867 quam
1710 2812 1825 2855 rem
1857 2813 1946 2854 so-

360 2879 507 2937 lidos
529 2881 598 2937 ad
627 2889 680 2937 te
707 2883 855 2949 misi,
885 2882 1062 2941 habita
1090 2886 1452 2942 mstimatione
1482 2890 1781 2958 hominum,
1809 2905 1947 2962 quo-

359 2983 482 3031 rum
511 2988 621 3031 non
642 2972 839 3042 forma,
872 2974 968 3034 sed
1007 2985 1143 3034 sitas
1175 2983 1233 3034 ct
1272 2979 1478 3037 sanitas
1516 2979 1799 3054 deligenda
1837 2993 1941 3039 est.

362 3057 518 3125 Vale.

897 3138 1114 3196 EPIST.
1156 3140 1394 3198 LXXIX.

829 3244 1139 3289 ιτιιιιιοιιυι
1176 3249 1457 3292 ηΑνιΑκο.

437 3321 614 3380 Fratri
637 3335 822 3381 nostro
846 3327 1217 3383 Andromacho
1236 3342 1426 3386 omnes
1443 3331 1598 3390 bonas
1623 3342 1770 3389 artes
1790 3333 1942 3387 fami-

366 3417 531 3472 liores
560 3427 706 3484 sunt,
737 3419 833 3475 sed
877 3434 986 3488 ιιι-ω
1017 3419 1228 3476 caneris
1260 3422 1414 3488 lides,
1446 3439 1550 3495 qua
1596 3438 1944 3497 exspectatus

361 3507 496 3562 milii
527 3518 676 3565 tuum
717 3525 929 3581 quoque
967 3510 1229 3582 judicium
1256 3523 1406 3584 optat
1434 3517 1724 3574 demereri.
1760 3519 1942 3592 Itaque

357 3599 490 3655 dum
537 3609 591 3657 te
629 3605 867 3672 expetit,
917 3603 1022 3659 iter
1069 3604 1354 3662 imbecillis
1396 3623 1578 3682 grave,
1632 3615 1944 3684 gracilitatis

357 3707 477 3747 suae
503 3693 701 3749 oblitos
730 3695 964 3751 intravit.
994 3696 1118 3753 Ilaec
1159 3699 1235 3754 illi
1262 3702 1495 3759 maxime
1522 3720 1680 3761 causa
1717 3705 1814 3763 fuit
1846 3725 1942 3778 pro

361 3784 602 3853 mribus,
652 3797 707 3841 ut
738 3787 872 3843 solet
912 3789 1226 3861 plerumque
1272 3793 1481 3849 animus
1509 3810 1604 3866 spe
1652 3810 1708 3855 et
1749 3803 1943 3869 gaudio

359 3879 611 3938 ruorbum
641 3882 844 3940 levare.
896 3883 1147 3942 Advenis
1193 3887 1352 3959 igitur
1391 3905 1551 3960 quam
1602 3904 1852 3964 prompto
1887 3903 1943 3952 ct

361 3971 546 4040 patulo
573 3974 821 4030 amicitia
849 3975 970 4031 sinu
1001 3979 1358 4047 receptaudus
1382 3981 1485 4050 sit,
1515 3982 1605 4053 qui
1633 3985 1705 4039 tui
1730 3985 1942 4043 deside-

367 4064 510 4117 rium
531 4077 642 4119 suae
667 4065 958 4122 valetudini
990 4068 1244 4138 praesulit.
1290 4069 1426 4138 Quid
1468 4074 1658 4143 plural
1685 4087 1943 4146 appeten-

356 4154 464 4210 tlus
493 4156 585 4211 tibi
612 4157 770 4226 foret,
805 4159 906 4214 nisi
939 4170 989 4216 te
1014 4173 1205 4230 sponte
1234 4175 1570 4234 sequeretur.
1602 4166 1743 4237 Ergo
1757 4183 1943 4225 accur-

359 4250 506 4304 rcuti
540 4250 844 4322 religiosam
868 4269 1082 4309 manum
1108 4257 1350 4328 porrige;
1377 4268 1433 4314 ut
1462 4261 1553 4331 qui
1583 4271 1633 4316 te
1658 4265 1806 4318 novit
1835 4265 1944 4320 vir-

359 4340 567 4397 tutibus
615 4344 984 4414 superiorem,
1039 4348 1425 4407 communitate
1476 4366 1659 4423 parem
1723 4356 1939 4412 sentiat.

365 4433 520 4491 Vale.

919 4507 1134 4565 EPIST.
1176 4509 1389 4567 LXXX.

722 4611 1028 4654 SVIIACIIUS
1068 4615 1133 4656 η.
1146 4617 1329 4658 ινιιιδο
1367 4619 1582 4662 FRATRI.

432 4689 875 4746 Cotntnendaturn
909 4691 1039 4747 tnilii
1067 4709 1094 4745 a
1136 4695 1300 4751 fratre
1345 4713 1464 4754 ineo
1517 4699 1716 4756 Hilario
1762 4702 1936 4759 virum

354 4781 768 4836 devotissimum
795 4781 1096 4848 Titianum;
1129 4801 1236 4854 quo
1276 4787 1384 4841 alio
1417 4805 1630 4856 possum
1672 4794 1938 4850 beneﬁcio

356 4874 654 4939 munerari,
685 4890 847 4944 quam
879 4886 934 4928 ut
966 4891 1087 4932 eum
1119 4891 1305 4934 sancto
1338 4883 1536 4947 pectori
1580 4899 1670 4940 tuo
1714 4901 1820 4941 nou
1850 4902 1937 4942 as-

356 4964 668 5033 pernandus
700 4976 945 5035 precator
969 4967 1273 5026 insinuem?
1319 4972 1387 5027 Et
1433 4972 1545 5044 jam
1595 4991 1753 5047 spero
1803 4981 1936 5050 peti-

353 5057 492 5110 tioni
519 5071 653 5111 mete
682 5072 953 5113 cesuram
1008 5058 1316 5120 felicitatem
1338 5107 1353 5134 ,
1400 5069 1617 5136 quando
1652 5086 1719 5125 eo
1753 5074 1936 5128 studio

348 5158 522 5217 atque
548 5149 824 5220 proposito
847 5165 926 5218 es,
962 5160 1019 5206 ut
1062 5153 1228 5210 instar
1270 5158 1455 5227 gratia
1493 5159 1729 5231 habeas,
1767 5167 1812 5218 si
1840 5164 1936 5222 tibi

355 5238 655 5308 probabilis
678 5241 886 5299 amicus
911 5244 1153 5302 accedat.
1188 5245 1340 5304 Vale.

893 5357 1108 5415 EPIST.
1153 5359 1385 5418 LXXXI.

827 5462 1129 5506 δϊωηοιιυς
1169 5467 1447 5512 ηΑνιΑιιθ.

429 5537 598 5596 Filius
616 5551 801 5598 uoster
819 5541 1194 5614 Symmzurltus,
1209 5562 1422 5617 peracto
1439 5566 1660 5608 munere
1680 5556 1936 5611 candida-

356 5632 415 5696 ti,
447 5629 604 5686 olTert
629 5631 724 5688 tibi
751 5632 889 5690 dona
913 5646 1222 5707 quaestoria,
1251 5649 1304 5694 et
1331 5653 1553 5696 ert-teras
1583 5647 1931 5703 necessitudi-

356 5738 453 5777 nes
479 5735 688 5779 nostras
716 5726 828 5795 pari
859 5727 1058 5783 lionntc
1083 5731 1384 5798 participat.
1436 5735 1628 5802 Quaeso
1673 5737 1832 5808 igitur
1875 5750 1933 5794 ut

355 5818 471 5873 eius
500 5820 715 5877 nomine
745 5822 954 5892 dyptica
981 5835 1028 5880 ct
1054 5829 1379 5894 apophoreta
1432 5846 1705 5890 suscmrrc
1733 5838 1923 5906 digne-

2054 543 2328 602 Przterea
2350 545 2574 602 domino
2599 557 2654 602 et
2693 547 2920 618 principi
2958 557 3147 604 nostro
3185 548 3252 604 ad
3297 548 3633 607 referendam
3678 553 3680 556 ’

2054 637 2284 710 largitati
2310 637 2429 710 ejus
2452 638 2692 697 sedulam
2725 642 2925 710 magis,
2956 657 3116 711 quam
3161 656 3346 710 parem
3373 643 3626 710 gratiam,

2049 743 2184 785 auro
2207 730 2603 787 circumdatum
2633 732 2907 804 dypticum
2962 733 3106 788 misi.
3149 734 3392 791 Crateros
3419 750 3633 806 quoque

2049 819 2256 876 amicos
2277 821 2533 879 eburneis
2563 823 2914 894 pugillaribus
2945 834 2998 881 ct
3027 824 3320 881 canistellis
3361 828 3634 893 argenteis

2051 907 2331 969 honorati.
2361 911 2492 969 Tua:
2518 913 2683 985 igitur
2708 917 2982 984 potestati,
3032 926 3124 971 tuo
3169 931 3382 987 quoque
3411 919 3634 973 arbitrio

2053 1003 2355 1074 committo,
2377 1015 2746 1078 utopportune
2767 1007 3016 1079 singulis,
3037 1023 3159 1080 quae
3175 1011 3335 1066 missa
3359 1019 3485 1066 sunt
3503 1009 3633 1066 offe-

2049 1109 2255 1155 rantur.
2287 1098 2435 1158 Vale.

2584 1192 2801 1251 EPIS'I‘.
2841 1191 3099 1252 LXXXII.

2531 1299 2838 1342 SVIIACIIUS
2877 1302 3152 1343 PLAYIANO.

2121 1373 2270 1430 Multi
2311 1390 2341 1430 a
2386 1391 2472 1432 me
2520 1379 2951 1435 conciliationem
3006 1381 3317 1437 litterariam
3369 1398 3632 1451 poposce-

2052 1478 2213 1534 runt;
2242 1467 2336 1523 scd
2360 1471 2710 1540 quorumdam
2742 1474 2968 1540 meritis,
3003 1474 3228 1530 altorum
3257 1479 3506 1546 precibus
3537 1495 3628 1546 νει-

2050 1574 2162 1617 rem
2189 1561 2416 1633 gratiam
2445 1563 2568 1619 dedi
2599 1583 2613 1620 :
2644 1579 2746 1622 nec
2775 1577 2952 1622 tamen
2980 1583 3194 1636 vereor,
3226 1585 3294 1626 ne
3317 1571 3408 1625 tibi
3437 1572 3630 1626 civium

2047 1655 2225 1724 ignota
2254 1654 2528 1712 distinctio
2552 1659 2623 1713 sit
2653 1701 2670 1727 ,
2712 1658 2968 1728 judicium
2996 1661 3063 1716 de
3097 1664 3179 1717 liis
3225 1677 3512 1720 commune
3544 1684 3629 1722 re-

2047 1748 2264 1803 culenti.
2296 1748 2458 1805 Dabis
2479 1751 2639 1822 igitur
2670 1752 2720 1807 in
2761 1752 3079 1823 quibusdam
3125 1758 3460 1813 verecundia:
3500 1775 3633 1812 tuna:

1972 1833 2025 1898 B
2053 1840 2283 1905 veniam,
2307 1855 2428 1910 quas
2455 1845 2616 1898 cessit
2641 1845 2943 1903 orantibus.
2975 1845 3050 1902 Se
3069 1849 3233 1914 tueris
3265 1862 3467 1912 autem,
3491 1852 3630 1919 quod

2051 1929 2160 1985 scis
2186 1930 2254 1987 de
2282 1932 2508 2003 singulis
2537 1946 2823 2007 utrumque
2862 1938 3085 1995 sentire.
3134 1940 3269 1995 Puto
3316 1958 3379 1996 es
3413 1944 3495 1996 liis
3516 1959 3633 1998 ver-

2051 2020 2154 2091 bis,
2184 2041 2292 2093 quo
2324 2032 2374 2078 iu
2401 2041 2630 2082 numero
2651 2026 2820 2085 lilium
2852 2043 3093 2087 nostrum
3145 2034 3380 2088 Attalum
3421 2045 3632 2103 specta-

2052 2114 2211 2170 bilem
2250 2118 2424 2172 virum
2463 2133 2716 2175 censeam
2759 2121 2914 2178 facile
2948 2124 3210 2192 dignosci.
3253 2124 3492 2196 Namque
3529 2127 3630 2180 ista

2049 2207 2218 2263 libera
2248 2217 2304 2264 et
2327 2221 2511 2279 aperta
2533 2212 2790 2270 discretio
2814 2215 2866 2270 ei
2894 2224 3007 2270 tutu
3032 2220 3232 2274 Credita
3265 2230 3369 2283 est,
3400 2222 3488 2288 qui
3521 2237 3628 2275 tinu

2047 2298 2144 2354 fuit
2165 2299 2218 2354 in
2249 2313 2454 2368 partem
2481 2314 2786 2373 cogentum.
2837 2305 3015 2374 Quare
3054 2317 3144 2363 tuo
3171 2301 3384 2364 actueo
3412 2315 3629 2366 nomine

2047 2392 2311 2450 amicitias
2340 2398 2665 2452 accurrentis
2692 2401 3041 2468 amplectere;
3071 2413 3126 2456 ut
3151 2402 3273 2458 ltuéc
3299 2405 3351 2457 in
3369 2407 3540 2460 fructu
3563 2416 3629 2460 su

2044 2483 2221 2538 Cultus
2245 2485 2528 2556 bonorum,
2554 2493 2732 2560 pravis
2753 2493 2944 2564 dolori,
2977 2496 3117 2564 quod
3144 2496 3392 2554 similiter
3417 2515 3524 2554 uoti
3544 2500 3628 2555 di-

2048 2576 2304 2648 liguntur.
2334 2577 2481 2637 Vale.

2562 2674 2778 2734 EPISI'.
2821 2677 3103 2737 LXXXIII.

2519 2782 2836 2825 ενιιιιιωιυε
2876 2789 3151 2830 ιἰΑι-ιικιι.

2113 2853 2233 2910 .larn
2258 2858 2458 2927 pridem
2479 2859 2697 2916 domino
2719 2873 2770 2918 et
2799 2863 2948 2919 fratri
2976 2882 3096 2922 meo
3118 2866 3296 2938 Alipio
3313 2871 3624 2927 comitatum

2048 2962 2255 3004 sacrum
2289 2950 2464 3008 visere
2489 2963 2649 3024 atque
2675 2957 2826 3014 adire
2854 2960 3111 3028 cupienti,
3139 2976 3256 3018 sera
3284 2964 3502 3033 quidem
3535 2983 3626 3022 nc-

2042 3043 2212 3110 casio,
2240 3043 2334 3098 sed
2366 3045 2483 3100 lmta
2513 3053 2791 3116 successit,
2818 3063 2876 3107 ut
2897 3069 3019 3108 eum
3041 3057 3227 3110 con~ul
3259 3059 3482 3125 accires,
3508 3063 3628 3118 ideo

2044 3133 2097 3190 in
2127 3148 2470 3205 conspectum
2501 3149 2650 3196 tuum
2677 3145 2852 3200 alacer
2879 3147 3134 3215 occurrit,
3156 3161 3211 3202 ut
3237 3150 3511 3208 beneficiis
3537 3170 3628 3206 γει-

1965 3205 2014 3269 C
2047 3230 2152 3283 tiva
2185 3230 2370 3286 reddat
2397 3231 2570 3288 oflicia
2599 3244 2652 3289 et
2695 3238 2862 3291 sancti
2918 3240 3078 3294 animi
3132 3242 3204 3295 tui
3256 3244 3392 3297 fretu
3434 3248 3627 3302 nubem

2043 3319 2254 3375 invidia:
2302 3324 2595 3393 superioris
2638 3324 2955 3400 abstergeat.
2987 3330 3143 3400 Quod
3191 3333 3266 3388 illi
3297 3337 3528 3392 arbitror
3559 3356 3622 3392 ex

2044 3421 2169 3470 voto
2202 3428 2325 3470 esse
2365 3429 2667 3473 cessurum.
2712 3419 2897 3492 Neque
2925 3426 3070 3480 enim
3115 3428 3265 3482 fama:
3295 3434 3410 3499 ejus
3438 3432 3628 3488 deesse

2043 3504 2257 3574 aliquod
2313 3509 2567 3580 patieris,
2626 3514 2717 3582 qui
2785 3517 3085 3574 securitatis
3131 3533 3322 3577 cuncta
3375 3524 3626 3580 tribuisti.

2045 3593 2196 3652 Vale.

2568 3696 2779 3754 lL‘PlST.
2825 3700 3106 3764 LXXXIV.

2520 3803 2828 3848 εςνηιοιιιες
2866 3812 3145 3854 ηδε-πλεο.

2118 3875 2282 3934 Recte
2309 3891 2363 3934 rt
2406 3883 2756 3950 probaliiiitcr
2788 3890 3072 3958 judicasti,
3120 3893 3336 3952 fratrem
3380 3912 3620 3955 nostr..ut

2044 3965 2316 4024 Titianum
2345 3978 2692 4043 spectabilem
2723 3982 2890 4036 virum
2919 3988 3217 4041 conuilalui
3243 3998 3333 4044 tuo
3363 3991 3626 4056 interesse

2045 4059 2241 4116 debere
2273 4081 2286 4116 :
2314 4065 2573 4134 siquidem
2603 4073 2823 4139 {ciuitas
2850 4078 3166 4146 postulabat,
3196 4089 3250 4134 ut
3282 4084 3386 4137 voti
3417 4089 3496 4140 sui
3528 4105 3624 4141 vo-

2047 4152 2249 4224 luptate
2273 4155 2559 4216 frueretur.
2605 4163 2744 4219 Nulli
2794 4183 3023 4239 unquam
3065 4183 3308 4228 nostrum
3341 4175 3414 4232 tui
3437 4193 3623 4237 amore

2044 4249 2245 4313 cessit;
2286 4252 2525 4321 quiuimo
2572 4271 2785 4328 semper
2822 4266 3018 4329 primas
3056 4265 3155 4320 sibi
3195 4281 3320 4339 erga
3358 4280 3409 4326 te
3443 4283 3622 4341 partes

2044 4342 2400 4402 observantia:
2434 4348 2743 4406 vindicavit.
2774 4353 2955 4426 Itaque
2983 4367 3170 4413 testem
3210 4364 3374 4417 alium
3399 4379 3508 4419 non
3538 4383 3624 4422 reo

2044 4437 2226 4507 quirit.
2247 4438 2366 4496 Scit
2385 4443 2530 4498 enim
2560 4444 2659 4500 sibi
2695 4446 2812 4516 plus
2838 4463 2959 4505 esse
3005 4451 3106 4507 lori
3147 4455 3286 4524 apud
3316 4468 3463 4515 tuum
3497 4464 3617 4516 ani-

2047 4544 2217 4597 mum,
2246 4548 2403 4602 quam
2433 4547 2614 4605 posset
2637 4555 2757 4594 meo
2778 4555 3030 4599 sermone
3053 4562 3393 4618 conquirere.
3439 4551 3621 4611 Belin-

2047 4640 2154 4695 quo
2182 4630 2341 4696 igitur
2366 4643 2488 4683 cum
2521 4631 2727 4687 fiducia:
2755 4650 2866 4691 suae
2892 4679 2907 4703 ,
2940 4641 3061 4707 quia
3105 4642 3234 4696 nihil
3278 4658 3451 4712 potest
3496 4664 3622 4709 esse

2043 4719 2384 4775 cumulatius.
2415 4721 2524 4779 Hoc
2549 4734 2750 4781 tantum
2779 4729 3046 4798 subjicere
3059 4739 3366 4807 contentus,
3383 4756 3467 4796 me
3487 4759 3622 4812 quo-

2043 4827 2144 4879 que
2169 4812 2259 4866 tibi
2282 4814 2398 4882 ejus
2427 4818 2660 4884 nomine,
2685 4821 2728 4873 si
2756 4822 2882 4890 quid
2911 4829 3098 4894 gratiae
3125 4831 3348 4901 ceperit,
3378 4832 3621 4904 obligan-

2041 4905 2184 4958 tlutu.
2212 4905 2359 4961 Vale.

2576 5004 2790 5061 EPIS’I‘.
2823 5006 3086 5064 LXXXV.

2396 5111 2704 5153 ειυιιλειιυε
2741 5115 3004 5158 ηΑνιΑιευ
3046 5118 3258 5160 ΙιιΑτιιι.

2117 5179 2292 5239 Facile
2314 5184 2533 5242 fratrem
2559 5197 2802 5244 nostrum
2851 5191 3116 5262 Elpidium
3149 5196 3216 5251 ad
3269 5200 3611 5268 proficiscen-

2041 5274 2167 5329 dum
2201 5276 2447 5333 traxisset
2474 5279 2708 5346 affectio,
2737 5281 2838 5337 nisi
2869 5298 2991 5339 eum
3024 5286 3162 5342 unici
3189 5303 3316 5344 cura
3339 5294 3592 5350 retineret

2042 5364 2272 5422 Tantum
2295 5370 2489 5439 quippe
2517 5382 2599 5426 est
2627 5373 2676 5426 in
2709 5387 2776 5428 eo
2822 5374 3148 5432 sinceritatis
3187 5390 3348 5450 atque
3377 5383 3615 5441 dulcedi-

2047 5462 2147 5528 nis,
2181 5468 2236 5515 ιιι
2268 5463 2344 5516 illi
2372 5464 2470 5519 soli
2501 5463 2922 5522 necessitudines
2953 5469 3325 5536 prmferantur.
3361 5474 3510 5536 lluuc
3541 5481 3610 5532 ita

2042 5566 2337 5624 spectatura
2368 5559 2496 5610 milii
2520 5569 2678 5629 atque
2706 5563 3073 5628 coniunctum,
3092 5562 3258 5628 jussis
3283 5567 3386 5619 tuis
3417 5582 3612 5635 negare

2042 5665 2146 5702 non
2179 5650 2361 5718 potui:
2392 5651 2514 5719 quia
2543 5653 2594 5704 in
2624 5650 2815 5706 talibus
2835 5654 3009 5708 causis
3033 5654 3202 5722 major
3238 5657 3375 5725 apud
3407 5674 3492 5714 mc
3527 5674 3618 5715 ce-

2038 5743 2199 5797 dendi
2221 5743 2462 5813 voluptas
2479 5752 2557 5800 est
2576 5759 2734 5816 quam
2763 5745 2987 5802 fruendi.
3010 5747 3232 5817 Suscipe
3251 5751 3404 5818 igitur
3427 5765 3611 5808 aman-

2037 5837 2489 5895 tissimumnostri
2521 5852 2584 5894 cn
2631 5839 2806 5894 animo
2841 5857 2945 5904 quo
2980 5851 3169 5900 rogasti
3221 5857 3232 5888 :
3289 5843 3490 5900 .estima
3540 5847 3608 5902 do
