4218 6436
500 347 605 406 209

1712 356 2190 411 ΕΡΙςίυιΑιιΓΜ
2235 357 2432 411 I.lIif‘ll'.
2480 357 2559 412 III.

3666 369 3765 421 210

504 466 710 520 fortuna
737 470 893 524 auuci
925 486 1069 537 saepe
1108 472 1378 537 sollieit-t,
1434 488 1486 530 et
1535 474 1898 529 laborantibus
1941 491 2087 527 eont-
2114 476 2162 533 Α
2200 474 2307 527 lere
2339 480 2387 526 te
2424 491 2545 539 l'r'U;
2569 490 2657 527 ere
2684 492 2732 526 lli
2760 489 2898 528 tuam
2928 491 3108 530 curant
3154 480 3484 545 peeuniuttas
3508 493 3761 536 actiones.

506 559 776 613 mendatio
807 576 909 614 una
935 577 1041 615 non
1073 563 1301 628 Sufficit,
1335 565 1459 620 licet
1482 568 1739 621 tenaciter
1767 582 2082 631 memorem,

506 664 692 703 rursus
710 650 996 705 admoneo.
1028 651 1312 708 Przestahit
1340 655 1584 710 beneficii
1613 656 1690 711 tui
1716 659 1987 722 celeritas,
2019 672 2087 712 ne

503 738 575 792 sit
601 739 730 795 mihi
757 754 981 797 necesse
1005 741 1146 796 idem
1177 746 1372 811 smptus
1395 744 1591 801 facere.
1618 746 1768 802 Vale.

1053 836 1267 891 EPIST.
1313 838 1532 894 XXXII.

976 943 1283 984 SVMMACIIUS
1321 946 1597 987 Αιωκοειο.

579 1015 794 1073 Fratres
844 1016 950 1071 mei
998 1019 1299 1075 lion-tlteus
1336 1031 1391 1076 et
1424 1024 1713 1092 Septimus,
1767 1026 2084 1094 spectabiles

505 1107 629 1170 viri,
649 1123 809 1161 unam
838 1120 981 1161 tuam
1010 1111 1289 1175 epistolam
1315 1115 1678 1181 prmtulerunt.
1705 1117 1809 1170 Sed
1841 1119 1969 1171 mihi
2003 1133 2084 1171 te-

506 1195 632 1265 ligio
661 1196 759 1248 fuit
792 1197 1089 1251 istusrnodi
1118 1210 1332 1268 captare
1373 1205 1766 1272 compendium.
1811 1216 1868 1259 ttt
1899 1218 1950 1259 et
1992 1208 2085 1260 tibi

502 1286 768 1355 geminata
801 1289 1151 1357 responderet
1177 1291 1341 1347 ofﬁcii
1368 1308 1548 1357 usura,
1579 1307 1631 1351 et
1661 1296 1883 1366 singulis
1915 1300 2086 1353 honor

503 1377 667 1431 debiti
700 1378 992 1433 testimonii
1011 1382 1333 1448 proveniret.
1358 1382 1488 1437 Nam
1514 1388 1615 1439 etsi
1645 1389 1943 1443 ﬂorotheus
1972 1406 2086 1457 prn-

502 1467 661 1521 batus
685 1479 786 1529 est,
824 1472 982 1537 cupio
1025 1482 1221 1536 tamen,
1250 1483 1307 1527 ut
1346 1490 1467 1527 eum
1499 1479 1756 1545 majorem
1788 1482 1839 1529 in
1866 1481 2081 1533 modum

501 1557 682 1627 indicii
712 1562 815 1614 mei
850 1564 1198 1632 prtrrogativa
1229 1567 1501 1630 conciliet,
1538 1567 1678 1636 quod
1706 1567 1940 1624 fututum
1978 1589 2085 1625 non

502 1652 737 1722 ambigo,
765 1669 887 1706 cum
915 1653 1130 1709 affectio
1162 1655 1285 1711 boni
1306 1658 1470 1712 animi
1499 1674 1665 1728 capax
1696 1663 1766 1716 sit
1786 1665 2081 1733 augmenti,

502 1743 751 1811 quotiens
774 1745 978 1800 meritis
1006 1758 1335 1813 provocatur.
1364 1749 1511 1804 Vale.

1043 1839 1258 1895 EPIST.
1303 1842 1541 1898 XXXIII.

980 1944 1284 1986 ειηιυοιιυε
1321 1948 1595 1989 Αδιιιειοειο.

576 2014 728 2071 Licet
753 2017 1005 2085 arbitrer,
1038 2023 1344 2090 superiores
1372 2025 1576 2081 litteras
1607 2042 1773 2093 meas,
1810 2032 2005 2097 quibus
2027 2042 2082 2085 ttt

502 2105 721 2163 fratrem
749 2126 927 2166 meum
960 2112 1280 2169 Marcianum
1302 2117 1371 2172 ab
1401 2117 1609 2186 injuriis
1638 2122 1873 2178 vindices
1899 2135 2083 2192 postn-

502 2196 629 2265 lavi,
669 2200 725 2255 in
752 2216 939 2257 manus
982 2216 1097 2258 tuas
1126 2206 1364 2262 delatas:
1397 2210 1667 2268 abstinere
1716 2224 1894 2269 tamen
1919 2218 2079 2271 etiam

500 2291 734 2346 secunda
782 2294 1039 2362 petitione
1083 2314 1187 2352 non
1218 2298 1414 2367 debui,
1458 2313 1517 2357 ut
1564 2305 1935 2361 necessitatem
1982 2309 2079 2363 viri

501 2383 707 2450 optimi,
734 2386 826 2439 sed
861 2385 1055 2441 invidia
1088 2392 1350 2460 tyrannici
1383 2399 1640 2461 temporis
1669 2396 1924 2465 involuti,
1960 2414 2081 2468 pre-

499 2475 642 2530 catio
670 2478 936 2546 geminata
969 2489 1209 2537 leuetur.
1233 2484 1410 2551 Quare
1433 2502 1619 2542 rursus
1646 2498 1697 2543 te
1717 2488 1784 2543 ad
1806 2492 1961 2545 amici
1985 2495 2080 2546 de-

498 2563 795 2622 fensionem
824 2572 1115 2636 exhortor;
1150 2574 1303 2644 cujus
1336 2578 1562 2633 tenuitas
1591 2591 1705 2633 orta
1754 2596 1820 2634 ex
1853 2581 2079 2651 integri-

500 2666 629 2721 tate,
660 2674 765 2712 non
789 2662 1007 2729 patitur,
1032 2674 1084 2716 ut
1108 2679 1371 2719 annorum
1397 2671 1561 2735 pretia
1587 2671 1751 2737 possit
1775 2673 2075 2738 exsolvere.

498 2765 618 2817 quas
633 2751 744 2819 jam
766 2753 947 2810 multis
966 2757 1205 2824 ejusdem
1229 2763 1481 2829 temporis
1501 2761 1771 2831 jndieibns
1788 2764 2078 2834 imperialis

497 2843 783 2899 clementia
807 2848 1085 2904 relaxavit.
1120 2851 1235 2906 Erit
1262 2855 1310 2921 ig
1335 2863 1420 2907 tttr
1449 2855 1543 2909 tibi
1580 2856 1784 2910 facilior
1811 2858 1877 2911 ad
1905 2860 2076 2929 impe-

500 2937 744 2991 trandum
776 2941 876 3003 tia,
901 2956 1023 2995 cum
1054 2944 1366 2999 meritorum
1400 2956 1609 3002 tuorum
1635 2948 1916 3018 opitulatio
1939 2951 2076 3006 alio-

504 3040 623 3081 rum
651 3031 912 3098 exemplis
937 3032 1174 3102 juvetur.
1212 3034 1359 3090 \‘ale.

1044 3123 1258 3180 EPIST.
1302 3125 1541 3184 XXXIV.

976 3226 1284 3270 SYIIIACIIUS
1321 3233 1596 3274 AIBROSIO.

570 3297 662 3354 Na:
686 3302 783 3356 :evi
815 3301 985 3358 instar
1006 3312 1111 3369 est,
1136 3316 1194 3360 ut
1222 3306 1387 3363 frater
1409 3326 1560 3366 mens
1581 3312 1859 3381 Magnillns
1883 3315 2075 3371 vicaria

500 3398 761 3457 potesmte
802 3408 896 3460 per
944 3394 1171 3450 Africam
1212 3397 1462 3468 functus,
1496 3403 1798 3459 testimonio
1839 3408 2076 3461 omnium

503 3481 712 3549 publice
735 3484 1087 3555 privatimque
1110 3493 1453 3558 conspicuus,
1492 3494 1656 3550 variis
1682 3496 1735 3548 in
1769 3512 1830 3551 ea
1864 3498 2079 3567 provin-

500 3576 581 3626 cia
614 3576 916 3631 retardetur
931 3578 1241 3634 obstaculis.
1274 3582 1450 3639 Nostri
1476 3587 1663 3654 optimi
1684 3589 1778 3641 viri
1802 3592 2079 3645 maturita-

499 3672 637 3727 tem,
667 3676 995 3737 emterasque
1047 3679 1193 3725 artes
1241 3672 1441 3738 bonas,
1472 3676 1665 3745 quibus
1716 3678 1877 3734 etiam
1928 3692 2075 3736 tuum

501 3771 764 3821 amorem,
788 3774 909 3812 cum
939 3760 1206 3830 Liguriam
1233 3767 1574 3833 gubernaret,
1605 3776 1843 3825 attraxit.
1873 3775 1933 3829 Et
1958 3776 2075 3831 ideo

498 3847 636 3915 apud
676 3860 726 3904 te
755 3850 1102 3907 redundantis
1128 3866 1211 3909 est
1252 3872 1430 3913 o.er.'e
1464 3859 1678 3916 laudare
1714 3877 2072 3932 compertum.

498 3938 677 4005 Quare
700 3941 968 4012 impendio
992 3955 1131 4013 peto,
1154 3956 1212 4001 ut
1233 3962 1352 4003 eum
1378 3967 1404 4003 a
1432 3952 1608 4019 hajulo
1630 3956 1925 4010 litterarum
1951 3974 2075 4013 eau-

499 4046 589 4086 sas
628 4048 898 4089 morarum
940 4040 1231 4107 acceperis.
1263 4042 1568 4111 religiosum
1609 4061 1706 4114 pro
1753 4048 1871 4115 ejus
1900 4050 2074 4105 reditu

500 4123 856 4181 interventum
888 4128 1121 4198 digneris
1150 4132 1427 4200 adbibere,
1469 4151 1576 4205 quo
1624 4140 1836 4194 tandem
1890 4144 2076 4210 patriai

500 4217 796 4282 restitutus,
829 4218 1000 4289 longae
1024 4222 1471 4292 peregrinationis
1499 4229 1744 4296 injuriam
1777 4229 2073 4287 desiderata

497 4306 677 4374 quiete
697 4318 1011 4366 commutet.
1042 4312 1186 4368 Vale.

1052 4403 1268 4461 EPIST.
1310 4404 1527 4461 XXXV.

965 4512 1275 4555 αγιιιιωιυε
1326 4516 1602 4558 Αιιυιιοειο.

574 4586 649 4640 Ex
680 4602 779 4642 usu
833 4588 979 4644 venit
1031 4598 1090 4645 ut
1114 4606 1273 4658 opem
1318 4593 1691 4651 desiderantes
1725 4597 1789 4650 ad
1828 4599 2075 4671 suffragia

499 4681 723 4747 probata
753 4679 1084 4751 confugiant.
1135 4683 1333 4740 florum
1378 4702 1514 4742 unus
1561 4688 1823 4746 Eusebius
1852 4702 1953 4759 est,
1987 4693 2075 4761 qui

496 4768 875 4826 adolescentiae
915 4774 1196 4843 prolapsus
1225 4792 1429 4847 errore,
1479 4790 1798 4849 notatusque
1837 4782 2075 4851 judicio,

498 4862 988 4929 exploratissimum
1020 4866 1314 4921 remedium
1360 4871 1531 4924 venia:
1560 4870 1851 4939 imperialis
1882 4871 2075 4942 implo-

499 4962 604 5007 rat.
645 4953 748 5008 Sed
789 4964 847 5008 ut
874 4956 923 5010 ei
947 4955 1197 5010 celeriter
1237 4958 1470 5014 arrideat
1511 4960 1759 5027 effectus;
1791 4963 1983 5018 deferri
2021 4965 2075 5019 in

498 5057 683 5098 curam
714 5053 855 5098 tuatn
878 5060 1027 5115 spem
1060 5048 1331 5117 petitionis
1359 5052 1589 5121 optavit:
1620 5053 1773 5120 cujus
1797 5053 1911 5108 hac
1931 5069 2077 5108 sum-

500 5152 586 5190 tus
616 5145 718 5202 est,
747 5148 801 5191 ut
824 5139 1044 5208 judicati
1069 5141 1406 5207 remissione,
1440 5142 1595 5199 fama:
1616 5158 1728 5200 sua:
1756 5147 1947 5200 vulnus
1975 5161 2071 5201 ex-

498 5228 698 5284 cludat.
730 5228 876 5285 Vale.

1038 5302 1256 5358 EI’IST.
1307 5304 1544 5361 XXXVI.

973 5406 1279 5448 οἰωηειιυε
1317 5409 1596 5451 Αηηιιοειο.

577 5503 742 5558 Filius
771 5518 921 5559 meus
963 5503 1284 5561 Caecilianus
1317 5510 1397 5562 vir
1421 5508 1771 5573 clarissimus,
1816 5510 1904 5579 qui
1936 5527 2076 5567 nunc

500 5596 804 5648 communis
849 5596 1033 5661 patria:
1060 5596 1319 5665 gubernat
1345 5612 1635 5666 annonam,
1659 5610 1808 5655 certo
1829 5602 2077 5669 cognovit

506 5687 722 5753 indicto,
754 5688 1113 5743 adversnrium
1142 5703 1297 5744 suum
1330 5689 1575 5761 Pyratam
1597 5693 1831 5756 nomine,
1857 5694 1935 5746 vel
1959 5693 2075 5762 ejus

510 5788 926 5845 procuratorem,
958 5794 1105 5845 spem
1136 5782 1209 5835 tui
1243 5780 1437 5835 favoris
1467 5784 1726 5837 hausisse.
1750 5783 1944 5846 Negavi
1979 5798 2069 5837 so-

2104 3184 2153 3247 C

2105 4561 2160 4623 D

2191 563 2287 617 Ille
2321 577 2517 628 tamen,
2555 576 2609 617 nt
2651 576 2730 618 est
2778 567 3050 620 hominum
3102 569 3415 637 plerumque
3440 588 3765 640 supervacua

2195 656 2496 723 trepidatio,
2524 669 2917 714 consentaneas
2956 660 3157 715 sanetis
3185 662 3421 717 moribus
3448 664 3555 718 tuis
3584 665 3649 718 de
3680 682 3765 720 me

2192 747 2398 802 littems
2430 751 2735 816 postulavit.
2768 750 2881 805 Non
2911 752 3072 806 abnni
3101 767 3317 823 operam
3355 754 3526 810 facilia
3553 757 3761 826 etjnsm

2190 841 2447 904 poscenti.
2481 841 2698 894 Summa
2725 853 2808 896 est
2854 842 3012 912 igitur
3041 844 3275 912 impositi
3307 845 3435 899 mihi
3479 852 3717 902 muneris
3746 890 3761 910 ,

2187 938 2370 982 eontra
2396 934 2669 985 absentem
2697 934 2887 1001 civem,
2914 935 3179 1003 simulque
3209 937 3507 992 districtum
3541 942 3762 1007 publicis

2187 1023 2351 1087 curis,
2396 1040 2500 1075 non
2533 1028 2676 1077 sinas
2724 1028 3015 1096 quidquam
3062 1028 3128 1082 de
3168 1028 3372 1097 jnstitia
3414 1041 3499 1084 tua
3546 1048 3763 1099 Sperare

2188 1114 2513 1177 prtesidinm.
2562 1116 2693 1169 Sunt
2729 1116 2874 1185 fora,
2924 1130 3048 1172 sunt
3079 1120 3252 1188 leges,
3283 1130 3408 1176 sunt
3447 1122 3759 1190 tribunalia,

2187 1216 2311 1257 sunt
2337 1208 2700 1274 magistratus,
2737 1211 2928 1277 quibus
2978 1210 3209 1282 litigator
3240 1224 3419 1284 utatur
3462 1215 3608 1271 salva
3634 1233 3763 1272 eon-

2185 1295 2408 1351 scientia
2434 1308 2541 1353 tua.
2582 1299 2729 1355 Vale.

2724 1389 2938 1445 EPIST.
2976 1390 3236 1446 XXXVII.

2657 1494 2962 1536 δνκιιλοηυε
3000 1499 3271 1539 ΑΜΒΒΟΒΙΙ).

2258 1569 2468 1626 Diaritts
2479 1571 2809 1627 clarissimus
2824 1575 2926 1637 vir,
2942 1578 3029 1642 qui
3049 1578 3185 1629 inter
3201 1578 3525 1644 proli-ssmes
3540 1580 3758 1632 mt'tlf’lt-

2186 1660 2239 1711 di
2260 1673 2577 1717 summatem
2605 1666 2778 1719 locum
2795 1664 2916 1736 jure
2937 1668 3163 1735 obtinet,
3183 1669 3396 1724 affinem
3426 1686 3760 1732 summumn-

2188 1752 2416 1823 demque
2445 1757 2817 1824 Cognominem
2844 1765 2935 1811 tuo
2977 1762 3273 1826 patrocinio
3301 1763 3435 1815 tradi
3471 1780 3589 1815 meo
3615 1773 3761 1829 opta-

2189 1847 2262 1898 vit
2307 1858 2481 1901 oratu.
2518 1847 2710 1903 Libens
2748 1851 3056 1905 amicissimi
3089 1854 3187 1907 viri
3211 1855 3476 1909 desidet-io
3508 1857 3758 1920 satisfeci,

2187 1951 2238 1991 ut
2272 1957 2371 1992 una
2407 1942 2487 1993 via
2518 1954 2571 1995 et
2600 1952 2652 1996 te
2689 1946 2987 1997 excolerem
3036 1948 3208 2000 sa'ute
3239 1948 3494 2008 dice-nda,
3535 1960 3582 2001 et
3618 1948 3760 2001 il‘itts

2185 2032 2298 2083 usui
2353 2033 2773 2088 colutnotlarem.
2827 2032 2933 2088 Fac
2980 2035 3138 2104 igitur
3160 2051 3276 2099 om,
3332 2039 3759 2094 comtnetnlalnnt

2185 2121 2379 2175 tuearis
2407 2122 2621 2190 auxilio,
2656 2140 2741 2178 me
2770 2139 3020 2179 sermone
3044 2128 3244 2180 vicario
3266 2130 3585 2185 munereris.
3612 2131 3759 2186 Vale.

2701 2215 2913 2271 EPIS'I‘.
2958 2217 3243 2273 XXXVIII.

2675 2320 2985 2363 SVMMACIIUS
3018 2325 3250 2363 "ILAMO.

2253 2395 2384 2448 Cum
2418 2394 2515 2450 has
2542 2396 2608 2449 ad
2641 2407 2693 2452 te
2723 2398 2930 2454 litteras
2956 2399 3159 2465 darem,
3203 2402 3396 2455 leetulo
3440 2418 3584 2473 a‘ger
3610 2416 3759 2461 tene-

2182 2486 2311 2552 bar;
2337 2487 2447 2552 jam
2491 2489 2759 2556 qnidenta
2815 2490 3051 2559 periculo
3101 2494 3419 2560 vindicatus,
3462 2495 3556 2550 sed
3586 2498 3759 2553 adhuc

2183 2577 2335 2648 ineps
2361 2579 2574 2644 virium,
2599 2596 2719 2645 quze
2747 2582 2975 2637 subinde
2997 2584 3213 2639 incertis
3244 2585 3481 2641 febribus
3508 2588 3758 2643 deterun-

2183 2676 2287 2720 tur.
2317 2669 2459 2724 lnter
2511 2670 2624 2725 ha'e
2651 2681 2827 2728 tamen
2862 2674 2999 2727 mala
3040 2675 3356 2732 valetudinis
3400 2694 3533 2734 mea:
3573 2684 3757 2735 amicis

2183 2758 2454 2825 negotium
2484 2762 2628 2827 dedi,
2663 2773 2722 2817 ut
2755 2764 2944 2833 pignus
2965 2780 3249 2821 commune
3278 2770 3520 2823 consulta
3548 2782 3756 2839 patrum

2185 2850 2314 2905 viris
2340 2854 2712 2909 consulatibus
2738 2856 3070 2925 jungeretur.
3110 2860 3295 2914 llahita
3328 2872 3409 2916 est
3429 2866 3563 2918 ratio
3593 2866 3754 2920 meri-

2181 2951 2354 2996 torum
2386 2952 2615 2999 tuurum.
2647 2946 2784 3001 Nihil
2806 2947 2946 3002 enim
2975 2949 3160 3018 gratite
3183 2960 3314 3007 mea:
3341 2953 3478 3009 duco
3501 2955 3755 3011 delatum.

2183 3034 2312 3087 Acta
2344 3034 2660 3103 amplissimi
2684 3038 2888 3091 ordinis
2909 3038 3129 3094 Tieiano
3146 3042 3370 3098 honesto
3397 3047 3508 3099 viro
3534 3047 3751 3100 tradidi:

2183 3140 2301 3191 quae
2333 3126 2419 3179 ubi
2453 3128 2504 3179 in
2536 3144 2723 3183 manus
2754 3142 2872 3186 tuas
2900 3133 3163 3198 venerint,
3205 3137 3453 3192 amiciiim
3486 3154 3569 3191 me
3594 3140 3754 3193 satis-

2185 3216 2374 3272 fecisse
2406 3222 2709 3283 pronuntia.
2736 3221 2874 3275 Nihil
2902 3224 3043 3277 enim
3075 3227 3215 3281 malo
3241 3242 3396 3299 quam
3442 3230 3649 3285 honesti
3679 3233 3752 3283 nf-

2186 3308 2287 3364 ficii
2307 3311 2534 3381 diligens
2556 3312 2806 3383 judicn'i.
2840 3314 2989 3371 Vale.

2720 3403 2867 3458 EI’IS
2884 3405 2932 3457 l‘.
2977 3405 3218 3460 XXXIX.

2675 3509 2982 3550 εῖτ-δμοίως
3023 3513 3255 3553 ωιληιο.

2254 3581 2590 3657 Valetttdinis
2618 3598 2751 3639 mete
2781 3587 2930 3655 vigor
2956 3590 3118 3655 coepit
3160 3603 3459 3658 assurgere.
3502 3590 3602 3647 Fas
3648 3606 3752 3658 est,

2183 3684 2238 3726 ut
2262 3674 2332 3729 de
2362 3690 2448 3732 me
2477 3676 2743 3731 scribendi
2772 3679 3056 3734 assiduitas
3095 3683 3380 3751 exigatur:
3413 3694 3620 3738 maneat
3642 3696 3755 3739 tau-

2182 3774 2292 3820 tum
2322 3770 2567 3821 sanitatis
2592 3766 2739 3833 fides,
2766 3785 2924 3839 quam
2958 3772 3270 3842 plerumque
3293 3774 3543 3828 sollicitat
3567 3777 3757 3836 hiemis

2184 3859 2395 3929 injuria.
2430 3860 2599 3915 Nimis
2626 3863 2769 3917 enim
2802 3872 2980 3918 tenera
3008 3876 3168 3935 atque
3213 3868 3478 3925 imbecilla
3509 3883 3593 3926 est
3620 3877 3755 3927 ratio

2181 3952 2631 4016 convalescendi,
2663 3964 2718 4006 et
2743 3965 2868 4008 ante
2910 3958 3147 4013 medicas
3197 3976 3388 4016 manus
3438 3978 3592 4031 opem
3632 3968 3753 4020 mili

2182 4042 2549 4098 clementioris
2592 4054 2869 4114 exspectat
2910 4051 3145 4113 sanitas;
3193 4068 3259 4106 ue
3298 4054 3389 4107 tibi
3434 4056 3615 4111 videar
3645 4074 3754 4113 me-

2181 4133 2343 4189 dendi
2372 4146 2488 4189 arte
2516 4135 2703 4190 morbo
2731 4132 3135 4195 diuturnitat'em
3182 4143 3413 4200 dedisse.
3445 4145 3577 4199 Volo
3612 4151 3753 4201 enim

2181 4227 2492 4281 memoriam
2547 4228 2803 4282 malorum
2836 4231 2937 4299 joi-i
2983 4243 3261 4288 venustate
3292 4236 3613 4305 frangamus.
3650 4240 3755 4294 Sed

2180 4318 2286 4386 jam
2321 4318 2483 4371 etiam
2504 4318 2701 4389 aliquid
2729 4319 2795 4374 de
2821 4320 3119 4391 Repentino
3142 4322 3337 4393 juvene
3363 4327 3560 4395 optimo
3583 4329 3757 4383 dicen-

2183 4408 2310 4462 dnm
2354 4418 2455 4473 est,
2493 4411 2647 4478 cujus
2687 4425 2787 4479 ego
2829 4412 3197 4467 assiduitatem
3224 4416 3553 4470 desideravi:
3591 4435 3749 4487 quam

2189 4503 2317 4555 mihi
2350 4514 2405 4555 ut
2436 4505 2685 4568 arbitror,
2716 4507 3034 4562 verecundia
3072 4507 3188 4577 ejus
3218 4512 3443 4577 negavit,
3476 4526 3594 4566 eum
3622 4516 3755 4569 lidu~

2186 4592 2269 4645 eia
2291 4608 2352 4646 ex
2388 4604 2440 4647 te
2466 4605 2674 4661 sumpta
2702 4606 2959 4662 praestare
2977 4599 3239 4652 debuerit.
3273 4603 3382 4655 Iirit
3408 4610 3579 4656 tamen
3601 4605 3753 4673 copia

2186 4684 2409 4743 melior.
2457 4700 2577 4739 eum
2641 4688 2893 4757 intelliget
2946 4706 3050 4743 non
3099 4706 3158 4744 se
3188 4692 3437 4747 debuisse
3483 4697 3752 4766 deserere,

2182 4790 2341 4843 quem
2374 4775 2638 4845 frequenti
2686 4780 2994 4835 testimonio
3031 4790 3121 4836 tuo
3156 4782 3224 4838 de
3252 4799 3311 4838 se
3337 4797 3555 4839 noverat
3584 4790 3756 4843 credi-

2180 4865 2343 4921 disse.
2378 4865 2525 4922 Vale.

2780 4940 2992 4997 EPIST.
3033 4940 3143 4997 XL.

2684 5044 2987 5086 SI'IIACIIUS
3025 5049 3255 5088 ιιιιΑηιο.

2249 5139 2414 5196 Recte
2440 5142 2615 5196 valeo.
2642 5143 2756 5198 Hoc
2794 5147 2937 5199 enim
2964 5147 3231 5203 scribendi
3276 5149 3431 5205 debet
3459 5167 3576 5207 esse
3608 5156 3749 5220 prii.-

2178 5232 2398 5299 cipium,
2443 5234 2585 5303 quod
2632 5236 2863 5290 maxime
2897 5248 3152 5304 expetunt
3189 5249 3306 5293 vota
3340 5242 3544 5296 lecturi.
3579 5245 3750 5316 alique

2179 5325 2270 5376 tibi
2297 5324 2537 5378 oblatum
2570 5325 2803 5395 vigorem
2838 5331 2997 5387 nimis
3020 5332 3264 5400 gaudeo:
3298 5348 3419 5387 nam
3448 5351 3532 5389 me
3552 5338 3748 5392 ἰιιιιίιιὶο

2179 5416 2268 5469 tali
2323 5430 2490 5484 nuper
2544 5416 2802 5471 Itilarasti.
2830 5419 2963 5473 Illud
2987 5436 3197 5491 quoque
3236 5428 3287 5476 iit
3318 5439 3577 5479 summam
3610 5445 3748 5497 pono

2180 5509 2397 5575 laetitiae,
2428 5510 2567 5577 quod
2601 5520 2652 5565 te
2686 5526 2976 5565 memorem
3000 5515 3104 5568 mei
3136 5513 3531 5570 honorificentia
3574 5525 3749 5586 proxi-

2178 5614 2279 5653 ma:
2308 5600 2612 5669 srriptionis
2642 5601 2898 5656 ostendit.
2926 5604 3092 5673 Cujus
3113 5606 3188 5658 rei
3209 5610 3430 5674 gratiam
3461 5609 3619 5662 silere
3644 5626 3748 5667 non

2179 5690 2348 5745 debeo
2370 5733 2384 5755 ,
2429 5700 2485 5746 ιιι
2514 5694 2613 5744 hoc
2644 5693 2992 5748 invitamento
3020 5697 3083 5749 ad
3131 5699 3579 5765 perseverantiatt:
3612 5701 3745 5756 lite—

2180 5784 2304 5837 rarii
2346 5786 2583 5839 muneris
2604 5786 2937 5852 provoceris.
2974 5786 3122 5843 Vale.
