4218 6450
426 329 534 385 215

427 541 723 605 provenire.
763 540 909 599 Vale.

975 616 1188 674 EPIST.
1229 618 1456 676 XLVIII.

901 720 1207 766 διιηιιειιυε
1243 727 1528 770 ευτιοιδιο.

491 816 872 886 Superioranei
905 820 1107 877 laboris
1135 835 1214 879 est
1245 827 1629 884 commendare
1655 828 1998 899 conspicuos,

418 918 482 962 ut
506 908 552 964 si
578 909 631 964 in
650 909 764 967 sole
786 912 970 980 positis
993 913 1160 970 facem
1190 915 1467 986 praeferas,
1500 930 1555 974 et
1583 935 1814 977 acceusu
1837 923 1997 976 lumi-

418 1018 548 1056 num
572 1004 950 1062 claritudinem
981 1008 1085 1061 divi
1118 1011 1314 1080 gestias
1351 1011 1626 1079 adjuvare.
1671 1013 1873 1068 Idcirco
1903 1015 1998 1068 im-

419 1100 823 1164 praesentiarum
844 1101 976 1156 nihil
1005 1112 1245 1156 moratus
1271 1107 1421 1157 testis
1436 1105 1693 1168 officium,
1717 1108 1999 1162 salutatio-

419 1190 472 1244 ni
501 1198 608 1245 tua
630 1190 756 1262 styli
797 1205 1017 1260 operam
1047 1193 1307 1248 dedicavi.
1352 1197 1430 1249 τυ
1457 1207 1634 1251 tamen
1667 1197 2000 1251 l’ostbumia-

418 1297 549 1337 num
578 1281 796 1337 fratrem
827 1296 1092 1352 nostrum,
1117 1288 1374 1356 juvenem
1405 1288 1472 1342 de
1500 1292 1852 1344 summatibus
1878 1307 1998 1346 meo

418 1389 628 1444 quoque
648 1378 868 1432 nomine
897 1378 1054 1434 velint
1085 1380 1313 1451 diligas:
1360 1393 1417 1436 ut
1469 1383 1751 1454 intelligat,
1798 1384 1995 1453 justam

419 1465 580 1523 veluti
607 1468 956 1526 amissionem
988 1469 1161 1526 laudis
1182 1486 1296 1528 sum
1322 1474 1443 1541 plus
1472 1473 1693 1530 liuuoris
1721 1477 1993 1533 habuisse.

419 1556 566 1613 Vale.

981 1631 1199 1690 EPIST.
1243 1631 1429 1689 XLIX.

893 1738 1199 1780 JVIIACIBS
1239 1741 1520 1781 ευτιυριο.

1635 347 2111 404 ΕΡΙΞΤΟΙΛΠυΜ
2155 352 2352 409 LIBER
2396 358 2478 412 lii.

425 449 501 502 tui
545 446 755 516 νιιιιιιο,
787 464 829 503 sn
878 452 1132 509 annueris
1185 460 1484 514 istiusmodi
1533 475 1772 529 cperam,
1812 464 2003 534 poterit
2035 470 2079 522 Α
2111 471 2416 537 religionem
2465 477 2723 548 fit-«poculi
2779 504 2872 542 usu

3577 388 3674 441 ιιι

2924 491 3301 552 vicissitudinis
3351 503 3673 566 repcmaliis.

2114 558 2261 615 Vale.

2701 645 2911 702 I‘II’IST.
2953 651 3080 705 LIII.

2591 747 2899 792 §VIIIAMIIIS
2940 758 3220 798 εκτκοιιιο.

2176 811 2519 872 Musonianus
2552 821 2612 874 ν.
2643 827 2705 876 t2.
2737 829 3030 887 admirator
3061 842 3200 899 tuus,
3229 837 3427 904 scripto
3456 854 3517 894 ex
3551 841 3672 895 Asia

2105 919 2276 974 nuper
2299 909 2489 975 allato,
2533 917 2766 971 mutilari
2808 935 2962 989 agros
3008 939 3153 992 suos,
3203 930 3288 996 qui
3322 940 3422 985 tuis
3452 936 3669 1001 conjun-

2101 1009 2318 1065 guntur,
2341 1005 2568 1070 accepit.
2587 1007 2714 1062 Eam
2746 1025 2880 1076 rem,
2909 1029 3029 1069 cum
3062 1019 3189 1072 milii
3215 1023 3458 1076 amiciti:
3477 1039 3673 1082 nosme

2102 1101 2298 1152 gnarus
2325 1091 2660 1152 familiariter
2687 1098 3001 1171 indicasset;
3040 1110 3298 1178 principio
3325 1116 3490 1179 suasi,
3515 1131 3579 1170 ne
3606 1118 3670 1173 ad

2103 1175 2258 1234 fidem
2287 1186 2416 1236 tanti
2463 1188 3024 1250 mendacii-hominum
3057 1175 3273 1255 suorum
3317 1204 3532 1260 levitate
3562 1219 3671 1262 tra-

2103 1270 2340 1328 heretur.
2363 1274 2563 1332 Dehinc
2582 1288 2820 1346 poscenti
2851 1284 3072 1352 litteras,
3094 1291 3252 1347 officii
3281 1295 3438 1365 hujus
3453 1313 3672 1367 operam

2101 1375 2204 1413 non
2235 1369 2444 1433 negavi,
2475 1369 2650 1423 sciens
2681 1387 2878 1431 muth
2903 1380 3188 1449 diligentiae
3212 1390 3517 1455 convenire,
3548 1406 3668 1446 cum

2100 1452 2237 1506 inter
2267 1470 2383 1521 nos,
2411 1474 2529 1524 quae
2554 1463 2620 1513 ad
2645 1465 2999 1532 integritatem
3027 1473 3177 1529 famae
3199 1487 3397 1532 nostra:
3420 1452 3666 1549 attinent,

2099 1544 2442 1603 conferimus.
2474 1552 2669 1618 Quaeso
2696 1557 2870 1624 igitur,
2916 1561 2969 1614 in
3002 1564 3195 1620 bonam
3229 1580 3452 1634 partem,
3494 1587 3613 1640 qua:
3639 1589 3667 1628 a

2098 1648 2184 1688 me
2223 1637 2551 1707 scribuntur,
2599 1648 2858 1715 accipias;
2890 1661 2942 1705 et
2981 1662 3070 1707 aut
3118 1654 3378 1711 fallaciam
3428 1637 3668 1718 temerati

2091 1724 2225 1790 juris
2248 1729 2408 1782 alieni
2436 1735 2685 1790 celeriter
2726 1756 3022 1814 expurges;
3066 1760 3159 1804 aut
3199 1749 3243 1805 si
3274 1751 3399 1821 quid
3439 1763 3490 1809 te
3519 1755 3668 1825 igno-

486 1837 540 1888 Ιιι
589 1838 738 1904 grati
793 1837 940 1892 dono
969 1842 1161 1905 balteo,
1202 1842 1345 1910 quod
1374 1844 1625 1899 amicitia:
1668 1861 1801 1898 meie
1855 1849 1994 1901 viros
2028 1835 2073 1892 Β
2101 1831 2152 1868 ra

1723 1861 1801 1898 em
1855 1849 1994 1901 mos
2028 1835 2073 1892 Β
2101 1828 2250 1872 rante
2278 1821 2544 1878 turbatum
2573 1839 2672 1891 est.
2702 1831 2888 1894 iubeas
2917 1837 3214 1894 reformari.
3239 1840 3385 1899 Vale.

411 1929 721 1985 cdecimatte
749 1931 1044 1988 honestatis
1077 1933 1343 2004 adjungis.
1375 1933 1531 1991 Facis
1561 1936 1660 1992 hoc
1685 1953 1780 2006 pro
1798 1950 1991 1994 ca-tera

409 2037 536 2090 erga
566 2038 651 2078 me
673 2024 950 2094 dzligentia
972 2035 1082 2093 tua,
1111 2038 1210 2082 nec
1238 2043 1469 2100 unquam
1500 2029 1717 2086 desistis
1736 2047 1950 2101 operam
1977 2073 1992 2096 .

409 2115 554 2184 quod
583 2117 712 2171 mibi
740 2131 808 2173 es
836 2131 938 2172 usu
978 2119 1208 2187 accidat,
1255 2121 1595 2177 consulendi.
1626 2123 1766 2189 Quid
1807 2125 1850 2178 si
1894 2125 1990 2180 tibi

408 2208 573 2260 etiam
602 2207 784 2264 fratris
811 2213 917 2266 tnei
948 2209 1132 2266 Sabini
1164 2216 1382 2268 nomine
1407 2213 1606 2283 gratias
1653 2216 1847 2284 agam?
1889 2215 1990 2281 Qui

409 2315 439 2348 ιι
468 2307 524 2352 te
545 2305 596 2352 ιιι
639 2302 834 2355 bonam
866 2313 1068 2371 partem
1089 2307 1329 2359 creditus
1374 2315 1581 2360 tantum
1625 2310 1989 2376 praerogativa:

405 2393 610 2458 attulit,
648 2403 705 2448 ut
734 2395 778 2448 si
831 2395 970 2450 foret
1013 2397 1124 2464 jam
1168 2397 1422 2452 omnibus
1469 2399 1742 2466 probatus.
1793 2399 1990 2468 Dignus

406 2486 568 2550 plane
611 2486 733 2540 talis
766 2486 862 2539 vir.
913 2489 1221 2543 testimonio
1248 2490 1423 2558 :quod
1453 2505 1575 2544 cum
1623 2490 1698 2546 illi
1728 2492 1792 2544 ad
1835 2506 1984 2547 com-

407 2575 805 2632 mendationem
833 2581 912 2629 sui
937 2579 1206 2644 tribueris,
1230 2581 1557 2634 existimaris
1579 2583 1680 2636 lioc
1705 2583 1842 2646 aliis,
1871 2584 1989 2652 qui-

407 2670 508 2721 lius
534 2670 938 2724 commendatus
955 2683 1060 2739 est,
1101 2671 1438 2739 praestitisse.
1476 2673 1621 2726 Vale.

1044 2779 1258 2838 EPIST.
1299 2783 1360 2838 L.

885 2889 1197 2930 SIIIAClUS
1235 2893 1517 2931 ευτιιονιο.

480 2981 614 3036 Cum
651 2993 708 3036 tu
733 2984 955 3041 Romam
986 2989 1324 3044 commodum
1379 2994 1598 3061 tepetis,
1655 3009 1756 3064 ego
1802 3010 1888 3050 me
1929 3010 1982 3049 tn

405 3089 619 3131 secessu
648 3078 956 3134 suburbano
992 3085 1195 3137 asserui
1245 3083 1480 3138 lectioni.
1537 3086 1632 3140 lini
1677 3090 1875 3157 quippe
1916 3091 1984 3144 ab

402 3166 510 3223 hoc
561 3172 780 3237 negotio
805 3184 936 3225 cura
977 3173 1324 3241 obstrepente
1359 3177 1674 3232 desidiums.
1709 3179 1860 3234 Nunc
1891 3183 1978 3234 ubi
2010 3208 2057 3270 (ς

403 3271 461 3314 ιιι
496 3260 627 3316 abes
660 3273 785 3332 pars
819 3263 1088 3332 antiquior
1133 3268 1432 3322 amicorum
1479 3284 1756 3332 sucorum,
1813 3273 1979 3326 vicem

399 3356 672 3410 sermonis
695 3355 770 3410 tui
797 3365 1037 3414 veterum
1085 3360 1282 3428 scripta
1349 3363 1662 3429 funguntur.
1709 3367 1816 3420 Aut
1853 3369 1978 3420 uim

401 3431 795 3505 temeti-urbem
844 3465 968 3506 iure
1005 3464 1357 3515 mutaveram.
1385 3468 1446 3512 ut
1472 3468 1631 3512 aestas
1658 3460 1786 3513 mihi
1835 3459 1980 3516 Prai-

400 3539 616 3594 nestino
641 3540 822 3611 algida
841 3540 1176 3612 frangeretur
1205 3547 1338 3610 ;sed
1375 3547 1709 3602 interventus
1755 3550 1978 3605 familiae

401 3633 480 3684 ris
507 3631 703 3700 negotii
735 3633 878 3701 rupit
898 3634 1067 3688 otimn
1108 3650 1307 3690 meum.
1337 3635 1480 3705 Ergo
1512 3638 1622 3707 jam
1655 3641 1794 3693 viam
1828 3640 1974 3711 lego,

398 3723 659 3789 depositis
679 3738 799 3792 qum
830 3724 1091 3794 legebam.
1131 3728 1186 3782 Si
1213 3728 1340 3796 quid
1371 3743 1630 3799 praeterea
1675 3730 1812 3786 scitu
1843 3746 1977 3800 Opus

397 3819 505 3870 est.
535 3828 687 3868 uictis
713 3814 978 3870 Palladius
1027 3817 1304 3884 indicabit,
1334 3833 1490 3888 quem
1537 3836 1640 3891 ego
1668 3837 1773 3878 non
1801 3825 1976 3878 minus

397 3904 558 3960 doleo
580 3905 866 3962 abductum
895 3921 927 3961 a
952 3905 1230 3974 juventute
1255 3908 1492 3966 Romana
1513 3953 1527 3979 ,
1558 3928 1716 3982 quam
1740 3914 1976 3984 gratulor

398 4001 457 4053 in
483 4012 632 4066 spem
664 3999 743 4054 sui
775 3998 995 4053 honoris
1023 4000 1276 4056 accitum.
1314 4002 1456 4059 Vale.

1017 4111 1227 4168 EPIST.
1274 4115 1355 4168 LI.

801 4207 810 4216 '
873 4219 1182 4262 svsuscncs
1224 4223 1498 4264 cursorio.

470 4318 582 4390 Ago
609 4319 824 4388 quidem
853 4321 1032 4375 studio
1062 4329 1154 4377 tuo
1181 4323 1374 4378 uberes
1400 4328 1600 4394 gratias
1618 4365 1637 4393 ,
1667 4327 1808 4396 quod
1839 4327 1970 4383 mihi

395 4411 808 4468 familiaritatem
839 4412 1198 4482 probati-simi
1223 4416 1481 4484 cujusque
1522 4417 1778 4473 concilias
1818 4435 1832 4472 :
1878 4421 1970 4476 sed

395 4505 560 4559 frater
587 4519 737 4559 meus
769 4505 1113 4575 Ilyperecius,
1151 4505 1462 4576 jamdudum
1505 4509 1836 4567 institutione
1868 4511 1972 4565 ιιι)-

396 4613 584 4651 manus
608 4607 712 4654 est.
743 4595 854 4651 Cur
875 4597 1033 4667 igitur
1061 4597 1189 4652 milii
1221 4599 1356 4652 bona
1385 4610 1566 4653 Ilthll’a
1590 4603 1968 4656 commendas?

391 4690 568 4745 Cedas
591 4689 724 4743 alios
747 4702 844 4743 usu
872 4689 1184 4758 incognitus,
1211 4691 1584 4745 emendatione
1618 4693 1925 4747 consimiles
1949 4711 1963 4754 ;

390 4783 439 4836 si
493 4787 668 4834 tamen
718 4781 907 4835 raritas
935 4780 1186 4836 virtutum
1215 4783 1522 4844 admiserit,
1571 4792 1628 4836 ut
1675 4800 1837 4838 unum
1876 4798 1967 4838 aut

393 4877 618 4931 alterum
645 4889 796 4944 a-que
833 4874 1142 4930 edecimsta:
1179 4877 1474 4930 linuestatis
1525 4877 1786 4932 invenias.
1841 4879 1963 4932 libis

395 4981 498 5037 ego
536 4969 740 5021 amicos
789 4967 1048 5024 beneﬁcio
1078 4977 1173 5020 tuo
1216 4969 1506 5038 acquisitos
1548 4969 1779 5037 putabo.
1823 4987 1956 5039 quos

395 5058 594 5114 nescio.
642 5059 802 5114 Istum
844 5057 973 5114 mibi
1005 5055 1279 5112 reddidisti
1315 5059 1490 5126 potius
1537 5073 1696 5128 quam
1748 5060 1962 5115 dedisti.

399 5147 542 5203 Vale.

991 5217 1205 5275 EPIST.
1257 5217 1361 5272 LII.

865 5325 1167 5366 εικιιιειιυε
1211 5326 1488 5365 ευτιιοιιιο.

460 5423 738 5478 Mediolani
772 5424 984 5478 interim
1006 5426 1144 5490 dego
1166 5424 1230 5477 ad
1272 5426 1524 5494 obsequia
1556 5426 1778 5495 auspicii
1829 5444 1959 5480 con-

389 5514 579 5567 sularis
626 5513 686 5568 ι).
725 5514 1071 5568 Valentiniani
1100 5527 1368 5571 evocatus.
1430 5517 1613 5571 Accito
1667 5517 1797 5572 mibi
1851 5517 1962 5574 fors

386 5607 529 5658 dedit
555 5606 834 5659 etcrtcutli
868 5606 1007 5659 circa
1029 5614 1082 5660 te
1111 5607 1230 5674 styli
1259 5608 1488 5675 copiam.
1541 5608 1666 5660 I‘Iritn
1710 5608 1954 5674 libenter,

387 5708 442 5747 ut
485 5698 654 5747 honor
687 5697 934 5750 amicitia:
972 5697 1271 5763 postulabat
1307 5741 1318 5763 ,
1364 5697 1644 5765 amplexus
1670 5739 1682 5758 .
1733 5699 1955 5750 salute'u

387 5787 477 5841 tibi
509 5787 690 5842 defero
719 5803 732 5840 ;
761 5801 917 5848 quam
975 5789 1015 5841 si
1056 5787 1191 5841 bene
1217 5789 1569 5854 contemplor,
1619 5787 1956 5841 familiarium

2683 1963 2899 2023 EPIST.
2943 1969 3073 2027 LIV.

2573 2065 2883 2110 SVIIACIIUS
2913 2075 3178 2118 κιοοιιειιι.

2167 2131 2311 2187 Meus
2340 2151 2456 2192 mos
2495 2151 2579 2195 est
2618 2157 2830 2213 semper
2856 2151 3052 2220 alloqui
3098 2160 3456 2220 pra-stantiam
3496 2171 3664 2221 tuam.

2091 2225 2191 2294 Qui
2221 2233 2376 2286 titus?
2406 2233 2601 2292 litteris
2626 2240 2916 2298 abstinere.
2961 2244 3206 2303 Facimus
3234 2254 3373 2316 quod
3402 2257 3660 2314 solemus.

2094 2319 2204 2388 Ego
2229 2325 2426 2390 scribo,
2480 2337 2536 2382 tu
2584 2332 2795 2388 retices.
2846 2337 2950 2393 Sed
2989 2343 3102 2395 scio
3132 2341 3182 2395 in
3213 2347 3450 2401 amamlis
3481 2351 3666 2405 annois

2093 2415 2346 2475 majorem
2375 2417 2661 2476 virtutibus
2691 2427 2796 2480 tuis
2828 2443 3003 2486 messe
3026 2435 3400 2500 constantiam,
3430 2454 3584 2507 quam
3609 2444 3660 2493 in

2091 2505 2416 2573 negligeudis
2465 2513 2706 2578 epistolis
2739 2517 3083 2576 voluntatem.
3116 2524 3288 2588 Atque
3335 2505 3459 2581 ideo
3499 2531 3660 2593 animi

2091 2596 2165 2648 tui
2192 2611 2437 2662 securus.
2485 2603 2687 2658 cultum
2728 2607 2821 2662 tibi
2852 2609 3088 2666 debitum
3129 2628 3304 2670 mente
3330 2627 3381 2672 et
3411 2633 3659 2677 sermone

2091 2703 2196 2741 non
2229 2691 2442 2757 desero,
2495 2711 2825 2767 nequaquam
2865 2700 3184 2771 reposcens,
3237 2720 3290 2761 ut
3336 2709 3659 2775 scriptorum

2089 2779 2218 2923 l‘lltillli
2252 2784 2562 2842 vicissitudo
2588 2789 2925 2859 respondeat.
2955 2810 3076 2850 cum
3099 2797 3152 2852 in
3178 2813 3360 2857 amore
3386 2801 3657 2859 reddatur.

2135 2883 2166 2923 a
2191 2887 2242 2923 e.

2135 2883 2242 2924 ate.

2697 2950 2910 3008 EPIST.
2953 2955 3060 3012 LV.

2567 3055 2875 3098 διιιιιιοιιυδ
2913 3061 3178 3103 κιεοιειιι.

2162 3145 2216 3199 In
2242 3148 2546 3205 suburbano
2584 3156 2784 3218 prsidio
2813 3159 2998 3213 fovens
3029 3165 3199 3218 otium
3227 3168 3428 3235 sumpsi
3453 3167 3656 3226 litteras

2090 3251 2225 3293 tttas.
2254 3242 2363 3296 Cur
2385 3249 2523 3299 enim
2544 3244 2728 3304 Roma:
2744 3260 2795 3303 te
2809 3252 3106 3312 decedente
3127 3273 3460 3318 remanerem
3476 3265 3502 3319 τ
3516 3267 3653 3335 Ager

2080 3349 2258 3388 autem
2279 3339 2369 3405 qui
2399 3355 2485 3394 me
2517 3342 2724 3396 interim
2753 3353 2916 3411 tenet,
2937 3346 3171 3405 Tiberim
3204 3363 3446 3411 nostrum
3465 3355 3652 3426 junctu

2081 3427 2233 3491 aquis
2263 3429 2427 3485 latere
2454 3445 2777 3501 prospectat.
2801 3437 2934 3494 Hinc
2960 3439 3128 3497 libens
3150 3443 3326 3512 video,
3345 3447 3469 3516 quid
3486 3447 3650 3521 frugis

2080 3525 2297 3573 a-ternaa
2340 3521 2456 3573 urbi
2496 3522 2549 3576 in
2584 3524 2700 3580 dies
2737 3528 2980 3596 accedat,
3008 3533 3132 3603 quid
3163 3535 3414 3596 Romanis
3443 3541 3650 3600 horreis

2082 3608 2449 3665 Macedonicus
2479 3613 2694 3681 adjiciat
2721 3630 3069 3678 commeatus.
3117 3625 3247 3682 Nam
3287 3645 3442 3698 pene,
3483 3643 3540 3690 ut
3568 3651 3649 3692 re-

2077 3700 2338 3769 cordaris,
2366 3715 2610 3759 cessante
2636 3705 2810 3762 Africa
2839 3714 3008 3768 fames
3035 3717 3088 3768 in
3120 3715 3303 3774 limine
3330 3707 3464 3786 erat,
3488 3740 3648 3795 quam

2077 3791 2542 3860 clementissimus,
2585 3809 2638 3852 et
2665 3800 2730 3853 ad
2755 3802 2983 3859 salutem
3013 3808 3276 3874 publicam
3303 3791 3521 3883 genitus
3543 3821 3644 3873 im-

2079 3893 2293 3952 perator
2316 3891 2573 3956 praevenit
2602 3893 2819 3959 ingestis
2848 3897 3006 3953 alieni
3032 3901 3132 3955 soli
3159 3907 3346 3972 copiis.
3378 3907 3496 3964 Iam
3520 3925 3644 3980 por-

2079 3985 2189 4030 tem
2222 3989 2486 4044 nostrum.
2509 3985 2862 4050 complurium
2886 3991 3052 4056 prima
3073 3992 3260 4048 classis
3287 3997 3503 4054 salutat.
3528 4006 3646 4056 Iam

2076 4078 2365 4124 securitate
2410 4081 2730 4128 saturamur.
2785 4075 2902 4132 iam
2952 4082 3177 4137 dit-imus
3217 4097 3461 4144 nostrum
3502 4106 3642 4156 esse,

2077 4159 2330 4228 quidquid
2361 4161 2556 4230 ubique
2581 4163 2725 4220 bono
2753 4170 2973 4236 principi
3001 4175 3252 4227 nascitur.
3285 4175 3407 4234 ηδε
3424 4194 3491 4236 eo
3512 4185 3643 4237 scri-

2075 4251 2166 4315 bo,
2208 4260 2264 4305 ut
2299 4254 2518 4309 domino
2557 4257 2705 4312 orbis
2736 4260 2982 4314 effectum
3013 4265 3252 4320 beneficii
3285 4271 3367 4324 sui
3409 4275 3640 4339 nunties.

2077 4355 2128 4400 et
2153 4348 2266 4409 ipse
2291 4347 2520 4405 fructum
2544 4353 2725 4419 gaudii
2748 4358 3047 4411 communis
3074 4375 3316 4430 usurpes.
3347 4363 3459 4434 Ego
3486 4369 3642 4435 paulo

2078 4450 2196 4503 post
2221 4440 2368 4495 abire
2396 4442 2602 4511 longius
2627 4458 2778 4512 paro,
2811 4461 2908 4502 m-c
2928 4456 3103 4503 tamen
3130 4453 3288 4510 tantis
3302 4455 3368 4510 ad
3385 4466 3437 4512 te
3453 4457 3642 4514 litteris

2074 4529 2370 4584 abstinebo.
2405 4533 2518 4587 Erit
2548 4548 2694 4589 curto
2731 4539 2928 4592 nostris
2961 4539 3012 4594 in
3043 4539 3185 4598 Urbe
3213 4549 3636 4612 remanentibns,

2072 4631 2126 4675 et
2158 4636 2333 4675 nicum
2361 4639 2661 4681 sermonem
2689 4629 2781 4681 tibi
2813 4644 2910 4700 per
2937 4630 3160 4690 idoneos
3181 4636 3412 4705 mittere,
3435 4649 3490 4695 et
3511 4643 3639 4697 milii

2074 4712 2186 4780 pari
2211 4715 2335 4778 fide,
2360 4730 2477 4781 quin
2496 4717 2797 4785 scripseris,
2823 4720 3100 4779 exhibere.
3124 4716 3269 4781 Vale.

2657 4853 2867 4910 EPIST.
2912 4857 3042 4913 LVI.

2550 4960 2853 5000 ςιιιιιιηιιιιε
2892 4962 3159 5003 κιοοιιειιι.

2147 5058 2358 5113 Possem
2401 5061 2669 5113 silentium
2721 5071 2870 5116 tuum
2917 5062 3057 5120 ferre
3097 5066 3380 5135 patienter,
3433 5084 3634 5124 morem

2072 5159 2216 5203 tuum
2245 5151 2508 5221 cogitans.
2542 5151 2642 5206 nisi
2672 5169 2758 5207 me
2783 5155 3133 5223 aegritudinis,
3157 5172 3256 5226 qua
3290 5159 3518 5223 laboras,
3547 5159 3634 5214 du-

2069 5242 2192 5294 dum
2235 5243 2450 5297 nuntius
2503 5244 2834 5311 perculisset.
2886 5247 3063 5300 Metuo
3105 5249 3262 5314 igitur
3304 5266 3370 5304 uc
3411 5249 3634 5304 sollirita

2071 5335 2258 5402 magis.
2301 5349 2462 5404 quam
2487 5350 2740 5391 consueta
2783 5341 3011 5392 cessatio
3044 5343 3308 5394 sernmnis
3335 5344 3409 5397 tui
3441 5358 3632 5395 munus

2070 5424 2340 5492 impediat.
2373 5428 2545 5494 Atque
2574 5427 2694 5480 ideo
2718 5444 2923 5495 qttmsn,
2961 5441 3017 5484 ut
3035 5447 3193 5486 curas
3224 5448 3367 5487 meas
3399 5433 3632 5488 fraterno

2070 5529 2252 5568 amore
2274 5526 2568 5584 susceptas,
2600 5519 2832 5585 scriptis,
2862 5533 2949 5573 aut
2981 5523 3243 5575 mandatis-
3272 5524 3506 5591 digneris
3535 5525 3629 5576 ab-

2065 5607 2290 5659 solvere.
2313 5604 2440 5659 Nam
2465 5622 2586 5660 cum
2607 5608 2705 5660 sim
2722 5611 2948 5676 cupidus
2976 5611 3288 5676 literarum,
3317 5616 3366 5666 in
3387 5614 3630 5667 secundis

2066 5706 2240 5748 tamen
2271 5712 2408 5762 pono
2430 5698 2653 5761 solatiis,
2687 5708 2742 5752 ut
2781 5703 2991 5755 animus
3022 5719 3170 5755 Itteus
3204 5719 3298 5770 pro
3342 5714 3392 5756 te
3423 5707 3626 5767 anxius,

2063 5787 2112 5842 si
2141 5787 2373 5843 nondum
2401 5789 2658 5856 epistolis,
2689 5791 2864 5846 saltim
2889 5797 3088 5847 nuntiis
3117 5806 3365 5861 erigatur.
3401 5795 3547 5847 Vale.
