4218 6436
616 316 719 371 915

1201 432 1410 487 EPIST.
1458 430 1609 484 LVII.

1099 540 1408 579 SVIHMCIIL’S
1438 537 1705 578 RICOlll-ZRI.

694 616 839 667 l'ltru
867 615 916 667 in
949 632 1031 670 me
1055 631 1215 684 arguo
1246 618 1457 681 culpam
1486 612 1704 677 silentii,
1728 613 1769 665 δί
1798 612 2010 681 quando
2034 626 2187 664 nsum

622 708 777 761 officii
814 710 914 762 mei
956 709 1205 774 qumltbet
1249 708 1458 761 dierum
1508 706 1779 761 interva'h
1829 714 2187 758 remorantur.

622 798 772 851 Nulla
814 802 953 852 enim
982 800 1220 868 purgatio
1250 795 1639 867 suppetit'qttin
1677 796 1877 850 cultum
1908 793 2188 849 familiari-

622 890 742 942 tatis
770 892 978 957 publico
1016 895 1155 945 actui
1190 891 1492 959 frequen'cr
1521 890 1859 942 interscratn.
1912 884 2018 939 Sed
2053 885 2189 936 idem

618 981 707 1047 qui
740 994 1010 1049 peceatum
1040 982 1146 1035 vita
1167 981 1409 1043 desidiae.
1438 996 1589 1049 reque
1622 979 1672 1031 in
1695 976 1981 1031 :cribcndo
2005 977 2192 1044 longus

620 1087 737 1126 esse
766 1073 975 1126 desino.
1012 1072 1141 1126 Nam
1177 1075 1302 1127 licet
1330 1072 1517 1138 sciam,
1547 1070 1781 1124 animum
1816 1078 1961 1122 tuum
1992 1082 2192 1134 nequa—

616 1179 776 1230 quam
813 1162 1098 1217 obnoxium
1135 1179 1255 1219 esse
1290 1162 1535 1225 fastidio,
1581 1162 1801 1215 adverto
1852 1170 2049 1217 tamen.
2098 1174 2194 1225 pm

617 1253 921 1307 conditione
955 1268 1197 1308 curarunt
1239 1254 1544 1324 ponendum
1574 1252 1749 1307 verbis
1780 1252 2036 1306 modum:
2070 1254 2192 1319 qua

618 1356 673 1398 ut
700 1346 1024 1400 desideranti
1050 1349 1324 1417 prolixitas
1348 1356 1496 1419 grata
1522 1358 1634 1410 est;
1668 1348 1741 1398 ita
1767 1344 2051 1412 diSplicere
2087 1358 2189 1396 non

619 1440 812 1505 pnterit
840 1440 1073 1495 brevitas
1098 1450 1378 1508 occupato.
1415 1440 1559 1495 Vale.

1180 1553 1392 1609 EI’IST.
1434 1554 1611 1608 LVIII.

1094 1662 1400 1700 SYNHACIIUS
1428 1660 1697 1701 lilCOIlElll.

688 1738 821 1790 Amo
850 1748 903 1791 ct
946 1739 1177 1803 Suspicio
1223 1739 1449 1793 virtutes
1480 1748 1615 1793 tuas.
1662 1740 1765 1793 Sed
1798 1739 2014 1799 accidit,
2046 1740 2187 1808 quod

616 1828 884 1881 tib.ctiatn
915 1831 1117 1882 anticus
1150 1829 1436 1882 invideam.
1462 1828 1718 1883 Flaviano
1746 1844 1865 1883 meo
1886 1829 2189 1897 aliquandiu

614 1922 762 1973 solus
796 1922 1005 1977 frueris.
1036 1923 1231 1986 At'Cipe
1264 1922 1493 1989 planius,
1527 1920 1651 1991 quid
1695 1921 1852 1975 velim
1885 1921 2082 1975 dicere.
2110 1922 2188 1976 Ad

612 2020 665 2065 te.
715 2015 955 2080 migravit
988 2012 1245 2082 quidquid
1273 2014 1454 2067 [iutntc
1484 2016 1745 2081 optimum
1788 2012 1901 2067 fuit.
1949 2012 2013 2068 Et
2041 2012 2189 2066 vobis

613 2104 824 2175 quidem
852 2108 1082 2161 societas
1109 2117 1287 2161 vestra
1316 2107 1462 2162 dabit
1494 2116 1729 2159 mutuum
1760 2106 2031 2173 gaudium.
2063 2105 2187 2159 Milli

611 2200 735 2265 quid
758 2199 935 2253 Sttlalii
967 2200 1099 2253 erit?
1130 2213 1289 2269 quem
1331 2209 1385 2253 et
1414 2198 1505 2252 ille
1545 2196 1800 2259 deseruit,
1840 2208 1895 2252 et
1927 2206 1980 2250 tu
2013 2197 2188 2250 minus

610 2291 958 2355 desiderabis,
982 2292 1103 2359 quia
1132 2306 1267 2345 unus
1290 2291 1385 2344 tibi
1411 2306 1504 2359 pro
1529 2299 1751 2357 utroque
1769 2289 2017 2344 sufticiet.
2035 2288 2183 2342 Vale.

1200 2405 1415 2461 EPIST.
1457 2403 1592 2459 LIX.

1083 2512 1391 2551 SHIIIACHUS
1430 2512 1695 2551 RICOIERI.

675 2585 824 2640 Alius
854 2585 1097 2640 fortassis
1125 2588 1401 2641 existimet
1427 2602 1605 2642 serum
1635 2602 1756 2642 esse
1802 2603 2015 2654 munus,
2045 2588 2183 2658 quod

605 2676 727 2729 auni
753 2677 1045 2744 superiori~
1075 2676 1258 2731 consul
1282 2676 1531 2730 exsolvit.
1554 2676 1666 2746 Ego
1693 2678 1885 2742 sentio,
1912 2692 1998 2732 me
2028 2688 2185 2743 atrrue

604 2770 757 2835 alios,
781 2774 869 2839 qui
902 2771 1084 2839 procul
1111 2771 1359 2839 desimus
1382 2770 1629 2826 amicitia:
1668 2770 1856 2826 ﬁducia
1884 2771 1949 2825 ad
1981 2773 2080 2827 hoc
2107 2772 2183 2826 lo-

605 2877 787 2917 eorum
817 2878 936 2919 esse
962 2865 1012 2917 di
1038 2879 1175 2920 atus.
1213 2864 1326 2919 lllis
1366 2878 1496 2918 vero
1535 2864 1789 2918 continuo
1826 2864 2179 2931 satisfactum,

603 2972 829 3025 quorum
879 2959 1056 3011 tanditt
1108 2972 1315 3012 memor
1360 2972 1479 3012 esse
1528 2974 1631 3011 non
1680 2972 1885 3026 posses.
1933 2962 2058 3011 :\ant
2090 2960 2179 3027 qui

604 3051 781 3102 statim
811 3052 1089 3104 mlllltIlCtiS
1119 3061 1220 3112 est.
1254 3051 1383 3120 ipsis
1421 3051 1813 3120 quodammodo
1839 3051 2178 3120 magistratus

1786 317 1848 384 Ο.
1896 310 2233 370 AURELIUS
2271 309 2705 365 SVMSIACIIUS.

2223 429 2269 485 Α
2300 437 2397 492 per
2421 430 2597 479 tamen
2627 433 2685 477 ut
2714 436 2853 486 rara,
2884 432 2936 478 et
2957 422 3047 477 ditt
3076 422 3377 477 desiderata
3406 433 3702 478 sumuntur.
3735 425 3869 479 Iluie

3760 311 3861 364 εις

2291 514 2528 581 opinioni
2557 529 2690 568 mea:
2714 513 2869 568 fidem
2892 512 3048 567 faciet
3068 513 3354 568 assiduitas
3377 514 3724 584 epistularum
3745 525 3866 570 tua-

2294 621 2435 659 rum.
2464 605 2681 660 Insitum
2703 607 2900 675 quippe
2927 616 3009 661 est
3035 606 3189 661 bonis
3211 608 3502 672 mentibus,
3545 618 3601 662 ut
3629 624 3747 678 qua:
3774 624 3869 661 co-

2294 696 2441 763 piose
2466 711 2534 750 ex
2560 697 2678 751 aliis
2704 707 2951 767 optamus
2975 698 3219 765 adipisci,
3259 713 3319 752 ca
3351 698 3449 769 ipsi
3474 699 3695 767 largiter
3718 701 3867 756 defe-

2295 804 2495 843 ramus.
2533 790 2678 846 Vale.

2878 861 3089 916 EPIST.
3132 860 3291 917 LXII.

2774 968 3083 1009 επις-λαως
3122 969 3389 1009 BICOIIBBI.

2367 1042 2629 1095 Maudatis
2678 1046 2987 1110 perfunctus
3023 1046 3316 1111 apparitor,
3358 1046 3447 1100 ubi
3493 1047 3561 1101 ad
3603 1048 3864 1103 destinata

2298 1136 2659 1199 pervenimus,
2705 1138 2991 1191 teSIimonii
3038 1139 3207 1195 nostri
3240 1154 3436 1195 vacuus
3465 1141 3615 1198 abire
3643 1158 3748 1197 non
3767 1143 3863 1198 de-

2299 1226 2411 1279 buit
2444 1244 2455 1278 :
2492 1228 2755 1297 prmeipue
2801 1243 2867 1283 ne
2895 1229 3126 1283 studium
3158 1231 3297 1285 circa
3330 1247 3414 1286 mc
3447 1243 3593 1287 tutntt
3625 1236 3763 1290 male
3791 1237 3867 1288 lo-

2295 1324 2471 1370 catum
2514 1326 2750 1384 putares,
2792 1322 2835 1371 si
2881 1320 3101 1387 gratiam
3151 1321 3345 1377 dilatus
3384 1339 3561 1379 sermo
3601 1326 3866 1382 solvisset.

2296 1412 2409 1463 Ave
2437 1408 2595 1478 igitur
2623 1412 2742 1465 dico
2768 1419 2822 1465 et
2849 1416 3112 1481 prmmitto
3136 1412 3245 1482 jam
3276 1415 3587 1483 petitionem
3612 1435 3627 1473 :
3661 1427 3716 1472 ut
3745 1433 3864 1473 cum

2295 1501 2396 1553 i'er
2424 1500 2477 1554 in
2507 1502 2728 1571 patriam
2762 1502 2998 1571 relegere
3024 1505 3364 1573 cmperimus,
3405 1507 3702 1564 eluctandis
3728 1510 3867 1564 diffi-

2294 1592 2580 1648 cultatibus
2605 1594 2925 1650 adminicula
2954 1597 3197 1652 ubertora
3227 1597 3508 1655 decernas.
3539 1599 3690 1656 Vale.

2870 1710 3085 1764 EPIST.
3128 1711 3303 1767 LXIII.

2777 1816 3082 1858 SYIHIMJIUS
3123 1819 3393 1859 RICUIIJ‘I.

2364 1909 2542 1961 Otium
2587 1913 2771 1977 patriae
2820 1912 2937 1966 laeta
2991 1914 3418 1982 peregrinatione
3461 1917 3683 1973 ntutavi.
3736 1918 3866 1977 Nam

2285 1998 2438 2067 jussu
2478 2002 2677 2056 domini
2715 2003 3093 2067 Valentiniani.
3139 2022 3261 2060 cum
3303 2008 3487 2064 multis
3525 2012 3867 2080 amplissima:

2290 2098 2453 2149 curiae
2477 2098 2785 2165 proceribus
2824 2102 3049 2161 accitus,
3088 2101 3155 2156 ad
3187 2103 3358 2157 vicem
3387 2105 3582 2173 quietis
3609 2105 3867 2162 dantesti-

2289 2202 2388 2252 cae,
2448 2188 2597 2243 fruor
2647 2192 2872 2259 publicis
2914 2194 3141 2261 gaudiis.
3181 2195 3333 2261 Quod
3361 2212 3482 2251 cum
3513 2198 3578 2253 ad
3610 2209 3661 2255 te
3691 2210 3867 2269 posset

2290 2277 2427 2333 fama
2460 2279 2722 2344 perferre.
2753 2283 2967 2351 dignius
2997 2283 3167 2338 visum
3198 2296 3279 2339 est
3309 2302 3394 2341 me
3421 2289 3592 2344 indice
3614 2290 3866 2344 nuntiari.

2288 2372 2405 2441 Ipse
2441 2374 2504 2427 ad
2539 2376 2963 2444 respondendam
2992 2378 3370 2446 benignitatem
3394 2390 3538 2435 tuam
3561 2397 3867 2453 moremque

2287 2464 2529 2519 servabis
2569 2481 2584 2521 :
2621 2467 2885 2535 siquidem
2938 2468 3143 2523 litteras
3186 2481 3303 2527 tuas
3342 2488 3449 2527 nou
3492 2476 3668 2531 minus
3707 2493 3866 2551 quam

2289 2571 2527 2610 ineorum
2556 2568 2877 2627 compertus
2900 2570 2956 2615 et
2982 2562 3142 2614 verba
3172 2563 3445 2621 desidero.
3477 2566 3625 2623 Vale.

2856 2672 3063 2727 ΕΡιδΤ.
3110 2673 3292 2727 LXHI.

2762 2780 3076 2820 SVIIACIIUS
3116 2782 3389 2823 BIGOIERI.

2354 2873 2492 2939 Quid
2524 2875 2651 2928 mibi
2682 2876 3030 2943 iucunditatis
3075 2878 3267 2935 littera:
3311 2891 3415 2936 tua:
3445 2885 3737 2955 attulerint,
3769 2888 3862 2947 tibi

2282 2966 2661 3020 mstituandunt
2686 2967 2961 3035 relinquo;
2983 2971 3093 3032 cui.
3121 2987 3164 3023 si
3189 2971 3327 3027 bene
3352 2976 3602 3045 arbitror,
3630 2979 3862 3037 vicissim

2284 3070 2435 3109 meus
2462 3061 2641 3112 “sermo
2669 3058 2857 3114 tribuit
2887 3061 3229 3130 voluptatem.
3259 3064 3429 3135 Perge
3451 3067 3629 3137 igitur,
3671 3081 3725 3124 ut
3750 3072 3859 3137 iam

601 3142 680 3191 sui
712 3139 940 3195 fascibus
965 3142 1300 3195 admonetur.
1334 3144 1433 3208 Qui
1462 3159 1526 3197 ex
1554 3144 1832 3197 intervallo
1865 3144 2039 3196 reddit
2065 3145 2177 3195 uffi-
2205 3168 2249 3229 ρ
2284 3152 2462 3206 facere
2502 3153 2749 3222 dignatus
2784 3170 2864 3220 es,
2911 3166 2966 3210 et
3005 3157 3294 3213 amicitiam
3340 3174 3625 3218 munerare
3668 3164 3859 3221 aﬂ‘eetu

600 3234 705 3293 cia,
740 3242 964 3287 testatur
1001 3248 1095 3287 eos
1122 3249 1181 3288 se
1225 3234 1479 3289 maluisse
1508 3236 1743 3298 differre,
1790 3251 2014 3302 quurltm
2046 3238 2179 3289 obli-

605 3326 810 3378 vionem
834 3324 951 3379 dies
974 3327 1179 3393 longior
1202 3342 1306 3379 non
1338 3336 1518 3393 posset
1538 3327 1824 3380 obducere.
1858 3327 2051 3380 Viderit
2083 3329 2177 3397 igi-

601 3428 703 3481 tur,
737 3430 805 3469 an
833 3432 891 3471 se
917 3418 1178 3486 quispiam
1210 3420 1396 3473 credat
1423 3419 1611 3473 ordine
1662 3419 1804 3485 aliis,
1854 3430 1945 3473 aut
1974 3419 2179 3474 honore

599 3508 971 3579 postpositttm.
1008 3509 1116 3578 Ego
1138 3528 1222 3564 me
1254 3513 1361 3566 inte
1386 3512 1489 3580 ligo
1520 3528 1649 3580 pura
1679 3512 1960 3567 affectione
1989 3514 2177 3581 przrla-

599 3610 729 3653 tnut.
758 3600 939 3670 Neque
964 3602 1106 3656 enim
1148 3605 1276 3657 satis
1306 3605 1511 3659 amicus
1541 3614 1646 3671 est,
1697 3607 1783 3660 cui
1810 3607 2048 3662 solemne
2080 3608 2178 3660 ali-

597 3692 721 3758 quid
742 3694 920 3746 statim
950 3695 1207 3749 redditur.
1235 3695 1519 3751 Ilonestior
1540 3708 1622 3752 est
1642 3698 1728 3751 illa
1752 3699 2034 3763 securitas,
2056 3715 2175 3765 quae

600 3792 749 3849 putat
770 3785 871 3839 sibi
902 3785 1140 3842 deforme
1165 3803 1273 3842 non
1309 3804 1450 3854 esse,
1482 3790 1526 3843 si
1554 3790 1679 3859 quid
1710 3791 1800 3844 ditt
1824 3791 2175 3845 familiaribus

595 3876 870 3929 debeatur.
898 3867 1072 3941 Quare
1103 3879 1260 3933 velim
1291 3880 1501 3943 credas,
1526 3897 1731 3936 moram
1762 3897 1975 3953 quoque
2004 3883 2171 3951 ipsam

596 3967 720 4020 mihi
744 3969 941 4036 jncnnd
964 3986 1031 4023 -ιη
1059 3972 1235 4025 'uisse.
1257 3972 1346 4026 Sic
1365 3973 1569 4043 judico.
1586 3976 1665 4030 sic
1683 3978 2025 4045 interpretor,
2053 3992 2172 4046 qua:

593 4061 789 4115 dudum
813 4062 932 4116 aliis
959 4079 1024 4118 ex
1054 4080 1203 4120 more
1230 4066 1579 4135 delata-sunt,
1626 4070 1780 4124 nobis
1823 4086 2008 4125 amore
2050 4088 2169 4126 ser-

595 4163 731 4210 vata.
771 4155 916 4211 Vale.

1195 4230 1406 4286 EPIST.
1450 4230 1559 4286 LX.

1070 4338 1377 4377 SVUMACIIUS
1417 4340 1686 4381 BICOIBRI.

658 4412 883 4479 Optatos
912 4421 1136 4467 eventus
1160 4414 1469 4468 tidissimam
1491 4417 1687 4470 obtulit
1707 4415 1834 4470 milii
1860 4416 2167 4474 facultatem

586 4501 745 4556 officii
772 4502 1067 4555 deferendi.
1096 4502 1229 4557 Nam
1260 4501 1511 4558 dominus
1544 4515 1597 4560 et
1624 4505 1791 4561 frater
1816 4522 1967 4562 meus
1996 4509 2163 4579 Euge-
2196 4546 2246 4606 ο
2270 4518 2419 4573 vale.

587 4597 726 4657 nius,
776 4608 897 4647 cum
939 4593 1065 4646 milti
1105 4594 1188 4649 sui
1216 4598 1423 4664 copiam
1468 4597 1838 4668 praestitisset,
1890 4602 2164 4657 sumendae

585 4688 828 4755 cpistola:
858 4687 1177 4742 beneficium
1208 4698 1427 4758 rogatus
1457 4691 1682 4759 adjecit;
1723 4706 1822 4760 qua
1873 4692 1965 4747 tibi
1999 4693 2168 4748 It0tto-

586 4778 899 4833 rificentiam
941 4779 1277 4834 salutationis
1307 4781 1560 4846 exhibeo,
1585 4791 1639 4835 et
1664 4783 2161 4854 obnixetleprecor,

587 4886 652 4924 ne
684 4886 768 4925 me
809 4871 1005 4925 diutius
1032 4872 1247 4926 silentio
1279 4882 1370 4927 tuo
1416 4889 1732 4943 suspensum
1763 4891 1883 4931 esse
1926 4880 2161 4946 patiaris.

591 4965 736 5018 Vale.

1180 5034 1391 5090 EPIST.
1436 5037 1569 5091 LXI.

1059 5139 1326 5181 SYMNACIII
1344 5142 1370 5180 Β
1408 5145 1477 5182 Mt
1497 5146 1681 5183 οιιεηι.

657 5215 863 5268 Dudum
883 5232 1137 5285 responsa
1157 5221 1504 5285 tradidetam,
1531 5238 1647 5288 quae
1665 5231 1992 5277 testarentur
2013 5239 2074 5291 gr
2110 5234 2162 5276 ta

586 5308 714 5359 mibi
736 5308 1054 5375 amplissimi
1095 5310 1405 5365 consulatus
1455 5314 1526 5364 ttti
1571 5329 1808 5367 munera.
1842 5313 1945 5368 Sed
1984 5314 2161 5367 denuo

585 5410 773 5454 nactus
818 5399 1037 5469 Engenii
1076 5400 1171 5453 viri
1221 5401 1503 5455 clarissimi
1548 5402 1727 5457 fratris
1771 5406 1874 5459 mei
1922 5404 2153 5473 capiam,

580 5494 774 5559 scripta
807 5493 1095 5561 dttpltcavi,
1130 5494 1266 5547 haud
1301 5498 1499 5549 veritus
1528 5511 1594 5549 ue
1631 5496 1900 5550 fastidium
1943 5507 2155 5551 crearet

578 5597 757 5634 sentio
811 5583 1130 5649 geminatus.
1182 5584 1257 5637 Es
1306 5599 1427 5638 meo
1473 5590 1671 5653 quippe
1710 5588 1891 5641 animo
1936 5598 2150 5651 metsor,

580 5675 868 5727 amicitiam
898 5693 1000 5726 non
1046 5691 1199 5741 posse
1228 5688 1428 5730 sentire
1457 5679 1759 5733 officiorum
1812 5679 2109 5733 satietatem
2138 5696 2153 5733 :

579 5763 684 5816 sint
703 5780 1005 5831 quanquam
1038 5766 1120 5819 illa
1152 5767 1361 5827 crebra,
1390 5780 1437 5822 et
1462 5771 1729 5824 cominuis
1758 5772 1983 5828 similia;
2010 5786 2152 5825 sem-

2284 3243 2578 3313 religionis,
2627 3256 2679 3300 et
2709 3248 3021 3303 assiduitate
3060 3249 3333 3320 colloquii.
3381 3254 3491 3321 Ego
3538 3255 3593 3308 in
3639 3256 3857 3313 ferenda

2281 3335 2649 3390 vicissitudine
2679 3354 2774 3404 par
2802 3354 2921 3395 esse
2945 3340 3165 3395 curabo.
3193 3343 3322 3396 Nam
3350 3346 3439 3413 qui
3469 3347 3536 3399 ab
3563 3348 3669 3402 alio
3691 3352 3859 3418 poscit

2280 3427 2475 3494 officia,
2508 3430 2589 3483 sui
2616 3445 2828 3501 quoque
2858 3434 3017 3488 studii
3046 3434 3374 3504 frequentem
3395 3453 3613 3508 operam
3639 3443 3855 3513 pollice-

2281 3527 2388 3575 tur.
2424 3520 2572 3576 Vale.

2866 3596 3083 3654 EPIST.
3124 3597 3283 3654 LXV.

2759 3700 3065 3746 SYIIIACBUS
3104 3708 3279 3746 RICOSI'
3302 3709 3377 3750 BI.

2352 3778 2476 3834 Scio
2499 3789 2837 3847 praestantem
2865 3786 3102 3844 animum
3134 3794 3282 3839 tuum
3310 3788 3499 3844 salutis
3522 3805 3657 3846 mea:
3685 3804 3735 3846 et
3769 3809 3853 3849 re-

2278 3869 2543 3926 versiouis
2574 3870 2769 3927 indicia
2801 3874 3016 3943 cupide,
3050 3883 3110 3929 ut
3149 3876 3378 3932 amicitia
3408 3882 3660 3950 postulat,
3691 3898 3854 3952 appe-

2276 3964 2366 4016 riri
2395 3982 2405 4015 :
2432 3972 2484 4016 et
2516 3964 2634 4018 ideo
2661 3968 3045 4035 exspectationi
3078 3977 3200 4031 tum,
3236 3981 3482 4026 revectus
3509 3973 3563 4027 in
3604 3978 3849 4043 patriam,

2274 4057 2542 4120 satisfeci;
2574 4073 2766 4129 meque
2794 4074 2952 4129 agere
2976 4077 3040 4115 ex
3068 4065 3357 4130 sententia,
3399 4075 3557 4135 atque
3581 4083 3702 4125 esse
3736 4085 3853 4125 me:

2276 4166 2480 4205 morem
2509 4161 2611 4205 tua:
2632 4152 2776 4207 circa
2806 4167 2903 4208 nos
2936 4152 3279 4209 humanitatis
3308 4157 3561 4215 insinuo:
3584 4160 3851 4230 simulque

2274 4242 2554 4309 deprecor,
2586 4252 2642 4295 ut
2668 4242 3028 4312 affectionem,
3060 4260 3219 4313 quam
3248 4247 3377 4302 mibi
3404 4259 3461 4304 et
3489 4254 3735 4319 presenti
3756 4255 3850 4309 de-

2276 4334 2533 4404 pendere.
2565 4343 2620 4387 et
2646 4334 2856 4390 absenti
2887 4335 3132 4403 dignatus
3155 4351 3217 4392 es
3255 4338 3515 4407 polliceri,
3556 4341 3847 4399 litterarum

2276 4441 2522 4491 munere,
2557 4429 2805 4496 quotiens
2831 4443 2961 4484 usus
2991 4428 3189 4494 tulerit,
3223 4445 3327 4487 non
3368 4434 3606 4501 graveris
3630 4451 3844 4507 augere.

2839 4588 3055 4644 EPIST.
3096 4588 3280 4645 LXVI.

2755 4696 3060 4736 SYRIACIIUS
3100 4697 3368 4738 RICOIEBI.

2345 4774 2401 4831 Si
2428 4788 2591 4830 nosse
2635 4773 2873 4843 dignaris
2900 4782 3095 4842 quanta
3134 4775 3206 4830 sit
3248 4774 3302 4830 in
3346 4775 3567 4833 domino
3593 4777 3844 4835 Flaviano

2275 4868 2509 4937 pectoris
2538 4868 2642 4922 mei
2670 4866 2867 4937 portio,
2888 4867 3177 4922 amicitiam
3206 4866 3539 4925 adventantis
3556 4871 3843 4941 amplecte-

2272 4979 2351 5031 re,
2384 4972 2442 5017 ttt
2469 4961 2607 5018 duos
2631 4960 2855 5031 obliges.
2873 4959 3046 5016 Ambo
3074 4960 3213 5015 idem
3240 4975 3443 5017 sumus.
3462 4961 3593 5018 Nam
3616 4966 3716 5019 hoc
3735 4965 3841 5021 dici

2269 5074 2297 5110 a
2331 5070 2416 5111 me
2446 5056 2641 5125 patitur
2669 5054 2783 5120 ille,
2810 5055 2899 5124 qui
2930 5054 3121 5110 melior
3142 5063 3246 5110 est.
3269 5054 3425 5111 Plura
3453 5057 3764 5119 scriberem.
3795 5060 3840 5114 si

2266 5157 2357 5201 aut
2380 5145 2471 5201 diu
2500 5146 2663 5201 velles
2693 5145 2893 5214 rogari,
2932 5153 2990 5199 ut
3018 5146 3148 5199 tanti
3172 5146 3269 5198 viri
3293 5146 3480 5202 merita
3499 5150 3839 5204 commenda-

2269 5239 2469 5294 tionem
2500 5236 2887 5293 desiderarent.
2908 5236 3047 5305 Ergo
3068 5245 3149 5291 sat
3172 5244 3273 5301 est,
3298 5237 3439 5306 quod
3459 5239 3707 5309 accepisti
3728 5243 3837 5295 ναιιὶ

2266 5332 2370 5386 mei
2405 5330 2622 5386 indicia.
2654 5332 2869 5386 Ambitu
2892 5340 2947 5386 et
2982 5331 3164 5386 labore
3192 5346 3297 5385 non
3323 5340 3406 5385 est
3429 5346 3584 5401 opus,
3614 5346 3735 5388 cum
3764 5349 3833 5387 ex

2265 5433 2455 5478 natura
2497 5424 2685 5489 veniat,
2720 5434 2775 5477 ttt
2809 5439 2838 5477 a
2872 5432 2925 5478 te
2953 5423 3193 5480 moribus
3219 5425 3324 5480 tuis
3351 5426 3623 5496 proximus
3651 5426 3838 5496 diliga-

2259 5526 2363 5572 tur.
2396 5516 2546 5571 Vale.

2816 5585 3033 5641 EPIST.
3074 5584 3280 5639 LXVlI.

2735 5692 3045 5732 εγκηιιευυε
3087 5692 3354 5733 ΠΙΕΟΜΕΒΙ.

2328 5770 2567 5824 Firmum
2591 5767 2941 5824 domeSticum
2966 5783 3165 5824 nicum.
3192 5767 3397 5822 militia:
3417 5767 3696 5828 stipendiis
3713 5780 3833 5823 cum
