4218 6442
454 392 559 447 21⁸1

442 1157 697 1201 consueta
726 1146 947 1201 nitentis
976 1143 1245 1199 annuerit.
1282 1142 1434 1196 Vale.

992 1275 1206 1331 EPIS'I'.
1251 1274 1479 1330 LXVIII.

927 1406 1234 1447 δτιιιλοιιυε
1273 1405 1541 1446 ιιιῑοιιειιι.

518 1506 825 1561 Meritorum
853 1515 1066 1559 tuorum
1114 1504 1252 1575 justa
1286 1504 1423 1557 ratio
1451 1502 1692 1569 deposcit
1722 1511 1780 1558 nt
1807 1499 2025 1555 familia—

441 1602 591 1657 ribus
613 1600 1031 1669 litterisoperam
1058 1597 1684 1667 frequenterimpeudam
1722 1612 1734 1648 :
1768 1603 2024 1663 expertus

438 1693 638 1760 quippe
660 1707 766 1745 non
799 1689 977 1761 perire
998 1689 1173 1747 officia
1200 1689 1378 1744 delata
1413 1687 1764 1757 sapientibus.
1810 1685 2023 1749 Fungor

440 1784 603 1853 igitur
639 1784 978 1848 salutatione,
1024 1798 1143 1851 qua:
1185 1781 1300 1837 sola
1335 1794 1519 1834 curam
1560 1786 1787 1833 testatur
1821 1777 2019 1830 absen-

438 1877 571 1931 tium
596 1894 609 1931 :
630 1887 881 1945 tuamque
902 1889 999 1931 oro
1028 1870 1417 1944 prmstantiam,
1445 1878 1503 1925 ut
1527 1869 1775 1924 amicitiae
1799 1867 2021 1931 bonum,
2053 1863 2101 1924 Β

437 1967 593 2023 sicuti
626 1966 802 2022 facere
822 1966 987 2030 soles,
1013 1974 1069 2020 et
1096 1977 1349 2020 sermone
1368 1960 1603 2023 excolas,
1632 1966 1689 2013 et
1720 1969 1900 2014 mente
1927 1971 2024 2012 cu-

435 2062 660 2117 stodias.
694 2060 845 2118 Vale.

1006 2128 1222 2185 EPIST.
1266 2125 1451 2182 LXIX.

920 2258 1227 2299 ενικιιωυς
1266 2256 1538 2298 ιιιοοιιςιιι.

510 2357 791 2413 Dominum
834 2364 893 2411 et
930 2356 1146 2410 fratrem
1192 2369 1370 2409 meum
1415 2353 1765 2414 Flavianum.
1811 2351 2017 2406 celsum

437 2450 725 2504 virtutibus
749 2460 805 2505 et
833 2448 1129 2504 honoribus
1154 2448 1355 2511 virum,
1377 2448 1599 2514 justitite
1621 2457 1725 2500 tuae
1746 2453 2018 2500 exsortem

436 2555 559 2596 esse
603 2555 709 2595 non
758 2539 947 2608 patior.
1005 2538 1196 2593 Merito
1244 2553 1344 2606 pro
1393 2536 1687 2591 honoribus
1715 2534 1853 2603 ejus,
1898 2550 2018 2602 qum

434 2647 594 2686 causa
624 2631 815 2702 poscit,
849 2631 1023 2698 allego
1046 2645 1061 2682 :
1084 2630 1261 2684 sciens
1281 2629 1399 2683 sine
1423 2638 1509 2681 tua
1537 2627 1853 2681 auctoritate
1873 2640 2019 2679 com-

436 2724 624 2787 missa,
649 2737 769 2792 quae
793 2722 895 2776 sub
920 2722 1140 2776 obtentu
1163 2728 1254 2773 tuo
1274 2734 1304 2773 a
1325 2721 1642 2788 quibusdam
1664 2729 1853 2771 SCRVIS
1877 2716 2021 2770 desi-

435 2826 597 2886 gnata
623 2814 893 2870 dicuntur.
926 2812 1081 2868 Unde
1115 2810 1247 2865 mihi
1278 2811 1452 2881 major
1494 2809 1685 2864 fiducia
1711 2819 1813 2874 est,
1862 2821 2020 2874 posse

438 2920 554 2960 rem
584 2905 817 2975 graviter
845 2902 1100 2958 vindicari
1127 2918 1251 2957 cum
1287 2913 1373 2957 tua
1401 2914 1619 2972 quoque
1647 2900 1783 2954 fama
1813 2900 2020 2968 pulsata

436 2998 529 3053 sit.
575 2997 824 3067 Querela
849 3009 1029 3052 autem
1056 3010 1227 3066 genus
1263 2994 1539 3049 hominum
1578 2996 1696 3061 ejus
1723 2992 2017 3063 suggestio,

438 3090 485 3146 si
502 3090 750 3159 jusseris,
773 3089 964 3147 melius
986 3098 1361 3159 prosequetur,
1382 3086 1503 3155 quia
1524 3084 1801 3154 multiplex
1828 3084 2019 3153 injuria

440 3182 658 3237 modum
687 3181 927 3250 epistolte
955 3179 1234 3235 familiaris
1251 3178 1485 3235 excedit.
1504 3177 1618 3233 Non
1636 3180 1842 3233 minora
1858 3179 2018 3233 etiam

1647 380 2128 438 EPISTULARUM
2171 380 2372 436 LIBER
2416 383 2499 437 Ill.

453 510 731 563 Itone-tate
771 503 1126 572 perfunctum,
1173 504 1477 558 testimonto
1512 514 1633 556 meo
1666 499 1844 554 decuit
1881 498 2031 567 atlju-
2061 500 2109 555 Α

451 602 586 663 vari,
635 608 692 652 ut
720 596 944 651 faciliori
974 596 1121 649 aditu
1149 594 1213 649 ad
1244 603 1386 648 tuam
1416 593 1660 648 notitiam
1709 590 2030 657 perveniret.

449 692 669 759 I’orrige
696 690 877 758 igitur,
923 703 1023 743 oro
1065 698 1135 752 te,
1186 686 1505 750 adiutricem
1544 698 1761 739 manum
1794 683 2029 752 legitima

449 784 664 855 przemia
694 798 758 836 ex
790 796 939 836 more
961 780 1215 849 captanti.
1244 775 1561 847 IInjnsmodi
1591 776 1801 846 quippe
1824 784 2032 827 vetera-

447 876 533 929 nis
559 873 904 942 praerogativa
933 870 1161 925 debetur
1187 877 1243 924 ιιι
1272 867 1379 921 illis
1406 877 1767 936 protectorum
1800 862 2030 929 dignitas

448 973 700 1031 tanquam
733 959 960 1028 pretium
992 957 1132 1028 longi
1164 957 1363 1011 laboris
1392 953 1631 1010 accedat.
1663 952 1815 1020 Quod
1848 950 2031 1005 Firmo

448 1057 817 1109 incunctanter
855 1051 1085 1116 eveniet,
1134 1051 1179 1105 si
1224 1059 1347 1104 tuus
1379 1048 1534 1103 favor
1562 1057 1681 1102 vota
1709 1045 1939 1101 hominis
1960 1045 2027 1099 ad

3609 384 3713 439 218

2706 501 2917 557 EPIST.
2948 503 3156 557 LXXII.

2637 607 2943 647 SXIIACIII‘S
2980 609 3229 649 τιίιΑειι).

2209 681 2385 752 Urgeo
2407 693 2461 737 te
2500 680 2870 752 frequentibus
2895 685 3129 750 scriptis,
3170 694 3226 736 et
3250 683 3410 735 animi
3434 682 3715 736 affectione

2132 788 2240 827 non
2269 774 2482 828 desero.
2508 772 2601 827 Est
2625 783 2804 828 autem
2826 786 3105 844 sequester
3122 774 3386 830 sermonis
3405 776 3509 829 mei
3541 774 3709 837 Felix,

2131 863 2424 932 probabilis
2449 873 2504 917 et
2528 863 2810 917 honestate
2837 868 3047 927 vitm,et
3070 865 3450 918 exercitatione
3478 863 3708 927 ιιιὶιίιίτι·;

2130 955 2283 1025 cujus
2329 955 2816 1013 considerationem
2861 968 2918 1012 nt
2957 958 3174 1024 hbeas,
3220 972 3565 1011 commouere
3601 971 3711 1010 non

2129 1047 2325 1114 audeo,
2365 1062 2487 1103 enm
2519 1058 2604 1103 tua
2636 1052 2863 1118 τιειιιιὶιτις
2906 1060 3115 1104 tantum
3159 1063 3258 1118 pro
3295 1064 3363 1103 eo
3392 1048 3558 1117 possit
3593 1047 3712 1102 efﬁ-

2127 1153 2273 1203 cere,
2309 1150 2566 1209 quantum
2603 1141 2754 1195 favor
2773 1155 2926 1195 tuens
2948 1150 3155 1208 optare.
3186 1140 3332 1195 Vale.

2679 1252 2890 1307 EPIST.
2919 1251 3152 1306 LXXIII.

2619 1360 2752 1399 ενιιι
2762 1359 2928 1398 Αειιυς
2964 1361 2997 1397 τ
3006 1361 3027 1396 \'
3037 1357 3212 1398 ιιΑειθ.

2200 1459 2395 1515 Petilio
2424 1459 2626 1513 domini
2662 1467 2717 1514 et
2760 1458 2940 1512 fratris
2965 1457 3070 1511 mei
3104 1454 3432 1515 Stemmatii.
3473 1454 3705 1506 monito-

2125 1564 2238 1603 rem
2277 1550 2445 1620 magis
2480 1550 2619 1616 apud
2650 1560 2700 1602 te
2731 1564 2889 1618 quant
2923 1555 3255 1615 peeeatorem
3298 1544 3538 1612 requirit.
3577 1543 3707 1597 Nam

2124 1660 2244 1699 cum
2276 1655 2418 1698 tanta
2461 1646 2531 1698 sit
2562 1645 2653 1698 tibi
2682 1643 2800 1713 ejus
2828 1642 3136 1710 antiquitas,
3168 1648 3228 1693 ut
3252 1649 3433 1693 votum
3464 1650 3705 1691 nostrum

2125 1732 2307 1790 favore
2340 1749 2673 1803 pratcurras;
2721 1733 2961 1788 laborem
2988 1732 3209 1800 rogandi
3243 1731 3296 1784 in
3325 1730 3478 1784 lucro
3506 1729 3706 1785 habere

2125 1826 2402 1883 debemus.
2434 1826 2672 1882 Breviter
2701 1824 2878 1896 igitur,
2908 1823 3032 1894 quid
3064 1834 3271 1893 poscat,
3292 1822 3534 1876 adverte.
3575 1819 3704 1875 Sob-

2123 1920 2261 1973 sidia
2294 1920 2437 1982 vitae,
2463 1934 2581 1988 qnte
2618 1918 2753 1971 bona
2785 1918 2890 1972 diei
2921 1918 3118 1979 solent,
3146 1917 3235 1968 ulti
3264 1929 3460 1969 census
3490 1914 3705 1967 uberior

2123 2020 2224 2074 est,
2257 2009 2545 2063 infortunio
2576 2009 2985 2078 proscriptionis
3027 2006 3223 2061 amisit.
3270 2005 3395 2060 Haec
3424 2006 3475 2060 in
3509 2019 3701 2071 tnagno

2122 2101 2353 2170 reipubl.
2382 2101 2573 2169 gaudio
2601 2102 2706 2155 tuis
2748 2100 3083 2170 potissimum
3124 2099 3331 2153 meritis
3369 2096 3700 2167 repensantis

2119 2193 2429 2247 committit.
2471 2192 2715 2261 Suscipe,
2748 2207 2846 2244 oro
2891 2204 2963 2252 te,
3007 2191 3222 2256 plenum
3254 2186 3504 2242 bonitatis
3542 2203 3700 2256 nego-

2120 2289 2285 2349 tium;
2313 2292 2369 2338 et
2391 2286 2544 2338 amici
2572 2283 2825 2351 inopiam,
2857 2284 2940 2335 cui
2968 2282 3175 2335 misera‘
3198 2279 3521 2335 valetudinis
3545 2294 3703 2333 casus

2119 2375 2371 2440 accessit,
2400 2376 2478 2430 rei
2508 2374 2784 2428 familiaris
2811 2372 3166 2433 inte_.ratione
3191 2371 3386 2426 solare.
3424 2368 3571 2424 Vale.

2667 2485 2883 2542 EPIST.
2918 2482 3149 2539 LXXIV.

2604 2593 2917 2634 εἵιιιυιειιυε
2946 2593 3208 2633 Ριιοιιοτι).

2192 2702 2351 2757 Multa
2376 2700 2430 2755 in
2465 2709 2517 2755 te
2536 2699 2792 2751 virtutum
2826 2705 3012 2749 natura
3042 2692 3311 2765 congessit
3356 2690 3488 2759 Qua!
3514 2690 3560 2744 si
3580 2690 3700 2759 quis

2120 2797 2343 2851 trntinet
2370 2792 2619 2864 pen'siore
2637 2791 2860 2862 judicio,
2887 2790 3088 2844 nesciat
3115 2796 3292 2842 utrum
3324 2787 3460 2840 bona
3484 2785 3697 2839 fortitu-

2118 2888 2260 2942 diois
2287 2886 2455 2955 magis
2480 2900 2547 2939 an
2577 2883 2774 2939 mentis
2800 2881 3094 2938 excellant.
3141 2877 3248 2933 Sed
3278 2876 3501 2931 alterius
3528 2872 3703 2929 laudis

2119 2977 2437 3047 astipulator
2476 2986 2561 3031 est
2607 2974 2854 3045 princeps
2882 2971 3100 3025 humani
3125 2969 3360 3039 generis,
3393 2966 3695 3022 officiorum

2123 3083 2249 3123 \‘CI‘O
2288 3066 2622 3121 familiarium
2666 3080 2765 3118 nos
2806 3073 2971 3117 testes
3009 3075 3130 3116 esse
3166 3059 3455 3125 debemus;
3483 3058 3576 3127 qui
3607 3056 3700 3110 tibi

2124 3158 2378 3227 religioso
2407 3156 2587 3212 studio
2625 3160 2911 3225 nequimus
2956 3166 3192 3221 utquam.
3235 3150 3397 3204 Miror
3425 3158 3605 3204 tamen
3647 3148 3701 3201 in

442 3225 658 3237 .....η.....
689 3225 927 3250 -,...--..-
956 3225 1233 3235 .............-
1254 3225 1485 3235 -_--_--.
1504 3225 1617 3233 ---η
1637 3225 2018 3233 -.....--_---_---

442 3272 583 3327 filius
613 3272 835 3327 illustris
880 3270 1004 3336 viri,
1054 3278 1112 3326 et
1147 3270 1262 3338 ipse
1301 3270 1411 3340 jam
1443 3268 1663 3324 honoris
1699 3269 1935 3333 emeriti,
1968 3266 2021 3321 in

2127 3225 2310 3307 hoc‘te
2339 3249 2443 3304 mei
2469 3262 2654 3303 amore
2675 3253 3111 3316 progressommt
3133 3241 3265 3297 mihi
3284 3241 3431 3294 falsis
3457 3239 3703 3294 laudibus

440 3377 535 3417 sua
566 3362 928 3432 proconsulari
957 3362 1297 3432 possessione
1323 3364 1598 3425 tolerav.t;
1624 3375 1742 3431 quae
1768 3360 1832 3413 ad
1868 3361 2024 3414 unius

441 3454 653 3523 quidem
680 3452 946 3521 pertinent
987 3467 1205 3515 noxam,
1258 3455 1352 3507 sed
1384 3452 1451 3507 ad
1481 3452 1755 3521 utriusque
1782 3461 2021 3507 contem-

443 3557 613 3611 ptum.
640 3544 779 3613 Ergo
801 3554 859 3598 ut
882 3558 999 3598 mos
1013 3553 1098 3599 est
1117 3544 1233 3609 tibi,
1253 3544 1451 3599 auditis
1469 3555 1653 3599 eorum
1686 3545 2018 3613 allegationi-

441 3638 564 3704 bus,
581 3640 672 3708 qui
704 3646 922 3694 tuentur
947 3638 1248 3693 absentium
1281 3637 1773 3707 facultates,primo
1802 3640 2017 3706 famam,

440 3746 562 3798 qnte
584 3731 790 3798 Optimo
812 3730 1007 3799 cuique
1038 3730 1270 3799 pretiosa
1298 3738 1401 3791 est,
1440 3738 1550 3782 tum
1580 3729 1867 3782 amicitiam
1899 3729 2021 3784 fidei

443 3820 696 3887 indicem,
722 3820 1170 3890 postremoleges,
1202 3822 1503 3890 proquibus
1529 3820 1783 3884 excubas,
1800 3821 2021 3889 dignare

440 3911 733 3967 defendere
777 3930 789 3964 :
822 3925 879 3966 ιιι
913 3913 980 3966 ad
1028 3913 1290 3967 illustrem
1334 3913 1531 3978 virum,
1563 3914 1651 3981 qui
1699 3928 1793 3981 per
1822 3914 2019 3968 absen-

444 4004 572 4058 tiam
600 4018 818 4058 suorum
842 4004 1013 4059 nescit
1039 4003 1396 4069 incommoda,
1424 4003 1565 4071 prius
1585 4004 1753 4074 gratia
1779 4003 2021 4058 beneficii

442 4097 541 4160 tui,
569 4112 726 4167 quam
765 4111 984 4151 suorum
1022 4097 1176 4151 dolor
1209 4106 1265 4150 et
1288 4099 1508 4166 querela
1542 4099 1833 4164 perveniat.
1868 4096 2015 4151 Vale.

1019 4233 1233 4290 EPIST.
1276 4234 1438 4290 LXX.

946 4361 1254 4404 SYIIACBUS
1275 4362 1524 4403 'I'YIASIO.

506 4465 659 4536 Saepe
679 4466 874 4536 alloqui
903 4464 1262 4534 praestantiam
1287 4474 1431 4518 tuam
1459 4477 1565 4517 non
1587 4462 1751 4532 piget,
1773 4462 2019 4531 quamvis

2127 3342 2440 3405 blandiaris,
2468 3357 2589 3397 eum
2618 3342 2697 3407 ais
2727 3338 2925 3408 aliquid
2968 3350 3019 3391 te
3042 3352 3105 3392 ex
3150 3338 3318 3390 nostri
3347 3334 3460 3389 oris
3487 3332 3701 3388 deside-

2126 3448 2246 3488 rare
2278 3433 2662 3501 promptuario.
2689 3431 2810 3498 Quo
2848 3431 2939 3483 tibi
2972 3431 3110 3483 inter
3139 3440 3297 3480 rauca
3321 3439 3523 3479 cornua
3554 3436 3702 3478 tneo-

2125 3540 2241 3578 rotn
2268 3523 2524 3579 all’atunm
2551 3521 2844 3592 strepitus?
2868 3521 2957 3573 Est
2981 3518 3194 3586 quidetn
3215 3515 3472 3568 familiare
3494 3513 3699 3578 virtuti,

2123 3616 2470 3671 delinimenta
2524 3613 2763 3669 exercitii
2815 3612 3061 3666 sensibus
3102 3609 3409 3663 admovere.
3465 3606 3598 3661 Nam
3646 3616 3704 3661 et

2124 3709 2385 3765 Acbiltem
2426 3719 2604 3763 vatum
2649 3706 2912 3761 maximus
2947 3703 3132 3766 refert,
3172 3702 3300 3772 agri
3344 3700 3508 3756 animi
3534 3712 3696 3754 curas

2125 3801 2315 3854 fidibus
2357 3800 2663 3855 resolvisse.
2702 3797 2807 3854 Sed
2836 3808 2932 3850 nos
2961 3804 3016 3849 et
3044 3794 3263 3848 musica:
3301 3792 3560 3846 facundia:
3587 3789 3700 3844 iuo-

2125 3892 2265 3962 piam
2307 3893 2654 3949 confitemur.
2696 3900 2751 3945 et
2792 3890 3175 3943 nutrimentum
3221 3883 3467 3955 loquendi
3512 3898 3700 3937 eorum

2123 3981 2316 4038 Iittetis
2359 3998 2709 4052 aucupamur,
2752 3995 2890 4049 quos
2942 3980 3148 4033 luerere
3193 3976 3470 4032 comitatui
3518 3986 3608 4029 tuo
3644 3986 3700 4029 et

2121 4076 2260 4130 fama
2292 4078 2524 4147 loquitur
2547 4085 2603 4131 et
2628 4086 2715 4129 tua
2746 4077 2939 4142 scripta
2968 4081 3250 4126 testantur.
3284 4070 3426 4123 Vale.

2675 4186 2887 4242 l‘lPlS'I‘.
2934 4182 3141 4238 LXXV.

2612 4294 2745 4333 SYII
2754 4291 2915 4333 ACIIUS
2937 4288 3202 4329 ιιιιοιιιιτο.

2196 4372 2505 4431 satisfaciet
2531 4372 2745 4440 quidem
2775 4370 2868 4423 tibi
2895 4367 2961 4421 ad
2991 4382 3150 4420 omne
3186 4362 3437 4435 gaudium
3464 4376 3693 4427 conspe-

2121 4479 2240 4525 ctus
2267 4477 2504 4523 tuorum.
2550 4464 2657 4521 Sed
2700 4478 2801 4533 ego
2830 4461 2966 4515 hanc
2994 4457 3387 4514 hilaritudinem
3437 4456 3693 4509 cumulari

436 4558 570 4612 nihil
595 4558 821 4613 invicem
852 4558 1116 4613 sermonis
1145 4557 1348 4626 accepi.
1400 4556 1519 4624 Ipse
1566 4555 1709 4610 enim
1759 4554 1887 4609 mihi
1921 4569 2016 4623 pro
2046 4587 2100 4647 υ
2123 4574 2281 4631 posse
2316 4560 2589 4626 conjecto,
2637 4556 2681 4609 si
2732 4564 2914 4608 noster
2948 4564 3128 4606 sermo
3168 4564 3382 4619 quoque
3420 4547 3692 4616 jungatur.

435 4662 491 4705 te
527 4660 717 4717 sponte
754 4648 1086 4719 respondeo,
1135 4648 1275 4717 quod
1325 4647 1467 4702 inter
1513 4655 1822 4700 castrenses
1857 4660 2015 4700 curas

434 4745 610 4799 Ineunt
637 4741 812 4798 officia
838 4745 1007 4799 otiosa
1034 4756 1140 4795 non
1183 4740 1433 4796 habeant.
1482 4740 1655 4808 Atque
1685 4739 1885 4792 utinam
1919 4738 2016 4792 tibi

434 4835 720 4891 assiduitas
744 4834 997 4891 affatuutn
1021 4848 1261 4888 meorum
1286 4847 1392 4886 non
1417 4831 1662 4885 videatur
1682 4830 2012 4897 obsuepere.

437 4931 610 4997 Prope
629 4938 731 4995 est,
758 4939 818 4982 ut
845 4927 1031 4983 referri
1064 4924 1192 4980 mihi
1225 4924 1519 4979 litterarum
1556 4921 1778 4993 gratiam
1812 4930 2015 4989 putem,

434 5024 482 5077 si
505 5024 665 5077 sciam
690 5038 807 5091 que
836 5021 1015 5077 scribo
1043 5035 1151 5073 non
1172 5016 1367 5074 alierre
1397 5016 1690 5071 fastidium.
1715 5013 1869 5069 Vale.

1000 5149 1213 5206 EPIST.
1263 5148 1449 5205 LXXI.

925 5276 1237 5318 SYIIACIIUS
1261 5275 1509 5316 τγιιΑιιιο.

509 5376 586 5432 Ad
608 5377 947 5432 scribendum
970 5390 1055 5430 me
1078 5377 1245 5429 relatu
1266 5373 1646 5430 vicissitudinis
1666 5371 1918 5427 incitasti.
1941 5371 2013 5426 Ea

431 5472 629 5540 quippe
677 5484 856 5523 rerum
908 5476 1093 5521 natura
1141 5475 1245 5534 est,
1290 5475 1347 5519 ut
1391 5464 1688 5519 officiorum
1735 5463 2006 5533 diligentia

433 5564 607 5615 fructu
643 5559 1023 5616 vicissitudinis
1069 5559 1374 5613 incalescat.
1415 5557 1579 5611 Sume
1619 5556 1777 5625 igitur
1804 5556 2005 5608 saluta-

435 5657 656 5718 tiouent,
687 5652 948 5722 simulque
977 5651 1229 5704 indicium
1260 5648 1533 5718 sospitatis
1554 5662 1686 5703 mete
1714 5646 1865 5701 hctus
1894 5663 2005 5699 am-

434 5750 691 5819 plectere,
721 5746 1025 5801 redditurus
1052 5752 1174 5796 voto
1197 5751 1355 5811 atque
1384 5741 1562 5794 animo
1591 5754 1709 5794 tneo
1732 5740 2006 5806 reciproca

430 5839 628 5913 gaudia
654 5836 906 5893 similium
938 5835 1004 5891 de
1026 5834 1126 5888 tuis
1156 5834 1360 5887 actibus
1390 5833 1718 5887 nuntiorum.
1754 5832 1897 5885 Vale.

2123 4653 2252 4706 Nam
2284 4666 2405 4705 cum
2436 4664 2545 4719 pra:
2573 4648 2785 4701 cteteris
2818 4644 2909 4698 tibi
2932 4643 3221 4696 domestica
3253 4640 3386 4694 bona
3416 4653 3538 4692 cara
3567 4641 3693 4703 sint,

2120 4744 2418 4813 proximum
2441 4741 2541 4793 sibi
2564 4737 2813 4809 gaodaum
2831 4736 2952 4805 jure
2972 4736 3264 4789 amicorum
3288 4746 3414 4786 cura
3435 4730 3691 4785 defendit.

2122 4838 2261 4908 Ergo
2290 4835 2378 4889 ubi
2404 4834 2672 4889 desiderio
2716 4840 2808 4883 tuo
2838 4829 2936 4898 pia:
2965 4823 3387 4881 necessitudines
3421 4820 3700 4876 satisfece«

2118 4929 2249 4992 rint,
2276 4926 2343 4981 ad
2384 4936 2595 4979 nostras
2635 4935 2848 4990 quoque
2891 4918 3097 4972 litteras
3134 4916 3274 4971 oculi
3310 4912 3690 4969 conferantur:

2121 5035 2348 5091 quarum
2386 5019 2501 5071 hmc
2543 5029 2749 5067 summa
2790 5022 2893 5076 est,
2942 5020 2996 5063 ut
3043 5025 3127 5063 tne
3155 5010 3336 5062 valere
3379 5020 3691 5074 cognoscas.

2122 5112 2255 5168 Nolo
2272 5112 2413 5166 enim
2438 5119 2488 5163 te
2510 5122 2539 5160 a
2560 5106 2844 5175 colloquiis
2867 5113 3076 5157 tuorum
3102 5100 3287 5171 pagina
3312 5100 3549 5169 longiore
3573 5114 3694 5167 pro-

2122 5209 2338 5261 ducere.
2373 5202 2521 5257 Vale.

2667 5265 2873 5322 EPIST.
2920 5262 3149 5319 LXXVI.

2604 5370 2905 5413 εγιιιιΑοιιιιει
2945 5369 3201 5409 Ριιιιιιοτο.

2192 5456 2307 5512 Duo
2345 5453 2474 5508 mihi
2514 5460 2662 5521 grata
2702 5445 3051 5518 proveniunt,~
3075 5444 3287 5509 quoties
3312 5457 3342 5497 a
3384 5458 3471 5497 me
3500 5444 3692 5497 littertt'

2119 5550 2488 5620 postulantur:
2514 5552 2566 5596 et
2595 5540 2734 5607 quod
2768 5549 2820 5591 te
2843 5538 3046 5589 honore
3064 5535 3400 5588 salutationis
3421 5534 3686 5601 impertio,

2115 5652 2171 5697 et
2193 5639 2332 5707 quod
2362 5648 2578 5704 operam
2608 5626 3087 5684 commendationis
3111 5636 3305 5693 praesto
3328 5627 3684 5693 poscentibus.

2114 5731 2247 5789 Cum
2297 5730 2455 5797 igitur
2498 5726 2564 5778 ad
2617 5721 2843 5775 Africam
2895 5718 3123 5771 reditum
3171 5715 3484 5783 Paregorins
3522 5719 3689 5768 clo...-

2117 5836 2297 5879 ooster
2327 5822 2630 5877 instrueret,
2657 5821 2711 5866 et
2738 5808 3039 5879 hujusmotli
3071 5810 3272 5863 litteras
3303 5808 3569 5870 impendio
3595 5810 3685 5861 ll...
