4218 6452
1763 13 1788 18 ,μ
1801 4 2169 17 ..μ-κῇ...-

603 381 710 437 ψει

1743 387 1806 448 ρ.
1855 384 1986 438 Λιιι
2001 379 2197 435 Ειιιιις
2238 377 2678 440 SYIISMCIII'S.

3763 386 3872 440 ‘12!

605 515 761 561 quam
793 503 884 554 tibi
916 519 1056 569 smpe
1087 502 1370 562 deferrem,
1394 503 1437 555 si
1459 514 1596 555 esset
1637 499 1788 552 facile
1809 499 2013 552 similes
2045 497 2186 548 inve-
2215 495 2258 551 Α
2289 495 2429 559 quod
2471 511 2593 548 eum
2641 498 2732 549 illo
2777 498 2948 551 honor
2988 500 3214 554 amissus
3261 502 3478 554 revt-rtit
3525 501 3575 554 iu
3615 515 3872 570 gratiam.

607 605 743 645 ture.
775 591 948 648 Rarus
983 594 1138 662 igitur
1165 604 1249 649 est
1281 610 1486 656 sermo,
1519 595 1640 660 quia
1683 609 1801 644 rara
1831 602 1913 644 est
1948 589 2069 644 talis
2096 603 2189 642 oc-

607 685 773 738 casio.
805 685 879 739 De
902 686 1017 753 ipso
1045 688 1175 740 nihil
1203 688 1449 741 dicimus.
1479 686 1647 740 Μειὶιί
1669 686 1811 739 enim
1835 683 2034 752 proprii
2055 698 2190 736 con-

610 776 773 840 scius,
805 777 1136 844 suspiciones
1167 781 1347 846 gratia-
1393 780 1552 847 fugit,
1597 787 1650 831 et
1689 777 1741 829 in
1773 789 1997 830 examen
2041 783 2189 827 tuum

610 866 828 920 veniens
874 885 978 921 nun
1020 871 1130 922 vult
1166 871 1247 923 sui
1287 871 1813 926 commendationem
1865 869 1985 923 testi
2020 867 2192 935 magis

612 957 810 1014 tit-bere
840 975 998 1028 quam
1020 962 1206 1030 judiei.
1243 963 1388 1016 Vale.

1236 1056 1448 1111 EPIST.
1497 1055 1580 1108 IV.

1099 1143 1406 1202 svmtscnus
1433 1164 1708 1202 srtt.tco.vt.

683 1235 822 1300 Quid
873 1236 939 1291 de
985 1237 1236 1292 Afrorum
1282 1240 1470 1294 dolore
1508 1251 1563 1294 et
1605 1241 1912 1292 militarium
1959 1239 2196 1291 virorum

613 1330 844 1395 querelis
871 1331 1146 1384 consultus
1183 1345 1450 1401 praecepto
1480 1345 1636 1385 sacro
1667 1332 2030 1398 amplissimus
2065 1329 2198 1382 ordo

614 1421 909 1482 censuerit,
942 1423 1094 1490 plane
1119 1436 1276 1491 atque
1297 1435 1479 1492 aperte
1507 1435 1782 1490 gestorum
1808 1423 2090 1477 curialium
2115 1424 2197 1475 in-

616 1512 888 1574 spectioue
917 1527 1228 1579 Cognosce.
1251 1513 1356 1567 Sed
1378 1515 1499 1581 quia
1525 1529 1837 1582 tuequoque
1868 1513 2202 1566 familiariter

619 1601 671 1654 in
696 1602 846 1654 licem
874 1615 1036 1669 geste
1080 1622 1151 1655 rut
1182 1619 1302 1658 esse
1339 1605 1562 1671 jussistl,
1597 1605 1902 1657 summatim
1947 1619 2064 1670 qua:
2109 1604 2200 1656 tle-

617 1704 762 1747 creta
795 1708 917 1747 sunt
948 1712 1051 1747 non
1085 1697 1290 1750 tacebo.
1326 1695 1503 1750 Lectis
1546 1696 1748 1749 domini
1779 1697 1944 1748 nostri
1984 1696 2201 1748 lIouorii

620 1789 754 1856 Aug.
799 1788 988 1842 litteris
1022 1799 1182 1853 atque
1219 1787 1520 1852 sententiis,
1565 1788 1911 1854 decursisque
1954 1788 2202 1840 omnibus

2291 587 2519 642 Senatus
2567 589 2797 658 bonique
2838 607 3047 654 omnes,
3096 591 3230 646 hanc
3271 595 3407 646 ἱιιιιοι·
3444 610 3504 647 se
3544 595 3865 662 partiuntur.

2291 678 2547 746 Quocirca
2589 681 2811 734 arduutu
2853 691 2955 744 est,
2999 696 3047 734 ut
3089 686 3246 736 ttnius
3292 700 3473 736 sermo
3512 692 3827 751 cumpeusct
3853 723 3868 746 ,

2292 772 2432 840 quod
2460 783 2725 825 tantorum
2747 772 2959 827 affectio
2979 777 3263 830 contraxit.
3293 776 3452 831 Dahis
3475 778 3631 845 igitur
3654 791 3870 831 vent-am

2293 877 2392 931 pro
2415 871 2466 915 te
2511 877 2672 930 pauca
2722 863 2938 918 dicenti.
2986 865 3154 934 Hujus
3185 868 3435 936 quiddam
3480 879 3564 922 est
3607 869 3871 922 honorem

2295 954 2577 1007 I'CSIIIllt-I’e
2607 971 2764 1022 quant
2792 955 3021 1011 dedisse.
3059 957 3182 1010 Ila-c
3209 960 3351 1013 enim
3377 963 3487 1012 ﬁeri
3513 958 3718 1013 fortuna
3739 975 3867 1014 con-

2293 1045 2450 1098 sentit
2477 1064 2485 1096 :
2511 1046 2634 1097 illm!
2658 1057 2840 1100 contra
2867 1048 2878 1100 i
2907 1067 3030 1102 -S.'Itlt
3058 1061 3273 1114 praestat
3302 1053 3617 1106 humanitas.
3655 1053 3868 1105 Prmmia

2296 1147 2440 1189 serat
2465 1137 2562 1189 alia
2603 1143 2844 1205 exempla
2891 1142 3188 1194 cletuentim
3219 1155 3467 1208 receptus
3501 1145 3639 1198 caelo
3671 1148 3864 1211 princi-

2300 1245 2422 1297 pum
2456 1245 2667 1296 parcns,
2693 1241 2739 1283 et
2777 1232 3029 1287 Flaviano
3060 1251 3179 1288 meo
3207 1238 3366 1288 multa
3394 1237 3605 1290 ca~iliu~t
3634 1239 3874 1292 detracta

2299 1323 2620 1377 redd‘derat.
2657 1323 2975 1379 Reservatus
3003 1338 3084 1380 est
3113 1344 3250 1380 unus
3279 1339 3333 1382 ct
3374 1331 3682 1396 potissimus
3726 1333 3878 1384 boni-

2303 1418 2425 1468 tatis
2455 1417 2637 1469 titulus
2669 1416 2891 1486 Itazrcdi,
2923 1435 3080 1489 quem
3118 1424 3498 1490 magnitudinis
3530 1433 3634 1476 tu:e
3668 1428 3875 1479 monitu

2304 1510 2541 1576 paternis
2572 1512 2844 1564 beneficiis
2873 1511 3123 1566 dominus
3153 1514 3423 1570 llouorius
3461 1514 3676 1582 adjecit,
3707 1517 3876 1572 inter—

2307 1609 2544 1665 pretatus
2572 1601 2779 1656 scilicet
2807 1602 2936 1655 divo
2977 1602 3202 1672 principi
3235 1615 3464 1672 tempus,
3497 1623 3600 1660 non
3644 1608 3879 1662 animum

2303 1692 2556 1746 defuisse.
2601 1694 2749 1748 Nunc
2790 1694 3026 1762 perfecta
3057 1704 3181 1747 sunt
3211 1715 3236 1747 a
3267 1712 3580 1752 successore
3616 1702 3883 1751 consimili

2308 1783 2598 1849 interrupta
2635 1783 2741 1836 fato
2764 1800 2812 1847 οι
2834 1800 2924 1838 era
2956 1785 3274 1839 clementia'.
3310 1787 3593 1855 Fastigium
3619 1789 3882 1857 quoddam

622 1855 859 1946 paginis,
896 1896 1015 1948 qum
1047 1881 1289 1935 (:ildonis
1316 1881 1544 1935 erimina
1580 1880 1950 1940 continebant,
1983 1894 2078 1946 par
2109 1878 2206 1930 bo-
2240 1855 2285 1914 Β
2315 1873 2615 1926 lenissimus
2638 1884 2687 1927 et
2715 1878 3123 1943 augustissimus
3145 1878 3390 1946 princeps
3412 1879 3603 1944 emptis
3628 1882 3888 1949 genituris

625 1987 814 2024 norum
849 1980 1023 2025 motus
1055 1974 1249 2039 etupit.
1280 1973 1520 2027 Consulti
1563 1973 1722 2040 igitur
1755 1973 1806 2024 in
1839 1980 2027 2023 senatu
2060 1984 2209 2024 more

627 2063 890 2129 majorum
922 2063 1130 2131 (neque
1161 2065 1300 2118 enim
1332 2064 1568 2130 legitimo
1590 2063 1778 2118 ordine
1805 2062 1990 2131 judicti
2020 2070 2208 2114 aucto-

624 2157 756 2209 ritas
787 2165 928 2208 stare
957 2157 1266 2223 potuisset),
1303 2155 1501 2224 ingenti
1543 2171 1719 2209 causa:
1747 2153 1955 2209 devotis
1995 2160 2211 2206 sentcn-

630 2245 716 2298 tiis
758 2245 1061 2300 satisfecim:
1085 2263 1133 2300 s.
1179 2248 1396 2315 Adjecta
1429 2258 1504 2300 est
1537 2255 1654 2315 post
1691 2245 1767 2301 rei
1813 2245 2208 2299 damnationem

633 2355 727 2408 pro
754 2340 1024 2395 alimentis
1054 2342 1230 2409 populi
1259 2341 1413 2393 Rom.
1443 2341 1777 2410 Supplicatio.
1813 2340 1870 2394 In
1899 2349 2041 2393 metu
2069 2339 2209 2392 cnim

631 2446 839 2498 sumus,
872 2448 938 2485 ne
969 2433 1109 2485 obsit
1131 2434 1517 2487 commeatibus
1549 2432 1861 2485 annouariis
1887 2430 2046 2485 medii
2077 2439 2212 2482 tem-

630 2524 772 2590 poris
816 2536 984 2586 mora,
1019 2533 1072 2576 et
1104 2523 1430 2592 perturbatio
1465 2522 1632 2588 plebis
1674 2525 1898 2574 oriatur.
1949 2521 2136 2574 Veniet
2159 2520 2210 2573 in

631 2630 824 2670 manus
851 2627 984 2674 tuas.
1020 2615 1142 2683 qttid
1174 2618 1650 2684 pronuntiaverim.
1696 2615 1954 2680 Reperies
1992 2623 2046 2666 et
2089 2612 2213 2669 facti

635 2704 793 2774 hujus
827 2722 912 2758 tne
951 2707 1251 2761 asseruisse
1288 2706 1575 2774 justitiam,
1614 2719 1668 2761 et
1702 2705 1843 2773 apud
1871 2705 1935 2760 1).
1969 2715 2211 2759 nostrum

634 2795 922 2851 Arcadium
954 2811 1169 2849 causam
1208 2798 1430 2864 publica:
1461 2799 1637 2864 egis~c
1666 2795 1990 2851 concordia.
2030 2796 2173 2850 Vale.

1268 2888 1477 2943 EI’IST.
1526 2887 1588 2941 ν.

1115 2997 1424 3036 ενιιιηειιυε
1453 2997 1730 3036 ετιυοοκι.

707 3072 1235 3127 (Σοηιηιο-ιιόειιίιιηι-ῐη
1283 3091 1387 3128 non
1429 3075 1728 3138 desiderat,
1769 3074 1856 3144 qui
1887 3073 1952 3128 ad
1984 3073 2216 3144 agendas

635 3165 831 3234 gratias
864 3167 1053 3234 ιιοιςίι.
1095 3166 1160 3219 Ει
1191 3167 1310 3220 ideo
1351 3164 1639 3220 Flavianus
1682 3166 1818 3220 ﬁlius
1860 3180 2012 3220 meus
2052 3167 2214 3221 fretus

634 3256 880 3310 culminis
909 3256 982 3309 tui
1018 3257 1290 3311 beneﬁciis
1328 3257 1466 3312 levat
1491 3256 1788 3310 istiusmodi
1816 3256 1999 3311 labore
2019 3271 2205 3311 curam

635 3350 887 3417 parentis.
927 3348 1128 3410 llestat.
1162 3358 1219 3402 ut
1247 3350 1499 3416 scribam,
1531 3350 1670 3419 quod
1703 3350 1846 3405 illius
1879 3365 2061 3404 coram
2093 3366 2218 3421 gra-

633 3442 819 3496 tulitio
847 3454 1132 3509 sequetur,
1166 3442 1296 3495 nihil
1341 3457 1460 3497 esse
1490 3443 1553 3495 ad
1601 3442 1943 3510 integrandas
1977 3441 2218 3496 fortunas

634 3536 906 3589 hominum
932 3533 1211 3588 virtutibus
1234 3535 1339 3588 tuis
1363 3536 1676 3603 promptius.
1711 3535 2041 3590 Reddideras
2067 3536 2217 3589 incli-

634 3635 816 3680 natum
848 3626 1124 3692 pristinum
1163 3635 1394 3693 statum,
1428 3637 1483 3681 et
1513 3627 1784 3694 putabaris
1815 3631 2218 3696 consumpsisse

636 3717 955 3784 prarstauda.
981 3716 1130 3771 Nunc
1157 3717 1360 3786 adjecta
1392 3730 1471 3771 est
1502 3720 1548 3771 ei
1577 3717 1908 3772 honorabilis
1948 3720 2214 3773 evocatio.

634 3821 790 3874 quam
833 3807 1120 3861 teStimOnit
1155 3811 1226 3860 tui
1267 3809 1400 3876 juvit
1429 3814 1741 3865 auctoritas.
1790 3811 1969 3864 Novos
2017 3811 2219 3864 benefi-

635 3913 838 3952 ciorum
870 3899 1067 3967 gradus
1103 3901 1327 3963 invenis,
1362 3911 1414 3953 et
1441 3900 1834 3954 inconstantem
1879 3912 2036 3970 putas
2063 3916 2218 3954 amo-

635 4003 772 4052 rctn,
813 3991 901 4057 qui
945 3989 1269 4043 incrementa
1303 4005 1406 4044 non
1439 3992 1663 4060 accepit.
1708 3991 1751 4045 0
1797 3989 1967 4046 felicis
2013 3993 2219 4060 ingenii

638 4081 1049 4150 benignitatem!
1081 4081 1217 4150 Quid
1247 4083 1502 4139 Flaviano
1534 4101 1655 4139 meo
1676 4088 1907 4155 amplius
1939 4087 2099 4144 velim
2125 4103 2220 4141 ne-

635 4173 768 4236 scio,
797 4188 919 4228 cum
952 4185 1005 4228 tu
1034 4185 1224 4242 sponte
1255 4191 1586 4242 prmcurreus
1632 4178 1967 4246 impudentes
2007 4194 2106 4233 nos
2141 4181 2216 4232 fa-

637 4265 748 4320 cias
777 4267 1050 4330 a:stimari,
1079 4266 1124 4320 si
1153 4267 1326 4322 adhuc
1347 4269 1545 4338 aliquid
1575 4280 1844 4338 Optamus.
1877 4271 2025 4324 Vale.

1261 4360 1475 4417 EPIST.
1516 4361 1605 4416 VI.

1122 4465 1429 4506 εγιιιιιαιιοε
1457 4467 1737 4508 ετιιιεοιιι.

718 4540 1035 4594 Evcctioncs
1065 4541 1382 4608 impetrasse
1410 4558 1495 4597 me
1529 4545 1758 4612 gaudeo,
1795 4544 1988 4614 quibus
2023 4555 2215 4611 praetu-

648 4649 760 4687 ram
791 4633 881 4685 lilii
913 4633 1037 4697 n'tei,
1076 4634 1272 4687 virtute
1295 4650 1396 4702 qua
1429 4637 1616 4704 polles,
1641 4636 1830 4704 juvare
1860 4637 2107 4706 dignatus
2139 4653 2218 4692 es.

648 4723 833 4775 Restat
864 4738 917 4776 ut
947 4725 1186 4778 cumules
1212 4741 1328 4793 qua:
1357 4726 1620 4795 magniﬁci
1647 4729 1807 4783 animi
1832 4731 2222 4786 consuetudine

644 4815 958 4882 pr:estitisti,
985 4825 1037 4869 et
1063 4814 1349 4872 familiares
1374 4833 1522 4872 meos
1549 4821 1598 4872 in
1632 4819 1906 4887 IliSpania,
1937 4824 2129 4877 missos
2151 4825 2219 4876 ob

643 4919 901 4972 equorum
933 4906 1196 4960 curulium
1235 4912 1661 4974 coemptiouen,
1693 4921 2058 4967 transcurrere
2099 4929 2221 4981 pro-

645 4999 789 5049 tinus
807 4997 1016 5066 jubcas,
1037 4999 1159 5066 quia
1193 5011 1432 5069 tempore
1463 5001 1652 5056 futura:
1678 5003 1926 5058 editionis
1949 5021 2218 5074 urgemur.

645 5085 776 5139 Illud
805 5099 979 5140 autem
1021 5091 1087 5142 de
1115 5099 1166 5142 te
1196 5102 1376 5158 petere
1417 5108 1519 5146 non
1557 5094 1748 5158 audeo,
1784 5095 1877 5149 sed
1919 5107 2009 5149 tuo
2052 5098 2220 5150 relin-

644 5194 752 5244 quo
785 5179 1014 5247 judicio.
1048 5193 1114 5234 an
1147 5181 1392 5236 effectum
1423 5183 1672 5238 desiderii
1705 5189 1805 5238 mei
1838 5186 1974 5240 datis
2001 5189 2064 5240 ad
2093 5188 2225 5241 ami-

645 5285 736 5322 cos
762 5271 958 5324 litteris
988 5273 1264 5341 prtccipias
1295 5274 1558 5342 adjuvari.
1596 5276 1742 5330 Vale.

1245 5365 1456 5418 ιζιίςτ.
1505 5366 1615 5420 VII.

1125 5473 1259 5510 εγιιιι
1278 5473 1389 5511 \CIIl
1410 5474 1435 5511 S
1467 5476 1739 5514 STIHCONI.

715 5549 945 5614 Agcudis
971 5549 1062 5604 tibi
1091 5552 1275 5618 gratiis
1307 5567 1402 5617 pro
1431 5552 1683 5605 Flaviano
1709 5554 1818 5605 lilio
1849 5568 1992 5618 meo,
2027 5569 2224 5622 usque-

640 5655 846 5706 quaque
871 5641 1124 5707 imparem
1151 5657 1236 5695 me
1258 5645 1453 5697 sentio.
1491 5643 1696 5698 Etcum
1730 5647 1836 5698 sint
1869 5645 2031 5699 verba
2058 5647 2221 5700 rebus

647 5731 904 5794 faciliora,
947 5731 1188 5786 beneficii
1235 5734 1308 5786 ttti
1356 5735 1775 5801 magnitudinem
1805 5737 1961 5789 dictis
2012 5753 2223 5804 a'quarc

643 5839 746 5874 non
777 5839 1012 5890 possunt.
1048 5822 1227 5890 Neque
1258 5825 1400 5879 enim
1427 5840 1541 5879 mea
1571 5835 1772 5880 tantum
1802 5827 2085 5894 gratulatio
2116 5839 2220 5889 est.

2312 1964 2590 2031 imposuit;
2625 1969 2706 2020 cui
2735 1966 2801 2020 ad
2831 1969 3003 2022 vicem
3034 1971 3216 2038 gratiae
3249 1979 3300 2024 te
3329 1984 3392 2023 ac
3425 1972 3496 2022 tui
3538 1972 3741 2025 similes
3761 1984 3888 2042 Opto

2312 2061 2622 2113 monitores.
2667 2060 2797 2113 Nam
2839 2063 3063 2115 summis
3095 2062 3299 2128 imperii
3347 2063 3774 2119 moderatoi-ibus
3805 2067 3888 2133 pia

2311 2160 2364 2203 et
2394 2151 2586 2204 decora
2619 2151 2909 2206 suadentes
2933 2193 2947 2215 ,
2979 2151 3331 2206 instrumenta
3361 2163 3486 2207 sunt
3529 2154 3654 2208 boni
3685 2156 3889 2211 szeculi.

2316 2241 2407 2294 Est
2433 2241 2647 2308 quidem
2675 2245 2871 2295 rectori
2890 2245 3089 2295 'uostro
3121 2243 3282 2296 divini
3317 2243 3477 2298 fontis
3510 2245 3804 2315 ingenium,
3839 2260 3891 2300 et

2313 2335 2378 2386 ad
2410 2336 2649 2387 onmium
2681 2335 2932 2388 virtutum
2963 2352 3179 2390 cursum
3214 2349 3458 2407 prompta
3491 2349 3697 2392 natura.
3745 2340 3849 2395 Sed
3876 2385 3890 2406 ,

2316 2437 2371 2478 ut
2418 2425 2650 2491 imagine
2699 2427 2828 2480 mihi
2873 2429 2944 2480 uti
2989 2428 3177 2492 liceat,
3229 2429 3462 2498 optimos
3510 2431 3894 2500 gubernatores

2317 2517 2453 2570 haud
2493 2517 2832 2573 mediocriter
2870 2521 3030 2572 etiam
3077 2520 3337 2587 remigum
3381 2537 3575 2578 manus
3605 2525 3777 2589 juvat.
3821 2525 3895 2579 Te

2316 2625 2442 2663 vero
2480 2609 2632 2664 fama:
2659 2609 2776 2678 ejus
2814 2611 3164 2666 amicitiorem
3197 2628 3316 2666 cum
3352 2612 3483 2668 ﬁdes
3523 2615 3751 2680 militia.
3785 2625 3894 2671 tum

2317 2703 2723 2756 necessitudinis
2749 2701 2958 2756 aﬂ’ectio
2987 2703 3178 2758 reddit.
3217 2705 3348 2760 Hinc
3370 2715 3473 2770 est,
3507 2707 3646 2772 quod
3675 2707 3746 2761 illi
3773 2723 3896 2772 pro-

2317 2793 2555 2848 merendi
2593 2794 2824 2861 undique
2851 2797 3050 2848 amoris
3093 2799 3204 2849 vias
3247 2795 3485 2863 invenis;
3518 2810 3573 2853 et
3603 2800 3896 2866 majoribus

2316 2898 2632 2954 Occupatum
2686 2902 2872 2942 mones
2926 2890 3127 2955 privata
3179 2889 3282 2944 fata
3331 2891 3618 2960 reSpicere.
3671 2893 3897 2950 llmnani

2318 2990 2475 3029 casus
2499 2977 2548 3029 in
2574 2975 2748 3046 fugam
2781 2979 2918 3032 versi
2941 2992 3086 3044 sunt,
3108 2981 3346 3049 nihilque
3369 2983 3418 3036 in
3438 2993 3626 3039 senatu
3650 2997 3898 3040 moestum

2322 3068 2538 3124 resedit.
2563 3072 2699 3124 Aliis
2724 3071 2974 3136 tributus,
2999 3074 3117 3127 aliis
3151 3076 3441 3145 integratus
3465 3089 3546 3132 est
3579 3079 3766 3132 honor.
3800 3083 3898 3134 L‘ni

2322 3163 2536 3216 familia».
2584 3163 2830 3230 debetur,
2873 3165 3127 3235 quidquid
3162 3167 3357 3237 singuli
3404 3183 3613 3224 sumus.
3646 3169 3752 3227 Sed
3788 3173 3898 3241 jam

2320 3257 2547 3312 servabo
2574 3259 2814 3326 epistola:
2840 3260 3094 3314 terminos
3121 3279 3133 3312 :
3161 3277 3348 3315 vereor
3371 3264 3513 3317 enim
3547 3281 3612 3320 ne
3643 3265 3758 3321 ham
3787 3268 3900 3336 ipsa

2321 3348 2546 3404 afferant
2595 3349 2863 3404 fastidium
2911 3353 3180 3419 praeclara:
3217 3357 3552 3410 verecundiae
3603 3369 3726 3424 tua},
3772 3375 3898 3414 cum

2321 3456 2536 3511 aequare
2563 3452 2667 3495 non
2704 3444 2905 3505 possint
2937 3444 3107 3497 vicem
3141 3449 3344 3512 gratim.
3383 3447 3471 3500 Illa
3505 3450 3683 3518 potius
3709 3451 3900 3521 gaudia

2324 3548 2376 3591 te
2407 3547 2775 3603 munerentur,
2805 3554 2922 3607 quae
2947 3541 3258 3594 meritorum
3286 3544 3546 3598 securitas
3578 3546 3733 3613 parit.
3767 3546 3900 3600 Nolo

2321 3646 2385 3684 es
2425 3631 2603 3685 verbis
2630 3632 2940 3700 cujusquam
2981 3648 3166 3703 speres
3209 3637 3338 3687 tanti
3375 3635 3619 3691 beneﬁcii
3668 3639 3894 3692 solutio-

2323 3738 2465 3777 nem.
2513 3723 2627 3779 Prte
2664 3725 2876 3780 ceteris
2907 3727 3046 3781 nosti
3075 3769 3090 3789 ,
3137 3727 3310 3781 solum
3351 3730 3696 3784 conscientia:
3744 3732 3900 3787 bona:

2324 3815 2598 3882 pravmium
2666 3817 2973 3872 satisfacere
3029 3823 3187 3887 p'osse
3253 3836 3441 3890 magna
3503 3825 3898 3890 prtestantibus.

2326 3906 2497 3960 Unum
2525 3918 2697 3962 tamen
2725 3920 2970 3979 tanquam
2992 3909 3374 3966 immoderatus
3393 3913 3604 3983 adjicio,
3631 3924 3687 3968 ιιι
3706 3917 3899 3987 jugiter

2321 3999 2375 4052 in
2409 3999 2659 4053 Flaviano
2687 4015 2808 4054 meo
2840 4003 3095 4056 beneficia
3130 4014 3218 4057 tua
3249 4004 3462 4074 diligas.
3501 4005 3644 4061 Vale.

2915 4096 3132 4151 EPIST.
3182 4097 3312 4151 VIII.

2827 4201 3136 4242 SYIMACIIUS
3167 4204 3450 4243 STILICONI.

2396 4279 2636 4349 Intelligo
2673 4296 2735 4334 es
2779 4295 2927 4333 mora
2957 4291 3009 4335 et
3039 4282 3380 4338 cunctatione
3421 4286 3665 4354 reseiipti
3703 4287 3901 4354 divini,

2323 4373 2520 4439 aliquid
2546 4373 2596 4425 in
2621 4371 2724 4435 his,
2748 4388 2868 4442 qua:
2892 4375 3139 4440 pra-toria
3169 4375 3258 4428 ﬁlii
3284 4375 3385 4429 mei
3408 4379 3724 4443 supplicatio
3747 4395 3902 4434 com-

2330 4464 2636 4530 prehendit,
2671 4464 3021 4532 incongruum
3048 4466 3130 4518 vel
3171 4465 3391 4519 dubium
3431 4465 3682 4534 judicari.
3730 4470 3905 4537 Atque

2332 4555 2452 4607 ideo
2479 4555 2656 4608 denuo
2687 4554 2779 4608 tibi
2811 4555 3124 4624 petitionum
3158 4571 3397 4609 mearum
3438 4556 3610 4612 debeo
3649 4570 3904 4627 przestare

2331 4646 2611 4700 rationem.
2646 4645 2718 4701 De
2738 4645 2890 4714 equis
2911 4647 2980 4698 oh
3002 4648 3228 4702 natalem
3253 4647 3456 4702 domini
3485 4651 3651 4703 nostri
3681 4651 3902 4706 llouorii

2326 4747 2380 4788 et
2425 4737 2755 4789 invictissimi
2800 4738 3052 4805 principis
3093 4739 3402 4807 largiendis,
3446 4739 3571 4795 licet
3611 4741 3712 4797 hoc
3754 4757 3896 4797 anno

2329 4827 2571 4895 obsequii
2594 4828 2748 4882 istius
2769 4838 2978 4896 tempus
2999 4827 3285 4894 effluxerit,
3309 4834 3501 4898 Opinor
3523 4844 3700 4887 votum
3726 4851 3900 4889 meum

2328 4933 2433 4970 non
2462 4919 2699 4986 potuisse
2725 4919 3062 4987 reprehendi.
3093 4920 3260 4985 Aqua:
3281 4936 3409 4976 vero
3439 4921 3712 4978 theatralis
3731 4937 3781 4980 et
3807 4928 3902 4979 ho-

2327 5009 2673 5063 losericarum
2714 5013 2939 5064 vestium
2971 5012 3290 5078 impetratio,
3321 5014 3480 5068 etiam
3509 5015 3630 5069 aliis
3664 5029 3785 5070 ante
3817 5035 3902 5073 me

2331 5101 2643 5168 plerumque
2667 5101 2841 5155 delata
2873 5113 3062 5156 est:et
3086 5104 3206 5158 ideo
3227 5105 3445 5171 juvatur
3474 5109 3749 5175 exemplis.
3779 5112 3906 5163 Am-

2337 5191 2745 5261 phitheatrieum
2785 5192 3174 5260 spectaculum,
3220 5194 3361 5262 quod
3400 5197 3621 5252 editioni
3668 5197 3759 5251 ﬁlii
3804 5203 3905 5255 mei

2336 5295 2552 5350 propter
2589 5284 2938 5350 capacitatem
2978 5283 3077 5337 loci
3108 5293 3233 5349 Opto
3263 5287 3514 5350 concedi;
3566 5289 3728 5342 etiam
3773 5290 3907 5344 ludi-

2333 5375 2439 5426 cris
2484 5383 2808 5440 quazstorutn
2850 5375 3258 5442 prelusi-unibus
3289 5391 3391 5430 non
3425 5389 3704 5445 negatum,
3752 5386 3904 5433 lesti~
3943 5411 3952 5416 -

2335 5467 2513 5520 monio
2539 5476 2663 5520 sunt
2695 5470 2979 5534 rescripta;
3011 5484 3181 5537 neque
3209 5470 3482 5538 privilegio
3512 5474 3640 5526 solis
3674 5488 3777 5525 non
3811 5490 3903 5540 pa-

2335 5568 2446 5611 tere
2472 5558 2802 5612 consulibus.
2831 5558 2981 5612 Scias
3003 5575 3031 5611 a
3056 5575 3140 5613 me
3171 5561 3367 5614 dudum
3401 5562 3472 5615 rei
3507 5562 3661 5615 SStius
3691 5581 3906 5632 proces-

2335 5649 2470 5702 sisse
2519 5650 2831 5715 principium
2869 5667 2882 5702 :
2917 5666 3021 5703 non
3071 5664 3124 5704 ut
3171 5652 3380 5719 fastigio
3424 5655 3721 5712 consulari.
3767 5658 3906 5722 quod

2335 5742 2570 5806 proxime
2601 5739 2670 5790 tui
2702 5739 2948 5792 eulminis
2986 5739 3130 5796 felix.
3159 5750 3211 5794 et
3235 5743 3359 5792 olim
3391 5743 3598 5796 debitus
3631 5748 3906 5813 magistra-

2334 5842 2415 5885 tus
2457 5831 2691 5896 ornatit,
2732 5847 2795 5885 ex
2830 5832 2928 5886 hoc
2960 5834 3154 5900 aliquid
3205 5834 3722 5900 adderetnrtucque
3766 5853 3902 5891 cum:
