4218 6436
525 315 626 374 23!

1688 318 1752 384 Q.
1796 315 2137 373 AIIRELIUS
2173 316 2611 372 SYMNIACIIES.

3669 316 3779 372 1’52

524 441 808 482 commune
828 428 1034 496 imperii
1054 432 1211 497 caput
1232 427 1464 498 undique
1483 437 1720 496 genuum
1740 429 2086 481 convenitur:
2120 431 2170 489 Α
2198 442 2320 483 nem
2347 427 2640 495 diligentia!
2676 428 2729 480 in
2769 441 2853 481 me
2889 437 2991 481 tua:
3032 425 3221 481 lactant
3255 428 3449 496 putavi.
3499 428 3665 483 Tanta
3692 441 3776 485 est

525 528 635 572 tuin
659 518 802 588 quod
839 519 1313 574 clementi~simum
1354 521 1647 589 rriucipem
1694 522 1748 573 in
1794 520 1895 573 hac
1943 530 2093 588 parte

524 611 829 680 degentem,
860 610 1002 664 raria
1030 611 1271 665 omnium
1301 610 1587 672 desideria,
1620 610 1702 663 vel
1749 613 2095 665 necessitates

527 712 839 771 sequuntur.
882 701 953 757 Et
997 715 1174 759 tamen
1230 716 1354 757 cum
1396 702 1710 758 tabellirios
1756 702 1851 757 tibi
1911 705 2097 773 plures

526 806 700 844 cantate
728 790 976 853 onerant,
1025 806 1176 860 angue
1203 806 1234 845 a
1272 793 1415 863 ston
1459 803 1747 861 temperas,
1780 808 1879 848 nec
1928 794 2032 847 ulla
2065 808 2093 845 a

529 884 680 935 nobis
728 885 1157 950 expastulatioue
1204 887 1530 951 perstringer
1550 900 1596 937 s.
1648 884 1795 937 Facit
1828 885 1972 939 enim
2011 901 2096 939 se-

527 978 727 1028 curitas
750 992 888 1039 inea,
923 984 981 1028 ut
1000 975 1148 1044 diligi
1177 990 1261 1029 tne
1287 978 1448 1030 etiam
1472 991 1503 1029 a
1534 984 1745 1031 tacente
1793 993 1897 1029 non
1926 979 2095 1030 anthi-

526 1080 667 1134 gam.
698 1065 838 1134 Ergo
865 1066 1116 1119 amicitia:
1163 1074 1362 1120 nostra:
1404 1066 1595 1120 liducia
1639 1082 1744 1120 non
1784 1082 1855 1120 ex
1907 1068 2099 1122 litteris

530 1160 778 1221 pendeat.
830 1158 1046 1211 illarum
1095 1157 1373 1212 intervalla
1404 1158 1516 1213 I’urs
1550 1158 1691 1213 facit.
1731 1159 1889 1214 Fides
1916 1171 2095 1215 autem

530 1262 729 1304 mutua
748 1250 1038 1320 diligentia:
1058 1250 1362 1319 indignatur
1388 1252 1581 1321 linguai
1611 1255 1985 1306 assertionem.
2020 1255 2097 1307 Ad

533 1343 633 1396 boc
658 1343 819 1395 etiam
850 1341 1085 1410 pro‘lisas
1106 1342 1366 1411 epistolas
1393 1343 1552 1411 petis,
1584 1352 1833 1411 tanquam
1864 1347 2100 1397 lat-turus

533 1434 852 1501 perieulum,
880 1442 1134 1498 quantum
1165 1434 1217 1486 in
1250 1431 1538 1488 scribendo
1560 1447 1692 1488 cana
1724 1444 1881 1488 aetate
1925 1434 2101 1503 prole-

529 1524 720 1576 reiim.
773 1524 995 1592 Semper
1046 1521 1260 1591 quidem
1306 1522 1500 1577 similis
1552 1525 1825 1578 arentibus
1878 1524 2096 1588 rivulis,

535 1615 766 1669 laxiores
796 1614 944 1682 ripas
974 1612 1164 1682 refugi,
1188 1626 1247 1667 ut
1272 1614 1506 1684 inopiam
1535 1615 1769 1670 brevitas
1793 1614 1983 1671 allec-ta
2013 1630 2104 1670 ce-

537 1708 689 1760 laret.
718 1707 868 1761 Nunc
903 1722 1101 1778 graves
1125 1721 1342 1777 quoque
1369 1708 1515 1772 anui,
1548 1708 1603 1763 si
1632 1710 1758 1777 quid
1786 1708 1856 1762 de
1887 1719 2101 1776 pectore

2195 517 2340 573 enim
2381 519 2641 573 securitas
2667 532 2811 573 vera:
2848 518 3117 586 amicitia-,
3160 528 3217 572 ut
3263 519 3330 573 de
3366 534 3459 573 sua
3502 518 3605 575 llde
3633 522 3771 575 asti-

2196 608 2484 663 mationem
2534 608 2700 662 mutui
2759 610 2958 663 amoris
3015 619 3273 664 assumat.
3331 606 3491 665 Plura
3538 611 3591 666 in
3633 610 3776 668 hunc

2197 699 2412 754 modum
2434 699 2611 755 dicere
2637 700 2798 767 piget.
2821 700 2999 765 Quare
3023 710 3239 753 transeo
3268 700 3333 755 ad
3359 714 3477 756 eam
3510 700 3775 757 sermonis

2199 792 2273 846 tui
2322 803 2526 862 partem
2566 808 2688 861 qua:
2717 793 3017 846 orationum
3065 807 3304 847 mearum
3330 794 3653 850 desiderium
3696 795 3776 848 vi-

2197 882 2355 937 detur
2396 884 2675 953 attingere.
2732 884 2824 938 Ais
2875 883 2927 937 in
2976 899 3162 937 manus
3201 896 3318 938 tuas
3356 886 3547 954 scripta
3596 897 3773 943 nostra

2198 977 2429 1041 venisse,
2458 974 2625 1030 fratre
2655 988 2839 1029 nostro
2860 977 3118 1030 Mmervio
3147 978 3419 1045 proditore
3464 983 3551 1047 qui
3575 978 3598 1031 l
3624 978 3776 1032 irnlis

2201 1068 2336 1120 meis
2367 1066 2597 1121 litterata
2628 1066 2803 1134 potius
2830 1066 3163 1132 curiositate,
3193 1085 3347 1134 quam
3373 1067 3514 1135 justa
3546 1070 3613 1123 de
3635 1079 3778 1122 ccta-

2202 1160 2347 1210 tione
2391 1171 2495 1209 non
2539 1156 2792 1210 abstinet.
2839 1158 2893 1209 Si
2947 1157 3037 1210 tibi
3085 1167 3287 1211 tantum
3330 1158 3421 1211 otii
3451 1169 3556 1220 est,
3604 1168 3661 1212 ut
3708 1160 3775 1213 ad

2204 1247 2468 1301 fastidium
2502 1247 2884 1315 detergendum
2932 1249 3186 1301 nonnulla
3222 1251 3326 1301 etia
3353 1270 3381 1297 o
3414 1250 3610 1305 insulsi
3647 1265 3777 1306 con-

2204 1340 2405 1407 quiras,
2450 1339 2704 1409 quidquid
2738 1340 2875 1409 stylu
2903 1341 3313 1399 elatioraviuius.
3354 1340 3649 1405 exhibebo;
3693 1357 3776 1395 se-

2203 1444 2360 1481 curus
2402 1429 2592 1493 veniat,
2625 1442 2780 1495 quam
2815 1429 2941 1481 mihi
2989 1428 3213 1498 spondet
3253 1432 3413 1483 animi
3456 1432 3526 1482 tui
3561 1440 3774 1484 tantas.

2207 1520 2350 1575 l‘ene
2402 1520 2668 1588 pra-terii,
2720 1522 2860 1590 quod
2914 1521 3032 1575 loco
3081 1523 3319 1590 principe
3376 1537 3627 1577 accusare
3685 1522 3779 1577 de-

2206 1609 2443 1663 bueram.
2495 1608 2639 1664 Itane
2668 1612 3017 1679 epistularum
3060 1627 3360 1665 nostrarum
3385 1614 3609 1681 simplex
3650 1629 3779 1668 usus

2206 1704 2426 1767 interiit,
2461 1713 2512 1755 ut
2547 1703 2753 1773 paginis
2785 1704 2890 1757 tuis
2918 1704 3181 1758 lenocinia
3210 1708 3305 1757 :rvi
3329 1716 3604 1771 pnes-cutis
3628 1716 3781 1759 aute-

534 1813 658 1852 nteo
678 1797 937 1861 stillabat,
976 1797 1278 1851 ebiberant.
1326 1795 1590 1851 Praeterea
1624 1797 1755 1851 nihil
1796 1800 2097 1868 argumenti
2132 1805 2177 1864 Β
2204 1796 2380 1849 feras?
2410 1794 2706 1850 Redeamus
2747 1796 2877 1863 quin
2919 1810 3047 1862 ergo
3089 1796 3152 1847 ad
3196 1797 3395 1850 inrorat
3430 1811 3457 1850 s
3506 1796 3777 1850 nominum

533 1889 769 1957 suppetit
835 1890 903 1943 ad
983 1888 1316 1959 propaganda
1379 1906 1497 1959 qu.e
1571 1890 1875 1944 scribimus.
1954 1891 2101 1944 Nosti

533 1982 701 2033 otium
732 1995 935 2046 meum,
955 1980 1024 2033 de
1045 1995 1151 2049 quo
1174 1979 1315 2049 apud
1346 1990 1399 2034 te
1420 1979 1638 2048 largiter
1666 1980 1804 2048 loqui
1829 1983 2104 2049 utriusque

535 2073 805 2128 fastidium
835 2082 937 2127 est.
972 2072 1175 2142 Magnis
1224 2072 1455 2140 negotiis
1497 2075 1647 2141 plura
1694 2072 1856 2127 verba
1908 2088 2106 2128 conve-

535 2168 709 2222 ninnt.
733 2166 897 2220 holus
923 2166 1060 2221 idem
1083 2167 1152 2219 sit
1183 2166 1377 2235 lingua:
1400 2165 1713 2235 modus,qtti
1743 2164 1969 2219 fortuna:
1998 2175 2104 2219 est.

535 2261 767 2323 Matieno,
794 2260 1135 2327 Aboriginum
1159 2273 1329 2319 more.
1360 2256 1649 2311 dictionem
1682 2257 1871 2310 salutis
1888 2268 2106 2311 interna:

535 2353 677 2421 ligno
697 2364 788 2405 aut
818 2350 1103 2405 eorticibus
1132 2350 1389 2405 scribere.
1428 2347 1692 2420 Egyptus
1725 2352 1909 2420 papyri
1959 2352 2101 2403 voln-

536 2448 677 2498 tnina
729 2444 1065 2496 bibliothecis
1109 2443 1331 2510 foroque
1389 2448 1645 2498 texuerit.
1709 2442 1951 2497 Sul'ticiat
2005 2445 2105 2498 ali-

534 2536 748 2602 quando
798 2533 1134 2588 celebrandae
1187 2533 1468 2595 amicitiae;
1515 2533 1558 2587 si
1602 2534 1769 2597 vales,
1826 2533 1962 2587 bene
2003 2543 2106 2588 est.

535 2631 675 2696 Opto
706 2628 800 2679 bas
844 2629 1010 2695 ipsas,
1059 2640 1191 2694 quas
1239 2634 1294 2679 tu
1327 2626 1514 2680 breves
1541 2625 1803 2694 quereris,
1834 2625 2113 2680 salutatio-

539 2737 665 2773 num
697 2720 862 2781 vices,
894 2717 1023 2771 dum
1070 2718 1347 2781 absumus,
1404 2718 1541 2771 inter
1598 2731 1697 2771 nos
1742 2717 1957 2786 longum
1998 2731 2113 2770 rna-

539 2831 688 2868 ttere.
711 2811 865 2865 Vale.

1106 2879 1320 2935 EPI‘T.
1365 2879 1553 2935 XXIX.

1007 2987 1316 3027 ετιιιιιειιυδ
1354 2987 1633 3027 ιιιιυτΑιιιο.

611 3067 783 3136 Spero
824 3076 906 3130 te,
946 3073 1005 3119 ut
1046 3065 1202 3118 laudo
1239 3065 1436 3131 didici,
1475 3066 1540 3118 ad
1590 3067 1759 3120 vicina
1805 3074 2111 3122 venturum.

2207 1888 2421 1951 titulos;
2458 1899 2513 1941 et
2538 1901 2657 1941 cuin
2687 1888 2883 1941 dicitur
2911 1897 3002 1941 aut
3035 1888 3270 1941 redditur
3298 1891 3463 1950 salus,
3496 1889 3619 1941 nihiI
3655 1889 3782 1957 ip~is

2207 1978 2477 2032 vulcahulis
2517 1979 2715 2031 nostris
2745 1977 3059 2031 honoratius
3089 1993 3150 2030 ac
3188 1978 3433 2031 blandius
3469 1995 3588 2033 c~se
3624 1980 3784 2032 duca-

2206 2083 2345 2121 mus.
2420 2066 2681 2134 Exemplo
2725 2076 2873 2122 certe
2919 2068 3011 2120 tibi
3055 2079 3119 2121 st
3162 2070 3385 2133 epistula
3436 2084 3549 2121 tne...
3584 2087 3595 2121 :
3626 2086 3781 2139 quam

2206 2161 2247 2213 si
2276 2158 2512 2211 a‘tnnlari
2542 2159 2829 2225 Spreveris.
2865 2170 2918 2212 et
2946 2161 3269 2228 arrogantia!
3302 2172 3514 2215 uolans
3542 2163 3781 2225 vidi-hor,

2205 2260 2259 2305 et
2288 2254 2497 2304 earteris
2522 2259 2858 2321 aggregattts.
2886 2267 3110 2318 quorum
3150 2267 3375 2320 magnus
3408 2266 3687 2321 sustam-tus
3730 2274 3779 2309 tu

2209 2346 2383 2398 verbis
2409 2353 2512 2411 est,
2544 2344 2723 2398 nullus
2754 2344 2932 2398 cultus
2965 2346 3016 2398 in
3046 2348 3312 2401 sensibus.
3348 2346 3418 2399 ν..
3445 2364 3492 2401 ε.

2774 2434 2990 2490 EPIST.
3031 2434 3223 2490 XXXI.

2693 2543 2999 2585 SYIIACHUS
3029 2547 3306 2587 PROTADIO.

2281 2622 2636 2677 Mediolanum
2693 2634 2745 2678 te
2782 2624 2928 2677 idem
2980 2626 3069 2694 qui
3125 2642 3210 2679 me
3259 2627 3447 2681 consul
3502 2630 3785 2684 acciverat.

2208 2714 2428 2785 Speravi
2455 2715 2598 2784 quod
2627 2732 2725 2771 nos
2754 2719 2808 2770 in
2841 2733 3001 2770 unmu
3031 2721 3205 2772 votiva
3244 2734 3403 2774 causa
3445 2720 3784 2776 candorem.

2211 2805 2314 2860 Sea
2347 2807 2431 2861 ubi
2472 2823 2568 2877 per
2604 2808 2961 2863 valetudTnem
3004 2808 3240 2872 defuisti.
3283 2812 3562 2881 aegerrime
3603 2829 3789 2880 exspe-

2211 2898 2335 2953 rtati
2381 2898 2557 2967 gaudii
2602 2897 2937 2969 dispendium
2989 2900 3100 2954 tuli.
3152 2900 3301 2956 Nunc
3357 2903 3586 2969 peractis
3632 2921 3788 2974 supra

2211 2992 2449 3044 omnitnn
2473 2991 2958 3061 magnanimitatem
2983 2993 3351 3047 consularibus
3374 2992 3545 3059 festis,
3569 2995 3790 3049 Romam

2214 3092 2481 3147 revertor;
2512 3098 2618 3155 quo
2658 3099 2717 3139 se
2746 3084 3108 3155 amplissimus
3138 3088 3477 3155 magistratus
3509 3100 3789 3144 venturum

544 3159 677 3213 Fl'"
723 3158 869 3222 ῖυθῑο
912 3171 979 3210 ³³³
1019 3171 1148 3248 νετθᾴ
1180 3155 1565 3248 γοοηξνοτετίωο
1621 3155 1733 3227 E8°
1773 3167 1972 3221 “ment
2027 3157 2110 3213 vel
2138 3171 2184 3232 (Ξ
2218 3174 2457 3244 protinus
2484 3191 2684 3247 genero
2712 3176 3033 3245 astipulante
3064 3178 3328 3247 [rotiiisiL
3376 3178 3546 3248 Quam
3578 3182 3790 3245 vellem.

545 3250 829 3305 tradendas
869 3263 1049 3303 coram
1096 3246 1189 3301 tibi
1224 3263 1253 3300 a
1286 3246 1447 3301 fratre
1476 3257 1659 3302 nostro
1694 3248 1949 3304 Minervio
1985 3249 2119 3304 duas

541 3346 904 3400 oratiunculas
928 3358 1098 3405 meas,
1122 3342 1204 3397 vel
1232 3342 1521 3397 mittendas
1547 3342 1597 3395 in
1628 3343 1853 3411 patriam
1879 3341 2119 3397 lldelitati

542 3439 659 3506 ejus
688 3436 900 3506 ingessi.
939 3436 1136 3490 Parcus
1164 3448 1286 3489 esse
1314 3433 1368 3487 in
1410 3435 1508 3488 hac
1534 3434 1759 3503 cpistola
1787 3434 1977 3488 debeo.
2014 3435 2121 3489 Illis

542 3532 705 3593 enim,
729 3543 849 3597 qua:
871 3527 1087 3597 legenda
1113 3525 1391 3594 suscipies,
1419 3540 1569 3578 amor
1588 3540 1778 3579 avarus
1798 3525 2116 3594 explebitar.

543 3623 870 3676 commoneo
900 3628 1099 3683 tamen,
1133 3632 1200 3672 ne
1228 3616 1488 3671 orationis
1517 3616 1673 3670 tutius
1703 3616 1857 3670 titulo
1886 3624 2122 3670 mutetur

544 3713 613 3768 de
632 3727 718 3766 me
743 3712 1068 3764 existimatio
1094 3720 1201 3764 tua.
1228 3708 1358 3763 Nam
1390 3708 1661 3776 repudiata
1690 3722 1912 3761 censura
1938 3716 2123 3776 gravat

547 3818 646 3858 nos
676 3802 960 3873 principio,
999 3802 1113 3853 sola
1152 3800 1449 3869 argumenti
1490 3800 1840 3867 inspectione.
1886 3799 1991 3854 Sed
2034 3799 2120 3852 ubi

544 3897 684 3951 dicta
718 3896 927 3963 legetis,
960 3909 1079 3947 cum
1107 3894 1367 3947 sententia
1404 3906 1517 3945 mea
1554 3891 1605 3943 itt
1634 3890 1855 3960 gratiam
1884 3899 2118 3944 revette-

548 3990 640 4043 ris.
673 3988 819 4043 llanc
848 3998 1080 4054 partem,
1110 3999 1227 4053 qua:
1257 3990 1574 4050 tempestate
1603 3983 1799 4048 reiecta
1827 3990 1935 4045 est,
1962 3980 2123 4035 totius

549 4067 751 4134 ordinis
800 4078 964 4131 nostri
1005 4076 1245 4131 antetulit
1281 4076 1601 4137 auctoritas;
1635 4085 1701 4127 ne
1742 4073 1842 4127 sub
1879 4073 2124 4141 speci-uso

550 4172 761 4225 nomine
792 4169 934 4224 fores
956 4169 1281 4238 impotentize
1308 4168 1511 4222 ambire
1536 4166 1707 4220 solitis
1735 4166 2119 4232 pandereutur.

552 4267 734 4319 I’Iurcs
781 4264 1027 4316 utilitatis
1084 4271 1140 4316 et
1189 4262 1484 4315 honestatis
1536 4260 1862 4314 assertioacs
1908 4259 1959 4311 in
2009 4259 2125 4326 ipso

549 4372 770 4424 corpore
791 4354 1043 4409 orationis
1064 4352 1324 4407 invenit-5.
1348 4353 1421 4405 De
1443 4360 1667 4420 utroque
1687 4364 1849 4419 Opere
1869 4348 2122 4417 judicium

553 4460 697 4500 tutttn
724 4460 851 4501 cura
882 4455 1062 4499 nostra
1084 4443 1370 4498 desiderat.
1402 4440 1552 4495 Vale.

1132 4554 1343 4609 EPIST.
1390 4552 1558 4607 XXX.

1029 4659 1334 4699 ενιιιιιειιυε
1374 4658 1653 4697 Ριιοτλωο.

621 4739 830 4795 Silentii
863 4739 1001 4792 inter
1032 4754 1127 4792 nos
1157 4740 1329 4790 simile
1356 4739 1461 4791 scis
1487 4752 1609 4790 esse
1638 4736 1887 4789 delictum
1922 4752 1935 4788 :
1967 4748 2126 4805 atque

555 4832 675 4886 ideo
698 4829 889 4898 injuste
913 4829 1039 4883 mihi
1062 4832 1230 4897 cutpze
1251 4828 1427 4892 datur,
1453 4827 1591 4893 quod
1617 4826 1825 4894 utrique
1845 4840 2127 4881 commune

553 4933 657 4977 est.
694 4923 751 4975 Et
783 4935 953 4974 tamen
981 4921 1219 4974 defensio
1248 4920 1373 4970 mihi
1402 4922 1637 4986 suppetit
1671 4935 1681 4968 :
1711 4918 1829 4985 quia
1877 4931 1973 4970 nec
2006 4933 2125 4983 pro.

558 5018 589 5069 f.
612 5026 813 5069 ettoues
842 5015 1249 5067 commeantium
1294 5021 1600 5075 nutest-uut;
1633 5022 1687 5063 et
1718 5026 1769 5063 tu
1801 5027 1904 5065 non
1938 5012 2123 5064 iisdem

556 5106 772 5161 sedibus
813 5104 1114 5157 illllllOl'a'lS
1158 5119 1172 5155 :
1222 5103 1348 5156 dsim
1395 5116 1483 5155 aut
1511 5101 1759 5155 Tieviros
1799 5103 1960 5155 ciiica
2003 5104 2124 5154 reli-

558 5199 733 5265 gione,
762 5209 851 5247 aut
881 5198 1110 5263 quinque
1142 5194 1437 5261 provincias
1466 5195 1558 5245 otii
1591 5207 1657 5245 vo
1681 5202 1858 5259 optati:
1885 5207 2124 5245 cmoniu-

559 5301 662 5345 tas.
691 5289 811 5341 Mihi
843 5301 924 5340 e-t
946 5287 1126 5339 [tonse
1151 5287 1293 5355 jugts
1318 5292 1503 5349 statin;
1530 5300 1579 5338 et
1608 5300 1779 5353 maior
1803 5300 1939 5339 nunc
1965 5299 2124 5339 cau~a

562 5380 852 5444 residendi,
874 5394 939 5432 ex
964 5393 1069 5447 quo
1095 5394 1179 5431 ιιιε
1205 5377 1296 5430 tiri
1323 5378 1517 5431 eset-lsi
1542 5378 1775 5444 germani
1799 5378 1870 5430 tui
1896 5391 1986 5444 ριν
2006 5391 2130 5430 δυη-

563 5474 631 5526 tis
672 5482 725 5525 et
766 5486 891 5524 cura
937 5473 1155 5533 retinet,
1197 5481 1249 5522 et
1290 5469 1437 5537 juvat
1471 5471 1659 5537 gloria.
1692 5468 1803 5522 Una
1848 5469 2007 5536 igitur
2046 5468 2128 5520 via

564 5568 769 5620 sociare
803 5566 997 5631 scripta
1030 5562 1267 5631 potuisti,
1306 5576 1423 5627 qua:
1455 5561 1617 5615 l’rater
1645 5573 1698 5615 et
1730 5560 1876 5615 fratri
1906 5576 2128 5628 atquano

567 5657 665 5710 dus
693 5654 1012 5720 accipi-rent.
1043 5651 1193 5717 Quod
1222 5667 1251 5705 a
1285 5662 1335 5704 te
1359 5651 1562 5718 gaudeo
1590 5653 1668 5704 vel
1705 5665 1829 5706 sero
1860 5660 2125 5704 curatum.

570 5747 674 5799 Nec
698 5759 873 5799 tamen
901 5759 1020 5798 cum
1050 5760 1078 5795 a
1107 5745 1291 5799 litteris
1310 5752 1652 5813 temperares,
1674 5743 1833 5797 ullam
1860 5743 2099 5799 decessio

2222 3268 2266 3320 si
2304 3268 2466 3322 etiam
2504 3269 2555 3321 in
2594 3268 2823 3322 solidum
2865 3268 3003 3323 redit
3035 3270 3257 3336 sanitas,
3297 3285 3672 3337 compensares
3700 3274 3795 3326 ad-

2222 3370 2382 3412 ventu
2416 3359 2621 3412 veniam
2660 3360 3025 3427 superiorem,
3068 3369 3230 3430 atque
3261 3377 3363 3416 una
3395 3363 3477 3416 via
3503 3371 3557 3418 et
3587 3367 3794 3418 senatui

2221 3450 2461 3505 deferres
2504 3450 2735 3505 ofﬁcium
2786 3453 3161 3519 voluntarium,
3211 3462 3266 3507 et
3311 3456 3514 3508 consuli
3561 3455 3794 3509 debitum

2222 3546 2478 3597 solvi-res.
2508 3542 2615 3600 Sed
2648 3544 2786 3597 unde
2817 3545 2945 3598 mihi
2976 3554 3162 3614 optare
3192 3554 3419 3612 tantum,
3450 3562 3571 3600 cum
3603 3544 3731 3600 l'rust
3765 3563 3796 3600 a

2223 3634 2382 3689 fuerit
2434 3650 2681 3705 sperasse
2737 3636 2985 3691 leviora?
3053 3637 3295 3704 Quantliu
3350 3640 3562 3695 venatui
3624 3652 3796 3708 togam

2225 3730 2516 3799 praeterch
2568 3729 2715 3784 Vale.

2782 3821 2996 3877 EI’IST.
3040 3821 3253 3876 XXXII.

2693 3924 3004 3968 δῐιιιι,ιειιιιε
3042 3928 3328 3969 PROTADIO.

2294 4003 2557 4059 Crescere
2590 4004 2729 4058 inter
2761 4020 2856 4059 nos
2884 4007 3123 4075 quotidie
3150 4008 3350 4061 amoris
3384 4006 3619 4062 debitum
3658 4007 3796 4063 volo.

2222 4098 2328 4154 Sed
2365 4098 2607 4167 epistolis
2636 4098 2740 4153 tuis
2771 4098 2899 4153 nihil
2937 4110 3064 4168 Opto
3092 4101 3310 4168 debere,
3352 4116 3471 4168 qua:
3515 4102 3639 4156 mihi
3684 4101 3800 4169 ple-

2227 4207 2449 4258 rumque
2478 4194 2862 4259 exprobantur,
2891 4203 2946 4247 ut
2967 4194 3158 4247 desidi.
3195 4194 3333 4263 Ergo
3359 4197 3582 4263 geminis
3612 4195 3800 4248 litteris

2228 4284 2331 4336 tuis
2361 4298 2462 4335 non
2493 4281 2651 4335 simul
2690 4281 2815 4335 mihi
2849 4283 3088 4345 redditis.
3121 4288 3232 4352 pari
3265 4301 3506 4349 numero,
3552 4285 3644 4339 sed
3673 4300 3801 4339 cou-

2223 4375 2403 4444 juneta
2433 4373 2721 4427 emissione
2744 4374 3058 4441 respondeo.
3094 4374 3363 4440 Valetnus,
3386 4387 3640 4444 quantum
3672 4387 3800 4429 aetas

2226 4465 2457 4518 admittit
2478 4462 2695 4518 declivis
2727 4463 2778 4517 in
2810 4465 3036 4517 senium.
3072 4464 3214 4517 Raro
3244 4465 3393 4520 nobis
3434 4480 3558 4535 ager
3588 4467 3792 4527 visitur,

2151 4538 2203 4599 D
2227 4559 2319 4609 sed
2361 4556 2526 4608 multo
2567 4552 2732 4607 r..tior
2761 4564 2844 4608 est
2880 4569 3007 4609 usus
3050 4555 3281 4625 legendi.
3323 4555 3439 4609 Tibi
3470 4566 3524 4611 et
3549 4558 3803 4611 rusticare

2223 4656 2279 4700 et
2317 4647 2513 4701 erudiri
2557 4647 2842 4713 plurimum
2891 4647 3030 4702 licet.
3079 4648 3206 4703 Inde
3243 4660 3346 4716 est,
3383 4652 3522 4719 quod
3565 4665 3660 4703 nos
3697 4647 3801 4701 {ri--

2224 4750 2450 4807 quenter
2478 4739 2762 4808 alloqueris
2793 4756 2804 4789 :
2833 4739 2952 4805 quia
2992 4754 3151 4793 omne
3181 4748 3409 4809 tempus,
3444 4754 3499 4794 ut
3530 4750 3801 4810 qua-ratur

2224 4831 2459 4900 ingenio,
2495 4831 2607 4885 otio
2654 4833 2967 4885 vindicatur.
3038 4832 3142 4885 Sed
3187 4832 3393 4887 ﬁducia:
3438 4844 3539 4888 tua;
3579 4834 3793 4886 audacia

2228 4936 2407 4979 ηοριιτι
2450 4940 2556 4979 non
2594 4927 2838 4980 cesserit.
2893 4927 3111 4980 llaurias
3144 4928 3264 4981 licet
3310 4938 3647 4984 monumenta
3692 4930 3801 4997 pri-

2232 5034 2468 5084 scorum,
2503 5031 2551 5074 et
2602 5022 2714 5088 ipse
2745 5022 2947 5089 paginis
2976 5022 3255 5075 ediscinda
3284 5024 3604 5077 committas.
3649 5023 3803 5077 Solli-

2230 5110 2407 5161 ritabo
2448 5120 2621 5162 tamen
2660 5112 2930 5165 arentibus
2971 5112 3145 5163 verbis
3191 5115 3382 5180 scripta
3429 5116 3599 5179 iuius,
3645 5129 3799 5180 quem

2232 5220 2412 5256 amore
2440 5215 2492 5255 et
2519 5203 2719 5271 judicio
2749 5221 2833 5258 nte
2864 5205 3038 5274 legere
3082 5222 3297 5259 necesse
3326 5219 3427 5273 est,
3460 5219 3515 5261 ut
3551 5224 3801 5277 competi-

2232 5308 2343 5347 sent
2375 5292 2587 5347 illorunt
2616 5294 2806 5349 damna
2835 5309 2955 5362 qutc
2987 5295 3214 5363 negligo.
3250 5294 3395 5351 Vale.

2774 5383 2987 5440 EPIST.
3030 5383 3272 5439 XXXIII.

2709 5492 2803 5531 8η
2813 5493 3013 5532 διιειιιιε
3052 5492 3332 5531 νηιιτιωο.

2305 5565 2595 5621 Delectaris
2642 5567 2881 5636 epistolis
2933 5568 3089 5620 meis.
3135 5567 3331 5621 Credo.
3369 5568 3501 5624 Hinc
3530 5579 3630 5634 est,
3662 5568 3802 5637 quod

2232 5670 2323 5711 cas
2368 5672 2511 5728 satpe
2559 5668 2612 5712 et
2663 5660 2910 5713 ardenter
2958 5658 3237 5728 cfﬂagitas.
3314 5660 3418 5715 Sed
3472 5677 3576 5715 non
3624 5663 3803 5716 statim

2234 5762 2443 5802 mereor
2483 5748 2681 5803 desidis
2718 5760 2920 5812 notam,
2960 5750 3006 5804 si
3050 5764 3259 5816 nequeo
3282 5751 3354 5803 ιιιὶ
3402 5752 3599 5807 amoris
3632 5754 3683 5804 in
3721 5770 3804 5803 Inc
