4218 6482
394 359 500 417 253

1642 376 2122 438 ΕΝΞΤΟΙΑΠΙΞΜ
2165 384 2367 441 LIBER
2409 388 2494 443 IV.

3576 417 3678 476 934

394 475 634 529 avaritia:
657 476 987 535 satisfacere.
1017 481 1098 535 An
1124 479 1370 539 interlabi
1395 487 1647 544 amicitia:
1668 493 1985 549 memoriam
2016 499 2068 558 Α
2095 498 2257 553 etiam
2288 516 2387 570 pro
2414 513 2563 571 parte
2594 505 2826 577 legitima
2850 522 3086 581 paterna;
3113 518 3164 572 in
3192 534 3278 575 mc
3303 521 3678 587 {mnium-mm

394 581 422 587 __
467 566 786 587 “nm,
836 584 860 587 _
909 571 1108 587 --λη
1244 577 1330 587 -..
1422 578 1437 587 .
1586 582 1597 587 -
1663 582 1675 587 -
1820 586 1829 587 κ

392 580 494 633 per
519 566 792 623 silentium
835 572 1032 639 putas?
1066 571 1211 630 Cave
1240 577 1363 632 talia
1403 578 1473 637 de
1511 582 1707 639 animis
1741 586 1975 655 epinari,

389 671 621 726 quorum
662 670 862 717 atterua
887 664 1089 733 judicia
1125 678 1271 724 sunt.
1306 669 1476 727 liabet
1511 674 1656 730 enim
1694 676 1984 746 plurimuttt

391 748 649 815 ponderis
672 751 824 821 tides,
848 764 901 809 et
921 756 1133 829 alligata
1164 760 1464 819 voluntario
1487 778 1829 825 sacramento
1854 772 1977 839 styli

389 841 760 904 admonitione
806 864 914 904 non
973 851 1198 924 indiget.
1246 854 1372 913 Htec
1417 874 1447 916 a
1491 874 1581 916 me
1624 862 1719 918 tibi
1761 878 1829 919 an
1873 881 1980 921 nou

388 948 609 1005 semper
632 938 829 1009 scripta
858 943 1025 998 sunt?
1050 943 1160 1000 Nec
1189 958 1367 1004 tamen
1394 948 1599 1009 deseris
1627 954 1979 1014 inveteratam

383 1029 684 1095 querelam.
710 1029 849 1098 Quid
872 1034 918 1089 si
950 1047 1167 1107 prastat
1190 1038 1407 1112 longum
1433 1046 1650 1102 tacere?
1682 1046 1799 1103 Non
1829 1049 1981 1106 vides

381 1121 605 1176 oracula
642 1123 771 1179 olim
808 1125 985 1182 locuta
1018 1128 1269 1199 desiisse,
1297 1148 1398 1191 nec
1424 1133 1563 1192 ullas
1600 1138 1654 1194 in
1692 1150 1850 1197 antro
1871 1140 1978 1199 Cu-

380 1225 547 1266 mano
583 1213 788 1278 litteras
833 1218 969 1290 legi,
1016 1220 1292 1279 Dodonam
1336 1227 1481 1298 loqui
1522 1229 1828 1301 frondibus,
1875 1249 1976 1292 nec

378 1302 450 1357 de
483 1305 770 1373 spiraculis
800 1309 1066 1379 Delphicis
1094 1314 1261 1369 ullum
1299 1332 1517 1375 carmen
1543 1323 1755 1378 audiri?
1784 1325 1975 1383 I’atere

377 1396 571 1465 igitur,
612 1410 670 1455 ut
703 1400 972 1461 homullus
998 1406 1304 1466 Promethei
1334 1426 1494 1469 manu
1526 1418 1680 1474 fictus
1712 1422 1972 1479 mandare

374 1499 591 1545 cessem
632 1506 857 1565 papyro,
895 1511 1017 1568 qua:
1046 1499 1248 1557 dudum
1279 1501 1334 1559 in
1364 1517 1543 1563 vatum
1578 1509 1720 1566 foliis
1748 1528 1856 1572 non
1894 1515 1971 1572 le-

372 1590 599 1650 guntur.
633 1583 773 1642 Nolo
802 1598 980 1646 tamen
1001 1593 1373 1653 denuntiatum
1400 1601 1499 1656 tibi
1524 1619 1552 1657 a
1578 1620 1666 1660 tue
1693 1608 1966 1664 silentium

372 1676 687 1745 suspiceris.
730 1680 951 1740 Tenebo
993 1686 1046 1742 in
1086 1689 1375 1747 scribendo
1415 1703 1613 1750 tantam
1660 1715 1967 1759 mensuram

372 1771 657 1841 temporis,
682 1784 941 1843 qttautuut
967 1778 1110 1837 inter
1132 1797 1231 1839 nos
1258 1784 1392 1841 locis
1418 1789 1699 1849 absumus.
1726 1793 1806 1850 'I‘u
1836 1812 1969 1865 quu-

2096 594 2537 662 successionem,
2597 599 2723 657 licet
2780 604 3005 674 singulis
3058 611 3212 667 vobis
3268 615 3514 675 soliditas
3572 628 3677 681 tnei

2092 685 2289 740 amoris
2329 692 2622 747 accesserit
2653 710 2667 745 :
2696 696 2817 764 quia
2865 698 3001 752 h0ua
3041 703 3203 758 animi
3255 709 3355 762 etsi
3396 714 3576 784 sp.trgi
3628 720 3680 772 in

2090 777 2273 846 plures
2301 790 2574 850 putantur,
2617 786 2907 859 unicuique
2950 801 3129 851 tamen
3172 800 3325 866 plena
3363 777 3677 865 ctinduisa

2090 870 2400 936 proﬁciunt.
2440 875 2707 933 Praeterea
2748 897 2871 936 cum
2898 884 3155 945 Palatinae
3181 893 3505 964 eloquentia:
3537 902 3675 956 milt-

2089 973 2251 1029 tares,
2303 965 2518 1033 porrexi
2557 970 2810 1029 aulicitize
2856 983 2964 1032 tua:
3003 978 3303 1042 dexteram.
3376 990 3554 1055 Quare
3597 1005 3678 1049 tot

2087 1054 2353 1126 tantisque
2383 1060 2693 1129 pignoribus
2719 1068 2939 1137 annexi,
2971 1088 3078 1128 non
3106 1054 3433 1137 aestimemus
3463 1084 3530 1141 de
3561 1091 3675 1156 epi-

2081 1147 2270 1203 stolari
2311 1152 2557 1210 tirocinio
2593 1160 2833 1215 caritatis
2884 1172 3118 1222 aetatem.
3168 1170 3302 1227 Nam
3355 1186 3415 1230 ttt
3462 1180 3676 1237 animus

2078 1238 2309 1295 celerior
2344 1253 2430 1301 est
2457 1246 2682 1319 litteris,
2716 1252 2788 1309 ita
2825 1257 2973 1326 prius
3011 1258 3109 1317 fuit
3136 1278 3320 1323 amare
3347 1285 3509 1340 quam
3537 1275 3673 1331 scri-

2078 1326 2227 1386 bere.
2269 1331 2420 1391 Vale.

2620 1434 2837 1493 EI‘IST.
2880 1437 3120 1499 XXXVI.

2560 1536 2873 1585 δηιηειιυε
2910 1548 3180 1593 ιιιαιιινιο.

2169 1622 2456 1698 Postquam
2529 1643 2582 1690 te
2641 1637 3000 1701 Mediolanum
3066 1663 3282 1708 venisse
3335 1665 3666 1716 asseveratin

1855 1860 1867 1865 _
2144 1860 2153 1861 ,
2209 1860 2354 1877 ﬂ“,
2402 1860 2497 1870 --..
2549 1860 2636 1874 ...η
2684 1860 2833 1879 mum-
2876 1860 2962 1883 ws
3007 1860 3343 1902 carpemus")
3388 1860 3526 1911 utea,
3562 1862 3661 1902 nec

370 1874 484 1922 que
527 1860 918 1933 impatientiam
957 1870 1114 1929 vince
1168 1875 1377 1934 ratione
1425 1895 1545 1949 quae
1589 1900 1696 1939 non
1734 1887 1862 1944 sinit
1904 1900 1962 1948 ut
1996 1889 2039 1950 Β
2066 1906 2327 1959 successit
2384 1909 2551 1966 ullum
2596 1916 2710 1984 spei
2760 1920 3026 1992 pretium,
3060 1942 3449 2001 prnsutnptum
3495 1940 3563 1993 de
3610 1950 3661 1996 te

509 1955 752 2001 ("IMII‘JE
800 1957 994 2001 linum
1040 1979 1173 2001 nan-Is
1219 1967 1269 2001 ἷιι
1315 1968 1502 2001 "hui-.3.
1529 1973 1700 2001 DLA“!
1734 1981 1901 2001 -_--T--
1938 1998 1954 2001 ρ
2110 1993 2155 2001 ’⁸
2198 1997 2208 2001 ⁸

369 1948 470 2004 tibi
509 1955 752 2021 quotide
798 1957 994 2018 litterae
1040 1979 1173 2020 mea:
1217 1967 1269 2022 iu
1315 1948 1503 2027 vicinia
1527 1973 1700 2033 Rheni
1731 1981 1905 2047 posito
1932 1998 1963 2038 a

366 2049 561 2097 nostro
588 2045 782 2103 Albula
808 2048 1139 2111 deferantur.
1172 2057 1319 2116 Vale.

928 2144 1143 2203 EPIST.
1188 2148 1427 2210 XXXIV.

848 2249 1161 2298 SVIIACIIUS
1197 2259 1482 2303 PROTADIO.

440 2320 618 2393 Magni
654 2336 784 2381 sunt
827 2330 1041 2398 quidem
1084 2332 1292 2394 fructus
1329 2356 1468 2409 quos
1508 2341 1575 2399 de
1617 2344 1807 2401 Ltteris
1856 2350 1958 2404 tuis

359 2415 541 2483 capio.
592 2416 696 2473 Sed
748 2420 881 2477 ﬁunt
927 2424 1236 2496 uberiores,
1280 2432 1407 2487 dum
1448 2448 1544 2503 per
1586 2442 1954 2496 communium

361 2503 589 2562 fratrum
616 2524 808 2568 manus
837 2523 1136 2573 transeunt.
1192 2522 1398 2595 Singuli
1426 2528 1571 2585 enim
1602 2533 1815 2602 scriptis
1843 2537 1956 2590 .tuis

361 2599 435 2651 de
466 2613 568 2654 suo
595 2601 797 2671 aliquid
827 2619 1124 2677 apponunt.
1159 2609 1277 2668 Τώἰ
1324 2616 1484 2686 igitur
1517 2599 1794 2693 acceptum
1840 2624 1956 2683 fero

358 2690 619 2759 quidquid
654 2708 720 2749 ex
759 2701 1001 2755 omnium
1041 2719 1138 2759 ore
1162 2708 1443 2776 conquiro.
1479 2710 1589 2769 Sed
1628 2690 1819 2773 rursus
1850 2734 1951 2774 ex-

357 2780 539 2849 pende
579 2795 781 2854 quanto
830 2789 1015 2848 labore
1066 2799 1422 2867 respondeam
1481 2814 1560 2860 tot
1611 2808 1949 2878 ingeniorum

356 2872 669 2934 sublimium
702 2880 967 2939 varietati.
1000 2885 1131 2942 Nam
1165 2905 1318 2959 pares
1344 2895 1498 2965 estis,
1533 2914 1633 2956 ure
1665 2912 1842 2959 tamen
1872 2909 1948 2961 si-

356 2964 538 3020 miles.
566 2968 706 3041 Ergo
732 2988 837 3030 non
868 2976 1131 3036 minorem
1158 2983 1290 3039 tnihi
1336 2964 1678 3058 tependeuda
1718 2998 1947 3054 aITetuut

355 3054 752 3132 dillicultatem,
770 3080 930 3135 quam
958 3084 1179 3141 accepta
1204 3054 1570 3136 dulcedinem.
1598 3084 1745 3143 lianc
1772 3093 1945 3144 omni-

355 3147 460 3203 ltus
500 3150 751 3213 humanis
789 3162 1002 3229 gaudiis
1038 3164 1209 3236 legent
1259 3182 1449 3228 natura
1494 3175 1660 3245 dixit,
1708 3190 1763 3235 ut
1798 3198 1941 3237 cura:

2068 1993 2303 2051 ofﬁcium
2343 2004 2492 2070 operi
2529 2021 2656 2062 meo
2692 2012 2979 2070 vindicavi.
3013 2022 3181 2079 Auxit
3229 2039 3489 2092 preterea
3525 2038 3660 2089 scri-

2068 2084 2226 2141 bendi
2254 2103 2471 2149 causam
2504 2098 2586 2151 vir
2614 2105 2922 2170 spectabilis
2953 2108 3119 2168 frater
3148 2130 3301 2174 meus
3324 2119 3539 2193 Bassus,
3566 2131 3658 2196 qui

2066 2178 2337 2250 paulisper
2368 2189 2589 2247 avulsus
2626 2209 2656 2246 a
2685 2196 2860 2262 nobis,
2890 2207 3163 2273 transponi
3192 2225 3220 2263 a
3261 2228 3348 2268 tne
3382 2213 3435 2268 iu
3472 2228 3659 2285 pectus

2065 2276 2214 2325 tuum
2262 2273 2467 2335 debuit.
2516 2282 2704 2355 Adjeci
2757 2290 2982 2348 alteram
3030 2300 3275 2369 paginam
3325 2273 3652 2369 reddendam

2061 2373 2321 2429 germano
2357 2377 2471 2436 tuo,
2503 2389 2625 2431 cum
2671 2380 2763 2436 tibi
2798 2386 2904 2441 fors
2948 2387 3002 2443 in
3041 2394 3266 2459 patriam
3306 2400 3536 2458 reditum
3566 2420 3653 2461 se-

2059 2455 2393 2515 cundaverit.
2437 2465 2755 2536 Asperserat
2786 2491 2885 2532 nos
2914 2479 3002 2537 ille
3023 2455 3133 2553 jam
3166 2486 3363 2546 dudum
3387 2494 3651 2554 facundia:

2057 2557 2171 2599 sua:
2214 2546 2474 2625 ﬁoribus,
2516 2570 2571 2614 et
2607 2561 2899 2623 Galliarum
2943 2575 3121 2642 prisca
3175 2594 3516 2642 monumenta
3556 2591 3648 2661 ju-

2060 2638 2230 2661 4.._J-
2274 2645 2367 2661 Α-εκ
2578 2652 2608 2661 ⁸⁸
2720 2656 2731 2661 “

2056 2638 2234 2693 eundo
2268 2645 2379 2699 otio
2414 2652 2764 2711 exscribenda
2799 2638 3167 2726 mandaverat.
3218 2672 3412 2743 Optato
3453 2638 3647 2739 accidit

2057 2738 2117 2781 ut
2162 2732 2211 2785 ei
2255 2747 2353 2802 per
2402 2744 2457 2793 te
2503 2753 2789 2817 utrumque
2832 2754 3118 2827 reddatur,
3171 2732 3345 2821 honor
3391 2771 3637 2840 epistola:

2056 2834 2213 2890 mete,
2247 2834 2304 2879 ct
2332 2832 2582 2899 expetita:
2609 2836 2812 2897 fructus
2844 2844 3101 2905 historia.
3136 2851 3283 2911 Vale.

2581 2992 2796 3053 EPIST.
2841 2999 3104 3066 XXXVII.

2530 3100 2554 3136 ὃ
2564 3100 2843 3147 ῑωιλειιυε
2878 3111 3140 3155 NINEIIVIO.

2122 3180 2318 3243 Paulus
2356 3191 2558 3250 amicus
2597 3214 2749 3256 meus
2773 3203 2978 3273 jamdiu
3012 3215 3207 3271 aerario
3234 3226 3388 3277 Sat-ro
3419 3230 3631 3298 militat,

2131 3276 2142 3298 I
2191 3294 2292 3298 -.μη
2350 3297 2355 3298 ν
2602 3288 2614 3298 “
2775 3295 2805 3298 ﬂ
2839 3296 2846 3298 ’

354 3246 688 3316 voluptatem
716 3266 1033 3323 sequantur.
1060 3258 1206 3317 Nata:
1232 3263 1439 3323 subolis
1466 3271 1667 3338 primus
1694 3287 1943 3343 parentes

354 3338 471 3382 dim:
498 3340 716 3382 hilarnr-
751 3363 873 3382 ππιι-
916 3351 986 3382 ..τι
1017 3364 1187 3382 mm..-
1220 3357 1430 3382 L---.-_..
1482 3367 1629 3382 ,μην
1745 3369 1764 3382 ι.

2476 3246 2485 3247 ,
2518 3246 2555 3250 ,-
2597 3246 2748 3256 η---
2773 3246 2978 3273 "me...
3012 3246 3207 3271 επιηυ
3234 3246 3388 3277 δίη·το
3419 3246 3631 3298 tnlltlal,

2055 3276 2143 3329 sed
2190 3294 2298 3333 non
2347 3297 2443 3350 pro
2484 3288 2653 3357 gradu
2697 3295 2899 3354 militiae
2946 3310 3267 3371 speczandus
3314 3317 3427 3371 tibi.
3500 3323 3631 3382 Nam

351 3338 471 3395 dies
498 3340 718 3411 hilarat;
751 3363 874 3406 mox
910 3351 988 3420 pii
1016 3364 1189 3412 metus
1218 3357 1435 3417 brevem
1475 3367 1700 3434 gratiam
1740 3369 1941 3442 fugant.

350 3429 539 3488 llonnr
577 3433 631 3490 in
661 3441 895 3496 exordiis
925 3444 1080 3502 iactus
1106 3457 1209 3516 est,
1239 3450 1436 3509 dehinc
1461 3429 1671 3516 animos
1700 3461 1941 3520 laborum

347 3534 517 3580 :rstus
561 3527 877 3600 ingreditur.
924 3535 1164 3608 Longum
1218 3544 1339 3612 ﬁat,
1386 3546 1430 3601 si
1480 3563 1695 3620 pergam
1747 3557 1939 3611 similia

345 3626 663 3675 contexere.
700 3622 874 3680 Etiam
919 3644 981 3681 ea
1019 3632 1149 3686 mihi
1180 3635 1567 3697 advertendum
1596 3655 1679 3700 est
1707 3663 1827 3717 qua:
1859 3652 1938 3705 fas

344 3707 417 3763 sit
458 3707 529 3763 de
575 3719 724 3768 tanto
767 3716 880 3771 viro
925 3718 1124 3778 dicere.
1177 3725 1402 3785 Temere
1435 3732 1646 3800 jurasti.
1699 3707 1934 3798 bIandari

342 3815 490 3857 enm
541 3807 796 3873 peritura:
844 3811 1051 3871 charta:
1088 3819 1345 3888 epistolas
1393 3830 1663 3897 quereris,
1706 3834 1933 3905 alligasti

339 3907 686 3955 sacramento
725 3918 946 3963 enorme
974 3910 1255 3979 judicium.
1304 3917 1449 3974 Itane
1486 3937 1573 3978 me
1596 3924 1749 3980 ludos
1778 3929 1929 3997 facis,

341 3995 402 4039 nt
423 4003 542 4056 qua:
571 3993 710 4061 apud
743 4004 796 4051 te
824 3998 1150 4059 incuriostus
1180 4007 1389 4078 loquor,
1420 4013 1471 4066 in
1503 4018 1626 4086 SlyIi
1657 4022 1926 4089 caudices,

337 4089 432 4135 aut
473 4083 606 4137 tilia:
634 4089 919 4159 pugillares
958 4108 1185 4155 censeas
1214 4083 1608 4178 transferenda,
1649 4129 1716 4170 ne
1758 4116 1929 4174 facilis

334 4185 592 4232 senectus
635 4183 823 4253 papyri
868 4189 1069 4257 scripta
1114 4204 1465 4268 corrumpat?
1506 4204 1571 4259 Et
1616 4206 1925 4267 blattiurutn

332 4266 552 4334 quidem
586 4282 765 4327 vatum
797 4274 1056 4335 divinatio
1086 4285 1303 4342 caducis
1332 4266 1621 4350 corticibus
1661 4298 1923 4357 inculcata

329 4366 437 4409 est.
481 4358 715 4417 Mouitus
742 4364 1011 4425 Cumanos
1054 4371 1215 4429 lintea
1260 4387 1403 4433 texta
1443 4397 1805 4455 sumpserunt.
1845 4393 1921 4448 'I‘u

327 4448 495 4504 etiam
537 4456 725 4510 sericis
767 4459 1127 4521 voluminibus
1163 4470 1495 4529 Acltemenio
1535 4494 1684 4537 more
1714 4484 1920 4542 infundi

329 4541 539 4599 litteras
577 4561 726 4602 meas
756 4553 1018 4623 pmipis.
1053 4557 1239 4630 Magna
1277 4575 1408 4620 sunt
1440 4574 1778 4631 auctoritatis
1813 4588 1917 4635 tua:

326 4630 598 4701 pondera,
651 4652 752 4694 nec
803 4655 1023 4710 possum
1071 4652 1368 4718 gratiosum
1428 4672 1616 4728 putare
1662 4630 1916 4737 quod—tu

321 4723 534 4790 juratus
561 4727 762 4800 allegas
787 4750 800 4785 :
826 4736 923 4797 sed
942 4738 1069 4794 dum
1097 4758 1183 4799 me
1206 4761 1390 4804 rursus
1420 4723 1664 4825 inspicio,
1679 4723 1915 4821 labascit

321 4812 484 4880 fides,
512 4827 569 4873 et
595 4820 893 4895 refragatur
926 4833 1234 4893 testimonio
1271 4846 1616 4905 conscientia.
1667 4853 1739 4907 Ita
1769 4858 1913 4926 quod

318 4907 585 4965 credibile
629 4928 859 4981 persona
914 4924 1110 4990 iudicis
1156 4930 1312 4999 facit,
1362 4937 1659 5000 difﬁdentia
1707 4907 1911 5019 respuit

1709 5000 1715 5001 ,

316 5000 613 5059 audientis.
647 5006 808 5078 Igitur
834 5014 984 5071 solus
1007 5022 1254 5093 ambigua
1281 5029 1649 5103 suhntovebis,
1683 5042 1727 5095 si
1758 5058 1908 5099 anto-

882 5287 1098 5347 EPIST.
1146 5295 1356 5357 XXXV.

802 5389 1113 5439 SIIIACHUS
1150 5402 1419 5451 IINERVIO.

386 5454 686 5528 Ubrepsisti
730 5473 1073 5530 verecundia:
1113 5494 1249 5536 mea:
1290 5496 1345 5539 ut
1395 5489 1539 5558 prior
1578 5499 1845 5561 scriberes
1888 5524 1899 5560 :

307 5548 564 5605 vadatum
593 5570 682 5609 tne
719 5557 817 5613 tibi
846 5559 949 5618 hoc
978 5581 1201 5628 munere
1227 5577 1388 5633 velim
1419 5586 1628 5643 credas.
1660 5590 1767 5649 Sed
1797 5613 1903 5654 non

307 5644 427 5699 fero
457 5657 515 5701 ut
551 5648 695 5706 mdes
724 5655 1122 5721 quodaminodo
1161 5671 1410 5729 amicitia:
1439 5693 1612 5737 novus
1640 5688 1900 5747 salutator

304 5736 503 5793 adesse
540 5742 789 5799 videaris.
823 5746 1142 5811 iamdudum
1183 5759 1407 5822 virtutes
1438 5778 1557 5827 tuas
1593 5790 1751 5843 pares
1793 5784 1895 5835 ira-

305 5829 478 5885 terttis
509 5832 560 5885 in
591 5836 823 5899 pectoris
853 5834 955 5894 rnei
985 5852 1379 5913 possessionem
1411 5829 1609 5934 recepi:
1664 5869 1890 5931 Crevisti

587 5929 855 5992 Panos.
910 5936 1137 6006 XVIII.

2048 3367 2313 3435 probitate
2334 3388 2541 3435 morum
2561 3395 2783 3440 suorum
2807 3392 3233 3457 mediocritatem
3262 3422 3281 3456 κ
3296 3405 3427 3462 incit
3445 3417 3628 3472 ol’licii.

2046 3460 2154 3517 Nec
2181 3464 2494 3537 despexeris
2535 3472 2829 3547 hominem,
2869 3484 2915 3539 si
2947 3502 3229 3548 numerum
3269 3498 3387 3568 ejus
3430 3506 3630 3575 stipe..-

2047 3551 2248 3575 .I:____.,-
2310 3574 2319 3575 κ
2380 3574 2383 3575 ,
2460 3562 2470 3573 ι
2632 3566 2677 3575 _
2760 3568 2791 3575 -_

2043 3551 2253 3610 diorum
2297 3562 2595 3619 examines.
2632 3566 2921 3635 Tardiores
2952 3576 3114 3636 habet
3148 3551 3432 3655 processus
3471 3551 3629 3654 vere-

2042 3648 2255 3715 cundia,
2280 3667 2400 3721 qua:
2428 3653 2555 3711 facit
2578 3670 2633 3715 ut
2664 3660 2801 3717 intra
2834 3670 3024 3726 merita
3052 3648 3382 3738 sui‘honoris
3403 3686 3623 3748 haereat.

2038 3738 2148 3795 Nec
2180 3751 2358 3800 tamen
2388 3750 2614 3818 paenitet
2641 3752 2857 3826 longum
2896 3765 3132 3823 stetisse.
3172 3770 3287 3827 Tuo
3312 3778 3456 3833 enim
3482 3780 3625 3850 judi-

2035 3833 2121 3887 cio
2144 3850 2444 3893 reservatus
2470 3852 2571 3911 est,
2596 3846 2697 3901 sub
2714 3864 2821 3919 quo
2841 3867 3120 3928 emergere
3143 3866 3429 3923 maximum
3457 3889 3623 3931 mora:

2040 3926 2293 3994 pretium.
2334 3931 2468 3986 Cum
2500 3934 2659 4003 igitur
2682 3938 2759 3994 illi
2788 3943 2912 4002 vita:
2942 3926 3235 4022 integritas,
3261 3962 3463 4018 tnzlitia:
3486 3978 3616 4021 tetas

2033 4019 2345 4093 suﬁ'ragiutu
2378 4026 2411 4079 f.
2431 4039 2547 4099 rat,
2588 4032 2809 4104 dignum
2846 4052 2932 4096 est
2960 4054 3018 4098 ut
3044 4019 3109 4102 ad
3170 4019 3377 4112 debitos
3415 4059 3617 4119 fructus

2032 4127 2119 4168 me
2147 4126 2448 4190 precatore,
2476 4132 2528 4179 te
2554 4139 2774 4187 auctore
2802 4140 3095 4203 perveniat.
3150 4143 3296 4203 Vale.
3450 4148 3453 4149 ⁷

2546 4280 2764 4342 EPIST.
2804 4288 3097 4353 XXXVIII.

2509 4386 2823 4438 SYIIIACIIUS
2860 4399 3132 4447 IISEBVIO.

2025 4662 2074 4717 ei
2103 4668 2428 4724 senatorium
2457 4683 2561 4740 est,
2592 4692 2745 4735 meus
2782 4691 2841 4738 et
2877 4687 3139 4748 modestia
3182 4700 3386 4770 origine
3424 4722 3519 4761 sua
3546 4728 3611 4765 nc

2023 4755 2193 4825 stirpe
2219 4761 2471 4819 nobilior.
2503 4766 2562 4823 Si
2589 4769 2712 4827 fuco
2740 4778 2928 4846 gratia:
2957 4782 3211 4844 inlectum
3243 4755 3607 4858 t23timonium

2022 4864 2200 4905 meum
2229 4868 2334 4908 non
2366 4868 2543 4935 putas,
2580 4866 2794 4938 suscipe
2833 4872 3181 4945 diligendum.
3231 4885 3409 4959 Longa
3451 4896 3608 4953 obse-

2018 4942 2265 5008 quiorum
2298 4948 2415 5017 ejus
2451 4952 2714 5024 inspectio
2750 4959 2911 5020 faciet
2934 4942 2999 5023 ut
3036 4986 3121 5028 me
3154 4942 3377 5045 judice;
3395 4986 3604 5046 minora

2017 5032 2235 5091 dixisse.
2290 5036 2439 5096 Vale.

2567 5140 2780 5201 EPIST.
2826 5147 3064 5208 XXXIX.

2479 5244 2787 5291 εγιωλειιυς
2837 5257 3109 5302 IINEBVIO.

2087 5331 2220 5384 Ama
2263 5332 2571 5393 Flavianum
2599 5342 2871 5403 dominum
2912 5362 2966 5408 et
3005 5356 3171 5415 ﬁlium
3210 5380 3384 5422 meum
3425 5385 3599 5443 quan-

2019 5429 2129 5475 tum
2156 5439 2242 5478 tne
2274 5426 2409 5483 velle
2432 5430 2839 5501 interpretaris:
2873 5455 2928 5499 et
2953 5447 2998 5501 si
3039 5452 3153 5507 ﬁeri
3186 5468 3387 5525 potest,
3418 5477 3594 5523 certa-

2016 5524 2141 5565 men
2173 5530 2381 5571 mecutu
2421 5520 2487 5575 de
2532 5538 2718 5582 amore
2760 5531 2876 5600 ejus
2916 5520 3220 5607 ingredere.
3255 5547 3509 5611 Gaudebo
3543 5562 3588 5614 si

2009 5600 2219 5659 viceris.
2245 5607 2350 5661 Sed
2383 5610 2482 5664 hoc
2515 5613 2642 5669 mihi
2669 5626 2791 5674 tunc
2820 5600 3080 5691 probe-tur
3101 5672 3117 5697 ,
3145 5650 3269 5692 eum
3298 5653 3353 5697 et
3377 5644 3492 5713 ipse
3533 5659 3587 5705 te

2003 5692 2180 5749 colere
2202 5710 2360 5765 supra
2386 5716 2688 5763 mensuram
2710 5709 3000 5783 diligentiae
3021 5692 3153 5780 mea:
3178 5692 3429 5802 coeperit:
3453 5739 3583 5795 Nam

1999 5784 2045 5836 si
2075 5786 2305 5843 amicitia
2343 5792 2409 5848 de
2451 5800 2646 5855 mutuis
2673 5814 2886 5861 constat
2922 5811 3149 5885 otllciis,
3194 5784 3348 5880 facile
3389 5830 3491 5884 etit
3524 5844 3583 5887 ut

1997 5893 2060 5935 ex
2092 5883 2229 5943 illius
2260 5891 2440 5948 animo
2471 5902 2614 5950 tuum
2643 5900 2855 5957 metiar.
2890 5903 3044 5965 Vale.

3261 6009 3304 6071 8
