4218 6436
513 347 616 405 935

1114 460 1327 516 ΕΡίΞΤ.
1381 461 1486 514 XL.

989 566 1300 608 SYMJIACIIIIS
1339 569 1618 608 ηικγηιίο.

582 642 640 700 Si
665 646 978 701 consideres
1005 658 1205 716 quanta
1235 650 1302 701 sit
1323 649 1685 702 innocentium
1715 644 1929 713 raritas,
1954 659 2099 697 ama-

511 738 591 792 his
624 737 957 793 Desiderium
989 740 1153 792 lilium
1186 755 1364 793 meum
1390 781 1405 800 ,
1437 741 1487 792 iu
1513 754 1803 804 paucorum
1834 737 2101 792 electione

511 832 925 887 numerandum.
969 835 1043 887 llc
1081 849 1187 902 quo
1213 850 1319 886 non
1371 834 1476 886 falli
1499 834 1760 902 judicium
1794 847 1968 887 meum
1994 843 2102 884 sta-

511 936 655 988 tues,
701 942 821 980 cum
852 929 903 979 in
947 942 1173 982 esainen
1207 936 1352 981 tuum
1387 932 1618 984 venerit.
1659 927 1877 981 Interim
1921 940 2104 994 quzcso

509 1029 568 1072 ut
603 1019 675 1073 illi
707 1035 802 1089 per
827 1035 913 1076 me
943 1023 1196 1075 amicitia:
1225 1032 1328 1076 ιυιιε
1351 1020 1646 1075 sacrarium
1679 1021 2016 1083 recludatur,
2050 1028 2104 1070 et

510 1125 737 1182 prastes
753 1130 933 1167 aurem
961 1115 1242 1185 benignam
1269 1129 1552 1170 causarum
1576 1129 1795 1168 suarum
1817 1117 1958 1181 justa
1983 1127 2104 1164 nar-

512 1207 675 1260 ranti.
719 1206 776 1262 Si
802 1206 929 1275 qnld
965 1207 1018 1261 in
1045 1222 1167 1261 eum
1212 1209 1350 1262 bene
1391 1205 1761 1268 consulueris,
1797 1205 2108 1258 absolvetur

515 1299 646 1353 ﬁdes
690 1316 843 1364 mea,
875 1316 999 1369 qum
1027 1299 1166 1369 apud
1208 1301 1355 1355 illum
1400 1315 1552 1370 spem
1590 1298 1958 1355 beneficentia:
2004 1305 2109 1351 tuae

515 1386 744 1448 ﬁdeliter
773 1393 1060 1464 persolvit.
1099 1392 1250 1447 Vale.

1111 1484 1328 1540 EPIST.
1373 1483 1508 1538 XLI.

1011 1593 1327 1636 εῖιὶιΑωιιιε
1355 1593 1632 1632 υικειινιο.

587 1670 648 1725 lu
695 1670 1025 1727 absolveudo
1056 1670 1278 1726 Rustico
1320 1678 1505 1724 nostro
1539 1677 1722 1724 votum
1764 1668 1858 1722 tibi
1895 1664 2062 1723 detuli
2094 1684 2107 1722 :

516 1781 675 1833 opem
708 1764 852 1820 illius
882 1779 1033 1820 meus
1054 1762 1372 1819 Ciecilianus
1398 1761 1660 1818 exhibuit.
1693 1759 1809 1816 Non
1841 1770 1924 1814 est
1953 1760 2114 1829 igitur

1688 351 1746 419 ρ.
1799 345 2140 405 Αυτιειλιτς
2179 346 2616 406 SVilM.\CIIUS.

2126 462 2169 518 Α
2203 459 2268 513 de
2307 461 2418 514 otio
2445 476 2595 522 meo,
2635 476 2756 529 qua:
2801 463 2933 517 velis
2973 476 3132 518 nosse
3163 462 3432 529 narrabit,
3456 477 3576 516 nam
3609 475 3696 515 me
3735 464 3792 516 in

3682 351 3790 410 236

2207 553 2352 606 silvis
2385 552 2742 608 Laurentibus
2774 558 3119 610 continuatus
3167 564 3251 610 est
3297 554 3463 609 rurali
3513 555 3676 622 quieti
3710 554 3791 608 in-

2207 641 2525 698 hzcrentem.
2557 644 2693 712 Quid
2724 647 2865 700 enim
2899 649 3067 715 magis
3108 647 3481 700 “secundum
3509 652 3595 699 est
3623 644 3752 697 mihi
3773 685 3788 707 ,

2206 736 2497 803 collapsam
2518 739 2875 794 valetudinem
2900 753 3280 809 nonnunquam
3315 740 3588 803 sarcienli,
3608 737 3796 792 turbas

2207 845 2352 897 saepe
2374 830 2668 885 declinanti
2695 870 2713 898 ,
2745 831 3042 887 litterarum
3077 835 3433 888 innocentiam
3463 847 3678 902 setnper
3710 833 3794 885 di-

2209 921 2410 991 ligenti.
2432 923 2581 978 Vale.
2787 995 2981 1049 Πηςτ
3048 993 3183 1048 XLV

2687 1102 2999 1146 SVIMACIIUS
3037 1104 3315 1143 ιηηεινιυ.

2282 1177 2502 1235 Fiducia
2535 1180 2664 1235 mihi
2686 1181 2809 1251 styli
2831 1190 2991 1251 atque
3021 1182 3216 1250 ingenii
3249 1182 3392 1236 nulla
3418 1189 3524 1238 est.
3573 1179 3678 1237 Sed
3709 1189 3796 1236 tua

2210 1276 2515 1346 benignitas
2554 1289 2718 1329 ausus
2746 1290 2894 1331 meos
2923 1283 3199 1345 provocat.
3237 1277 3353 1331 Misi
3384 1276 3546 1345 igitur
3571 1285 3639 1332 ait
3667 1291 3795 1331 eru-

2211 1373 2470 1426 ditionem
2519 1381 2665 1424 tuam
2704 1370 2840 1426 duas
2870 1371 3232 1426 oratiunculas
3275 1379 3489 1426 nostras
3523 1385 3797 1442 :quaruui

2214 1481 2316 1519 una
2366 1467 2433 1520 ad
2478 1466 2684 1536 Polybii
2718 1465 2884 1520 lilium
2914 1463 3188 1534 pertinens
3212 1506 3227 1531 ,
3253 1481 3321 1520 ex
3349 1464 3555 1522 recenti
3583 1467 3800 1538 negotio

2216 1569 2340 1616 nata
2359 1573 2441 1617 est
2458 1601 2474 1624 ,
2515 1563 2684 1618 altera
2711 1559 2936 1623 dudum,
2959 1575 3081 1615 cum
3121 1575 3208 1615 res
3236 1559 3289 1614 in
3310 1561 3460 1614 curia
3481 1560 3800 1631 agitaretur,

2214 1668 2243 1708 a
2284 1667 2372 1708 me
2417 1664 2602 1722 parata
2627 1691 2645 1719 ,
2674 1666 2815 1707 nunc
2843 1667 3008 1720 opere
3036 1651 3269 1722 largiore
3299 1659 3458 1707 aucta
3486 1652 3749 1722 processit
3778 1666 3796 1706 :

2220 1748 2342 1802 huic
2369 1756 2742 1816 argumentum
2774 1755 2857 1801 est
2888 1745 3162 1816 repudiata
3190 1759 3417 1800 censura
3437 1785 3453 1810 ,
3483 1761 3646 1817 quam
3675 1753 3799 1800 tunc

519 1872 654 1912 mem
680 1855 1016 1913 verecundia
1057 1869 1247 1924 mpcge
1275 1854 1502 1924 arguam
1534 1852 1734 1907 labori;
1767 1852 1952 1906 alieni,
1983 1854 2108 1905 Amo
2143 1849 2191 1908 Β
2218 1843 2379 1896 ιοιὶιιδ
2395 1851 2614 1895 ςεηλιυδ
2636 1838 2835 1908 ῐυεινὶι
2855 1840 3167 1896 auctoritas.
3197 1838 3334 1893 ΝοΙο
3362 1839 3576 1894 mireris
3598 1839 3799 1908 gravis-

519 1954 588 2006 bo
613 1951 714 2020 ipsi
736 1961 1015 2020 acceptum
1039 1948 1447 2018 feramus,quod
1468 1946 1553 2016 agi
1575 1961 1705 2001 cura
1730 1957 1817 1999 tua
1835 1943 2112 2013 pracepit,

520 2042 740 2113 exsequi
769 2056 889 2102 mea
921 2040 1168 2097 valetudo
1205 2055 1309 2093 non
1342 2037 1534 2108 potuit.
1571 2037 1720 2092 Vale.

1110 2130 1328 2188 EI’IS'I‘.
1373 2129 1531 2186 XLII.

1001 2237 1311 2279 SVMNACIIUS
1353 2235 1627 2284 IINERVIO.

590 2320 716 2376 Scio
754 2318 880 2388 quid
913 2318 982 2373 de
1011 2333 1097 2373 me
1125 2316 1331 2370 sentias
1379 2333 1392 2368 :
1443 2315 1540 2368 sed
1588 2324 1770 2369 certus
1815 2311 1995 2381 iudicii
2039 2311 2114 2364 tui

523 2431 666 2470 nunc
695 2428 886 2470 recuso
928 2410 1153 2466 laudari.
1189 2408 1460 2464 Aimulare
1487 2418 1638 2461 certe
1665 2406 1808 2473 quod
1839 2416 1890 2458 te
1925 2403 2117 2458 tacitus

523 2509 800 2572 admiror,
831 2507 954 2576 quia
983 2504 1100 2573 plus
1145 2501 1308 2555 habet
1349 2500 1604 2568 ponderis
1645 2509 1790 2552 recta
1821 2498 2114 2550 veneratin.

522 2600 906 2670 Iieliuquamus
923 2599 1211 2650 verborum
1237 2592 1524 2648 blanditias
1554 2590 1705 2644 novis
1733 2591 1872 2642 inter
1898 2604 1958 2641 se
1983 2588 2121 2639 ami-

521 2695 622 2748 cis.
654 2693 778 2746 Illos
801 2693 990 2760 iuvent
1015 2690 1220 2740 alterna
1247 2684 1511 2754 prmconia
1537 2698 1706 2750 usque
1734 2683 1796 2734 ad
1827 2681 1984 2734 lidcm
2015 2679 2118 2733 fu:-

519 2786 687 2840 deris.
714 2784 903 2840 Nostra
925 2782 1123 2834 caritas
1151 2780 1312 2847 adyto
1345 2786 1618 2843 pectorum
1647 2773 2117 2842 recundatuersa

524 2877 784 2931 habitatio
809 2874 988 2930 cordis
1027 2874 1078 2925 in
1112 2879 1302 2940 operto
1325 2879 1425 2922 est.
1465 2869 1593 2922 lude
1624 2884 1709 2920 me
1750 2877 1839 2920 tua
1873 2881 2000 2917 cura
2032 2879 2120 2917 rct-

520 2970 732 3038 spiciat.
759 2967 863 3021 Sed
887 2980 992 3018 non
1021 2973 1102 3018 est
1130 2977 1306 3015 meum
1340 2961 1561 3014 formam
1593 2958 1891 3013 scribendis
1921 2957 2123 3023 episto-

522 3061 588 3113 lis
608 3059 759 3123 dare,
777 3056 905 3111 illud
937 3064 1140 3109 tantum
1169 3055 1377 3120 cogites
1407 3052 1534 3105 viilo
1559 3065 1712 3104 :cum
1738 3049 1812 3101 sis
1838 3048 1904 3100 ad
1921 3047 2119 3115 prmiti-

520 3154 750 3208 cundum
804 3149 1240 3213 liberalissimus,
1289 3163 1474 3215 parum
1533 3147 1662 3200 mihi
1728 3145 1896 3200 videri
1960 3157 2120 3213 posse

2215 1933 2409 1987 simum
2451 1932 2696 1986 ordinem
2724 1931 3086 2001 magisterium
3119 1933 3413 2000 respuisse.
3448 1931 3502 1986 In
3556 1931 3803 1987 oratione

2218 2032 2402 2078 nostra
2454 2039 2560 2078 non
2600 2026 2743 2079 leves
2773 2038 2962 2079 causas
2989 2025 3201 2080 evitata
3226 2023 3385 2094 hujus
3411 2026 3691 2094 potestatis
3717 2027 3802 2079 in-

2219 2117 2421 2171 venies.
2449 2115 2598 2171 Vale.

2789 2185 3001 2243 EPIST.
3053 2185 3237 2242 XLVI.

2703 2294 3006 2334 διίηηςιιυε
3045 2295 3319 2337 κικιῑιινιο.

2289 2372 2554 2442 Spectata:
2590 2371 2758 2440 frugis
2789 2372 2930 2426 viros
2953 2374 3093 2440 apud
3123 2381 3174 2426 te
3201 2372 3372 2427 debeo
3393 2373 3806 2440 commendare,

2218 2468 2342 2536 quia
2371 2467 2695 2536 przecipuum
2728 2481 2920 2520 munus
2949 2476 3033 2520 est
3063 2473 3121 2518 nt
3150 2465 3254 2519 tuis
3282 2466 3533 2521 amicitiis
3564 2469 3806 2522 inseran-

2221 2567 2325 2613 tur.
2361 2559 2584 2628 Suscipc
2611 2559 2792 2627 igitur,
2824 2572 3031 2626 quzeso,
3061 2559 3130 2612 de
3159 2567 3282 2612 ortu
3309 2569 3359 2613 et
3393 2559 3632 2614 moribus
3651 2558 3807 2616 facile

2221 2662 2551 2717 summates,
2603 2667 2802 2721 eosque
2844 2653 2896 2704 in
2938 2652 3171 2721 primore
3211 2667 3503 2722 congressu
3543 2653 3809 2721 penetrali

2222 2746 2584 2800 familiaritate
2610 2747 2850 2815 dignare.
2883 2745 3229 2814 Legationem
3270 2745 3377 2800 illis
3409 2746 3809 2816 Campanorum

2223 2836 2626 2908 provincialium
2659 2853 2944 2892 commune
2975 2838 3264 2894 mandavit.
3308 2836 3557 2892 Abundat
3597 2839 3806 2908 justitia

2224 2931 2530 2997 negotium;
2562 2944 2821 2998 personas
2868 2942 2987 2983 mea
3017 2943 3145 2984 cura
3170 2932 3532 2986 commendat.
3557 2932 3806 2987 Advenis

2223 3022 2356 3075 duas
2382 3037 2502 3076 esse
2522 3036 2711 3075 causas
2733 3021 3051 3075 exercenda:
3078 3021 3129 3074 iu
3160 3035 3255 3075 eos
3287 3020 3629 3092 benignicitis
3647 3061 3663 3084 ,
3705 3038 3804 3093 pro

2224 3117 2416 3186 quibus
2445 3115 2654 3185 publice
2678 3116 2900 3184 atquilas
2923 3116 3261 3183 petitionum,
3288 3117 3534 3184 privatim
3557 3132 3664 3171 nou
3682 3131 3804 3188 gra-

522 3244 662 3314 quod
694 3261 724 3297 a
743 3244 1019 3306 telandor,
1050 3242 1151 3295 nisi
1175 3241 1405 3308 amplius
1426 3237 1651 3307 obliger.
1689 3237 1956 3291 Prmterea
1977 3236 2117 3291 scire
2147 3219 2189 3279 (ἶ
2225 3209 2392 3264 “osus
2422 3208 2666 3263 Iaudm’r
2696 3215 3002 3261 """VCEL
3037 3206 3188 3262 valc'

522 3337 736 3405 postulo
774 3350 870 3389 cur
902 3344 1113 3388 servata
1160 3334 1213 3385 in
1248 3329 1542 3397 prmuissis
1583 3327 1887 3383 nuuiinibus
1916 3329 2116 3382 nostris

523 3438 760 3483 vetustas
792 3423 1026 3482 defuerit
1064 3425 1364 3478 litterarum
1405 3421 1762 3476 contentioni.
1800 3419 1958 3474 Juvet
1984 3419 2119 3472 alios

527 3520 686 3579 titulo
712 3517 1059 3574 sublimitatis
1080 3515 1275 3569 attolli.
1302 3514 1415 3584 Ego
1446 3509 1857 3581 magnificentia:
1886 3511 2120 3580 appella-

523 3614 724 3670 tionem
756 3623 949 3665 recuso
970 3649 984 3673 ,
1013 3609 1114 3663 nisi
1145 3607 1281 3660 forte
1311 3619 1398 3658 me
1436 3603 1738 3672 improbum
1771 3612 1952 3672 putas,
1977 3601 2117 3670 quod

527 3705 716 3759 honori
735 3713 829 3757 tuo
845 3701 1030 3755 eadem
1047 3698 1393 3754 deliuimenta
1421 3711 1526 3750 non
1550 3693 1760 3750 defero.
1779 3695 1944 3748 Amor
1964 3693 2122 3747 fictus

524 3799 580 3851 in
604 3795 692 3851 illa
707 3795 866 3848 verba
890 3789 1238 3844 submittitur.
1259 3788 1525 3842 Amicitia:
1545 3787 1721 3840 cultus
1739 3787 1999 3855 ingenuus
2014 3793 2118 3839 est.

525 3890 659 3947 Alba
677 3886 962 3949 velamina,
978 3897 1084 3938 non
1107 3881 1422 3952 segmentati
1444 3881 1671 3934 amictus
1691 3878 1849 3931 ﬁdem
1868 3876 2116 3931 vestiam.

524 3983 642 4050 Quo
681 3979 812 4034 mihi
859 3977 997 4031 altus
1037 3974 1355 4031 reverentia:
1393 3973 1625 4042 gradus?
1669 3968 1856 4026 Amari
1897 3985 1927 4022 a
1953 3968 2121 4024 fratre

527 4075 669 4132 malo
695 4086 862 4142 quam
891 4069 1115 4140 suspici.
1150 4066 1304 4122 Vale.

1103 4159 1317 4215 EI'IS'I‘.
1359 4157 1539 4212 XLIII.

1019 4267 1332 4308 SVINACIIUS
1369 4265 1652 4305 IINEIIVIO.

601 4351 866 4408 Eusebius
905 4347 1355 4402 familiarissimus
1397 4359 1582 4408 meus,
1616 4342 1758 4399 idem
1783 4351 1936 4395 vetus
1966 4340 2122 4395 miles

530 4445 720 4516 privati
759 4439 937 4495 aerarii
980 4437 1071 4492 diu
1117 4438 1308 4491 morbo
1336 4435 1591 4489 obStante
1617 4435 1876 4502 obsequio
1906 4443 1997 4487 tuo
2025 4434 2121 4486 de-

527 4536 644 4591 fuit.
678 4532 923 4588 Orandus
945 4545 1004 4584 es
1031 4528 1161 4583 mihi
1186 4543 1255 4583 ne
1288 4525 1428 4580 inter
1448 4526 1653 4580 resides
1677 4534 1984 4579 annotetur.
2011 4524 2115 4580 Sed

528 4626 832 4695 impetratio
854 4623 1024 4675 veniae
1051 4636 1156 4674 non
1188 4619 1445 4682 manebit,
1472 4618 1572 4672 nisi
1606 4618 1682 4672 illi
1713 4617 1913 4686 aliquid
1941 4619 2112 4672 bene-

530 4719 635 4773 ficii
664 4715 980 4786 propitiatus
999 4711 1490 4781 adjeceris.Qua:so
1506 4710 1664 4777 igitur
1691 4707 1991 4778 “agitandis
2019 4723 2114 4776 per

532 4811 802 4862 Etrttrzam
829 4803 1052 4871 publicis
1071 4798 1690 4856 debitissullicitudiuem
1714 4812 1910 4851 navare
1931 4798 2114 4865 jubea-

529 4911 653 4965 tur,
687 4908 742 4950 nt
777 4896 948 4964 longa:
977 4893 1236 4947 absentia:
1274 4893 1486 4960 culpam
1520 4889 1985 4946 commendatione
2018 4890 2118 4944 ali-

527 5007 632 5062 qua
664 4990 862 5043 laboris
883 4995 1148 5040 amoveat.
1182 4983 1332 5038 Vale.

1102 5075 1314 5130 I‘ZPIST.
1359 5073 1544 5128 XLIV.

1008 5184 1142 5221 81111
1152 5181 1317 5221 ACIIUS
1355 5182 1549 5220 IINERV
1559 5181 1634 5219 Ιοο

599 5267 826 5334 Semper
862 5259 1079 5331 quidem
1118 5257 1248 5311 mihi
1291 5259 1542 5311 salutatio
1570 5273 1600 5310 a
1630 5267 1683 5312 te
1711 5256 1948 5327 profecta
1984 5272 2111 5328 gan-

525 5360 682 5422 dium'
701 5364 869 5416 creat.
897 5353 992 5407 sed
1013 5367 1074 5405 ea
1103 5349 1369 5419 praecipue
1394 5365 1515 5418 qua:
1546 5348 1898 5406 familiaribus
1919 5366 2114 5419 appor-

531 5450 688 5504 tanda
723 5443 1094 5502 committitur.
1134 5440 1502 5509 Adjicit‘tuim
1531 5440 1748 5509 scriptis
1777 5441 1936 5511 digna
1965 5457 2113 5510 qua.

527 5544 631 5594 situ
652 5582 666 5604 ,
704 5548 760 5594 et
786 5537 853 5590 de
881 5547 932 5590 te
962 5534 1124 5588 tradit
1146 5530 1347 5585 auditni
1373 5572 1390 5597 ,
1421 5530 1464 5585 si
1495 5531 1621 5600 quid
1659 5531 1831 5586 defuit
1873 5533 2114 5588 lectioni.

535 5633 689 5686 Velut
737 5643 875 5683 nunc
921 5625 1196 5681 Sebaslins
1245 5632 1447 5686 vester,
1492 5632 1611 5691 post
1657 5624 1938 5691 epistolam
1970 5634 2115 5680 tuam

531 5726 812 5788 redditam,
831 5720 1114 5791 quamdam
1149 5715 1272 5768 mibi
1296 5714 1519 5768 satin'ex
1539 5725 1661 5768 volo
1693 5731 1899 5786 ageres,
1928 5718 2114 5773 scisci.

533 5817 694 5883 tanti,
725 5816 1006 5884 imaginem
1029 5809 1330 5877 przesentize
1370 5817 1470 5863 tua:
1495 5808 1754 5865 exhibuit.
1786 5809 1926 5868 Idem
1964 5827 2107 5868 nunc

2142 4585 2197 4645 D

2782 3339 2997 3394 EPIST.
3038 3339 3247 3394 XLVII.

2703 3447 3010 3487 SYIIIMCRCS
3044 3448 3318 3486 IllNl.RVi0.

2295 3527 2414 3581 Vidi
2451 3528 2632 3582 Romae
2663 3524 2970 3579 Protaditnn
3000 3527 3163 3579 lilium
3189 3537 3451 3591 nostrum,
3482 3529 3636 3598 cujus
3657 3541 3808 3584 com-

2224 3619 2549 3674 mendationi
2567 3619 2697 3672 IIIIIII
2718 3633 2782 3673 ex
2801 3618 3015 3671 familiae
3036 3629 3228 3672 vestrae
3255 3620 3585 3675 ornamentis
3612 3633 3810 3690 praeter

2223 3714 2429 3766 litteras
2453 3722 2569 3766 tuas
2590 3709 2778 3766 defuit.
2808 3710 2951 3778 Quas
2981 3727 3100 3764 cum
3119 3712 3533 3780 desiderassem,
3554 3715 3808 3770 citeriore

2222 3806 2389 3861 Gallia
2421 3807 2739 3876 imperatum
2767 3805 2866 3859 sibi
2889 3820 2919 3858 a
2949 3821 3138 3860 socero
3167 3806 3288 3872 iter,
3315 3817 3369 3860 tu
3402 3808 3586 3876 procul
3618 3819 3806 3878 agente

2225 3898 2520 3966 respondit.
2544 3897 3184 3965 Excusationemjuvcnis
3213 3914 3322 3953 non
3340 3901 3566 3955 libenter
3589 3901 3804 3970 accepi;

2223 4003 2418 4051 castera
2451 4009 2658 4048 morum
2693 3993 2932 4061 probavi.
2962 3995 3106 4049 Satis
3131 4003 3216 4049 est
3243 3996 3345 4050 hoc
3364 3997 3584 4050 auribus
3617 3999 3802 4064 patris,

2222 4081 2308 4141 cui
2354 4087 2480 4141 uulo
2507 4087 2564 4141 in
2586 4102 2671 4141 me
2711 4087 3004 4155 gratiosum
3035 4088 3201 4142 videri
3233 4088 3594 4143 testimonium
3624 4090 3808 4144 brevis

2222 4183 2598 4252 esperimemi.
2643 4180 2809 4237 Simul
2839 4197 3034 4237 vereor
3062 4198 3132 4236 ne
3165 4183 3292 4250 quid
3324 4183 3494 4238 amori
3525 4193 3618 4238 tuo
3645 4183 3698 4239 in
3727 4187 3805 4237 li-

2223 4276 2349 4329 lium
2386 4276 2669 4344 derogent;
2702 4290 2859 4344 quem
2892 4291 2997 4330 non
3039 4275 3195 4329 decet
3227 4276 3403 4345 juvari
3445 4277 3582 4349 apud
3634 4287 3686 4332 te
3713 4292 3808 4346 per

2220 4368 2531 4437 suffragium
2561 4367 2954 4423 conciliationis
2983 4368 3195 4422 alienze.
3224 4367 3378 4425 Vale.

2771 4501 2988 4559 EPIST.
3030 4502 3260 4557 XLVIII.

2711 4611 3018 4650 SYINACIIUS
3056 4610 3328 4650 MINIZRVIO.

2293 4709 2521 4762 Litteras
2550 4707 2823 4762 nonnullis
2848 4706 3180 4760 humanitate
3213 4719 3550 4775 pra‘stamus.
3575 4708 3682 4763 llas
3715 4725 3808 4762 an.

2220 4809 2327 4854 tem
2349 4799 2566 4854 domino
2589 4811 2642 4854 et
2667 4799 2814 4854 fratri
2843 4814 2962 4854 meo
2993 4798 3181 4864 Basso,
3212 4800 3301 4866 qui
3327 4801 3531 4856 sororis
3557 4803 3810 4872 aequitate

2223 4906 2328 4945 non
2359 4891 2662 4960 discrepat;
2707 4891 2836 4960 quin
2883 4891 3057 4959 potius
3096 4892 3231 4960 juris
3277 4892 3495 4946 auxiliis
3543 4894 3802 4947 mentitur.

2220 4986 2353 5040 Nam
2405 4985 2661 5041 rebellem
2693 5000 2906 5038 servum
2948 4983 3050 5038 sibi
3084 4984 3255 5050 poscit
3283 4985 3507 5051 adduci,
3553 4986 3620 5038 ad
3649 4986 3808 5054 cujus

2225 5079 2689 5146 investigationem
2717 5091 2820 5130 nec
2835 5076 3084 5145 praecepti
3114 5074 3353 5130 ClPIOSIIS
3373 5078 3684 5141 auctoritas,
3705 5092 3807 5130 nec

2223 5168 2462 5223 Africani
2497 5168 2710 5221 comitis
2761 5168 2912 5236 vigor
2941 5166 3112 5235 potuit
3151 5166 3436 5236 pervenire
3476 5185 3488 5218 ;
3540 5167 3804 5238 siquidem

2225 5261 2477 5316 facinoris
2517 5259 2732 5313 audacis
2760 5258 3004 5314 conscius
3029 5257 3397 5313 imminentem
3428 5250 3643 5330 pmnam'
3673 5258 3804 5313 late-

2224 5354 2440 5410 brarum
2486 5353 2672 5407 vitavit
2713 5352 2931 5423 ell'ugio.
2969 5353 3102 5407 (lum
3136 5354 3294 5422 igitur
3329 5368 3494 5423 super
3519 5353 3638 5423 ejus
3663 5353 3805 5409 facto

2224 5455 2384 5515 atque
2433 5446 2667 5514 nequitia
2717 5443 2784 5497 ad
2835 5453 2888 5498 te
2929 5445 3013 5498 vir
3057 5444 3339 5499 laudabilis
3377 5445 3575 5500 Africae
3623 5459 3804 5501 comes

2218 5541 2475 5606 scriptum
2495 5537 2762 5607 publicum
2776 5537 2988 5591 dedisse
3009 5537 3240 5602 dicatur,
3267 5539 3368 5592 erit
3392 5537 3617 5608 justitia:
3634 5549 3690 5594 et
3710 5539 3804 5593 be-

2220 5627 2494 5698 nignitatis
2539 5638 2645 5684 tua!
2683 5631 2735 5684 in
2781 5640 3019 5685 nostrum
3049 5632 3284 5686 favorem
3315 5633 3553 5686 divinum
3609 5648 3802 5701 provo-

2217 5738 2341 5778 care
2359 5723 2638 5791 judicium,
2655 5740 2721 5779 nc
2744 5723 2965 5778 ulterius
2993 5725 3250 5779 innocens
3272 5725 3461 5778 dooms
3481 5723 3802 5782 commentis

2219 5816 2488 5870 ferialibus
2518 5819 2638 5872 vilis
2665 5817 2912 5878 mancipii
2955 5826 3237 5874 terreatur.
3267 5818 3415 5872 Vale.
