4218 6456
395 415 503 469 ἲῖΠ

952 531 1167 590 EPIST.
1207 536 1388 593 XLIX.

852 635 990 676 δὶίιιι
998 639 1163 681 λειιυε
1200 645 1289 684 ΙΙΝ
1297 646 1362 684 ειι
1372 649 1394 680 \'
1405 646 1478 686 l0.

457 703 524 758 lit
551 721 712 773 quum
743 707 1026 768 Mediolani
1059 716 1309 787 degerem
1339 722 1544 777 cultum
1572 721 1712 779 circa
1735 735 1787 779 te
1819 724 1965 778 salu-

375 796 598 852 tationis
619 803 863 868 exercui;
894 814 950 860 et
969 823 1110 864 nunc
1131 827 1379 868 remenso
1410 815 1604 871 itinere
1631 832 1850 885 operam
1874 832 1965 873 se-

374 888 560 943 dulam
595 893 857 950 litterario
877 902 1082 956 muneri
1109 921 1212 957 non
1245 908 1457 977 negavi.
1489 907 1780 980 EsSpectas
1802 912 1964 965 credo

377 992 437 1033 ut
497 986 722 1054 gratiam
772 1003 1011 1060 repetam
1060 997 1388 1066 scriptionis.
1449 1001 1597 1056 Illam
1656 1003 1813 1071 plane
1856 1020 1963 1057 non

375 1084 500 1125 inea
527 1074 859 1144 efflagitatio.
891 1079 988 1136 sed
1028 1093 1117 1137 tua
1161 1088 1371 1144 allectio
1400 1091 1705 1159 pollicetur.
1736 1093 1963 1164 Esigant

369 1164 498 1233 styli
525 1165 718 1237 vicem,
749 1169 840 1239 qui
866 1173 1029 1229 animi
1060 1194 1166 1231 non
1198 1190 1492 1238 merentur.
1524 1181 1671 1240 Vale.

997 1267 1209 1325 EPIST.
1252 1271 1313 1326 L.

812 1370 1121 1416 ςτιιιιςιιυῦ
1160 1380 1514 1422 ηυιιειιτιιιο.

444 1439 543 1496 Diu
574 1459 736 1512 super
783 1450 1016 1507 adventu
1061 1453 1242 1510 fratris
1269 1459 1594 1528 postulatum
1633 1476 1662 1514 a
1704 1477 1792 1516 me
1818 1460 1956 1517 indi-

363 1534 514 1586 cium
544 1537 828 1607 distolidi;
860 1544 1049 1611 credo,
1086 1555 1146 1601 ut
1181 1548 1521 1607 salutationis
1549 1553 1954 1609 honorificentia

367 1630 714 1692 praeveniret.
760 1635 1006 1704 Agnosco
1054 1638 1302 1709 religiosa
1349 1641 1574 1697 colludia
1601 1684 1617 1710 ,
1647 1659 1746 1700 nec
1776 1657 1954 1701 tamen

360 1716 535 1771 credo
557 1758 573 1784 ,
613 1729 671 1774 et
706 1721 847 1778 ultro
876 1724 931 1778 iu
959 1737 1236 1785 certamen
1264 1733 1584 1799 scriptorum
1615 1732 1952 1789 familiarium

359 1805 514 1862 solus
538 1808 674 1866 duos
701 1814 929 1870 advoco.
955 1814 1136 1873 Otium
1173 1821 1304 1890 tibi,
1332 1823 1559 1891 inquies,
1589 1827 1726 1880 lianc
1745 1827 1948 1880 utflcio-

1616 427 2092 486 lil'lSTOTAIlUSI
2136 429 2334 486 UBE“
2375 434 2454 489 ιν.

1997 552 2046 605 Α
2072 546 2287 614 adjuvet
2314 548 2577 605 destinata
2600 595 2612 617 ,
2643 569 2919 613 recurrere
2945 561 3009 614 ad
3042 572 3383 628 consptcnnn
3415 572 3646 614 testium

3545 451 3649 510 238

2076 650 2347 701 paramus.
2388 640 2443 693 St
2483 645 2732 710 plomiSai
2783 645 2898 701 dies
2943 663 3097 703 serus
3147 649 3383 714 viditnr,
3425 651 3506 720 leg
3543 652 3648 705 tin-

2073 741 2195 780 nem
2225 740 2444 785 senatus
2485 747 2581 801 per
2619 750 2705 790 me
2735 738 2860 792 nolo
2901 738 3097 794 αισατί
3136 757 3256 810 qua:
3284 743 3480 796 titulum
3523 743 3650 798 vitis

2071 817 2370 875 illustribus
2397 824 2595 877 credita
2627 835 2682 880 et
2713 826 2971 884 instructa
3001 835 3287 897 mandatis.
3319 850 3490 903 neque
3518 851 3647 904 per-

2069 925 2323 964 sonarum
2350 954 2365 979 ,
2407 930 2579 984 neque
2629 921 2945 988 petitionum
2995 923 3221 993 requirit
3265 925 3644 993 aljectionetn.

2071 1000 2235 1056 Decet
2282 1005 2444 1073 igitur
2469 1017 2615 1064 stare
2659 1009 2955 1081 dispositis,
3001 1030 3099 1070 nec
3143 1014 3226 1072 fas
3268 1028 3351 1073 est
3394 1022 3646 1088 esetnpln

2068 1101 2322 1163 proxima:
2347 1098 2704 1156 dissensioiiis
2733 1119 2825 1172 per
2851 1123 3024 1161 novos
3055 1117 3311 1165 tractatus
3331 1115 3642 1166 continuata

2065 1187 2322 1242 subverti.
2353 1189 2478 1245 lla:e
2507 1203 2635 1249 ante
2661 1210 2766 1260 me,
2797 1210 2854 1254 ut
2879 1199 3095 1268 scribis,
3123 1203 3282 1257 etiam
3314 1205 3643 1275 ipsevidisti,

2062 1294 2170 1346 quo
2197 1280 2366 1348 magis
2406 1282 2612 1352 placitis
2639 1286 3005 1344 inliterendum
3031 1304 3150 1362 est,
3177 1310 3295 1365 qnze
3334 1296 3463 1350 inibi
3501 1312 3644 1350 com-

2063 1370 2281 1425 tnendat
2304 1373 2596 1431 auctoritas
2627 1388 2714 1432 tua
2734 1419 2751 1443 .
2779 1391 2833 1436 et
2861 1382 2954 1436 tibi
2976 1393 3161 1441 noster
3189 1402 3464 1443 assensus.
3489 1389 3635 1443 Vale.

2657 1494 2868 1552 EPIST.
2912 1497 3042 1555 ιλιι.

2498 1599 2807 1646 ιῐιιιιλαυι
2844 1609 3177 1652 ι’ωιεκτικο

2129 1694 2186 1749 In
2207 1711 2329 1751 eum
2356 1699 2557 1755 militite
2580 1704 2804 1770 gradum
2828 1705 3012 1763 labore
3035 1707 3246 1773 venisti,
3273 1718 3330 1764 ut
3362 1711 3633 1768 Benedicti

2055 1787 2213 1841 amici
2255 1787 2360 1842 mei
2415 1789 2680 1847 fortunam
2726 1795 2927 1852 debeas
2976 1798 3250 1867 adjuvare.
3290 1815 3450 1870 quem
3501 1805 3633 1859 nulli

359 1915 481 1954 rum
513 1900 760 1960 ﬁduciam
787 1920 1027 1976 praestat.
1047 1913 1207 1977 Quid.
1231 1877 1374 1982 qtiod
1397 1877 1450 1970 ie
1468 1877 1639 1986 magis

2055 1877 2354 1934 obnoxium
2398 1883 2612 1939 crimini
2651 1886 2878 1942 fortuna
2904 1888 3155 1960 iniquitas
3180 1892 3301 1947 loco
3327 1893 3551 1963 depulit,
3578 1909 3634 1952 et

361 1992 539 2046 bonos
563 2033 580 2057 .
607 2008 663 2049 et
698 1997 1100 2058 condendsrum
1146 2012 1482 2062 sanctiouum
1513 2025 1642 2064 usus
1669 2011 1902 2065 excoluit
1923 2014 1948 2066 ἲ

358 2081 500 2137 Cain
538 2086 628 2142 illo
657 2101 838 2146 autem
870 2095 999 2150 mibi
1029 2097 1250 2165 privatae
1276 2101 1400 2153 vitae
1437 2103 1677 2157 conditio
1700 2119 1943 2160 commu-

359 2177 446 2230 nia
473 2187 581 2232 est.
622 2180 799 2250 Atque
827 2185 1031 2240 utinam
1064 2189 1189 2244 boni
1222 2191 1477 2261 principis
1505 2195 1940 2264 circumspectio,

358 2265 532 2334 ipsius
552 2285 766 2342 quoque
785 2290 1006 2344 operam
1025 2278 1124 2334 sibi
1158 2280 1408 2336 vindicet.
1434 2283 1761 2339 Ferendum:
1784 2288 1947 2343 ambo

353 2357 654 2420 devotione
677 2365 953 2434 placeatis,
978 2371 1021 2424 si
1037 2371 1180 2426 circa
1193 2387 1281 2427 me
1305 2372 1500 2431 litteris
1521 2378 1680 2433 ambo
1695 2380 1938 2435 cessetis.

356 2448 512 2507 Vale.

1000 2532 1215 2590 EPIST.
1254 2535 1342 2592 ιι.

804 2636 1119 2679 ηιιιιλευυε
1155 2640 1510 2686 ιἰοιηιτικο.

427 2727 619 2785 Omnia
650 2743 703 2788 te
733 2731 912 2790 facere
937 2748 1004 2792 ad
1033 2738 1261 2795 salutem
1290 2740 1554 2809 Flaviani.
1585 2746 1683 2800 viri
1712 2746 1942 2803 ornatis-

355 2823 516 2883 simi.
551 2827 789 2896 pignoris
814 2828 956 2898 mei,
982 2832 1146 2889 rebus
1173 2837 1442 2906 experior.
1478 2838 1614 2895 lline
1646 2840 1780 2896 Inibi
1815 2857 1942 2911 spes

353 2917 555 2982 uritur,
583 2930 744 2987 atque
773 2924 982 2979 animus
1011 2929 1278 2998 assurgit,
1311 2945 1466 2998 posse
1490 2934 1609 3000 ejus
1635 2945 1828 2990 caetera
1860 2936 1942 2989 ina

353 3010 639 3065 connnoda
669 3022 721 3069 te
752 3017 961 3071 medico
990 3020 1189 3074 sanari.
1221 3023 1460 3090 Adeptus
1486 3025 1631 3078 enim
1661 3025 1769 3080 divi
1797 3026 1937 3096 prin-

356 3103 494 3171 cipis
521 3105 740 3163 lenitate
763 3149 778 3172 .
806 3124 928 3179 qua:
969 3127 1160 3181 magna
1203 3127 1361 3180 sunt;
1407 3132 1513 3170 uno
1540 3116 1750 3189 adhuc,
1781 3130 1839 3173 ut
1866 3120 1938 3175 ita

355 3197 621 3263 dixerim.
661 3199 939 3260 infortunii
981 3207 1124 3262 nodo
1164 3212 1556 3280 strangulatur;
1604 3215 1747 3284 quod
1778 3216 1940 3273 homo

2054 1970 2262 2026 nouere
2282 1970 2527 2039 privavit.
2548 1975 2682 2031 lluic
2700 1978 2767 2031 ad
2792 1982 3200 2046 promerendum
3230 1987 3465 2041 favorem
3483 1998 3630 2044 tuum

2051 2075 2156 2114 non
2185 2063 2360 2118 solum
2393 2067 2560 2133 ipsius
2602 2070 2872 2140 probitas,
2904 2074 3001 2130 sed
3027 2077 3187 2132 etiam
3234 2081 3634 2136 commendatio

2053 2168 2170 2208 mea
2200 2157 2400 2210 aditum
2428 2158 2589 2214 debet
2608 2161 2840 2231 aperire.
2870 2165 3046 2223 Credo
3071 2171 3213 2224 enim
3246 2173 3377 2225 tanti
3409 2175 3548 2240 apud
3577 2183 3630 2230 te

2053 2247 2257 2302 litteras
2293 2267 2439 2306 meas
2467 2269 2589 2308 esse
2618 2260 2870 2313 momrnti
2896 2301 2914 2325 ,
2940 2271 2998 2317 ut
3028 2263 3277 2320 enectum
3306 2282 3526 2338 sperare
3550 2270 3631 2326 fas

2047 2339 2210 2395 fuerit
2230 2387 2245 2409 ,
2270 2346 2477 2398 etiamsi
2510 2347 2673 2402 ardua
2694 2351 3041 2419 postularem.
3070 2357 3222 2423 Quod
3248 2358 3370 2413 ideo
3390 2376 3627 2415 comme-

2045 2433 2361 2487 morandum
2393 2438 2574 2501 putavi
2594 2478 2609 2500 .
2647 2451 2705 2492 ut
2741 2439 3036 2511 intelligas,
3070 2445 3196 2513 quid
3229 2447 3296 2503 de
3329 2450 3508 2503 animo
3536 2462 3627 2504 tun

2046 2533 2204 2593 atque
2224 2526 2458 2584 amicitia
2482 2531 2800 2600 sentiamus,
2835 2535 2915 2589 vel
2939 2548 3200 2606 quantum
3222 2542 3476 2610 prodeam
3503 2545 3624 2600 bu?c

2051 2614 2245 2671 debeat
2264 2617 2347 2673 vel
2377 2619 2566 2675 adesse
2582 2620 2809 2691 jitstitia.
2838 2624 2988 2680 Vale.

2649 2733 2861 2793 EPIST.
2901 2734 3033 2795 LIV.

2481 2839 2617 2881 δςωι
2626 2841 2790 2884 Αειιυε
2829 2843 3176 2891 τιοιιεμτικο.

2116 2935 2317 3006 Ριιιιεειε
2341 2937 2485 3006 quod
2513 2940 2688 2995 adhuc
2721 2957 2891 3010 natiue
2916 2944 3132 3002 siluiSti.
3167 2947 3478 3009 Conuauais
3508 2953 3622 3010 bu

2045 3029 2198 3093 culpa
2230 3040 2333 3083 est.
2369 3028 2498 3082 Nam
2533 3046 2620 3085 nte
2650 3047 2864 3102 quoque
2890 3050 2920 3088 a
2950 3035 3164 3092 litterali
3186 3047 3508 3099 cmnmercio
3530 3046 3621 3100 diu

2046 3116 2253 3172 inliraia
2277 3119 2528 3173 valetudo
2545 3127 2831 3176 revocavit.
2859 3125 3196 3184 luborruisse
3223 3141 3273 3184 te
3299 3144 3447 3201 puto.
3477 3145 3622 3202 post-

2043 3224 2203 3276 quam
2229 3209 2299 3264 de
2339 3225 2425 3265 me
2450 3213 2664 3282 cognitu
2702 3231 2882 3269 amara
2911 3217 3105 3288 legisti.
3139 3220 3272 3277 Redi
3299 3224 3351 3278 in
3384 3225 3620 3282 habitum

356 3289 567 3354 tenuis.
597 3305 653 3346 οι
679 3309 821 3350 nunc
997 3299 1303 3368 patrimonii
1329 3307 1568 3371 graviter
1602 3307 1901 3361 exhaustus
1921 3349 1936 3374 ,
1964 3291 2012 3357 (Ξ
2047 3299 2209 3354 animi
2250 3299 2508 3356 laetiorem
2547 3320 2560 3357 2
2595 3304 2706 3360 Deo
2735 3306 2929 3375 quippe
2958 3317 3179 3365 θυειοτιι
3224 3315 3506 3369 sanitatem
3540 3335 3620 3370 rc-

358 3380 567 3446 paterni
590 3382 768 3439 solatii
795 3387 1205 3444 mstiinationein
1235 3390 1445 3462 iubetur
1465 3397 1763 3452 exsolvere.
1797 3397 1940 3468 Ergo

357 3484 456 3540 per
477 3482 531 3527 te
548 3486 614 3528 ac
642 3472 718 3528 tui
740 3476 944 3533 similes
961 3482 1170 3535 amoliri
1202 3494 1414 3550 oportet
1440 3488 1806 3544 imminentem
1834 3490 1943 3544 rui-

355 3576 508 3616 nam.
551 3562 660 3619 Nec
682 3581 772 3622 res
813 3567 1190 3638 impetratione
1216 3573 1448 3631 difficilis
1484 3587 1588 3632 est.
1637 3578 1769 3634 Nam
1799 3583 1939 3650 quod

359 3651 630 3723 plerisque
671 3670 768 3710 sua
801 3659 996 3714 invidia
1027 3662 1388 3721 laborantibus
1419 3670 1710 3737 imperialis
1736 3672 1942 3727 remisit

357 3745 664 3802 humanitas
679 3765 696 3812 ;
709 3748 762 3802 id
779 3751 945 3821 patria
966 3755 1180 3810 nomine
1195 3759 1537 3825 postulatum,
1553 3761 1722 3815 multo
1740 3762 1943 3830 :equior

355 3838 515 3893 venia
558 3841 836 3898 relaxabit.
870 3845 1123 3902 Proliciet
1157 3850 1254 3903 ista
1292 3855 1572 3908 concessio
1607 3854 1768 3909 etiam
1809 3866 1940 3910 tem-

358 3946 552 3998 porum
601 3934 786 4003 glorite
810 3976 828 4004 ,
861 3939 907 3992 si
947 3941 1090 4007 quod
1119 3942 1394 4000 beneficiis
1434 3945 1690 4016 principis
1731 3951 1940 4014 deerat,

361 4021 485 4089 pius
514 4037 797 4080 successor
820 4027 1099 4098 adjecerit.
1133 4031 1278 4088 Vale.

963 4120 1177 4178 EPIST.
1219 4124 1320 4179 ιιι.
1345 4149 1349 4151 ·

802 4226 1110 4268 εγιηιιοιως
1147 4229 1491 4274 ιἰοιιειητικο.

434 4294 623 4350 Verbis
655 4313 867 4369 nequeo
887 4304 1169 4371 complecti
1199 4319 1328 4376 quot
1361 4312 1549 4378 gaudia
1579 4313 1708 4366 Inibi
1739 4315 1939 4384 pariter

355 4385 472 4439 dies
503 4404 644 4443 unus
670 4393 951 4448 invexerit.
988 4400 1246 4465 Agnoscis
1287 4403 1450 4455 credo
1491 4417 1743 4470 causam,
1785 4406 1937 4476 cujus

357 4490 546 4532 auctor
574 4480 737 4537 fuisti.
769 4483 902 4538 Nam
930 4489 1169 4555 geminas
1195 4489 1419 4546 fratrum
1451 4497 1813 4550 communium
1844 4498 1931 4552 lit-

359 4579 503 4623 teras
552 4573 600 4624 in
632 4577 902 4630 cumulum
953 4579 1142 4633 extulit
1184 4583 1371 4636 tertius
1410 4583 1583 4638 linnnr
1609 4589 1930 4655 scriptorum

359 4673 594 4716 tuorum.
639 4666 818 4736 Itaque
850 4681 906 4721 ut
936 4687 1111 4724 rerum
1146 4672 1404 4726 bonarum
1431 4675 1667 4730 difﬁcilis
1695 4691 1774 4732 est
1814 4681 1926 4734 ele—
1959 4657 2012 4718 Ῑδ

353 4756 489 4818 ctio,
519 4757 784 4824 paulisper
808 4758 938 4812 lizesi
969 4777 1128 4830 quam
1155 4764 1379 4831 primam
1407 4769 1652 4835 paginam
1687 4784 1929 4825 recense~

354 4861 505 4908 rem;
540 4857 740 4902 tantum
770 4852 907 4918 apud
941 4867 1026 4905 me
1068 4865 1183 4908 erat
1204 4855 1528 4912 desiderium
1577 4862 1925 4931 singularum.

351 4936 474 4991 Mos
505 4951 692 4993 omnes
718 4949 907 5009 argnto
943 4941 1148 5012 legendi
1183 4948 1409 5000 transitu
1437 4953 1707 5016 percurri.
1739 4967 1805 5006 ne
1852 4953 1930 5005 in-

352 5031 684 5097 spectionem
734 5032 1020 5092 residentis
1071 5052 1329 5092 morarer.
1384 5039 1493 5094 Nec
1539 5044 1705 5096 seuiel
1737 5045 1931 5112 legisse

352 5119 594 5187 sulfecit,
620 5131 678 5176 ut
705 5123 751 5177 si
789 5125 916 5194 quid
939 5127 1167 5183 aviditas
1195 5129 1362 5197 prima
1394 5133 1815 5200 perstrinxerat,
1848 5139 1928 5189 in-

345 5212 587 5266 culcaret
609 5215 841 5268 iteratio.
867 5215 996 5274 Erat
1024 5219 1078 5274 in
1100 5220 1278 5275 verbis
1303 5223 1716 5295 uniuscujusque
1747 5229 1926 5282 varius

347 5304 715 5360 elocutionum
757 5308 928 5378 lepos,
973 5325 1082 5382 quo
1129 5313 1246 5369 solo
1297 5315 1487 5372 littera:
1525 5319 1922 5389 discrepabant.

342 5394 478 5449 Nam
516 5411 706 5452 omnes
741 5413 894 5455 meus
921 5417 1028 5456 una
1055 5403 1369 5460 dictaverat.
1407 5405 1624 5464 Possem
1649 5411 1788 5466 bona
1823 5414 1924 5467 fide

339 5485 580 5555 adjicere
611 5489 835 5557 majora.
865 5490 971 5545 Sed
1002 5501 1107 5548 tua:
1132 5509 1320 5558 aures.
1351 5496 1474 5552 licet
1500 5498 1720 5554 fratrum
1751 5501 1921 5558 laudi-

339 5581 443 5634 bus
463 5583 747 5649 gaudeant.
769 5587 1197 5642 communionem
1227 5599 1402 5645 tamen
1431 5592 1648 5661 gloriosi
1673 5593 1916 5648 testium-

335 5672 416 5727 nii
445 5688 542 5741 per
565 5677 938 5732 verecundiam
970 5694 1075 5734 non
1105 5680 1298 5736 ferunt.
1332 5683 1516 5738 Restat
1554 5696 1611 5739 ut
1641 5688 1734 5742 tibi
1780 5689 1919 5742 redi-

338 5775 452 5817 tmn
494 5782 670 5819 memn
708 5771 807 5821 sub
855 5769 1275 5838 quadam-curiae
1302 5775 1615 5831 invitatione
1645 5783 1918 5848 poscenti,

336 5869 505 5918 pauca
529 5859 898 5920 respondeam.
928 5861 1004 5914 Ad
1029 5863 1146 5919 idus
1162 5864 1486 5923 Novembres
1511 5869 1668 5926 modo
1689 5880 1911 5929 eventus

2042 3392 2166 3447 fovi.
2191 3392 2384 3448 Facilis
2407 3395 2565 3463 igitur
2589 3395 2861 3453 litterariae
2889 3404 3204 3457 cessationis
3235 3406 3441 3474 utrique
3472 3409 3625 3463 venia

2040 3481 2132 3536 sit.
2155 3483 2326 3537 Ambo
2342 3485 2497 3539 nobis
2527 3485 2757 3542 invicem
2787 3492 3138 3555 remittamus.
3171 3499 3308 3564 quod
3339 3497 3496 3550 ambo
3526 3500 3619 3553 de-

2040 3569 2310 3636 liquimus.
2335 3569 2439 3624 Sed
2464 3573 2589 3638 quid
2619 3575 2748 3627 mibi
2781 3576 3082 3631 insusurras
3120 3580 3384 3635 Atticam:
3426 3594 3615 3640 tenues

2037 3664 2412 3715 commeatus?
2443 3664 2596 3717 Absit
2625 3675 2681 3717 ut
2717 3681 2953 3734 parseris
2981 3684 3151 3724 annus
3180 3673 3417 3728 imitetur
3445 3676 3618 3730 furtu-

2043 3766 2165 3804 nam
2187 3752 2549 3821 superiorum.
2584 3755 2907 3836 Intert‘ltulet
2931 3801 2946 3827 ,
2990 3770 3048 3815 ut
3072 3778 3256 3832 spero,
3291 3769 3617 3834 providentia

2043 3843 2227 3896 tristes
2261 3856 2480 3898 casuum
2511 3846 2646 3912 vias,
2669 3849 2839 3902 sacris
2866 3852 3083 3908 auribus
3109 3857 3420 3922 cdocendis,
3447 3872 3500 3914 et
3527 3877 3618 3914 ca-

2041 3933 2324 4004 SIigatiOIte
2342 3936 2606 4004 judicum,
2629 3955 2760 4009 quos
2777 3941 3106 3999 alimentaria
3133 3958 3337 4016 spectat
3367 3953 3614 4008 invectio.

2041 4021 2153 4078 Nec
2178 4040 2330 4093 spem
2368 4027 2486 4082 dies
2505 4028 2751 4084 obstruit.
2783 4031 2914 4086 Nam
2939 4051 3086 4092 mare
3114 4037 3286 4094 adhuc
3313 4041 3468 4107 jttstis
3497 4059 3618 4097 cur-

2041 4116 2189 4170 sibus
2206 4129 2373 4186 patct,
2396 4132 2451 4174 et
2478 4123 2713 4178 nondum
2735 4128 2784 4178 in
2816 4125 3061 4196 byeniem
3088 4134 3379 4203 praecipitat
3405 4147 3616 4190 autunt-

2043 4221 2167 4263 nus.
2201 4208 2379 4263 Placet
2400 4220 2575 4267 tamen
2612 4214 2749 4269 inter
2775 4215 2891 4272 bmc
2912 4259 2927 4281 ,
2953 4221 3094 4286 quod
3127 4226 3375 4279 inmstnas
3399 4267 3414 4289 .
3446 4237 3500 4282 et
3528 4229 3615 4298 pio

2043 4308 2189 4352 metu
2218 4302 2509 4356 antevenis
2531 4305 2930 4362 necessitatem.
2955 4308 3404 4369 lleniunerabiiur
3429 4334 3610 4373 curant

2043 4394 2233 4448 melior
2259 4407 2510 4463 eventus,
2539 4405 2593 4452 et
2621 4399 2792 4453 laudis
2821 4410 2926 4454 tua:
2959 4403 3161 4460 fructus
3191 4407 3389 4465 cftieict
3430 4425 3481 4464 ut
3516 4415 3607 4464 tibi

2039 4485 2110 4538 sit
2136 4484 2289 4540 dulce
2319 4495 2496 4555 postea
2530 4488 2792 4544 timuisse.
2823 4491 2974 4547 Vale.

2644 4600 2860 4658 EI'IST.
2904 4605 3011 4658 LV.

2479 4706 2786 4748 SYMIIACIIUS
2825 4711 3174 4755 ΥΙΛΜΕΝΠΝΟ.

2108 4776 2311 4831 Dictum
2353 4779 2483 4833 mihi
2517 4797 2547 4834 a
2579 4792 2631 4836 te
2660 4786 2889 4838 salutent
2923 4790 3035 4855 pari
3068 4791 3269 4845 bonore
3295 4811 3603 4861 t'uinpcnsn.

2038 4868 2242 4924 Vellem
2285 4874 2495 4940 utrique
2537 4885 2776 4928 nostrum
2813 4893 2954 4944 saepe
3001 4881 3294 4934 alternandi
3322 4887 3447 4954 styli
3481 4905 3606 4940 usus

2035 4963 2261 5014 veniret.
2307 4962 2412 5017 Sed
2449 4965 2572 5031 quia
2610 4967 2710 5020 hoc
2743 4968 3023 5036 longinqua
3059 4989 3162 5025 non
3205 4973 3387 5028 sinunt
3413 4979 3605 5032 cadere

2034 5067 2132 5121 pro
2166 5058 2608 5120 votoconnnuni,
2646 5061 2912 5125 patimuize
2933 5064 3069 5116 ratio
3093 5065 3402 5120 satislaciat.
3439 5069 3604 5124 Debet

2029 5154 2176 5197 certe
2196 5156 2434 5211 prompta
2458 5161 2577 5200 esse
2602 5149 2738 5198 inter
2755 5165 2852 5202 nos
2876 5167 3037 5204 tnnrze
3067 5163 3262 5208 mutua:
3285 5159 3457 5210 venia.
3487 5158 3602 5211 Non

2029 5235 2217 5288 eadem
2256 5235 2508 5289 facilitate
2535 5239 2814 5306 purgabis;
2859 5242 3001 5307 quod
3035 5243 3128 5297 lilii
3160 5247 3326 5298 nostri
3364 5247 3602 5302 Minervii

2029 5325 2241 5393 nuptias
2305 5327 2532 5380 aliorum
2582 5330 2756 5396 potim
2817 5333 2986 5386 relatu
3041 5350 3199 5401 quam
3256 5336 3449 5392 litteris
3496 5344 3600 5397 tuis

2027 5416 2284 5483 cmnperi.
2319 5419 2400 5470 An
2421 5417 2622 5470 veritus
2648 5434 2706 5472 es
2730 5434 2795 5474 ne
2821 5437 2848 5472 a
2880 5431 2930 5475 te
2961 5424 3222 5479 nomisma
3253 5443 3384 5481 auro
3410 5444 3596 5485 eusum

2026 5504 2428 5559 desiderarent?
2457 5505 2634 5559 Potuit
2672 5508 2933 5575 jacturam
2965 5514 3217 5580 sportula:
3245 5525 3421 5572 tacere
3450 5535 3599 5574 vere~

2025 5596 2217 5650 cundia
2233 5613 2370 5652 mea.
2396 5597 2738 5662 Negationcm
2753 5603 2927 5670 gaudii
2944 5620 3096 5658 amor
3114 5609 3284 5662 nescit
3299 5610 3594 5678 ignoscere.

2030 5686 2307 5754 Ettamen,
2331 5697 2388 5742 ut
2414 5705 2531 5743 sum
2557 5691 2767 5760 placido
2784 5696 2836 5746 in
2865 5695 3228 5760 meosanimo,
3249 5701 3593 5767 Spondeotibi

2030 5779 2399 5835 remissionem
2416 5782 2571 5850 hujus
2589 5782 2914 5847 ollensionis,
2933 5803 3049 5839 cum
3065 5787 3130 5839 de
3144 5801 3334 5857 nepote
3347 5804 3591 5860 suscepto

2031 5873 2366 5930 anteveneris
2392 5875 2592 5935 scripto
2621 5877 2927 5932 nuntiorum
2958 5878 3314 5936 celeritatem.
3343 5883 3485 5937 Vale.
