4218 6436
540 360 645 422 239

1136 460 1349 517 EPiST.
1388 460 1512 514 LVI.

609 613 849 656 EXPLICIT
891 614 956 651 Αη
1008 610 1396 651 ηοειεπτικυυ.
1455 604 1642 646 ΙΗΕΙΡΙΤ
1698 604 1745 642 ΙΝ
1795 600 2041 642 οοιικυηε

644 684 934 726 ι’κλτίιιιωε
963 680 1212 721 ΠΙΝΕΙΠῚΟ
1238 705 1254 727 ,
1282 677 1537 718 PROTAIHO
1564 677 1627 715 l-LT
1658 670 2006 713 fLORENTiNO.

617 805 684 859 Et
715 814 888 857 vestra
918 784 1206 855 concordi;
1223 839 1239 863 ,
1270 804 1327 852 et
1351 811 1464 850 mea
1498 809 1592 864 per
1621 792 1718 847 hos
1739 791 1853 844 dies
1881 784 2118 842 imbecil-

549 895 672 951 litas
699 893 843 953 facit,
874 900 931 946 ut
959 904 1055 944 vos
1084 888 1243 943 unius
1282 886 1491 956 pagina:
1532 883 1849 939 salutatione
1887 876 2114 946 conjun-

537 1002 679 1053 gam.
730 984 845 1037 Erit
888 981 991 1035 hoe
1034 988 1128 1034 aut
1175 976 1447 1047 probabile
1498 988 1594 1044 pro
1636 970 1908 1029 consortio
1955 966 2113 1021 vestri

536 1078 735 1133 amoris
763 1115 781 1141 ,
826 1085 916 1129 aut
947 1070 1325 1143 ignoscendum
1357 1084 1454 1139 pro
1475 1076 1614 1122 statu
1644 1065 1919 1133 temporis.
1954 1060 2117 1116 Esti-

539 1169 758 1224 mabitis
801 1168 950 1222 enim
983 1165 1176 1219 virium
1216 1169 1519 1216 nostrarum
1560 1154 1965 1228 fatigationem,
1993 1166 2115 1205 eum

538 1274 635 1315 vos
668 1259 721 1313 in
750 1255 1145 1324 subscriptione
1184 1252 1338 1307 istius
1377 1249 1617 1319 epistola:
1656 1247 1896 1317 precaria
1928 1254 2116 1297 manus

533 1353 785 1407 moverit.
808 1349 886 1404 Ad
915 1350 1014 1403 hoc
1046 1347 1137 1400 lilii
1158 1344 1326 1400 nostri
1357 1342 1585 1397 Nemesii
1618 1341 1699 1410 pia
1727 1339 1792 1393 ad
1828 1339 1993 1392 larem
2026 1350 2118 1403 pa-

533 1455 778 1512 tremque
804 1440 1132 1511 properatio,
1161 1438 1328 1507 magis
1351 1435 1794 1491 contestationem
1825 1431 1892 1486 de
1920 1447 2003 1483 me
2028 1443 2117 1483 so-

534 1538 730 1594 lemnis
770 1533 930 1589 officii
968 1548 1127 1603 quam
1173 1529 1589 1584 satisfactionem
1639 1522 1979 1580 desideravit.
2008 1518 2116 1573 Res

533 1627 793 1696 postulat,
825 1634 881 1678 ut
907 1626 1077 1678 salute
1110 1621 1349 1690 prwfata,
1376 1617 1771 1672 florentissimae
1803 1610 1969 1667 indoli
1996 1610 2114 1678 ejus

535 1719 898 1774 testimonium
931 1716 1115 1769 feram.
1151 1713 1255 1767 Sed
1286 1727 1477 1765 vereor
1501 1727 1566 1764 ne
1600 1718 1870 1763 ostentare
1891 1718 2111 1774 operam

1705 350 1766 416 Ω.
1812 341 2150 401 AL‘RELIUS
2190 335 2629 395 SYM'VlACliL'S.

2135 453 2185 512 Α

3684 325 3797 387 260

2808 438 3018 493 El‘lST.
3066 436 3199 494 ΗΧ.

2685 543 2991 585 δϊἋΜΑΩΙΙυε
3030 544 3163 583 ΕυΡΒ
3176 543 3239 581 AX
3250 540 3319 579 ιο.

2290 626 2416 683 Sum
2444 626 2655 695 quidem
2686 624 2949 679 sermonis
2980 623 3053 676 tui
3085 621 3280 675 nimius
3311 616 3596 689 ﬂagitator.
3617 616 3790 675 Silen-

2218 720 2274 772 tii
2303 717 2582 773 intervalla
2613 732 2718 771 non
2750 729 2936 785 arguo,
2968 714 3063 769 sed
3096 714 3343 784 suspicor
3371 711 3567 782 aliquid
3610 714 3793 765 amici-

2217 811 2305 865 tia:
2336 819 2533 864 nostrae
2557 823 2621 863 ex
2653 808 2872 877 alloquii
2896 808 3117 862 raritate
3162 805 3460 871 decedere;
3506 805 3595 875 qui
3626 820 3667 860 si
3688 805 3792 859 iam

2216 899 2272 956 in
2304 900 2610 970 pectoribus
2636 898 2817 954 sedem
2841 913 2961 955 esse
2982 898 3289 970 religionis,
3312 898 3554 953 levamen
3579 896 3796 952 deside-

2217 994 2283 1048 rii
2311 1009 2376 1049 ex
2400 1008 2494 1049 ore
2525 992 2816 1064 proficisci.
2846 992 3059 1047 Priores
3082 992 3242 1062 igitur
3264 991 3456 1047 litterae
3478 1004 3611 1046 mem
3626 990 3799 1059 magis

2217 1084 2538 1139 desiderium
2568 1084 2831 1138 sermonis
2877 1083 2982 1148 tui,
3012 1098 3169 1152 quam
3214 1082 3617 1153 castigationem
3663 1082 3791 1135 taci-

2220 1175 2493 1229 turnitatis
2520 1174 2820 1228 habuerunt
2850 1190 2863 1226 :
2892 1184 2945 1227 et
2994 1173 3113 1227 ideo
3138 1172 3519 1228 elaborandum
3550 1171 3647 1225 tibi
3689 1186 3792 1224 nou

2216 1278 2321 1331 est,
2349 1278 2407 1321 ut
2435 1267 2564 1321 mihi
2593 1268 2790 1320 amoris
2814 1266 2887 1321 tui
2918 1266 3075 1320 fidem
3120 1265 3321 1319 facias:
3363 1279 3485 1320 nam
3517 1264 3591 1319 tui
3630 1265 3795 1317 animi

2217 1359 2287 1413 de
2308 1373 2428 1414 meo
2449 1375 2603 1414 sumo
2628 1359 2885 1428 judicium
2918 1375 2930 1411 :
2962 1358 3221 1428 siquidem
3252 1359 3430 1412 nullus
3450 1358 3628 1414 verior
3647 1358 3793 1412 :lei-

2219 1459 2391 1505 mator
2420 1459 2502 1505 est
2523 1450 2680 1505 alieni
2701 1450 2918 1515 amoris,
2942 1465 3100 1518 quam
3123 1448 3210 1519 qui
3238 1447 3305 1504 de
3330 1463 3432 1504 suo
3446 1449 3794 1504 sumitexem-

2219 1544 2384 1613 plum.
2418 1543 2510 1612 llis
2541 1544 2608 1596 ita
2659 1542 2871 1613 positis,
2924 1545 3045 1612 quia
3078 1544 3128 1596 in
3182 1558 3239 1598 re
3273 1551 3454 1610 aperta
3504 1542 3647 1612 piget
3676 1555 3799 1596 esse

2219 1636 2506 1705 prolixum,
2538 1634 2871 1703 designatum
2904 1634 2995 1687 tibi
3020 1633 3085 1687 ad
3113 1634 3369 1688 urbanam
3412 1644 3695 1699 prmturam
3730 1638 3794 1684 ti-

2220 1730 2344 1781 littm
2378 1745 2554 1784 meum
2589 1729 2797 1782 nuntio.
2838 1726 3098 1797 intelligis
3126 1726 3247 1795 quid
3279 1726 3379 1782 sibi
3412 1726 3511 1781 huc
3540 1723 3796 1780 indicium

537 1827 712 1867 meam
753 1811 968 1870 videar;
992 1824 1109 1877 qum
1138 1809 1253 1875 plus
1273 1806 1452 1873 juveni
1483 1803 1742 1856 bonarum
1766 1800 1956 1852 3mm“
1987 1810 2115 1851 ε⁰¹²⁹
2144 1817 2193 1879 Β
2220 1823 2365 1875 velit.
2390 1820 2777 1891 Quadrigarum
2825 1817 3087 1873 curulium
3126 1819 3377 1874 nobilitas
3422 1817 3793 1887 praeparanda.

542 1906 789 1971 tulisset,
827 1905 926 1957 nisi
966 1904 1230 1957 fraternus
1259 1914 1416 1953 casus
1448 1897 1696 1967 fregisset
1726 1909 1939 1949 cursum
1981 1892 2114 1945 duo-

538 2013 680 2053 rum.
704 1997 815 2051 lloc
843 2008 1018 2049 tamen
1045 1992 1407 2049 sincerissima
1436 1989 1539 2044 fide
1562 1988 1819 2050 dixerim;
1853 1987 2111 2041 minutam

539 2090 753 2157 quidem
805 2087 871 2141 de
901 2089 1070 2141 altero
1124 2095 1403 2154 parentum
1462 2082 1578 2151 ejus
1622 2079 1960 2141 felicitatem;
2019 2076 2112 2131 sed

542 2196 699 2249 posse
736 2181 896 2236 istum
937 2192 1155 2233 suorum
1197 2174 1391 2246 gaudio
1443 2190 1539 2243 pro
1588 2181 1811 2241 utroque
1840 2170 2110 2226 sufficere.

542 2272 742 2327 Valete.

1112 2357 1327 2415 Ei‘lS'i‘.
1368 2356 1522 2412 LVII.

651 2489 961 2531 δικηλεξιυε
992 2488 1273 2542 Ιιιηεῐινιο,
1304 2483 1598 2536 Ριιοτιωο,
1631 2479 1982 2523 ηοιεκτιιςο.

610 2614 853 2681 lit-legite
888 2614 1026 2665 viam
1052 2609 1370 2665 dissimulati
1404 2610 1661 2663 hactenus
1693 2608 1892 2664 moris,
1924 2620 2009 2659 me
2035 2604 2116 2658 of-

544 2705 786 2760 ficiorum
814 2703 1156 2759 familiarium
1197 2701 1461 2772 prmsule,
1508 2700 1596 2769 qui
1630 2698 1776 2768 prior
1814 2697 1929 2765 rupi
1964 2711 2115 2751 com-

537 2813 699 2851 mune
724 2797 948 2849 dictum.
974 2794 1078 2847 Nec
1102 2808 1197 2861 pro
1221 2805 1445 2845 numero
1472 2800 1655 2844 vestro
1681 2787 1936 2858 epistolas
1967 2794 2112 2855 peto,

535 2887 775 2957 quamvis
806 2888 945 2940 hanc
971 2882 1392 2938 vicissitudinem
1431 2882 1759 2950 singulorum
1806 2892 1957 2932 amor
1986 2876 2114 2931 mihi

538 2981 753 3034 debeat.
810 2977 1008 3047 Magna:
1050 2976 1396 3045 indulgentize
1427 2990 1512 3029 res
1552 2984 1664 3037 est,
1692 2984 1747 3028 ut
1797 2971 1950 3028 fenus
1973 2972 2115 3040 quod

542 3073 695 3126 vobis
719 3074 863 3126 solus
893 3070 1148 3135 exhibeo,
1181 3069 1386 3124 alterna
1420 3067 1847 3123 remuneratione
1873 3064 2111 3121 solvatis.

543 3167 744 3221 Valete.

1109 3255 1323 3311 EPIST.
1368 3254 1541 3308 LVNI.

1000 3381 1308 3421 SYIHIACIIL‘S
1339 3380 1618 3419 EUPRAXIO.

613 3504 832 3556 Annuus
858 3497 1036 3567 gaudii
1084 3497 1288 3551 fructus
1315 3511 1380 3549 ex
1414 3493 1606 3547 litteris
1636 3490 1808 3560 capio.
1835 3489 1986 3544 Hunc
2025 3504 2112 3541 re-

537 3591 706 3644 ditum
754 3589 916 3653 mihi,
953 3587 1049 3641 has
1078 3599 1207 3654 opes
1250 3586 1431 3653 pendit
1481 3582 1752 3649 llispania.
1801 3582 1981 3647 itaque
2027 3578 2114 3634 ubi

541 3682 795 3751 propulsa
830 3679 1022 3749 hyeme
1053 3683 1333 3746 patescunt
1355 3676 1565 3728 navium
1597 3670 1723 3738 vim,
1750 3671 1965 3741 paginas
1996 3678 2113 3723 tuas

541 3773 861 3827 commendo
889 3768 1097 3829 ventis,
1140 3783 1271 3835 quas
1318 3767 1417 3820 iste
1454 3775 1626 3817 annus
1655 3760 1960 3831 frequentes
1997 3761 2112 3829 qui-

537 3863 691 3928 dem,
727 3875 871 3917 seras
900 3869 1078 3914 tamen
1109 3857 1304 3913 reddit.
1345 3855 1474 3909 Nam
1511 3854 1804 3908 decedebat
1828 3861 2114 3906 autumnus

535 3968 661 4009 cum
690 3951 936 4005 homines
977 3949 1051 4002 tui
1097 3946 1348 4001 Tib-rina
1396 3946 1700 4014 tetigerunt.
1748 3942 1882 3996 [line
1917 3940 2111 3995 factum

537 4055 622 4101 est
656 4056 713 4101 ut
737 4045 1001 4100 hazrerent
1034 4042 1173 4112 apud
1206 4056 1301 4094 nos
1334 4038 1542 4094 defectu
1574 4034 1946 4105 navigationis.
1980 4033 2115 4088 Sua-

537 4139 642 4193 deo
674 4136 831 4206 igitur
863 4150 1047 4189 eorum
1082 4147 1264 4187 moras
1293 4146 1389 4199 pro
1422 4140 1506 4182 tua
1532 4128 1738 4197 justitia
1766 4127 1890 4181 boui
1915 4138 2109 4179 consu-

539 4230 642 4283 las.
675 4226 927 4295 Quamvis
958 4228 1105 4293 prius
1140 4225 1356 4276 nomine
1386 4235 1503 4274 meo
1532 4218 1686 4273 venia
1717 4216 1979 4286 poscenda
2007 4216 2110 4277 sit,

535 4319 680 4388 quod
707 4318 773 4371 de
790 4316 1066 4371 curulibus
1093 4314 1245 4382 equis
1267 4322 1517 4381 quatuor,
1540 4310 1719 4363 datum
1750 4308 1876 4360 mihi
1899 4322 1930 4359 a
1960 4306 2114 4373 tejus

536 4409 815 4465 electiOnis
845 4408 1139 4462 omiserim.
1168 4402 1337 4458 Velim
1361 4402 1548 4455 credas
1582 4398 1718 4453 [huic
1741 4397 2111 4451 abstinentiam

540 4517 645 4555 non
674 4502 835 4555 luisse
866 4497 1081 4553 fastidii.
1113 4495 1221 4551 Sed
1260 4499 1381 4563 quia
1421 4493 1623 4547 nullum
1647 4505 1832 4546 eorum
1852 4490 1978 4558 jugo
2003 4488 2115 4542 ala-

2217 1911 2293 1966 Ac
2344 1914 2571 1981 pretium
2606 1912 2843 1980 proxima
2891 1911 3088 1966 abhinc
3134 1921 3318 1966 :rstate
3349 1910 3649 1973 mitzemus,
3699 1910 3794 1964 Sed

2214 2001 2323 2073 jam
2352 2004 2723 2057 necessitatem
2771 2011 3065 2072 prmcurrat
3092 2002 3281 2057 electio
3320 2018 3334 2055 :
3393 2002 3612 2056 nmltum
3654 2001 3797 2055 enim

2222 2094 2360 2151 valet
2385 2095 2647 2164 ejusmodi
2708 2097 2759 2149 in
2800 2094 2961 2150 rebus
2993 2096 3202 2166 longior
3224 2095 3521 2165 diligentia.
3554 2095 3797 2163 Quapro-

2218 2197 2335 2255 pter
2358 2190 2674 2258 accingere,
2693 2197 2745 2243 ut
2772 2191 3112 2251 quaestoriam
3138 2189 3403 2259 quondam
3432 2190 3522 2244 lilii
3550 2190 3654 2244 mei
3685 2207 3795 2245 tua-

2216 2278 2598 2348 gnificentiam,
2634 2281 2716 2333 cui
2746 2296 2841 2349 per
2889 2287 2940 2334 te
2970 2280 3195 2334 illustris
3227 2280 3360 2333 fatua
3404 2282 3625 2349 qumsila
3647 2321 3663 2344 ,
3712 2294 3797 2334 se-

2215 2369 2420 2424 cundus
2437 2370 2678 2449 ejusdem
2701 2379 2918 2441 superet
2941 2372 3306 2443 magistratus.
3334 2371 3502 2426 Verus
3526 2372 3721 2441 quinne
3743 2380 3798 2427 et

2216 2462 2483 2519 maximus
2515 2464 2686 2521 laudis
2726 2465 2997 2535 profectus
3040 2475 3144 2532 est,
3190 2465 3400 2536 quoties
3445 2466 3801 2535 sequentibus

2221 2562 2403 2629 priora
2427 2562 2733 2618 vincuntur.
2766 2564 2911 2617 Vale.

2821 2653 3035 2709 EPIST.
3080 2654 3190 2709 LX.

2693 2759 3004 2800 SYIINACHL‘S
3035 2759 3319 2801 ευιῚιΑιιο.

2289 2831 2583 2889 Fracturum
2606 2835 2695 2889 ﬁlii
2731 2837 2859 2901 mei,
2892 2837 2935 2889 si
2966 2836 3075 2891 fors
3097 2835 3298 2889 dictum
3319 2836 3493 2904 juvet,
3524 2835 3800 2905 proximus

2219 2937 2393 2978 annus
2422 2934 2716 2994 exspectat.
2748 2926 3016 2994 Equorum
3066 2928 3193 2980 mihi
3246 2925 3506 2981 curulium
3549 2927 3796 2982 nobilitas

2219 3018 2567 3085 przeparanda
2593 3028 2692 3079 est.
2735 3019 2826 3072 tibi
2858 3019 3091 3073 curanda
3130 3036 3145 3074 :
3179 3029 3235 3073 ut
3275 3021 3657 3088 exspectationi
3703 3036 3789 3090 po.

2224 3109 2333 3178 puli
2364 3110 2588 3164 Romani
2621 3128 2737 3166 mea
2773 3113 3018 3181 pecunia,
3048 3124 3132 3167 tua
3160 3127 3289 3167 cura
3312 3115 3648 3182 respondeat.
3687 3116 3796 3167 lloc

2142 3183 2185 3240 (ἶ
2221 3214 2308 3254 me
2330 3201 2538 3256 crebris
2569 3202 2759 3256 litteris
2800 3204 3101 3272 poStulasse
3123 3205 3429 3259 meminiSti.
3473 3205 3623 3260 Nunc
3666 3206 3795 3259 mihi

2220 3292 2601 3347 admonitionis
2620 3295 2803 3361 verba,
2829 3310 2933 3347 non
2954 3294 3284 3363 repetitionis
3312 3295 3610 3349 adhibenda
3640 3305 3790 3349 sunt:

2219 3394 2272 3438 et
2305 3394 2481 3438 tamen
2512 3399 2633 3439 cum
2666 3386 2909 3439 Voluntas
2947 3387 2998 3440 in
3032 3400 3127 3441 nos
3154 3396 3239 3441 tua
3271 3387 3525 3441 ambitum
3575 3404 3679 3442 non
3711 3403 3794 3442 re-

2216 3478 2423 3547 quirat,
2465 3479 2518 3533 in
2558 3487 2763 3534 tantum
2816 3496 2901 3536 me
2953 3482 3128 3535 votiva
3173 3482 3462 3538 sollicitant
3505 3494 3561 3536 nt
3609 3482 3795 3537 anxias

2217 3574 2434 3629 auribus
2471 3577 2576 3631 tuis
2604 3586 2853 3646 tanquam
2890 3593 3059 3634 novus
3092 3580 3289 3648 petitor
3317 3582 3551 3650 ingeram
3587 3595 3792 3649 preces.

2222 3666 2494 3723 Vincenda
2516 3680 2596 3726 est
2630 3672 2770 3724 enim
2803 3670 2929 3725 mihi
2954 3671 3092 3726 fama
3123 3673 3513 3742 esemplorum,
3536 3688 3654 3743 quae
3675 3683 3792 3741 post

2216 3758 2551 3815 consularem
2580 3755 2998 3816 munificentiam
3030 3762 3224 3818 domus
3254 3775 3471 3831 nostrae,
3493 3772 3547 3818 et
3574 3762 3661 3817 lilii
3686 3764 3791 3817 mei

2216 3852 2558 3920 quaestoriam
2582 3852 2929 3917 functiouem,
2948 3852 3080 3907 nihil
3105 3852 3173 3908 de
3204 3855 3353 3908 nobis
3381 3855 3651 3909 mediocre
3679 3869 3775 3923 pro

2219 3943 2397 3996 mittit.
2418 3942 2541 3997 lltec
2564 3944 2721 4013 igitur
2739 3942 3006 4011 petitionis
3022 3959 3224 3998 summa
3253 3957 3354 4013 est,
3382 3954 3537 4000 utme
3566 3945 3791 4015 diligen-

2219 4032 2288 4088 tia
2312 4040 2399 4086 tua
2431 4034 2713 4102 przcteritte
2744 4034 2921 4104 gloria:
2952 4050 3131 4103 parem
3154 4036 3329 4091 faciat.
3378 4036 3550 4091 Pretia
3582 4054 3677 4105 pro
3705 4050 3793 4092 tua

2218 4128 2469 4195 mquitate
2498 4126 2823 4181 numeranda
2855 4127 3147 4180 familiares
3165 4130 3263 4181 mei
3296 4129 3668 4183 incutietanter
3694 4146 3789 4181 es-

2218 4219 2447 4272 so‘vent.
2471 4217 2571 4272 Tui
2596 4219 2841 4273 beneficii
2866 4218 2986 4281 erit,
3017 4227 3073 4272 ut
3100 4219 3354 4288 quidquid
3379 4220 3446 4273 ad
3466 4220 3649 4272 curule
3678 4235 3790 4272 cer-

2219 4318 2394 4363 tamen
2417 4322 2731 4378 generosum
2755 4309 2922 4378 gignit
2942 4307 3213 4378 liispania,
3239 4309 3321 4363 vel
3345 4310 3503 4363 domo
3530 4312 3786 4380 prmbeas,

2220 4399 2303 4453 vel
2335 4400 2401 4454 de
2428 4400 2653 4454 aliorum
2682 4399 2934 4469 gregibus
2962 4414 3238 4466 excerpas.
3262 4400 3374 4454 Non
3426 4416 3611 4456 vereor
3655 4402 3790 4455 inter

2223 4491 2335 4545 hare
2384 4507 2451 4544 ne
2480 4507 2566 4544 mo
2614 4501 2949 4559 appetentem
2997 4488 3218 4557 plebeiae
3272 4491 3439 4546 laudis
3493 4494 3790 4547 existimes.

536 4609 683 4649 crem
715 4637 727 4659 ,
762 4593 847 4647 vel
888 4592 1050 4644 durso
1077 4588 1258 4643 mitem
1292 4586 1540 4656 proba'vi,
1577 4584 1725 4655 optio
1756 4583 1962 4637 meritis
2009 4596 2113 4635 non
2144 4556 2197 4617 Ῑ)
2219 4580 2336 4634 Scis
2364 4582 2506 4634 enim
2537 4595 2635 4650 pro
2665 4591 2749 4633 tua
2793 4582 3053 4648 sapientia
3083 4597 3286 4650 magna:
3319 4583 3463 4636 urbis
3506 4585 3784 4651 magistra-

538 4688 764 4741 excitata
812 4684 972 4739 ςθενὶι
1002 4698 1035 4738 e
1078 4698 1137 4737 re
1178 4690 1323 4735 nata.
1362 4678 1731 4747 Opportunum
1763 4675 1973 4729 videtur
1995 4672 2116 4729 dili-

538 4778 775 4845 gentiam
804 4784 947 4828 tuam
981 4772 1225 4841 precibus
1258 4768 1460 4824 ambire
1490 4808 1505 4828 ,
1536 4778 1591 4819 ut
1620 4767 1671 4820 in
1695 4768 1996 4835 pra-toriam
2024 4763 2117 4818 filii

540 4868 645 4921 mei
690 4866 1014 4919 iunctionem
1052 4863 1166 4917 visu
1208 4870 1264 4916 ct
1304 4876 1463 4914 cursu
1495 4858 1698 4912 nobiles
1730 4867 2112 4925 praeparentur.

538 4958 762 5013 Gemina
786 4967 908 5009 ante
936 4954 1033 5007 hac
1064 4953 1313 5007 editionis
1334 4949 1648 5003 claritudine
1673 4948 1727 5000 in
1755 4961 1815 5001 os
1843 4947 2114 4999 hominum

539 5049 803 5101 venimus.
841 5043 1284 5101 Satisfaciendum
1318 5042 1525 5094 videtur
1554 5038 1969 5108 exspectationi,
1993 5052 2110 5105 quae

542 5139 711 5193 erevit
739 5136 1017 5204 exemplis.
1047 5136 1224 5198 Quare
1250 5131 1415 5185 amori
1436 5141 1525 5183 tuo
1551 5128 1717 5182 laudis
1750 5137 1945 5181 nostra:
1965 5141 2109 5180 com-

540 5229 737 5284 ntenilo
763 5240 1012 5291 causam,
1054 5241 1170 5295 quat
1202 5224 1469 5293 paulisper
1502 5234 1784 5275 censuram
1815 5220 1937 5272 vitm
1966 5228 2066 5271 tua;
2090 5259 2105 5284 ,

541 5323 960 5391 gravitatemque
994 5316 1155 5371 animi
1180 5320 1243 5369 ad
1276 5313 1553 5384 populares
1581 5326 1737 5367 aures
1764 5312 1924 5367 debet
1961 5312 2113 5365 infle-

539 5423 706 5475 ctere,
725 5410 886 5463 domu
914 5409 1138 5477 pretium
1161 5404 1546 5476 apportabitur,
1568 5415 1657 5458 tuo
1685 5405 1939 5457 arbitrati:
1962 5402 2112 5457 nobi-

543 5504 670 5555 lin-m
711 5502 1087 5568 quadrigarum
1130 5490 1363 5551 dtiminis
1413 5494 1768 5549 inferendum.
1820 5494 1997 5547 Solam
2042 5493 2109 5547 de

537 5594 767 5647 amicitia
815 5602 899 5644 tua
938 5590 1221 5645 electionis
1258 5603 1442 5641 curam
1488 5588 1719 5655 requiro.
1754 5585 1914 5639 Facto
1956 5585 2108 5638 lacilc

538 5693 642 5750 est,
673 5698 791 5737 cum
814 5688 883 5735 sit
912 5682 1060 5734 dives
1080 5677 1480 5748 cqttinipet‘uris
1508 5676 1780 5744 Hispania,
1813 5684 1865 5728 et
1885 5689 2107 5742 magnus

540 5782 756 5840 gregum
784 5786 1036 5828 numerus
1063 5771 1267 5839 c0piam
1301 5775 1517 5836 prmstet
1560 5766 1814 5822 examini.
1850 5765 1996 5820 Vale.

2220 4672 2359 4725 tibus
2381 4681 2635 4741 angustos
2662 4674 2867 4725 animos
2889 4688 2991 4725 non
3023 4674 3333 4730 convenire.
3360 4675 3468 4729 lloc
3489 4677 3647 4728 etiam
3663 4677 3786 4729 'ful-

2220 4767 2320 4819 lius
2351 4777 2470 4819 tuus
2487 4766 2747 4834 praecipit,
2765 4766 2944 4819 luxum
2976 4766 3028 4820 in
3049 4765 3266 4835 privatis
3290 4767 3514 4836 negotiis
3536 4783 3786 4836 arguens,

2218 4856 2272 4911 in
2303 4857 2526 4925 publicis
2558 4854 3004 4923 magniﬁcentiam
3051 4856 3303 4923 probans.
3333 4857 3511 4922 Quare
3546 4873 3609 4911 ex
3642 4872 3785 4910 suni-

2218 4947 2318 5000 mis
2349 4947 2536 5014 opibus
2567 4946 2689 5014 juva
2728 4946 2949 4999 Romani
2982 4948 3104 5000 anni
3151 4950 3449 5013 speciosum
3504 4949 3734 5001 colorem
3769 4963 3782 5008 ;

2216 5048 2469 5091 venturus
2501 5036 2550 5089 in
2582 5047 2783 5103 partem
2819 5036 3089 5104 popularis
3117 5035 3330 5097 favoris,
3362 5036 3403 5088 si
3428 5037 3579 5090 nobis
3602 5053 3662 5091 ex
3696 5046 3785 5091 tuo

2216 5126 2474 5181 beneficio
2499 5126 2757 5181 celebrior
2788 5127 2922 5179 fama
2952 5127 3283 5194 provenerit.
3315 5126 3465 5180 Vale.

2817 5217 3030 5271 EPIST.
3072 5216 3205 5271 LXI.

2683 5322 2990 5362 εϊιωηωιυε
3030 5323 3308 5360 ΕυΡΙιΑΧΙυ.

2282 5402 2540 5457 'l'uentius
2573 5411 2691 5454 tuus
2732 5400 2783 5453 in
2808 5400 3064 5452 utramvis
3093 5412 3275 5452 aurem
3315 5411 3559 5450 somnum
3598 5410 3779 5462 capes-

2211 5503 2313 5548 sat.
2338 5492 2477 5546 Nihil
2493 5492 2633 5546 enim
2649 5502 2834 5558 magna
2854 5488 3081 5557 dignitas
3100 5501 3129 5540 a
3153 5500 3383 5555 paupere
3399 5486 3546 5554 petit.
3568 5485 3644 5539 Sit
3670 5484 3781 5537 fur-

2210 5591 2351 5637 tasse
2380 5581 2646 5649 plerisque
2676 5578 2787 5648 ipsa
2811 5578 2984 5645 inopia
3010 5577 3217 5646 gravis:
3244 5575 3402 5629 habet
3426 5584 3600 5628 tamen
3621 5574 3780 5627 alieni

2210 5671 2388 5727 oneris
2410 5669 2797 5738 exceptionem.
2829 5666 3030 5731 Adjice,
3064 5666 3107 5718 si
3139 5666 3333 5734 placet,
3367 5662 3635 5719 securitati
3662 5664 3782 5731 ejus

2210 5760 2492 5820 sacerdotii
2515 5758 2872 5827 privilegium,
2908 5766 2960 5812 et
2984 5757 3139 5810 unius
3189 5755 3420 5811 hominis
3451 5753 3781 5809 munimenta
