4218 6446
442 388 543 446 241

1667 380 1988 439 EPISTULA
2001 377 2139 431 RUM
2182 378 2380 435 LIBER
2424 383 2500 437 IV.

3592 389 3697 446 9η

443 500 776 571 multiplicia.
806 500 931 557 Mihi
959 499 1169 557 videtur
1214 499 1438 555 validior
1467 514 1588 554 esse
1630 497 1879 553 omnibus
1916 510 2004 545 va-
2036 497 2085 551 Α
2114 493 2248 547 tium
2278 497 2344 549 ad
2368 498 2596 552 secunda
2634 498 2988 566 progreiitur,
3032 500 3075 552 si
3121 504 3292 566 priora
3343 500 3685 568 displiceant.

442 593 711 647 catinnttm
745 592 995 647 remediis
1018 593 1274 650 exhausta
1299 593 1526 646 fortuna.
1562 590 1667 645 Sed
1712 590 1870 643 velim
1914 604 1984 642 no

442 684 586 739 veris
606 684 919 753 quasizores
946 684 1114 753 gleba:
1143 684 1429 738 senatoriae
1455 682 1701 752 protinus
1728 679 2010 745 ali'uturos,

438 776 869 845 st-eraodamqne
896 775 1112 831 'l‘uentii
1144 777 1350 829 veniam
1384 774 1679 845 pleniorem
1702 814 1719 839 ,
1762 772 1809 827 si
1854 770 2012 825 fidem

441 868 771 939 paupertatis
796 869 913 938 ejus
938 869 1234 938 exploratio
1257 878 1424 923 ratam
1460 867 1666 923 fecerit.
1696 866 1901 921 Interea
1935 877 2017 918 tu-

438 969 528 1013 tus
570 958 837 1028 prioribus
885 961 1052 1030 gestis
1100 971 1225 1028 agat
1276 960 1521 1015 liberum.
1564 957 1703 1013 Nihil
1734 957 2015 1011 novabitur

438 1063 564 1121 post
626 1052 846 1107 illustris
899 1054 997 1107 viri
1042 1053 1235 1109 Felicis
1294 1068 1393 1122 pro
1456 1052 1548 1107 illo
1598 1049 2010 1123 judicatinnem;

443 1144 601 1200 modo
627 1143 882 1214 allegatos
926 1145 1126 1198 dudum
1172 1146 1438 1201 senatoris
1483 1145 1755 1216 angustias
1808 1150 2017 1197 astruat

436 1237 700 1293 examinis
727 1237 1024 1307 diligentia.
1075 1239 1226 1293 Nunc
1278 1237 1409 1293 mihi
1442 1238 1613 1293 amice
1652 1235 2014 1306 ohjurgandus

434 1346 519 1394 es,
551 1331 640 1399 qui
671 1344 792 1385 cum
823 1330 994 1384 vicina
1023 1328 1215 1387 itinera
1254 1328 1653 1402 perstrinxeris,
1687 1326 1907 1382 flectere
1944 1326 2011 1381 ad

436 1436 536 1477 nos
565 1422 802 1478 habenas
829 1421 1046 1494 longum
1084 1426 1304 1495 putasti.
1345 1423 1589 1479 Dedisset
1618 1421 1865 1491 Hispania
1911 1418 2016 1474 Ro-

437 1530 541 1571 mae
571 1514 746 1586 posito
774 1529 944 1571 morae
977 1518 1207 1573 veniam.
1238 1516 1395 1572 Novit
1415 1519 1556 1573 enim
1579 1515 1894 1572 Submittere
1924 1513 2012 1567 de-

437 1608 635 1663 sideria
676 1622 772 1663 sua
808 1618 1126 1666 cunctarum
1177 1610 1575 1680 provinciarum
1623 1608 1850 1676 parenti.
1909 1606 2015 1661 Nec

438 1700 512 1753 ita
545 1713 706 1753 avara
738 1708 825 1755 est
852 1708 912 1755 ut
940 1702 1095 1758 nobis
1124 1701 1336 1772 propria
1375 1702 1511 1761 bona
1543 1700 1676 1754 nolit
1707 1697 2011 1753 ostendere.

435 1791 614 1858 Quare
630 1789 861 1846 fraudati
892 1792 1061 1860 gratia
1097 1794 1195 1860 tui,
1232 1794 1499 1849 secundos
1540 1789 1787 1844 amicitia.-
1816 1789 2014 1842 fructus

2122 587 2235 642 Misi
2263 588 2419 658 igitur
2438 605 2503 644 ex
2527 591 2908 645 recentioribus
2943 607 3163 644 numero
3184 592 3435 659 quinque,
3465 610 3690 659 quarunt

2117 679 2207 732 uni
2233 680 2343 747 jam
2367 680 2609 735 fiduciam
2641 681 2767 737 fecit
2805 680 3042 751 publicus
3072 683 3246 736 favor.
3277 685 3380 736 Sed
3418 695 3537 751 post
3574 699 3695 737 Scu-

2118 771 2336 826 tentiam
2370 774 2554 841 gentis
2587 782 2799 844 togatze,
2843 774 3017 827 adhuc
3067 776 3467 841 exspectatione
3508 774 3693 843 judicii

2118 864 2190 917 tui
2212 864 2443 933 pendeo,
2472 866 2613 935 quod
2650 866 2772 918 volo
2795 866 3001 935 juratus
3030 866 3270 929 emittas,
3294 869 3414 933 quia
3438 869 3694 920 convenit

2116 958 2301 1012 vinciri
2328 957 2857 1025 sacramcntqlidem,
2877 958 2917 1010 si
2948 957 3160 1027 quando
3185 956 3414 1011 amicitia
3442 958 3491 1010 in
3513 958 3692 1027 suspi-

2114 1049 2321 1104 cionem
2351 1049 2536 1118 gratia:
2567 1049 2789 1104 venerit.
2816 1048 2967 1103 Vale.

2704 1138 2915 1194 EPIST.
2952 1138 3104 1192 LXV.

2584 1244 2893 1285 SYHMACIIUS
2931 1243 3211 1285 EUPRAIIO.

2186 1320 2507 1376 Iamdudum
2560 1321 2613 1376 in
2666 1321 3062 1390 exspectatione
3128 1320 3427 1376 litterarum
3478 1330 3686 1376 tuarum

2115 1427 2285 1481 eram,
2315 1414 2550 1471 incertus
2576 1414 2737 1469 animi
2776 1413 2899 1484 quid
2930 1414 3029 1467 sibi
3070 1412 3225 1469 vellet
3254 1421 3359 1469 tam
3390 1415 3543 1485 longa
3572 1430 3689 1469 Ces-

2117 1508 2275 1562 satio.
2307 1508 2411 1564 Sed
2447 1508 2533 1562 ubi
2564 1515 2866 1575 compotem
2894 1506 3185 1562 desiderati
3231 1508 3468 1561 muneris
3506 1506 3687 1562 reddi-

2117 1596 2264 1663 disti,
2303 1611 2428 1653 cura
2467 1599 2624 1653 vertit
2654 1597 2705 1652 in
2751 1596 3018 1668 gaudium.
3078 1597 3139 1651 Et
3180 1611 3365 1654 revera
3397 1596 3468 1652 ita
3500 1606 3689 1653 natura

2118 1695 2360 1754 paratum
2391 1700 2492 1755 est,
2524 1697 2581 1741 ut
2621 1687 2846 1757 expetiti
2876 1687 2966 1742 diu
2996 1685 3156 1742 officii
3184 1688 3401 1755 querela
3441 1688 3687 1752 decedat,

2118 1777 2164 1837 si
2195 1777 2461 1847 patiamur
2513 1785 2715 1847 optato.
2761 1776 2903 1847 Ergo
2942 1792 3133 1845 magno
3171 1777 3412 1846 impenso
3451 1780 3691 1847 gratulor

437 1881 625 1937 sedulo
656 1880 1015 1950 postulamus,
1043 1894 1099 1937 ut
1128 1885 1335 1954 quoties
1376 1884 1486 1937 lors
1534 1881 1736 1949 copiam
1787 1878 1993 1934 dederit
2050 1851 2091 1909 Β
2119 1870 2437 1941 integratum
2470 1870 2601 1925 mihi
2627 1884 2746 1925 esse
2780 1871 2971 1940 pignus
2995 1869 3285 1940 religionis.
3314 1868 3600 1925 Prmstabis
3623 1884 3693 1924 ne

440 1977 678 2048 legamus
701 1977 881 2032 saltim
912 1977 1003 2047 qui
1026 1977 1210 2031 videre
1247 1977 1549 2030 maluimus.
1583 1972 1732 2027 Vale.

1029 2066 1246 2123 EI’IST.
1290 2066 1443 2121 LXII.

903 2174 1210 2220 SHHIACIIUS
1253 2172 1545 2215 EUPRAKIO.

510 2259 578 2315 Et
624 2259 855 2315 amicitia
904 2266 1083 2309 nostra
1137 2253 1191 2307 in
1231 2265 1326 2306 ore
1357 2249 1645 2304 multorum
1676 2254 1788 2310 est,
1817 2254 1871 2301 et
1900 2245 2015 2299 laus

436 2367 698 2423 equorum
739 2361 950 2405 tuorum
997 2346 1278 2415 longinqua
1317 2341 1635 2414 penetravit.
1680 2339 1815 2395 llinc
1858 2340 1919 2393 fit
1960 2347 2017 2393 ut

438 2462 552 2501 sua:
571 2446 797 2516 quisque
841 2442 1026 2509 patrire
1064 2438 1406 2508 magistratus
1437 2450 1568 2490 mete
1596 2433 2016 2489 conunendatio-

439 2538 525 2593 nis
555 2551 710 2606 opem
739 2532 996 2605 postulet,
1020 2543 1239 2601 gregum
1267 2537 1480 2583 tuorum
1509 2526 1647 2579 fama
1676 2523 1907 2579 illectus.
1939 2520 2015 2576 Ea

442 2640 661 2699 propter
686 2634 982 2682 summates
1008 2621 1449 2677 Antiochensium
1481 2615 1629 2673 missi
1654 2615 1721 2671 ad
1767 2629 2014 2671 mercan-

439 2722 537 2779 das
557 2720 859 2791 quadrigas,
877 2718 1051 2787 juvari
1077 2713 1220 2784 apud
1253 2723 1306 2769 te
1334 2709 1599 2767 sermonis
1625 2708 1794 2762 nostri
1827 2705 2013 2763 conci-

442 2814 662 2868 liatione
684 2813 991 2865 voluerunt.
1015 2810 1228 2872 Aunue,
1244 2818 1448 2874 quaso,
1476 2804 1689 2871 longum
1709 2799 2018 2869 peregrina-

440 2906 531 2969 tis,
560 2914 613 2959 et
640 2901 945 2969 electionis,
978 2910 1032 2955 et
1053 2898 1209 2967 pretii
1235 2896 1431 2967 justam
1460 2894 1871 2964 benignitatem;
1894 2904 2016 2960 quae

442 2997 686 3052 homines
723 2995 1027 3065 opinionem
1060 2991 1310 3048 blandam
1340 2997 1583 3053 secutos,
1617 2986 1685 3040 de
1715 2995 1804 3039 tuo
1837 2984 2015 3040 studio

439 3102 668 3159 meoque
690 3089 881 3144 merito
910 3099 1095 3141 verum
1119 3096 1368 3152 sperasse
1392 3078 1696 3138 confirmet.
1733 3075 1877 3132 \‘alc.

1009 3176 1225 3233 EPIST.
1269 3173 1451 3231 LXIII.

910 3284 1216 3326 εγιιιιλοιιυε
1258 3280 1539 3323 ευριιλπιο.

508 3361 550 3417 ιτ
554 3375 613 3416 as
636 3360 708 3416 sit
735 3360 915 3415 dicere
940 3373 955 3413 :
984 3370 1243 3427 equorum
1270 3355 1534 3409 curulium
1561 3350 1712 3419 copia
1745 3364 1851 3404 non
1884 3360 2012 3420 cge-

437 3469 588 3517 mus,
616 3452 713 3508 sed
754 3451 943 3508 incitat
984 3463 1083 3504 nos
1127 3458 1375 3519 praetura:
1409 3460 1557 3499 mora
1587 3443 1652 3498 ad
1684 3441 2010 3499 desiderium

436 3546 676 3601 numeris
715 3544 978 3613 largioris.
1033 3540 1093 3597 Si
1130 3554 1259 3611 ergo
1300 3538 1472 3594 dulcis
1517 3546 1601 3594 est
1642 3536 1742 3608 (ut
1776 3533 2009 3604 assolet)

437 3636 673 3694 mandati
701 3636 805 3691 mei
834 3633 1107 3689 exsecutio
1130 3671 1147 3698 ,
1177 3641 1405 3701 quatuor
1431 3644 1494 3684 ex
1518 3643 1680 3699 grege
1720 3622 2013 3682 Laudat-ia-

437 3744 626 3785 norum
657 3727 961 3798 quadrigas,
993 3738 1125 3795 quas
1151 3733 1239 3777 tua
1290 3722 1515 3778 deﬂoret
1556 3720 1774 3784 electio,
1820 3715 1887 3773 ad
1924 3731 2011 3773 me

434 3831 565 3891 opto
592 3820 808 3885 deduci,
838 3834 959 3874 cum
990 3817 1220 3886 primum
1244 3828 1393 3869 mare
1418 3814 1683 3883 navigatio
1710 3826 1873 3866 verna
1913 3823 2013 3879 pa-

434 3913 695 3971 tefecerit.
727 3912 839 3982 Ego
870 3910 1095 3981 pretium
1138 3907 1280 3978 quod
1313 3907 1639 3978 signaverint
1678 3905 1869 3961 litterae
1905 3911 2010 3958 tum

434 4006 488 4061 in
519 4020 629 4061 rem
660 4004 837 4059 mis~is
858 3996 1234 4059 remunerabo.
1263 4000 1576 4070 Quanquam
1609 3998 1710 4052 hoc
1740 3996 2006 4066 spondere

433 4115 540 4155 non
568 4096 765 4163 debui,
793 4096 916 4167 quia
949 4094 1079 4150 fides
1110 4092 1362 4148 amicitiae
1394 4092 1751 4164 syngrapham
1785 4103 1890 4143 non
1922 4100 2010 4143 rc-

431 4189 614 4259 quirit.
656 4187 832 4242 Credo
876 4184 1087 4240 mireris
1136 4200 1234 4239 cur
1284 4198 1389 4239 non
1436 4183 1613 4255 potius
1654 4181 1721 4235 de
1757 4177 2008 4250 gregibus

434 4280 539 4334 tuis
580 4280 874 4350 postulem,
924 4278 1011 4344 qui
1055 4276 1360 4346 potissimos
1405 4274 1681 4330 iberorum
1727 4272 2004 4327 nobilitate

430 4381 780 4443 prmvei'tunt.
826 4370 1115 4425 Fastidium
1156 4367 1438 4423 uniformis
1466 4366 1762 4436 spectaculi
1811 4366 2010 4436 patitur

430 4464 638 4531 civitas,
656 4464 807 4533 cujus
822 4464 1041 4518 satietas
1064 4461 1191 4514 mihi
1216 4458 1739 4517 varietatevinccnda
1763 4457 2008 4511 est.'l‘u:e

2036 3210 2084 3274 C

2118 1960 2275 2029 hujus
2320 1959 2587 2031 epinioois
2633 1958 2831 2015 frustra
2874 1962 2996 2025 sim,
3043 1975 3165 2015 cum
3217 1960 3540 2031 diligentiam
3586 1960 3691 2016 mei

2116 2052 2369 2109 continuo
2393 2067 2577 2108 amore
2605 2051 2927 2108 servaveris.
2958 2050 3110 2106 Vale.

2673 2144 2890 2201 EPIST.
2945 2143 3126 2201 LXVI.

2611 2252 2917 2293 εγιικλειιυε
2956 2250 3216 2293 ευειωηο.

2192 2331 2388 2388 Videre
2411 2331 2535 2403 quid
2556 2328 2756 2399 iustitia
2787 2339 3112 2397 temporum,
3134 2327 3258 2393 quid
3288 2338 3463 2381 causa
3490 2334 3685 2381 nostra:

2118 2424 2349 2489 bonitas,
2377 2423 2505 2495 quid
2535 2437 2662 2478 cura
2692 2432 2802 2488 tua,
2826 2423 2872 2478 si
2902 2431 3078 2477 tamen
3108 2420 3199 2475 tibi
3226 2420 3375 2474 cordi
3395 2430 3535 2480 sum.
3565 2419 3683 2474 ειη-

2118 2533 2244 2575 cere
2283 2518 2473 2584 possit.
2496 2516 2609 2585 Ego
2637 2515 2691 2572 in
2721 2515 2885 2572 fratre
2913 2529 3035 2571 meo
3064 2512 3299 2569 Eusebio
3328 2512 3392 2568 V.
3418 2512 3479 2569 C.
3502 2522 3686 2568 votum

2116 2610 2313 2665 servati
2341 2608 2485 2669 circa
2532 2621 2634 2663 nos
2687 2605 3063 2661 moderaminis
3108 2604 3421 2672 amplector,
3466 2604 3687 2673 ejusque

2118 2703 2437 2775 probitatem
2464 2711 2646 2756 mente
2683 2700 2826 2767 colo,
2848 2712 3099 2754 sermone
3132 2694 3473 2753 commendo.
3504 2694 3571 2750 Et
3595 2694 3689 2750 ille

2116 2796 2240 2853 licet
2265 2794 2392 2849 boni
2421 2793 2679 2863 propositi
2729 2791 3009 2863 praemium
3056 2805 3161 2847 non
3195 2788 3461 2859 requirat;
3505 2797 3686 2845 tamen

2118 2886 2398 2941 honestam
2434 2886 2595 2939 vitam
2625 2883 2693 2938 de
2734 2893 2822 2937 tua
2843 2881 3073 2936 amicitia
3113 2891 3360 2950 optamus
3385 2879 3684 2937 exsolvere.

2116 2977 2335 3039 Procris
2355 2976 2513 3046 igitur
2529 2991 2640 3030 rem
2660 2984 2764 3028 tam
2792 2988 2927 3029 mea:
2941 2972 3195 3029 voluntati
3211 2983 3507 3043 acceptam,
3528 2986 3687 3040 quam

2116 3072 2225 3126 tuis
2264 3068 2503 3128 moribus
2530 3076 2945 3122 consentaneam
2968 3083 2982 3125 :
3009 3064 3054 3120 si
3074 3065 3317 3120 advertat
3342 3066 3424 3118 vir
3452 3064 3681 3133 pruden-

2119 3160 2355 3216 tissimus
2393 3158 2646 3229 quidquid
2687 3157 2817 3210 mihi
2846 3157 3051 3222 tribuit,
3077 3156 3126 3209 id
3156 3171 3215 3211 se
3251 3158 3489 3209 omniniu
3517 3155 3683 3209 inuno—

2116 3267 2234 3308 rum
2267 3251 2448 3323 gratire
2472 3248 2748 3304 detulisse.
2781 3246 2928 3302 Vale.

2686 3339 2900 3396 EPIST.
2928 3331 3134 3395 LXVII.

2604 3448 2913 3490 εηιιλοιιυε
2938 3446 3195 3489 ῑυειοκιο.

2184 3532 2251 3586 Et
2273 3540 2571 3598 temporum
2587 3528 2885 3584 clementite
2906 3526 3171 3598 congruit,
3198 3534 3255 3580 et
3274 3534 3462 3580 sancto
3480 3526 3689 3596 ingenio

2112 3633 2204 3679 tuo
2237 3621 2500 3677 familiare
2526 3630 2611 3676 est
2649 3620 2769 3687 opis
2796 3617 3005 3691 indiges
3054 3616 3357 3674 sublevare.
3394 3616 3525 3671 lliuc
3555 3616 3689 3670 mihi

2112 3713 2299 3769 ﬁducia
2331 3712 2547 3767 suborta
2576 3719 2659 3766 est
2690 3723 2786 3779 pro
2807 3707 2971 3764 fratre
3003 3714 3187 3763 no~tro
3222 3706 3537 3761 Stcminatio
3565 3720 3689 3774 sup-

2112 3804 2365 3878 plicandi,
2392 3804 2477 3859 cui
2505 3802 2705 3858 dudum
2730 3807 2920 3859 cuncta
2949 3798 3183 3868 dempsit
3214 3795 3410 3851 invidia
3434 3796 3684 3862 fortuna,

2110 3907 2308 3971 praeter
2335 3909 2570 3950 amorem
2595 3892 2878 3948 bonarum.
2902 3889 3084 3959 Neque
3097 3888 3239 3944 enim
3265 3896 3439 3955 potest
3466 3885 3685 3956 ambigi,

2110 3988 2238 4060 quid
2259 3987 2328 4043 de
2350 3987 2554 4055 optimo
2572 3997 2785 4055 quoque
2814 3988 3105 4043 mereatur,
3136 3977 3225 4048 qui
3282 3991 3451 4046 nuper
3476 3989 3509 4029 a
3544 3978 3688 4045 priu-

2110 4081 2318 4149 cipibus
2343 4076 2578 4143 invictis,
2603 4089 2671 4129 ne
2701 4088 2797 4143 per
2820 4071 3199 4141 indulgentiam
3230 4067 3569 4131 liberaretur,
3600 4080 3686 4121 ac-

2110 4173 2247 4230 citus
2265 4177 2379 4225 est:
2406 4166 2681 4237 magisque
2709 4164 2931 4228 honore,
2965 4150 3124 4232 quam
3154 4158 3310 4214 venia
3338 4157 3505 4211 fatum
3539 4156 3690 4211 triste

2110 4259 2369 4324 mutavit,
2416 4272 2516 4314 nec
2563 4265 2670 4310 tam
2722 4260 2938 4321 ereptus
2982 4258 3067 4306 est
3110 4262 3269 4319 quam
3324 4247 3685 4302 desideratus.

2112 4354 2265 4411 Unde
2292 4365 2416 4420 spes
2438 4357 2584 4405 certa
2613 4346 2691 4413 Iit,
2713 4345 2877 4401 etiam
2900 4342 3191 4412 principem
3210 4346 3449 4394 nostrum
3476 4337 3691 4392 lenitate

2109 4444 2497 4509 venerabilem,
2521 4440 2651 4511 justi
2683 4437 2955 4506 parentis,
2986 4443 3043 4490 et
3078 4434 3151 4503 pii
3189 4432 3369 4488 fratris
3415 4431 3688 4499 exemplo,

430 4556 593 4612 modo
618 4522 905 4624 diligentia:
933 4556 1003 4607 sit
1041 4552 1299 4607 adhibere
1324 4550 1606 4619 judicium,
1638 4558 1691 4603 et
1720 4563 1785 4602 ex
1815 4547 2007 4602 alienis
2032 4574 2089 4636 υ
2111 4539 2441 4610 supplemma
2469 4534 2689 4591 meliora
2722 4531 2947 4585 fortuna}
2993 4528 3268 4591 daturum,
3300 4524 3346 4581 si
3393 4522 3553 4580 modo
3578 4539 3690 4636 1γεξ-

430 4646 654 4701 stabulis
684 4660 899 4715 requare
920 4645 1131 4699 laudem
1156 4651 1391 4696 tuorum.
1423 4642 1552 4694 Nam
1581 4655 1699 4694 cum
1734 4651 1822 4693 res
1850 4638 2005 4692 amici

428 4737 606 4808 agitur
627 4778 643 4803 ,
673 4738 773 4791 hos
802 4751 1015 4807 quoque
1049 4733 1294 4805 proprios
1326 4731 1491 4787 debes
1520 4739 1706 4801 putare
1734 4743 1869 4801 quos
1893 4728 2009 4786 ele-

431 4829 595 4902 geris.
634 4830 783 4885 Vale.

1002 4916 1217 4974 EI‘IST.
1263 4915 1445 4971 LXIV.

899 5024 1204 5063 SYIIIIACIIUS
1248 5020 1524 5062 EUI’RASIO.

503 5103 672 5159 Nemo
708 5116 937 5173 unquam
977 5111 1253 5172 pervector
1282 5111 1497 5154 tuorum
1540 5097 1749 5167 apicum
1807 5110 2006 5151 Vacuus

430 5194 672 5263 ejusdem
712 5193 948 5248 muneris
982 5191 1047 5244 ad
1080 5198 1133 5246 te
1158 5189 1483 5253 revertit,tu
1508 5198 1685 5243 tamen
1702 5188 2009 5256 infrequen-

433 5289 560 5343 tiam
592 5284 744 5338 nobis
777 5283 907 5337 vitio
935 5282 1103 5348 ducis,
1131 5290 1185 5334 et
1206 5280 1347 5337 ultro
1366 5294 1548 5334 curam
1580 5289 1686 5332 ture
1722 5275 2008 5331 assiduita-

432 5381 505 5434 tis
519 5378 835 5446 exprobras.
866 5375 1019 5430 Facis
1047 5374 1145 5430 hoc
1170 5373 1459 5429 amantium
1492 5386 1660 5435 more,
1692 5368 1829 5439 apud
1868 5382 2004 5439 quos

431 5468 731 5525 ofﬁciorum
763 5469 970 5534 talium,
1000 5468 1160 5523 etiam
1176 5480 1296 5519 cum
1314 5464 1633 5526 redundant,
1656 5462 1778 5517 sitis
1807 5475 2002 5531 magna

426 5570 537 5618 e~t.
578 5560 684 5615 Nec
712 5570 915 5615 tantum
940 5558 1189 5628 epistolas
1220 5558 1416 5625 poscis,
1459 5553 1820 5610 oratiunculas
1865 5565 2005 5622 quo-

433 5669 541 5724 (μεθ
566 5664 777 5709 nostras
808 5670 911 5708 non
937 5652 1106 5708 editas
1132 5649 1337 5725 deferri
1365 5652 1417 5705 in
1449 5664 1636 5703 manus
1667 5657 1784 5702 tuas
1809 5645 2006 5715 pracci-

438 5745 523 5816 pis
556 5762 570 5799 :
602 5760 720 5815 qua:
747 5751 1072 5805 tesvtdetur
1105 5742 1387 5798 ostendere
1419 5739 1545 5810 quid
1574 5739 1756 5811 judicii
1800 5737 2008 5793 habeas

437 5838 512 5896 de
553 5838 632 5894 his
675 5854 806 5909 quas
846 5842 977 5896 tinic
997 5834 1289 5906 sumpsisti.
1341 5832 1552 5891 Nullum
1604 5832 1748 5889 enim
1794 5828 2004 5887 deside-

2116 4645 2226 4695 stra
2254 4625 2540 4687 insinuatio
2565 4625 2715 4690 juvet
2738 4622 2980 4678 exhausti
3012 4619 3277 4675 senatoris
3305 4626 3535 4673 oratum.
3578 4615 3690 4669 Ilua

2115 4728 2256 4780 enim
2287 4723 2426 4778 factu
2455 4719 2651 4783 facilia,
2684 4714 2778 4771 sed
2805 4714 2870 4769 ad
2896 4713 3123 4785 gloriam
3157 4709 3461 4780 prmstantis
3500 4722 3689 4777 magna

2112 4814 2356 4887 deposcit
2383 4831 2397 4865 :
2430 4810 2579 4866 reddi
2616 4808 2777 4864 curite
2800 4804 3105 4861 testimonio
3130 4816 3305 4871 sacro,
3333 4809 3387 4855 et
3407 4816 3483 4855 rei
3501 4814 3689 4865 upcra-

2115 4908 2152 4962 ti
2178 4921 2259 4965 .ne
2275 4903 2466 4961 modici
2489 4900 2695 4970 argenti
2723 4899 2790 4954 :ib
2811 4895 2985 4965 inopia
3009 4892 3289 4948 vindicari.
3311 4892 3432 4944 llaec
3457 4899 3511 4945 ut
3544 4888 3692 4943 fater

2114 5011 2235 5053 tuus
2250 4997 2580 5064 aliorumque
2595 4992 2910 5061 optimatum
2932 4996 2986 5042 te
2998 4985 3328 5041 hortantium
3359 4995 3639 5051 promoveo
3650 4992 3661 5026 ε
3672 5020 3688 5044 ,

2115 5093 2338 5146 interest
2359 5084 2485 5143 boni
2516 5082 2720 5147 steculi,
2750 5082 2836 5136 cui
2866 5077 3074 5133 laudem
3122 5089 3411 5143 perennem
3441 5072 3523 5143 pia
3553 5070 3690 5126 facta

2111 5178 2419 5236 conciliant.
2451 5175 2605 5230 Vale.

2658 5263 2873 5319 EPIST.
2908 5259 3137 5315 LXVIII.

2591 5368 2900 5412 SYHIACHDS
2951 5364 3204 5406 EUSIGNIO.

2188 5453 2404 5512 Etiamsi
2426 5450 2614 5522 petitio
2643 5445 2939 5504 domestica
2961 5452 3017 5497 rt
3038 5441 3206 5498 amica
3236 5446 3492 5503 cessaret,
3520 5436 3707 5507 publi-‘

2110 5563 2206 5603 cus
2233 5546 2382 5616 vigor
2414 5542 2562 5613 justo
2605 5536 2874 5594 desiderio
2921 5534 3113 5590 deesse
3146 5546 3251 5586 non
3310 5539 3506 5599 posset.
3553 5528 3689 5595 Quid

2111 5644 2252 5697 enim
2286 5648 2390 5693 tam
2413 5634 2670 5689 familiare
2691 5628 2929 5698 justitize,
2958 5639 3117 5696 quam
3157 5632 3214 5677 ut
3251 5619 3690 5689 circumscriptor

2112 5730 2425 5787 clarissima:
2455 5733 2509 5779 et
2532 5719 2815 5777 laudabilis
2844 5717 3057 5773 femina:
3092 5713 3327 5785 parentis
3356 5726 3511 5773 meae,
3536 5718 3686 5764 astu-

2114 5830 2197 5883 tiae
2229 5837 2337 5881 suae
2368 5820 2603 5886 privetur
2625 5811 2838 5878 allecto,
2870 5823 2935 5866 ne
2965 5804 3263 5865 commodis
3291 5802 3477 5859 illudat
3499 5796 3693 5862 alienis
