4218 6468
463 350 498 405 Ξ

502 352 570 405 65

460 453 1476 479 η--η--μ--ο-υ-

1005 696 1219 754 EPIST.
1264 698 1496 753 PRIMA.

887 804 984 844 δι’»
992 805 1194 847 IIICI!”
1229 805 1588 845 "IBROPBANTI
1597 832 1611 844 .

524 877 692 937 Recte
713 879 892 937 valeo.
936 881 1049 937 Hoc
1071 882 1215 938 enim
1244 881 1515 938 scribendi
1544 881 1711 937 debet
1737 896 1858 939 esse
1900 883 2047 950 prin-

450 973 691 1042 clpium,
728 975 874 1047 quod
911 977 1143 1032 maxime
1169 987 1425 1043 expetunt
1452 984 1573 1030 vota
1614 976 1824 1031 lecturi.
1872 976 2045 1046 Eque

451 1064 550 1120 tibi
579 1076 865 1136 suppetere
906 1077 1149 1137 optatum
1196 1069 1431 1138 vigorem
1476 1068 1635 1121 nimis
1660 1068 1889 1138 gaudeo,
1922 1082 2043 1123 nam

453 1168 546 1212 tne
572 1156 665 1213 tali
694 1157 893 1215 indicio
920 1174 1088 1229 nuper
1112 1157 1376 1215 bilarasti.
1408 1159 1541 1214 illud
1569 1174 1783 1230 quoque
1809 1160 1862 1215 in
1892 1175 2043 1214 sum-

449 1263 541 1304 ma
572 1266 714 1322 pono
740 1254 926 1324 gratim
952 1294 969 1319 ,
1008 1252 1150 1322 quod
1196 1260 1248 1309 te
1277 1254 1444 1308 nostri
1473 1253 1939 1324 diligentissimum
1969 1254 2046 1307 fa-

454 1340 679 1399 miliaris
704 1344 827 1415 styli
860 1344 1112 1414 frequens
1140 1357 1267 1400 usus
1298 1346 1567 1410 ostendit;
1610 1345 1693 1399 cui
1725 1345 1801 1400 rei
1832 1344 2042 1399 laudem

450 1436 656 1490 referre
692 1436 976 1492 consilium
1003 1444 1123 1502 est,
1164 1445 1224 1492 ut
1258 1436 1362 1491 hoc
1401 1437 1750 1492 invitamento
1789 1438 2043 1493 memoris

449 1527 616 1581 animi
644 1526 712 1583 ad
739 1528 1196 1599 perseverantiam
1234 1530 1565 1599 provoceris.
1611 1528 1757 1585 Vale.

1095 1618 1306 1678 EPIST.
1336 1619 1402 1676 ll.

886 1726 1199 1767 SHﬂlACIlUB
1238 1727 1616 1768 IIIBBOPIIANTI.

521 1798 785 1871 Opulento
814 1802 988 1857 ofﬁcis
1025 1817 1112 1858 me
1147 1802 1324 1869 bono,
1368 1802 1580 1872 quoties
1615 1802 1903 1860 amicitiam
1943 1818 2041 1857 no-

450 1903 618 1949 stram
664 1895 855 1951 salutis
901 1906 1006 1952 tute
1049 1894 1249 1953 indicio
1302 1898 1624 1952 muneraris.
1694 1899 1831 1952 Deos
1884 1898 2044 1968 igitur

450 2000 767 2055 cmupreeor
794 1995 854 2042 ut
877 1996 931 2042 te
957 2001 1053 2057 pro
1078 1995 1221 2042 tanta
1245 1986 1300 2042 in
1329 2002 1429 2043 nos
1462 1987 1718 2057 religione
1745 1988 2037 2044 fortunent.

454 2077 820 2136 \‘icissitudini
863 2089 1043 2137 autem
1090 2079 1367 2136 litterario:
1398 2095 1583 2152 parem
1611 2081 1942 2152 diligentiam
1975 2082 2039 2136 li-
2074 2076 2124 2138 Β

450 2170 646 2229 benter
688 2173 943 2245 impendo
987 2181 1047 2229 ut
1087 2173 1155 2230 ad
1192 2174 1367 2232 officia
1411 2176 1712 2247 promptius
1758 2173 1999 2230 inciteris
2020 2213 2037 2240 ,

448 2280 573 2321 cum
602 2267 783 2324 videas
811 2269 954 2339 apud
999 2283 1295 2326 memorem
1321 2267 1646 2339 scriptorum
1669 2265 1902 2338 gratiam
1931 2280 2039 2324 non

452 2359 648 2430 perire.
694 2361 838 2419 Vale.

1079 2451 1296 2507 EPIST.
1338 2451 1425 2507 ιιι.

885 2558 1195 2599 εγωηωυε
1232 2557 1608 2599 ωειοιιηλκῑι.

522 2636 790 2705 Scriptum
822 2636 954 2691 mitti
986 2645 1131 2690 tuum
1163 2635 1444 2691 Probatius
1473 2650 1644 2703 nuper
1669 2632 1931 2700 exhibuit,
1959 2642 2042 2687 at-

448 2745 556 2799 que
580 2745 645 2787 ex
673 2744 739 2786 eo
766 2729 1054 2800 plurimum
1084 2728 1463 2800 gratulationis
1488 2730 1747 2794 accessit,
1776 2727 1918 2799 quod
1948 2728 2039 2784 tibi

450 2836 548 2891 pro
577 2832 702 2876 voto
724 2822 902 2876 omnia
928 2835 1211 2890 superesse
1238 2822 1493 2889 cognovi.
1525 2821 1578 2875 id
1605 2830 1663 2875 ut
1704 2835 1849 2890 saepe
1878 2820 2041 2875 facias

451 2928 672 2970 monere
699 2930 804 2970 non
853 2914 1217 2970 debeozcum
1265 2923 1557 2982 spontaneo
1603 2913 1779 2968 officia
1823 2911 2042 2967 stimulo

449 3006 840 3063 exhortationis
864 3021 972 3062 nou
996 3014 1245 3075 oporteat
1272 3005 1503 3060 incitari.
1536 3004 1687 3060 Vale.

1071 3096 1289 3154 EPIST.
1333 3096 1421 3151 IV.

922 3202 1233 3245 δγδηιιεηαε
1259 3201 1564 3243 τιιεουοιο.

520 3283 797 3339 Bonorum
840 3280 1096 3352 frequens
1122 3279 1432 3348 astipulatio
1458 3278 1527 3333 de
1571 3278 1774 3334 sanctis
1802 3276 2042 3333 moribus

451 3378 577 3444 tuis,
596 3378 650 3433 in
672 3378 773 3432 hoc
791 3391 878 3434 me
902 3374 1229 3431 desiderium
1259 3382 1536 3443 provocat,
1561 3380 1622 3428 ut
1638 3370 1899 3429 amicitias
1921 3381 2041 3429 tuas

1682 343 2051 399 EPISTULA“
2065 346 2152 400 [ΠΙ
2196 348 2393 402 LlllEl‘l
2438 348 2499 401 Υ.

1446 461 1921 643 Etim
2001 536 2103 663 ρ
2124 536 2401 645 UIZV
2420 466 2755 646 ﬁ};

3627 347 3736 406 206

2072 704 2121 758 Α
2150 699 2203 752 in
2232 700 2425 754 lucem.
2479 699 2672 755 Nescio
2694 716 2762 755 an
2807 718 2927 757 cum
2958 706 3336 761 commendare
3366 707 3456 759 tibi
3485 707 3731 770 debeam,

2146 791 2235 844 cui
2278 793 2472 845 summi
2500 792 2678 861 gaudii
2718 804 2903 849 auctor
2947 794 3113 850 fuisti.
3158 797 3321 851 Serva
3372 798 3562 866 igitur,
3612 813 3733 862 oro,

2146 880 2479 950 deprompta:
2518 884 2569 937 in
2598 898 2721 939 eum
2771 884 3112 955 benignitatis
3144 898 3405 954 tenorem,
3444 890 3542 941 etei
3576 890 3679 943 hoc
3704 904 3734 942 a

2148 973 2445 1027 constantia
2478 982 2564 1027 tua
2597 978 2918 1045 sperandum
2952 982 3119 1048 magis
3166 996 3324 1047 quam
3359 973 3732 1045 postulantium

2147 1074 2250 1119 est.
2300 1065 2354 1119 ln
2385 1066 2602 1121 duilium
2632 1072 2774 1123 enim
2806 1073 3090 1125 voluntarii
3122 1075 3319 1127 amorie
3349 1073 3479 1127 ﬁdas
3510 1088 3613 1127 neu
3643 1091 3731 1129 ve-

2149 1159 2244 1212 nit.
2277 1158 2425 1213 Vale.

2748 1254 2964 1309 l'ZPlST.
3008 1256 3116 1310 Vll.

2615 1360 2918 1400 SYIDIACUUS
2950 1362 3249 1403 τιιεουοῐίη.

2220 1431 2338 1500 Ipse
2368 1434 2496 1487 milii
2529 1437 2773 1506 rescripti
2810 1439 2968 1507 hujus
2999 1440 3232 1508 liajulum
3263 1443 3578 1510 praestitisti.
3620 1446 3726 1499 Du-

2149 1522 2274 1591 plici
2314 1526 2532 1580 nomine
2578 1528 2802 1598 gratiam
2846 1530 3044 1585 debere
3095 1547 3180 1587 me
3227 1533 3415 1588 fateor.
3465 1536 3593 1588 Nam
3619 1544 3734 1590 ate

2146 1615 2417 1685 profectus
2446 1631 2527 1674 est
2554 1662 2567 1681 ,
2599 1620 2687 1690 qui
2730 1620 2935 1678 litteras
2962 1625 3249 1680 exhiberet
3275 1669 3285 1689 .
3319 1635 3374 1681 et
3398 1642 3493 1697 per
3520 1637 3573 1682 te
3593 1668 3610 1689 ,
3640 1629 3732 1699 qui

2146 1709 2369 1770 referret
2401 1710 2630 1765 oblatus.
2683 1712 2951 1780 Maneant,
2984 1729 3104 1777 oro.
3136 1716 3276 1771 inter
3306 1730 3406 1771 nos
3434 1718 3732 1773 ofﬁciorum

2148 1801 2331 1856 talium
2362 1803 2528 1868 vices,
2561 1812 2617 1858 et
2644 1805 2781 1860 inter
2808 1807 2941 1861 alias
2968 1807 3153 1862 laudes
3184 1817 3301 1861 tuas
3325 1812 3649 1867 continuata:
3676 1810 3731 1865 in

2144 1893 2347 1947 amicos
2374 1893 2644 1963 religionis
2671 1896 2855 1951 titulus
2882 1908 3181 1956 censeatur.
3215 1898 3360 1951 Vale.

2746 1986 2963 2043 EPIST.
3005 1986 3141 2042 Vill.

2619 2090 2926 2133 ινιηιηιιυε
2957 2093 3258 2133 τυκοοοκο.

2213 2166 2434 2224 Gaudeo
2461 2168 2591 2223 mihi
2629 2170 2895 2226 sermonis
2925 2172 3003 2224 tui
3035 2171 3301 2240 peritias
3327 2174 3647 2241 contigisse.
3676 2182 3733 2230 et

2143 2260 2415 2331 impendio
2441 2264 2652 2331 postulo
2687 2273 2744 2317 ut
2775 2262 3218 2321 humanissimum
3248 2264 3351 2319 hoc
3375 2274 3612 2335 emptum
3640 2281 3731 2322 re-

2142 2351 2328 2422 ligiosa
2368 2366 2493 2410 cura
2541 2369 2646 2409 non
2677 2353 2910 2411 deserat.
2960 2354 3053 2410 llis
3091 2356 3237 2410 enim
3278 2357 3511 2411 maxime
3546 2357 3720 2411 nutri-

2141 2445 2337 2499 mentis
2368 2445 2717 2502 amicitiarum
2747 2447 2920 2503 cultus
2948 2447 3226 2503 adolescit.
3278 2446 3409 2502 Cum
3443 2447 3556 2504 lucc
3590 2450 3727 2504 scul-

2143 2536 2324 2593 berem
2343 2578 2360 2606 ,
2390 2540 2518 2593 mihi
2545 2542 2753 2594 sanitas
2782 2552 2928 2596 recte
2956 2541 3294 2610 suppetebat.
3343 2542 3507 2611 Cujus
3535 2545 3609 2599 rei
3642 2546 3729 2597 in-

2139 2630 2336 2686 dicium
2368 2642 2648 2703 propterea
2688 2633 2943 2703 singulari
2989 2636 3333 2705 generositati
3380 2645 3485 2693 tuae
3526 2641 3729 2699 credidi

2140 2724 2515 2790 deferendum.
2549 2735 2607 2780 ut
2632 2726 2993 2798 cognitionem
3024 2737 3127 2785 tua:
3153 2729 3427 2799 sospitatis
3452 2731 3581 2787 mibi
3606 2748 3727 2787 mu-

2145 2831 2267 2877 tuus
2298 2823 2557 2892 rependat
2586 2822 2829 2878 affectus.
2866 2822 3016 2880 Vale.

2776 2912 2985 2969 El‘lST.
3026 2913 3115 2969 IX.

2615 3020 2669 3058 Si
2683 3020 2925 3059 ληιλαιιυε
2958 3020 3259 3061 τυεθυοιιο.

2220 3094 2423 3149 Vereor
2447 3095 2767 3165 eloquentia:
2790 3106 2894 3149 tum
2916 3098 3111 3163 scripta
3144 3104 3327 3151 nostra
3354 3098 3731 3168 committere;

2144 3188 2239 3244 sed
2270 3205 2377 3243 non
2409 3190 2586 3244 minus
2622 3204 2789 3244 caveo
2818 3192 2987 3243 amori
3017 3198 3110 3244 tuo
3155 3205 3394 3246 meorum-
3444 3192 3733 3263 quidquam

2147 3296 2365 3350 negare.
2391 3283 2531 3336 Duas
2557 3280 2717 3350 igitur
2743 3282 3102 3336 oratiutculas
3130 3297 3303 3350 nuper
3322 3284 3495 3339 editas
3520 3299 3551 3339 a
3579 3286 3734 3341 nobis

2148 3373 2286 3427 misi.
2325 3373 2521 3427 Earum
2548 3386 2653 3427 una
2673 3373 2739 3425 ad
2764 3372 2995 3428 urbanos
3028 3374 3199 3429 fasces
3229 3375 3577 3432 resultantem
3605 3392 3734 3431 cau-

451 3468 793 3539 impatienter
820 3477 1090 3536 exoptem.
1113 3464 1246 3520 Nam
1266 3465 1354 3535 qui
1375 3464 1616 3520 omnium
1638 3477 1889 3518 sermone
1912 3463 2047 3520 cele-
2071 3457 2118 3520 C
2147 3465 2386 3521 didatum
2412 3465 2615 3530 tenuit;
2644 3465 2796 3521 alteri
2821 3474 3193 3535 argumeotmu
3221 3467 3363 3522 dedit
3386 3466 3498 3535 jam
3529 3470 3606 3537 pri
3630 3471 3733 3523 lem

452 3563 696 3627 brantur,
712 3571 768 3618 et
786 3559 1140 3629 improbitatis
1164 3557 1321 3612 laude
1350 3556 1625 3627 conspicui
1656 3564 1798 3620 sunt,
1816 3554 2049 3626 incogni-

451 3667 537 3711 tos
559 3666 772 3726 quoque
795 3654 861 3708 ad
892 3667 1097 3710 morem
1128 3651 1359 3720 propria:
1384 3647 1762 3705 familiaritatis
1793 3646 2043 3702 invitant.

451 3748 595 3817 E'go
616 3747 664 3802 si
696 3745 812 3802 hac
840 3730 1129 3800 voluntatis
1168 3758 1305 3799 mea:
1344 3758 1451 3797 non
1492 3742 1797 3811 aspernaris
1827 3739 2042 3806 indicia,

452 3837 711 3907 repende,
740 3852 945 3907 qum;
973 3835 1297 3904 colloquium
1316 3874 1333 3899 .
1374 3842 1432 3887 ut
1468 3832 1595 3888 facti
1626 3833 1731 3886 mei
1758 3831 2045 3887 conﬁrma—

453 3932 601 3985 tiuno
623 3929 896 3993 delecter;
940 3926 1185 3997 quamvis
1222 3935 1424 3981 mutuis
1465 3920 1768 3979 affectionis
1796 3922 2043 3993 δῃωθεῖσ-

452 4035 578 4077 nem
601 4020 713 4091 jam
743 4028 978 4077 teneam.
1012 4017 1163 4074 Vale.

1086 4108 1308 4167 EPIST.
1354 4109 1419 4165 V.

922 4218 1233 4260 ενιιιιοιωε
1269 4217 1573 4259 τηεουοιο.

523 4300 774 4372 Spectata
794 4308 876 4354 est
898 4296 1016 4361 tibi.
1040 4308 1098 4351 ut
1115 4296 1368 4361 arbitror,
1392 4295 1643 4350 amicitim
1666 4308 1800 4349 mea
1822 4293 2038 4352 veritas.

452 4391 589 4446 ltinc
637 4390 835 4446 factum
882 4397 941 4444 ut
964 4404 1051 4445 me
1090 4388 1146 4442 in
1172 4388 1501 4443 consortium
1536 4386 1793 4441 festorum
1826 4396 2039 4443 tuorum

450 4480 641 4536 consul
677 4480 899 4536 ascires.
943 4479 1274 4540 Pra'stetur,
1316 4491 1416 4533 oro
1440 4519 1456 4545 ,
1499 4476 1583 4533 his
1626 4476 1816 4533 litteris
1852 4476 2039 4532 eadem

454 4572 589 4627 fides
622 4587 743 4641 qua:
770 4585 870 4628 nos
896 4569 1210 4626 evocatione
1236 4568 1428 4639 dignos
1450 4568 1732 4638 judicavit.
1771 4568 1866 4623 Diu
1900 4568 2040 4622 inter

452 4664 776 4721 desiderium
805 4664 880 4719 tui
920 4670 975 4717 et
1006 4661 1146 4718 unici
1179 4663 1284 4717 mei
1313 4676 1497 4716 curam
1540 4660 1736 4715 dubius
1760 4659 2041 4715 eleeuonis

369 4811 373 4815 .
451 4753 701 4827 pependi.
743 4753 891 4810 Tuus
922 4753 1095 4809 honor
1135 4750 1393 4807 suadebat
1432 4750 1815 4820 profectionem
1839 4788 1857 4815 ,
1898 4749 2039 4804 illius

2149 3556 2370 3613 decreto
2412 3566 2631 3613 senatus
2678 3557 2975 3625 improbata
3023 3572 3274 3613 censura.
3325 3558 3431 3613 Sed
3470 3560 3731 3629 judicium

2150 3663 2325 3704 meum
2350 3686 2367 3712 ,
2398 3662 2517 3702 cum
2547 3662 2636 3703 res
2660 3660 2778 3701 acta
2807 3658 2891 3703 est
2916 3688 2933 3713 ,
2965 3648 3204 3703 habitum
3248 3652 3542 3721 propagavi
3568 3667 3733 3720 opere

2150 3738 2399 3809 largiere.
2455 3738 2563 3793 Nec
2611 3738 2739 3792 mitti
2795 3739 2923 3792 vitio
2962 3748 3140 3795 vertas
3188 3741 3377 3817 prisca:
3425 3744 3733 3798 severitatis

2146 3833 2442 3902 repulsam.
2481 3831 2615 3887 Nam
2657 3834 2787 3887 solis
2831 3834 3075 3901 autetiam
3117 3837 3359 3901 speciosa
3403 3837 3732 3902 nominibus,

2146 3938 2247 3978 usu
2274 3933 2332 3978 et
2356 3923 2693 3994 experiundo
2727 3924 3015 3993 plurimum
3058 3934 3273 3981 nocent.
3324 3925 3582 3983 Rationes
3608 3941 3732 3983 sen-

2146 4018 2328 4072 tentiae
2353 4032 2489 4072 mete
2530 4018 2701 4072 lector
2742 4017 3001 4074 invenies.
3050 4018 3185 4072 Volo
3227 4027 3405 4073 tamen
3450 4018 3517 4074 ad
3546 4019 3731 4088 inspe-

2142 4108 2378 4165 ctionem
2438 4107 2703 4163 dictorum
2770 4112 2905 4177 parti
2966 4110 3179 4178 utrique
3239 4125 3425 4179 equus
3483 4111 3727 4167 accedas.

2143 4200 2465 4266 lorebitur,
2496 4210 2553 4256 ut
2584 4216 2773 4267 spero,
2802 4200 3065 4257 orationis
3091 4202 3352 4271 assertio,
3380 4211 3439 4256 ut
3481 4214 3537 4257 tu
3565 4206 3726 4260 etiam

2142 4292 2425 4348 vetustatis
2452 4302 2706 4363 patronus
2731 4293 3035 4349 auctoritati
3065 4293 3271 4348 ordinis
3297 4308 3515 4350 manum
3549 4297 3726 4364 poer-

2140 4400 2257 4456 gas.
2299 4387 2450 4447 Vale.

2764 4475 2981 4533 EPIST.
3025 4475 3094 4531 Χ.

2618 4579 2924 4623 ηωιλειιυδ
2960 4580 3261 4622 τιιεουοιο.

2215 4658 2385 4726 Quam
2416 4659 2577 4713 timeo
2613 4674 2681 4713 ne
2722 4674 2883 4714 aures
2912 4668 3031 4713 tuas
3056 4658 3331 4713 existimer
3356 4657 3555 4714 lactare
3580 4657 3730 4713 blan-

2143 4751 2322 4807 ditiis!
2370 4750 2687 4806 Consulatus
2727 4751 2814 4804 hic
2854 4760 2975 4805 tuus
3006 4749 3127 4805 talis
3157 4762 3237 4805 est
3275 4759 3333 4804 ut
3359 4765 3535 4804 meum
3561 4756 3727 4819 gemi-

450 4849 716 4905 institutio
747 4848 1112 4919 pnetendebat
1142 4846 1328 4902 obvias
1357 4860 1566 4901 manus.
1617 4844 1854 4900 Tandem
1885 4859 2029 4899 secu-
2066 4842 2119 4902 ι)
2142 4857 2300 4898 nasse
2328 4841 2593 4897 videatur.
2630 4840 2781 4896 Nunc
2819 4841 2927 4895 voti
2965 4840 3069 4895 mei
3106 4855 3312 4895 summa
3354 4857 3420 4895 eo
3466 4843 3727 4908 processit

450 4952 539 4996 tus
564 4956 683 4996 sum
711 4941 853 5011 quod
882 4940 997 5010 ipse
1027 4938 1265 4995 fecisses.
1289 4934 1475 4994 Ofﬁcia
1517 4938 1660 4991 enim
1693 4935 1780 4990 illa
1809 4935 2035 5001 latium,

450 5035 555 5090 ista
600 5033 832 5102 pietatis.
885 5031 1013 5087 Tua:
1062 5029 1430 5097 amplitudinis
1479 5027 1719 5084 curulem
1766 5028 2041 5094 stipabunt

450 5123 705 5194 obsequia
734 5124 1045 5179 multorum.
1094 5121 1231 5176 lluic
1272 5121 1326 5176 in
1355 5119 1472 5177 solo
1515 5128 1665 5188 patre
1708 5127 1892 5171 votum
1932 5125 2033 5170 est.

452 5217 611 5272 l‘lura
639 5229 737 5286 pro
757 5214 911 5269 nobis
931 5210 1422 5282 indulgentissimus
1443 5208 1497 5263 in
1526 5221 1654 5263 suos
1683 5215 1804 5262 tuus
1828 5206 2038 5260 animus

449 5318 627 5365 tecum
657 5309 923 5376 loquetur.
972 5304 1071 5361 Cui
1119 5318 1222 5373 ego
1270 5301 1633 5360 excusationis
1680 5315 1812 5356 mea:
1855 5311 2033 5368 partes

450 5400 705 5470 iujnngo.
733 5398 857 5469 quia
908 5397 1102 5454 verbis
1126 5396 1331 5466 agenda
1373 5410 1479 5449 non
1520 5400 1647 5449 sunt
1682 5407 1805 5462 qua
1841 5389 2033 5448 melius

448 5495 833 5566 interpretatur
859 5490 1092 5548 affectio.
1119 5489 1271 5545 Vale.

1070 5581 1287 5638 El'lST.
1335 5580 1416 5635 Vl.

923 5690 1233 5732 εγωιιειιυε
1260 5689 1556 5729 τηεουοιιο.

522 5772 718 5831 Filium
749 5788 924 5830 meum
960 5771 1268 5826 Flavianum
1313 5767 1622 5824 consulatus
1664 5772 1784 5829 tuus
1818 5770 2033 5819 revocat

2142 4946 2199 4992 ut
2224 4936 2411 4990 titulos
2432 4935 2550 5004 ejus
2579 4937 2792 5003 longum
2823 4933 3017 4990 fruaris
3037 4978 3054 5002 ,
3087 4942 3142 4989 ct
3168 4947 3347 5003 moues
3370 4934 3492 4989 vitm
3520 4934 3727 4989 diutur-

2141 5032 2306 5083 nitate
2327 5041 2529 5082 moram
2552 5025 2627 5080 tui
2650 5026 2879 5095 prmtnii.
2904 5025 3127 5095 Dignum
3149 5026 3342 5095 quippe
3362 5037 3445 5079 est
3471 5040 3726 5098 colttpcn-

2140 5122 2244 5177 sari
2269 5120 2478 5192 prolixo
2499 5117 2696 5189 gaudio
2714 5132 2888 5174 seram
2911 5118 3253 5173 solutionem.
3283 5118 3426 5171 Vale.

2760 5208 2973 5265 EPIST.
3017 5209 3107 5263 Xl.

2608 5316 2913 5357 BTIIACUCS
2941 5316 3242 5356 τυεουοιο.

2208 5393 2507 5451 Adventum
2544 5399 2690 5447 tuum
2722 5407 2900 5448 serum
2930 5406 3050 5475 esse
3077 5391 3333 5445 mirabar.
3373 5388 3480 5444 Sed
3509 5391 3597 5443 ubi
3628 5404 3719 5456 pa-

2139 5486 2328 5541 tefacta
2375 5498 2531 5539 causa
2582 5482 2885 5547 tarditatis,
2930 5492 2986 5537 et
3033 5492 3084 5536 te
3127 5481 3279 5537 brevi
3310 5480 3477 5535 sifore
3522 5480 3718 5546 stripta

2139 5576 2434 5648 praenuntia
2464 5572 2897 5644 spoponderunt;
2946 5574 2997 5627 in
3022 5571 3269 5642 gaudium
3296 5586 3425 5625 cura
3456 5585 3715 5624 conversa

2138 5676 2239 5724 est.
2281 5668 2422 5738 Ergo
2463 5665 2678 5736 hospitii
2704 5678 2927 5720 securus
2950 5677 3268 5733 appropera,
3308 5670 3364 5716 et
3390 5660 3719 5730 aliquantulo

2140 5762 2318 5818 Roma:
2354 5758 2638 5817 intervallo
2670 5757 2866 5823 quietis
2897 5754 3122 5821 refotus,
3152 5752 3607 5822 auspicatissimos
3632 5758 3718 5804 at.
