4218 6500
478 325 579 380 ΞΠ

1657 333 1719 398 Ο.
1764 333 2112 393 Αυιιειιιςε
2148 334 2380 393 εγιιιιιι
2393 332 2593 393 CIIUS.

3663 336 3769 391 248

478 442 603 497 tdle
631 442 820 499 fasces.
848 443 1035 499 Nostra
1066 460 1189 517 erga
1215 455 1263 501 te
1288 446 1560 515 diligentia
1584 448 1841 521 quidquid
1868 450 2068 505 instru—
2097 452 2147 511 Α
2175 462 2287 506 sus.
2319 455 2371 500 et
2398 445 2464 501 ad
2493 444 2694 500 bonam
2726 442 2870 499 viam
2894 458 3130 509 morum,
3165 443 3547 501 causidicinant
3574 446 3781 501 credidi

477 541 593 588 ctus
624 536 921 592 consularis
951 538 1154 609 flagitat
1186 540 1507 609 providebit.
1543 541 1691 597 Vale.

1095 650 1309 707 EPIST.
1345 652 1458 707 XII.

943 760 1256 800 SV.\I.\IACIIUS
1288 763 1591 802 TIIEODDRO.

548 834 766 891 Frustra
813 840 1027 907 speravi
1074 842 1141 896 de
1185 842 1616 911 peregrinatione
1641 843 1916 909 solatium,
1946 858 2067 900 cum

475 928 717 984 omnium
763 944 953 985 mmsm
1003 932 1171 988 facies
1214 934 1386 989 nullas
1429 951 1574 1005 :rgro
1625 938 1806 992 animo
1854 944 2073 1007 pnestet

476 1020 738 1076 inducias.
777 1024 854 1076 An
882 1024 1165 1095 quisquam
1196 1036 1303 1081 tam
1351 1026 1488 1081 duro
1536 1027 1749 1097 ingenio
1779 1037 1936 1083 natus
1964 1036 2070 1094 est,

476 1124 532 1165 ιιι
559 1114 851 1170 multorum
890 1114 1033 1170 curis
1063 1116 1268 1173 doloris
1305 1132 1505 1173 vacuus
1543 1118 1797 1173 intersit?
1840 1120 1993 1185 Quod
2024 1120 2070 1174 si

474 1219 661 1260 verum
690 1207 944 1263 concedis
968 1251 984 1277 ,
1030 1223 1117 1265 me
1143 1210 1305 1265 etiam
1334 1212 1496 1267 crede
1534 1212 1675 1268 inter
1697 1212 1887 1267 anxios
1915 1228 2070 1267 usum

474 1294 647 1365 ipsum
685 1296 883 1353 laetitia:
911 1298 1310 1369 quodammodo
1354 1303 1623 1359 amisisse.
1664 1302 1851 1360 Restat
1879 1315 1937 1359 ut
1966 1315 2071 1361 tua:

474 1389 668 1445 littene
719 1390 1040 1448 medicinam
1087 1393 1220 1449 mihi
1262 1393 1499 1463 faciant,
1539 1411 1676 1467 quas
1721 1398 1791 1452 ita
1842 1397 2072 1454 libenter

474 1480 721 1552 accipio,
763 1493 821 1538 ut
861 1484 1007 1540 nulla
1050 1487 1341 1543 assiduitas
1386 1489 1517 1544 satis
1556 1488 1759 1545 factura
1802 1490 2067 1546 videatur.

475 1573 589 1643 Ego
632 1588 743 1645 pra:
786 1587 981 1632 eventu
1026 1578 1415 1644 occasionum,
1455 1595 1590 1651 quas
1636 1580 1746 1635 fors
1790 1581 2069 1645 obtulerit.

472 1666 781 1736 exemplum
813 1667 951 1725 dabo
979 1667 1271 1739 frequentis
1295 1671 1483 1729 oftlcii.
1529 1673 1676 1729 Tunc
1705 1674 1847 1731 enim
1880 1676 2070 1744 proba-

474 1756 557 1812 bis
581 1767 760 1828 gratas
783 1774 905 1818 esse
938 1762 1035 1817 tibi
1063 1762 1269 1820 litteras
1299 1780 1448 1822 meas
1467 1781 1589 1823 cum
1619 1776 1735 1823 tuas
1761 1782 2063 1841 sumpsero.

474 1849 631 1909 Vale.

1080 1928 1297 1987 EPIST.
1336 1930 1470 1988 XIII.

944 2036 1261 2080 SVIIACBUI
1298 2041 1600 2083 τιιεοιιοιιο.

546 2110 873 2183 Iampridem
906 2114 1036 2170 nihil
1081 2119 1295 2185 scribis,
1326 2134 1539 2190 tequum
1572 2131 1714 2177 esset
1745 2122 1867 2178 huic
1896 2122 2069 2192 culp:e

478 2204 731 2261 talionem
757 2208 957 2277 reponi.
992 2208 1096 2264 Sed
1122 2210 1357 2265 arbitror
1384 2211 1637 2267 imitanda
1666 2230 1772 2267 non
1802 2229 1922 2270 esse
1950 2230 2069 2284 qua:

474 2299 661 2356 doleas
693 2318 706 2355 :
736 2310 792 2357 et
818 2303 998 2359 animo
1022 2304 1323 2374 persuadeo
1349 2305 1486 2361 alias
1513 2307 1689 2374 potius
1717 2308 2071 2365 intervenisse

474 2405 668 2449 causas
702 2392 864 2450 officii
893 2394 1207 2463 ditferendi,
1243 2412 1405 2468 quam
1444 2400 1674 2456 residem
1716 2400 2066 2458 voluntatem.

474 2485 791 2558 Quanquam
822 2505 1015 2545 vereor
1058 2507 1127 2547 ne
1157 2492 1356 2548 factum
1401 2504 1549 2550 tuum
1593 2494 1707 2551 lucc
1740 2498 1851 2567 ipsa
1881 2507 2073 2569 gravet

476 2574 798 2634 humanitas.
840 2581 972 2635 Nam
1006 2582 1096 2652 qui
1139 2584 1269 2639 mihi
1314 2600 1411 2650 pro
1437 2596 1491 2643 te
1517 2588 1811 2651 satisfacio,
1843 2593 2069 2646 ostendo

475 2684 562 2725 me
588 2669 718 2725 nihil
743 2671 848 2728 tale
869 2674 1147 2731 meruisse.
1180 2675 1368 2733 Scribe
1391 2694 1520 2746 ergo
1542 2681 1651 2750 jam
1677 2683 1869 2751 smpius
1898 2693 1952 2739 et
1979 2699 2071 2740 co-

474 2762 1022 2836 piosius,priusquam
1056 2770 1274 2839 praefata
1305 2787 1408 2842 ope
1432 2773 1517 2829 dei
1547 2776 1874 2839 inthcanos
1900 2779 2069 2834 saltus

475 2857 593 2911 vela
626 2855 905 2914 faciamus.
956 2861 1093 2928 Quid
1125 2864 1269 2917 enim
1297 2864 1449 2933 juvat
1478 2866 1737 2936 proximis
1763 2870 2069 2940 regionib‘us

478 2950 773 3015 immorari,
797 2966 916 3007 cum
942 2968 1069 3010 ecce
1094 2954 1256 3010 nulla:
1280 2958 1467 3013 littera:
1490 2958 1799 3015 deferantur
1825 2970 1879 3016 et
1905 2962 2069 3017 silen-

477 3043 606 3096 tium
657 3054 805 3101 tuum
854 3046 1080 3104 honeste
1141 3048 1309 3118 possit
1360 3064 1619 3108 excusare
1667 3054 2067 3126 longinquitas?

478 3133 633 3193 Vale.

1069 3211 1288 3272 EPIST.
1332 3214 1469 3272 XIV.

949 3317 1262 3362 SVIIACBUS
1287 3322 1590 3366 τιιεθυοιιο.

548 3396 873 3470 Ademptum
925 3411 1008 3455 est
1060 3401 1154 3457 tibi
1205 3403 1459 3471 generale
1515 3404 1834 3474 perfugium.
1886 3405 2072 3475 Neque

477 3490 620 3545 enim
666 3500 822 3563 potes
851 3493 1093 3550 solemne
1133 3493 1262 3548 illud
1294 3503 1351 3551 et
1385 3496 1751 3567 pervulgatum
1780 3512 1950 3568 genus
1977 3500 2071 3552 de-

476 3582 737 3642 fensionis
757 3584 1011 3641 inducere
1038 3603 1053 3640 :
1084 3600 1234 3642 meas
1261 3595 1313 3643 te
1338 3587 1513 3643 adhuc
1538 3589 1745 3643 litteras
1772 3590 1993 3657 aperiri,
2014 3598 2071 3646 ut

476 3676 705 3743 quadam
721 3676 980 3747 religione
999 3678 1247 3735 solvaris.
1266 3677 1587 3734 Iamdudum
1612 3678 1705 3735 tibi
1725 3680 1893 3751 stylus
1916 3695 2069 3737 meus

478 3765 605 3822 facit
630 3769 949 3838 auspicium,
974 3769 1060 3824 cui
1087 3783 1194 3825 non
1230 3769 1411 3826 abnuo
1440 3770 1700 3827 redditam
1731 3771 1900 3827 vicem
1926 3788 1940 3826 :
1971 3776 2066 3828 sed

477 3859 718 3915 :emulari
760 3859 995 3916 studium
1050 3870 1291 3915 nostrum
1339 3860 1500 3918 etiam
1539 3862 1842 3918 voluntario
1880 3874 2066 3932 postea

478 3948 659 4007 ofﬁcio
681 3950 933 4008 debuisti.
955 3953 1039 4008 An
1066 3962 1349 4023 exspectas
1371 3964 1429 4009 ut
1449 3963 1502 4011 te
1529 3954 1616 4010 illa
1640 3957 2070 4026 expostulatione

478 4044 871 4115 perstringam?
898 4046 978 4100 Tu
1022 4045 1123 4101 nisi
1162 4046 1304 4101 malo
1327 4056 1546 4102 coactus
1581 4057 1728 4105 recte
1758 4047 1937 4104 facere
1973 4064 2069 4103 ne-

478 4137 622 4192 scis?
650 4136 849 4193 Omitto
880 4140 1051 4208 plura,
1085 4148 1140 4194 et
1182 4140 1234 4193 in
1276 4139 1538 4209 reliquum
1580 4140 1710 4196 mihi
1735 4140 2066 4209 diligentiam

478 4240 622 4285 tuam
643 4231 916 4301 spondeo:
941 4247 1101 4304 quam
1122 4230 1249 4287 mibi
1280 4232 1467 4303 religio
1490 4234 1637 4303 parvi
1662 4231 1867 4301 habuit,
1889 4233 2080 4291 saltem

477 4322 774 4382 admonitio
797 4332 976 4380 nostra
1008 4324 1299 4395 reparabit.
1332 4324 1482 4380 Vale.

1083 4440 1296 4496 EPIST.
1346 4438 1462 4494 XV.

946 4546 1256 4589 SVIIACIIIIS
1294 4547 1593 4589 τηεοιιοιιθ.

2175 542 2528 610 profuturam.
2580 538 2735 596 Unde
2783 538 2981 595 factum
3012 549 3096 596 est
3139 548 3196 595 ut
3242 539 3472 596 Domino
3499 552 3550 596 et
3606 540 3774 596 fratre

2174 651 2297 690 meo
2318 634 2573 705 praefecto
2602 643 2726 689 ante
2753 635 3001 689 consulto
3026 635 3090 688 ad
3124 644 3299 690 castra
3326 634 3560 691 hiretrsia
3585 635 3769 690 mitte-

2172 742 2341 791 remr,
2392 742 2460 781 eo
2508 727 2808 797 pmsertim
2852 736 3094 794 tempore
3146 744 3252 799 quo
3308 736 3400 784 tuo
3443 727 3773 783 adruiuiculo

2172 818 2342 887 possit
2378 816 2606 873 institui.
2642 816 2983 888 Quapropter
3025 819 3217 889 pignus
3245 830 3392 873 tuum
3437 820 3656 889 suscipe
3680 818 3771 873 iu-

2172 910 2507 966 iurmandum
2533 910 2688 967 bonis
2720 911 2957 966 fraterna
2986 910 3244 981 religione
3274 910 3576 982 preceptis.
3613 908 3764 968 Vale.

2761 1005 2975 1061 EPIST.
3018 1004 3181 1060 XVII.

2644 1112 2951 1154 εςιιιιιςιιυς
2989 1113 3275 1154 ιιιιιικιιιιι.

2244 1192 2471 1248 Brevem
2515 1191 2677 1248 decet
2703 1206 2826 1246 esse
2855 1207 3159 1246 sermonem
3198 1206 3304 1261 quo
3328 1190 3533 1248 reditus
3563 1190 3765 1245 indica-

2174 1295 2284 1343 tttr.
2329 1286 2468 1354 Quid
2517 1287 2663 1343 enim
2710 1286 2932 1341 mandes
2957 1285 3193 1355 paginae,
3245 1300 3366 1339 cum
3415 1285 3591 1338 omnia
3642 1299 3767 1353 qua:

2171 1381 2371 1446 scripto
2393 1379 2658 1434 committi
2687 1379 2884 1444 solent,
2910 1380 3099 1432 fabulis
3128 1380 3301 1446 potius
3327 1377 3556 1433 debeant
3588 1392 3766 1433 reser—

2170 1472 2324 1525 vari?
2355 1470 2467 1525 IIoc
2506 1479 2590 1526 est
2635 1478 3011 1541 argumentum
3056 1470 3399 1540 pruentiqu
3443 1470 3766 1534 litterarum,

2170 1579 2324 1635 quas,
2353 1562 2399 1621 si
2428 1562 2502 1620 dii
2524 1574 2709 1620 votum
2735 1563 2999 1632 iuverint,
3034 1579 3160 1616 mox
3192 1577 3506 1631 sequemur.
3539 1559 3689 1617 Vale.

2743 1653 2959 1708 EPIST.
3006 1652 3185 1712 XVIII.

2654 1761 2962 1805 statuentis
3001 1762 3282 1803 ιιΑςιιιιιο.

2242 1841 2449 1897 Suades
2492 1848 2552 1894 ιιι
2600 1839 2840 1903 redeam,
2889 1854 2956 1894 ne
2983 1841 3069 1909 jus
3103 1841 3288 1909 praedii
3317 1839 3486 1899 nostri
3534 1839 3763 1895 violenta

2172 1934 2453 2005 perturbet
2502 1932 2751 1999 irruptio.
2802 1932 2872 1987 At
2924 1946 3025 2001 ego
3065 1943 3194 2000 puto
3234 1948 3340 1986 non
3393 1932 3571 1988 minus
3619 1945 3763 1986 tuam

2169 2047 2355 2087 curam
2377 2047 2536 2102 quam
2563 2044 2736 2085 meam
2768 2030 3110 2101 praesentiam
3141 2044 3482 2099 promovere.
3523 2028 3763 2100 Conjicio

2171 2125 2480 2198 exaggerari
2528 2124 2775 2194 religiose
2827 2124 2982 2178 istam
3028 2122 3462 2193 trepidationem,
3510 2122 3636 2178 dum
3676 2136 3765 2179 me

2174 2219 2395 2274 Romam
2424 2217 2608 2272 studes
2637 2215 2935 2272 retrahere.
2987 2217 3097 2287 Ego
3137 2222 3316 2271 autem
3368 2214 3528 2284 huius
3579 2214 3762 2283 tzedio,

2173 2326 2279 2367 non
2326 2310 2486 2365 modo
2527 2324 2714 2368 amore
2761 2309 2853 2363 otii
2894 2308 3087 2364 abesse
3130 2307 3427 2377 plusculum
3471 2307 3667 2377 cupio:
3707 2317 3763 2364 et

2170 2404 2295 2473 quia
2343 2401 2500 2457 inane
2542 2402 2648 2456 erit
2693 2398 2950 2470 quidquid
3000 2408 3210 2454 remoto
3254 2407 3416 2469 atque
3462 2399 3765 2452 inconsulto

2174 2509 2487 2563 possessore
2517 2502 2773 2551 tentatur.
2806 2492 3103 2547 Consilium
3135 2507 3264 2548 vero
3292 2491 3374 2547 rei
3396 2492 3618 2562 agenda:
3641 2501 3766 2547 tuus

2171 2597 2227 2643 et
2264 2586 2516 2653 aliorum,
2541 2584 2736 2657 quibus
2778 2584 2925 2639 cordi
2967 2598 3176 2655 sumus,
3209 2592 3466 2638 tractatus
3499 2585 3759 2640 inveniet.

2171 2681 2300 2738 Meae
2320 2678 2483 2749 quieti
2509 2675 2688 2733 iutilus
2711 2676 2947 2732 invideat
2970 2716 2986 2742 ,
3014 2677 3138 2747 quia
3184 2676 3394 2747 longius
3415 2673 3765 2746 producenda

2170 2784 2272 2839 est,
2310 2788 2430 2827 cum
2474 2772 2651 2826 vicem
2697 2778 2936 2825 nostram
2977 2768 3239 2825 bon‘oruut
3282 2768 3579 2826 amicorum
3629 2780 3758 2824 cura

2171 2865 2435 2937 fungatur.
2468 2863 2619 2920 Vale.

2767 2953 2983 3011 EPIST.
3022 2951 3166 3009 XIX.

2646 3062 2951 3104 εῖιιιιλοιιυε
2987 3062 3276 3103 πλακιιιο.

2242 3142 2467 3214 Semper
2497 3151 2549 3198 te
2577 3142 2631 3196 in
2664 3141 2899 3211 primore
2921 3139 3269 3213 adectionum
3298 3153 3541 3196 mearum
3583 3138 3764 3195 fronte

2094 3214 2139 3276 (ἶ
2172 3237 2460 3290 constituo.
2513 3233 2701 3289 Merito
2744 3234 2978 3289 incertus
3021 3230 3207 3298 animi,
3246 3230 3617 3302 cognitionem
3648 3242 3755 3286 ture

2170 3328 2356 3383 Salutis
2378 3336 2631 3397 exspecto
2661 3344 2674 3379 :
2708 3341 2866 3396 quam
2898 3326 2943 3381 si
2974 3334 3188 3380 mutuus
3225 3338 3405 3380 sermo
3430 3323 3759 3395 prtcstiterit,

2168 3421 2397 3477 reditum
2430 3430 2671 3475 nostrum
2700 3418 2947 3473 alaeritas
2974 3417 3242 3473 incitabit.
3274 3416 3433 3473 Vale.

2781 3510 2994 3567 hPlS’I‘.
3033 3510 3155 3570 XX.

2645 3619 2962 3660 ετιιιιλειιιιε
2992 3619 3283 3660 ιιιιῦηιηο.

2242 3697 2347 3754 Nos
2377 3708 2526 3753 tuum
2560 3707 2920 3768 prreoptamus
2949 3695 3257 3750 adventum.
3290 3693 3372 3749 'l‘u
3413 3695 3595 3750 missis
3639 3708 3763 3752 mu-

2171 3791 2389 3847 ueribus
2431 3789 2696 3845 desideria
2746 3800 2925 3843 nostra
2965 3787 3175 3841 solaris.
3212 3786 3512 3842 Admodum
3542 3785 3766 3857 quidem

2169 3884 2409 3940 delector
2428 3883 2620 3938 oblatis
2643 3925 2658 3945 ,
2687 3881 2780 3937 sed
2811 3880 2915 3937 boc
2944 3880 3063 3947 ipso
3081 3878 3261 3935 ofﬁcio
3284 3878 3479 3933 damna
3505 3877 3766 3938 absentia:

2170 3989 2274 4031 tua:
2302 3976 2518 4047 gravius
2560 3975 2888 4030 sentiuntur.
2930 3972 3175 4028 Pleniora
3213 3975 3359 4030 enim
3404 3978 3649 4047 przesidia
3680 3987 3761 4030 at-

2169 4084 2274 4140 que
2316 4077 2633 4123 ornamenta
2679 4065 2747 4127 tle
2790 4069 2970 4124 amico
3019 4078 3283 4139 praesente
3310 4083 3643 4138 caperemus.
3694 4072 3762 4123 At

2171 4175 2314 4219 utine
2343 4161 2484 4220 inter
2507 4162 2683 4219 votiva
2711 4160 2981 4217 candidati
3010 4160 3110 4215 mei
3144 4160 3382 4229 negotia,
3407 4168 3462 4214 et
3481 4158 3764 4229 questoria

2171 4239 2458 4327 apparatus
2501 4254 2740 4309 fraudari
2789 4268 2887 4309 nos
2905 4267 3221 4322 conqueror
3260 4254 3519 4308 societate
3546 4262 3760 4307 tuorum

2171 4346 2543 4402 consiliorum.
2580 4344 2648 4402 Et
2676 4354 2854 4400 tamen
2895 4343 3144 4400 obeunda
3175 4360 3275 4399 nec
3316 4342 3499 4413 procul
3551 4343 3759 4397 locatus

2172 4439 2396 4494 omittis.
2449 4437 2584 4492 Nam
2636 4446 2691 4492 et
2732 4447 2911 4493 vestes
2956 4438 3280 4499 subsericas.
3329 4452 3463 4506 quas
3517 4436 3761 4490 homines

2172 4531 2276 4585 mei
2304 4538 2425 4600 post
2462 4530 2754 4585 illationem
2776 4529 2932 4606 pretii
2964 4529 3324 4588 retentabant,
3357 4538 3407 4583 et
3434 4528 3757 4582 instructum

550 4622 803 4680 Proxime
841 4623 1067 4681 Romam
1108 4638 1384 4695 regressus
1410 4639 1441 4678 a
1476 4623 1748 4681 scribendi
1784 4634 2069 4681 consuetu-
2095 4596 2147 4658 Ῑ)
2172 4624 2437 4693 reliquum
2466 4596 3202 4690 muneraliumpraemiorum
3232 4628 3352 4674 tuus
3372 4620 3547 4689 coegit
3573 4618 3761 4674 instin-

478 4717 604 4774 dine
658 4730 766 4772 non
819 4726 924 4775 tam
975 4716 1177 4773 desidia
1240 4732 1400 4789 quam
1446 4722 1797 4789 occupatione
1844 4717 2067 4773 descivi.

479 4817 652 4879 Atque
679 4810 801 4867 ideo
832 4820 953 4880 peto
983 4810 1037 4866 in
1060 4811 1256 4867 bonam
1298 4820 1502 4881 partem
1535 4812 1902 4883 purgationem
1931 4827 2069 4883 prae-

481 4904 653 4959 teritse
677 4903 1053 4959 taciturnitatis
1081 4905 1333 4973 accipias,
1361 4920 1680 4977 mecumque
1709 4906 1903 4962 lmteris
1923 4909 2065 4975 quod

483 4995 692 5049 Domini
750 4993 921 5050 nostri
977 4995 1263 5051 Theodosii
1311 5011 1469 5053 sacro
1528 4997 1819 5068 divinaque
1864 4997 2068 5071 judicio

483 5085 654 5140 merui
681 5084 1071 5141 Consulatum:
1097 5086 1252 5156 cujus
1289 5087 1568 5158 multiplex
1595 5098 1880 5158 apparatus
1923 5099 2068 5143 tuam

481 5176 711 5247 requirit
738 5175 1077 5233 industriam.
1107 5176 1215 5233 Sed
1247 5192 1433 5234 rursus
1462 5179 1695 5235 occurrit
1720 5189 1845 5234 vnto
1877 5192 1932 5235 et
1958 5191 2072 5236 stu-

480 5269 587 5324 dits
618 5268 773 5334 meis,
808 5282 875 5323 ne
904 5266 1125 5323 honoris
1143 5268 1217 5322 tui
1242 5276 1479 5339 tempora
1506 5269 1914 5325 contrahantur.
1930 5271 2070 5338 Qua-

480 5375 701 5434 propter
741 5370 845 5417 tua:
887 5363 1137 5433 permitto
1178 5362 1458 5417 sententias
1488 5372 1546 5417 ut
1592 5363 1636 5417 si
1676 5363 1857 5417 votivo
1896 5363 2073 5417 olficio

481 5457 674 5510 dutnus
714 5465 913 5510 nostra:
957 5455 1222 5510 interesse
1248 5453 1557 5523 desideras,
1594 5453 2073 5512 administrationis

484 5545 666 5601 labore
693 5545 938 5600 solvaris.
970 5543 1125 5599 Vale.

1080 5639 1298 5699 IPIST.
1339 5640 1480 5696 XVI.

956 5748 1264 5789 σῐιιιιλοιιυε
1303 5749 1602 5791 τιιεονοιιο.

556 5821 754 5885 Sancto
785 5823 1075 5896 Lampadio
1093 5841 1349 5894 germano
1373 5836 1485 5894 tuo,
1513 5836 1567 5882 et
1591 5827 1656 5881 ad
1683 5842 1834 5898 spem
1862 5842 2077 5895 proces-

2169 4726 2306 4771 ctus.
2330 4718 2469 4785 Opto
2497 4715 2658 4786 igitur
2677 4714 2770 4769 tibi
2795 4708 3096 4785 promptum
3119 4713 3213 4769 Dei
3240 4714 3473 4769 favorem
3505 4712 3762 4770 reditum-

2170 4824 2274 4878 que
2295 4807 2502 4864 felicem
2528 4823 2546 4863 :
2567 4806 2832 4878 simulque
2853 4821 2973 4873 oro,
2995 4806 3043 4861 si
3066 4807 3177 4861 fors
3195 4806 3406 4862 dederit
3427 4805 3759 4867 facultatem.

2171 4901 2429 4958 functioni
2468 4910 2670 4957 nostra:
2732 4900 3000 4957 interesse
3040 4898 3403 4969 deprOperes;
3453 4896 3607 4967 cujus
3660 4913 3756 4948 vo-

2171 4995 2344 5064 luptas
2372 5006 2563 5065 magna
2586 5002 2736 5062 parte
2756 4992 3140 5054 cumulabitur,
3165 4991 3212 5045 si
3235 4989 3436 5046 lzetitite
3464 5004 3615 5046 novae
3636 5004 3760 5060 par-

2174 5084 2344 5156 ticeps
2373 5084 2709 5143 desideratus
2729 5084 3042 5140 accesseris.
3078 5082 3229 5138 Vale.

2768 5174 2982 5230 EPIST.
3024 5174 3165 5229 XXI.

2661 5284 2973 5324 SVIIHACIIUS
3011 5284 3297 5325 IIAGNIIJJL

2246 5361 2429 5418 Potuit
2455 5361 2573 5416 sine
2602 5360 2794 5415 litteris
2824 5359 3023 5414 nostris
3047 5368 3265 5415 sanctus
3287 5360 3535 5416 Aurelius
3558 5361 3601 5416 si
3626 5361 3756 5431 quid

2183 5456 2252 5513 de
2293 5471 2379 5511 me
2420 5470 2688 5526 qumreres
2719 5455 3004 5524 explicare.
3054 5452 3162 5510 Sed
3191 5453 3314 5524 quia
3354 5454 3625 5510 fastidiosa
3670 5469 3756 5509 sa-

2182 5549 2372 5604 lutatio
2414 5555 2533 5613 est,
2580 5562 2703 5616 qua:
2747 5546 2891 5602 nudo
2941 5561 3191 5602 sermone
3236 5546 3479 5601 defertur
3506 5587 3521 5611 ,
3576 5546 3756 5602 innexi

2182 5642 2378 5711 scripta
2410 5640 2690 5696 mandatis.
2730 5641 2843 5695 Ave
2872 5639 3032 5709 igitur
3071 5638 3189 5693 dico
3213 5638 3330 5703 tibi,
3360 5638 3628 5708 simulque
3665 5638 3759 5691 de-

2185 5748 2393 5802 precor,
2424 5732 2718 5788 secundum
2771 5730 3261 5797 commonitorium,
3302 5746 3410 5802 quo
3450 5731 3757 5786 summatim

2180 5826 2387 5884 muneri
2419 5825 2763 5898 prcharanda
2796 5825 3059 5898 rescripsi,
3105 5835 3161 5881 ut
3201 5826 3334 5896 ipse,
3366 5823 3508 5881 salva
3532 5822 3763 5890 judicia-
