4218 6460
436 375 542 432 εις)

431 675 537 726 scit
573 670 760 739 editio,
785 671 986 741 justum
1019 673 1349 745 impendium
1377 677 1683 735 ministrare
1712 679 2011 749 pmoipias.

434 764 588 822 Vale.

1013 858 1229 918 EPIST.
1268 859 1434 917 XXII.

901 963 1212 1008 SXIIDIACIIOS
1249 966 1533 1009 ιιιςκιιιο.

500 1043 859 1110 ρυεωιοτίιιιιι
878 1045 1084 1116 parvuli
1101 1046 1269 1102 nostri
1296 1063 1488 1103 munus
1512 1047 1840 1116 accelerans,
1864 1065 2015 1106 com-

426 1136 578 1190 muni
603 1137 775 1192 amico
802 1134 1025 1192 Aurelio
1049 1139 1292 1208 quaedam
1318 1141 1677 1209 comparanda
1707 1150 1799 1194 aut
1830 1142 2011 1211 provi-

425 1228 603 1283 denda
629 1228 897 1285 mandavi.
946 1229 1051 1285 Sed
1079 1232 1205 1300 quia
1233 1230 1458 1301 publicis
1490 1230 1721 1302 negotiis
1764 1241 1818 1287 et
1861 1233 2011 1288 varia

424 1320 788 1390 injunctorum
827 1320 1177 1389 occupatione
1204 1321 1562 1393 distringitur,
1600 1322 1887 1379 Eusebium
1932 1323 2013 1378 fa-

424 1412 687 1488 miliarem
723 1413 1000 1484 speciatim
1055 1416 1219 1479 misi,
1268 1416 1423 1485 cujus
1474 1415 1842 1472 admonitione
1878 1433 2007 1472 cura

424 1513 517 1557 tua
547 1504 601 1558 in
626 1502 877 1560 effectum
902 1505 1142 1561 omnium
1170 1516 1508 1575 provocetur.
1542 1506 1607 1562 Et
1627 1508 1749 1577 quia
1793 1507 2009 1578 longum

426 1595 603 1652 visum
627 1605 713 1653 est
736 1596 953 1652 litterali
978 1597 1121 1655 serie
1158 1598 1363 1669 agenda
1390 1600 1711 1670 complecti,
1741 1615 1849 1656 non
1886 1616 2008 1671 gra-

424 1689 571 1747 veris
628 1692 1096 1747 commonitorium
1166 1692 1392 1748 strictim
1458 1692 1727 1763 signatum
1790 1708 2007 1763 percur-

421 1796 547 1840 rere
565 1825 581 1850 ,
609 1784 752 1854 quod
778 1785 911 1839 satis
933 1798 1056 1840 esse
1081 1785 1313 1840 arbitror
1346 1785 1411 1839 ad
1442 1786 1842 1842 incitamentum
1884 1786 2006 1841 dili-

1653 384 2127 445 EPISTOLABUH
2168 389 2371 448 LIBER
2411 394 2470 449 V.

434 489 518 544 ria
556 487 965 557 existimatione,
998 502 1182 547 curam
1231 490 1410 549 fratris
1436 492 1693 560 religiosi.
1738 506 1795 550 ut
1847 499 2013 562 soles,
2042 503 2095 560 Α

434 579 688 635 exhibeas
710 595 725 644 ;
747 589 801 633 et
828 578 1073 637 homines
1102 589 1318 639 nostros
1337 585 1734 654 comparandis,
1764 603 1884 656 qua:
1923 603 2018 654 po-

3604 416 3707 473 250

2669 505 2880 565 EPIST.
2928 510 3160 567 XXVIII.

2592 614 2908 655 S\')l\l.\ClIIIS
2946 620 3102 657 BMG.“
3115 623 3231 660 [ιο.

2189 684 2521 753 Antecapere
2559 690 2823 746 scribendi
2882 697 3145 752 ortlinenr
3168 701 3267 754 mei
3309 718 3544 760 muneris
3584 707 3702 766 fuit.

2119 776 2295 834 llabes
2323 780 2553 836 festinati
2583 785 2741 839 oflicii
2770 788 3015 855 gloriam,
3060 806 3178 845 cum
3209 809 3308 861 ego
3350 800 3517 853 linear
3544 802 3701 857 tardi-

2116 878 2301 927 tatem.
2335 872 2395 926 Et
2429 886 2575 930 certe
2614 879 2758 945 potui
2797 880 3032 949 allegare
3063 884 3262 949 aliquid
3305 886 3357 941 in
3405 894 3703 947 excusatiu-

2116 978 2236 1015 ιιι-ιιι
2269 979 2559 1020 morarum.
2594 968 2879 1037 Supererat
2918 973 3044 1025 mibi
3079 974 3363 1039 plurimum
3392 981 3507 1045 viae,
3542 984 3704 1039 malui

2116 1061 2168 1105 te
2194 1054 2263 1108 de
2292 1055 2491 1113 laboris
2520 1061 2685 1113 nostri
2714 1059 3047 1117 absolutione
3074 1064 3250 1123 facere
3284 1084 3548 1127 securum.
3597 1074 3701 1130 Sed

2114 1146 2202 1212 pio
2242 1147 2420 1202 studio
2465 1153 2761 1215 przevenire
2806 1154 2984 1207 nullus
3013 1165 3092 1210 est
3122 1159 3304 1213 rubor.
3359 1166 3491 1217 Arna
3543 1166 3702 1235 igitur

2111 1246 2304 1301 sponte
2333 1238 2633 1309 cedentem,
2665 1244 2747 1297 cui
2775 1243 2889 1297 haec
2914 1246 3025 1316 ipsa
3052 1248 3366 1316 simplicitas
3404 1258 3698 1314 conciliare

2111 1327 2271 1385 debet
2307 1330 2611 1401 frequentes
2650 1334 2855 1392 litteras
2886 1346 3030 1404 luas;
3065 1356 3199 1408 quas
3226 1346 3271 1397 si
3312 1361 3416 1398 non
3454 1346 3696 1418 adaequa-

2112 1435 2242 1475 vero
2272 1425 2383 1489 pari
2431 1440 2674 1496 numero,
2724 1443 2910 1483 rursus
2958 1431 3050 1487 tibi
3100 1436 3379 1503 praemium
3429 1438 3701 1496 confessio

2110 1528 2228 1569 mea
2251 1514 2427 1571 faciet.
2464 1517 2609 1573 Vale.

2680 1590 2893 1646 EPIST.
2934 1592 3127 1651 XXIX.

2584 1698 2895 1741 SVIIMXCIIUS
2935 1704 3217 1745 HAGNILLO.

2184 1770 2428 1825 Amicum
2457 1788 2633 1827 meum
2662 1776 2727 1829 ad
2750 1776 2963 1833 Brittios
2985 1792 3345 1837 revertentem
3373 1784 3561 1841 litteris
3583 1802 3701 1843 ere-

421 1875 619 1944 Genua,
668 1885 793 1930 ωω,
840 1875 1024 1945 neque
1072 1876 1217 1931 enim
1269 1891 1452 1946 prece,
1483 1886 1697 1946 ονοι-ιει
1742 1876 2007 1944 adhibpri‘
2041 1858 2223 1918 Bdidi
2250 1866 2704 1937 prosequendum,
2752 1876 2809 1922 ut
2853 1870 2946 1923 tibi
2995 1872 3333 1929 salutationis
3381 1892 3572 1933 munus
3606 1894 3701 1935 ex-

421 1980 545 2021 eum
571 1964 684 2021 sola
708 1966 865 2021 amici
889 1967 1135 2023 voluntas
1155 1967 1387 2023 studium
1413 1975 1561 2022 tuum
1582 1970 1769 2024 debeat
1793 1984 2006 2025 acuere.

425 2059 577 2117 Vale.

991 2148 1207 2208 EPIST.
1254 2150 1439 2207 XXIII.

900 2256 1212 2299 SHIIIACIIUS
1236 2257 1525 2299 lAGNILLO.

490 2334 832 2390 Anastasium
893 2344 1137 2389 nostrum
1203 2335 1440 2405 dignaris
1503 2350 1816 2405 agnoscere.
1872 2336 2004 2393 Nam

418 2425 561 2480 domi
588 2439 732 2495 stepe
759 2424 960 2479 vidisti.
992 2425 1115 2481 llaec
1139 2424 1212 2481 illi
1244 2426 1432 2481 notitia
1458 2426 1595 2496 apud
1626 2431 1676 2483 te
1705 2428 1864 2483 debet
1886 2443 2007 2484 esse

415 2516 697 2587 suffragio,
751 2516 962 2572 etiamsi
1018 2517 1175 2572 nullis
1201 2517 1483 2585 jnvaretur
1536 2518 1803 2588 alloquiis.
1852 2519 2007 2575 Nunc

413 2611 661 2665 dubitare
695 2626 801 2664 non
841 2624 1052 2679 possum
1092 2612 1499 2665 cumulatiorem
1534 2612 1677 2666 circa
1719 2626 1843 2667 eum
1891 2611 2005 2669 fore

414 2716 599 2756 curam
630 2713 793 2767 tuam,
809 2716 932 2756 cum
954 2711 1008 2757 et
1029 2711 1236 2758 vetusta
1256 2702 1511 2773 cognitio,
1534 2712 1587 2759 et
1614 2717 1803 2759 recens
1823 2718 2006 2760 sermo

414 2794 777 2851 commendet.

996 2884 1212 2941 EPIST.
1252 2884 1442 2941 XXIV.

888 2993 1203 3035 SVIIIACBIJS
1232 2995 1513 3036 ιιΑϐιιιιω.

480 3067 782 3125 Familiaris
825 3073 1044 3126 emersit
1086 3072 1317 3138 occasio,
1350 3086 1471 3141 qua:
1515 3072 1607 3127 tibi
1638 3072 1827 3129 salutis
1866 3088 2001 3131 mea:

409 3172 721 3232 apportarat
759 3164 972 3218 indicia.
1004 3164 1188 3234 Neque
1212 3166 1354 3220 enim
1379 3165 1621 3222 dubitare
1651 3182 1868 3237 possum
1900 3169 1993 3223 tibi

407 3254 613 3311 litteras
634 3269 782 3311 meas
807 3270 928 3311 esse
961 3256 1259 3312 reddendas
1289 3272 1423 3326 quas
1452 3258 1700 3315 Silvanus
1731 3259 1796 3314 ad
1827 3260 1997 3316 animi

405 3347 578 3401 nostri
604 3340 933 3418 diligentiam
968 3351 1240 3416 pertinens
1279 3348 1574 3405 exhibebit.
1608 3350 1705 3405 Cui
1735 3350 1850 3407 haec
1881 3352 1995 3421 ipsa

406 3443 606 3509 recepti
638 3440 800 3496 oflicii
825 3442 1220 3498 commendatio
1243 3442 1382 3512 apud
1410 3452 1461 3498 te
1486 3444 1643 3499 debet
1663 3458 1785 3524 esse
1805 3445 1996 3500 suffra-

404 3533 511 3600 gio.
545 3532 807 3594 Cteterum
846 3544 901 3587 ut
946 3536 1273 3604 respOndeas
1318 3552 1422 3589 non
1468 3536 1671 3601 laboro,
1702 3551 1824 3593 cum
1857 3537 1992 3592 mibi

404 3629 725 3697 Scriptorum
756 3639 964 3686 tuorum
998 3629 1423 3686 vicissitudinem
1470 3640 1650 3687 mutua
1682 3632 1993 3702 polliceatur

404 3717 641 3774 aifectio.
677 3719 825 3774 Vale.

976 3815 1196 3871 EPIST.
1252 3815 1421 3872 XXV.

878 3922 1184 3964 εῖιιιηοιιυε
1212 3925 1494 3967 ΙΑσκιι.ιῡ.

477 4006 676 4058 Parens
713 4016 841 4057 sana
875 4013 979 4070 est,
1020 4014 1073 4059 et
1101 4003 1166 4058 ad
1204 4004 1508 4073 patientiam
1538 4005 1740 4067 doloris
1765 4010 1987 4067 adduci.

404 4105 511 4149 tur.
543 4093 717 4162 Quare
760 4095 896 4151 banc
925 4108 1131 4164 partem
1168 4110 1417 4150 curarum
1458 4099 1691 4172 depone,
1729 4113 1990 4159 mentem-

400 4201 506 4255 que
545 4186 611 4240 ad
639 4186 855 4243 meliora
881 4203 1168 4253 compone.
1196 4191 1352 4251 Certe
1391 4195 1434 4249 si
1462 4197 1663 4265 aliquid
1704 4196 1771 4251 ab
1811 4210 1872 4250 re
1898 4205 1985 4250 tua

396 4286 496 4341 otii
520 4295 623 4350 est.
650 4289 845 4345 nostris
876 4288 1103 4359 negotiis
1124 4288 1449 4357 diligentiam
1471 4287 1689 4357 dignare
1711 4298 1981 4356 praestare,

401 4388 464 4436 ut
486 4392 665 4452 operte
698 4379 767 4433 sit
796 4379 1022 4448 pretium
1051 4379 1189 4448 quod
1231 4379 1283 4433 in
1323 4388 1571 4434 exactore
1610 4379 1872 4434 mittendo
1902 4380 1987 4433 lit-

401 4470 534 4527 teris
555 4478 608 4526 et
634 4472 850 4526 monitis
873 4471 976 4525 tuis
997 4468 1253 4525 satisfeci.
1278 4468 1428 4527 Vale.

972 4579 1188 4637 EPIST.
1227 4578 1414 4636 XXVL

867 4688 1178 4729 SYIHIACIIUS
1230 4689 1517 4729 ιιλεκιιιο.

471 4785 632 4841 Μυιιιι
658 4785 892 4853 Oceano,
922 4797 979 4841 ut
1007 4786 1325 4856 recordaris,
1354 4796 1409 4842 et
1428 4786 1641 4854 litteris,
1668 4796 1722 4843 et
1746 4802 1993 4843 commo-

403 4879 616 4936 nitoriis
646 4879 911 4950 implenda
961 4880 1361 4947 mandavimus;
1392 4882 1585 4951 quibus
1626 4880 1983 4952 exsequendis

399 4988 499 5042 par
529 4985 651 5028 esse
680 4987 784 5026 non
812 4974 1026 5043 poterit,
1052 4972 1151 5027 nisi
1181 4982 1272 5027 tuo
1300 4973 1527 5041 impulsu
1552 4982 1609 5028 et
1652 4974 1865 5029 monitis
1895 4990 1984 5028 nr-

402 5075 607 5133 geatur.
641 5062 770 5130 Quae
790 5077 910 5120 cum
938 5064 992 5118 in
1018 5063 1263 5119 ellectum
1288 5072 1339 5119 te
1355 5064 1576 5133 juvaute
1602 5065 1982 5135 processerint,

399 5170 586 5225 quzeso
610 5164 669 5211 ut
697 5155 894 5211 indicio
915 5156 1314 5226 perscriptionis
1338 5157 1790 5228 exspectationem
1808 5173 1981 5214 meam

400 5264 508 5304 non
538 5249 771 5321 graveris
791 5248 1077 5305 instruere.
1102 5246 1249 5304 Vale.

956 5359 1173 5417 EPIST.
1216 5359 1426 5415 XXVII.

875 5466 1178 5508 εῖιιιιλοιιιιε
1214 5468 1493 5509 κλοκιιιο.

478 5566 718 5622 Numidis
738 5564 1014 5621 familiaris
1043 5567 1207 5619 nostri
1235 5565 1499 5621 adventus
1528 5564 1666 5620 haud
1696 5565 1981 5621 mediocri-

400 5669 482 5713 ter
510 5657 639 5712 tnibi
666 5657 859 5729 gaudio
888 5656 1002 5713 fuit.
1031 5657 1176 5713 lianc
1198 5656 1434 5711 la'titiam
1457 5663 1578 5712 tuus
1604 5672 1784 5713 sermo
1812 5659 1978 5727 gemi-

399 5748 565 5805 navit.
597 5749 810 5804 Duobus
841 5749 997 5818 igitur
1023 5762 1050 5801 a
1083 5756 1133 5804 te
1160 5748 1726 5817 muneribusall‘ectus,
1752 5752 1978 5807 amicum

399 5838 497 5901 tibi
525 5854 649 5901 cum
679 5838 937 5897 litteraria
964 5840 1281 5898 salutatione
1312 5840 1554 5898 restituo.
1590 5840 1739 5898 Vale.

2110 1954 2402 2020 solverem,
2432 1965 2489 2011 et
2518 1957 2593 2012 illi
2622 1960 3106 2019 commendationis
3134 1964 3333 2035 aliquid
3362 1967 3696 2025 exhiberem.

2110 2048 2304 2112 Quaeso
2327 2049 2484 2116 igitur
2514 2060 2588 2116 te,
2615 2061 2672 2105 ut
2698 2062 2754 2107 et
2780 2054 2917 2109 meis
2945 2055 3136 2112 litteris
3158 2056 3471 2115 vicissitudo
3508 2062 3700 2120 redda-

2110 2150 2215 2207 tur,
2248 2152 2300 2199 et
2322 2143 2397 2197 illi
2428 2142 2671 2201 defensio
2698 2148 2852 2217 plena
2881 2151 3179 2219 proveniat.
3214 2151 3360 2208 Vale.

2684 2281 2903 2340 EPIST.
2945 2285 3117 2343 XXX.

2581 2387 2893 2430 SVIMACHUS
2927 2392 3217 2436 κληηιιιο.

2179 2459 2426 2516 Proxime
2446 2463 2658 2531 quidem
2694 2465 2826 2519 urbe
2870 2467 3137 2537 digressus
3168 2484 3244 2525 es.
3298 2470 3404 2526 Sed
3445 2486 3546 2540 ego
3584 2472 3697 2543 jam

2106 2553 2255 2621 quasi
2287 2554 2584 2608 inveterato
2614 2556 2688 2610 tui
2728 2557 2998 2613 desiderio
3028 2576 3225 2615 novum
3254 2562 3469 2632 aliquod
3505 2580 3697 2620 munus

2104 2646 2393 2702 convenire
2436 2648 2681 2713 credens,
2723 2651 2961 2705 cilicium
3008 2654 3276 2709 scribendi
3326 2658 3551 2723 arripuit.
3597 2674 3696 2715 nec

2105 2746 2417 2805 exspectato
2447 2740 2659 2803 ordine.
2682 2756 2781 2796 nec
2807 2756 2958 2799 more
2973 2755 3203 2811 servato,
3233 2748 3320 2817 qni
3349 2749 3488 2803 solet
3508 2750 3696 2806 amicis

2105 2843 2225 2885 esse
2253 2846 2347 2899 pro
2373 2831 2509 2899 lege,
2530 2842 2587 2886 nt
2617 2850 2853 2906 permgre
2874 2836 3034 2893 locati
3065 2842 3211 2908 pri-us
3240 2842 3474 2896 tribuant
3499 2845 3692 2911 scripta

2102 2934 2262 2987 quam
2294 2932 2529 2975 sumant.
2567 2922 2629 2977 Et
2657 2939 2842 2980 revera
2865 2926 3080 2983 affectio
3102 2930 3276 2984 omnis
3304 2932 3587 2997 impatiens
3612 2944 3694 2988 est

2100 3013 2262 3067 etiam
2304 3014 2464 3083 jttslm
2494 3030 2557 3071 ac
2604 3018 2858 3087 legitimae
2898 3020 3181 3076 tarditatis.
3236 3023 3371 3092 llupi
3403 3040 3529 3093 ergo
3565 3040 3693 3080 cnn-

2100 3104 2435 3162 suetudinem
2466 3109 2721 3179 religione
2743 3111 2968 3181 majore,
2998 3129 3155 3181 quam
3184 3116 3228 3168 si
3253 3129 3469 3169 servare
3493 3120 3693 3172 voluisv

2023 3229 2069 3292 ο
2101 3211 2233 3250 sem.
2268 3197 2396 3264 Qne
2425 3214 2512 3253 res
2539 3200 2583 3253 si
2616 3201 2708 3255 tibi
2736 3212 2884 3271 grata
2923 3214 3035 3267 eSt,
3079 3212 3133 3258 et
3178 3206 3306 3259 mibi
3339 3205 3493 3261 fenus
3542 3208 3691 3263 solve

2103 3287 2379 3356 colloquii,
2411 3300 2466 3343 et
2492 3292 2745 3359 perlaturi
2770 3293 2950 3347 talium
2981 3295 3273 3350 litterarum
3307 3297 3569 3362 benignus
3601 3315 3688 3353 ar-

2099 3380 2235 3435 ride.
2266 3382 2358 3435 Cui
2380 3393 2435 3437 ut
2459 3384 2591 3437 nihil
2618 3387 2783 3454 magis
2811 3390 2953 3455 potui
2985 3401 3238 3456 praestare
3270 3406 3425 3458 quam
3453 3392 3682 3459 litteras,

2097 3473 2168 3527 ita
2199 3473 2329 3529 nihil
2360 3478 2560 3545 poteris
2587 3479 2706 3547 plus
2736 3481 2967 3535 tribucre
2989 3498 3147 3551 quam
3173 3483 3430 3538 favorem.
3464 3483 3613 3540 Vale.

2674 3592 2887 3648 EPIST.
2922 3593 3115 3649 XXXI.

2572 3698 2880 3740 δγικιιςιιυε
2920 3702 3203 3742 IIAGNIIJD.

2164 3772 2519 3845 Propinquam
2564 3776 2736 3831 sancti
2775 3777 3110 3847 Asclepiadis
3142 3778 3447 3848 pb‘losopbi
3479 3781 3683 3852 absque

2089 3863 2284 3922 litteris
2313 3870 2449 3921 meis
2498 3868 2649 3923 abire
2682 3883 2776 3937 par
2804 3883 2909 3924 non
2963 3869 3080 3926 luit.
3132 3869 3262 3925 Nam
3297 3870 3441 3926 illius
3492 3877 3680 3928 merita

2090 3967 2475 4027 poposcerunt,
2513 3969 2570 4014 ιιι
2594 3960 2660 4013 ad
2688 3976 2868 4015 curam
2894 3962 3141 4029 prteclari
3166 3962 3263 4017 viri
3289 3966 3563 4030 pertinens
3589 3974 3680 4020 tuo

2088 4048 2391 4118 patrocinio
2410 4050 2745 4105 'traderetnr.
2776 4051 2880 4106 I’ro
2920 4067 3021 4121 qua
3055 4069 3159 4107 non
3191 4054 3422 4108 arbitror
3468 4054 3675 4111 ambitu

2087 4139 2262 4210 longae
2309 4141 2570 4196 orationis
2621 4142 2911 4209 utendum,
2964 4159 3083 4197 cum
3122 4158 3241 4199 eam
3293 4144 3673 4199 humanitatem

2086 4241 2192 4288 tua:
2221 4234 2600 4303 contemplatio
2650 4235 2884 4303 parentis
2921 4234 3037 4289 sine
3071 4234 3387 4306 cujusquam
3418 4236 3675 4306 petitione

2084 4326 2410 4381 commodat.
2448 4325 2596 4379 Vale.

2646 4394 2858 4451 EPIST.
2898 4394 3113 4451 XXXII.

2556 4501 2872 4543 εγιιιιλειιυε
2916 4502 3200 4543 υλῦηιιιο.

2009 4600 2066 4662 D
2157 4577 2341 4634 Taedet
2367 4576 2621 4649 pigetque
2642 4578 2751 4649 jam
2775 4580 3029 4636 scribere.
3075 4580 3359 4650 Quousque
3379 4582 3520 4639 enim
3546 4584 3669 4654 styli

2086 4669 2319 4739 imagine
2363 4669 2752 4739 jucunditatern
2822 4671 2929 4726 vivi
2979 4676 3248 4727 si-rmonis
3300 4673 3671 4732 imitabimur?

2083 4760 2220 4826 Quid
2248 4760 2389 4831 quod
2419 4761 2581 4814 etiam
2629 4746 2861 4814 felicitas
2893 4761 3121 4830 publica,
3154 4772 3208 4817 et
3250 4777 3350 4831 pax
3371 4764 3515 4819 orbis
3547 4765 3670 4819 bor-

2082 4860 2223 4905 tatur
2251 4860 2307 4905 ut
2354 4851 2518 4906 larem
2557 4852 2821 4919 repetas?
2867 4852 2981 4919 Qua
3026 4854 3078 4907 in
3110 4869 3168 4909 re
3201 4852 3295 4908 tibi
3339 4866 3669 4924 Opportunus

2083 4941 2328 4996 incentor
2373 4940 2537 4995 frater
2568 4949 2748 4997 noster
2782 4941 3073 4997 Pontianus
3117 4945 3357 5011 accedet,
3402 4948 3665 5004 bonorum

2089 5029 2252 5099 petitu
2296 5030 2515 5084 sortitus
2565 5030 2700 5086 hanc
2737 5045 2995 5100 operam;
3045 5043 3102 5088 ut
3135 5036 3225 5089 tibi
3262 5036 3330 5091 ob
3380 5051 3491 5092 rem
3537 5053 3671 5092 uxo-

2090 5123 2225 5176 riam
2252 5121 2577 5189 demoranti,
2606 5123 2935 5179 desiderium
2960 5127 3261 5184 revisendte
3294 5129 3448 5186 Urbis
3476 5130 3668 5188 admo-

2089 5222 2233 5269 veat.
2266 5214 2416 5270 Vale.

2632 5286 2846 5343 EPIST.
2886 5286 3125 5342 XXXIII.

2570 5390 2872 5433 δνιιιιλςιιυς
2918 5394 3198 5433 ΙᾹΩΝΙΗΒ.

2155 5468 2290 5523 Nolo
2314 5482 2533 5538 puerum
2555 5470 2857 5526 crimineris
2879 5472 2947 5526 ob
2969 5473 3195 5527 redttunt
3217 5473 3523 5529 tardiorem.
3550 5474 3662 5531 Mea

2082 5558 2416 5615 conturbatio
2445 5574 2543 5630 pro
2586 5559 2935 5631 Symmacho,
2991 5579 3161 5634 neque
3211 5564 3274 5617 ad
3324 5566 3662 5623 scribendum

2084 5660 2292 5721 tempus
2314 5652 2549 5717 invenit,
2574 5662 2625 5707 et
2655 5667 2929 5708 recursum
2962 5654 3215 5710 tabellarii
3242 5670 3407 5722 usque
3429 5654 3495 5708 ad
3513 5670 3661 5721 spem

2085 5750 2279 5807 bonam
2314 5747 2539 5803 distulit.
2583 5748 2735 5803 Nune
2759 5749 2881 5815 quia
2910 5748 3206 5816 reticulum
3233 5749 3346 5817 ejus
3374 5749 3423 5801 in
3452 5749 3661 5818 agritu-

2085 5843 2264 5897 diuctn
2290 5840 2469 5906 vertit,
2504 5839 2603 5894 hoc
2642 5838 2812 5910 ipsum
2851 5838 2993 5909 loqui
3024 5837 3161 5908 apud
3196 5848 3244 5893 te
3276 5839 3435 5893 licuit.
3481 5837 3661 5893 Faciet
