4218 6444
571 338 666 392 Ξει
1739 339 1804 406 Q.
1850 342 1888 393 Α
1901 337 2098 395 L'RELI
2111 341 2192 397 US
2229 341 2674 400 SYSIMACIIUS.
3737 339 3850 401 252

569 450 743 504 divina
790 448 1085 510 miseratio,
1115 464 1231 518 qua:
1264 448 1378 518 pias
1407 463 1565 504 aures
1608 450 1842 520 applicat
1879 451 2020 506 votis
2059 467 2152 522 pa-
2178 461 2229 519 Α
2259 463 2516 521 pervetus
2538 453 2800 509 debitum.
2821 451 3141 509 Jamdudnm
3171 452 3314 507 enim
3337 450 3601 520 Rempub.
3631 451 3851 506 virtuti-

570 551 799 605 ri-ntum,
835 553 890 593 ut
919 541 1011 594 tibi
1041 557 1166 594 mox
1199 541 1398 608 denuo,
1425 542 1567 612 quod
1595 543 1746 612 juvet
1773 542 2036 612 animum,
2065 560 2156 600 sc-
2261 549 2362 604 bus
2387 547 2671 618 obligasti:
2700 563 2820 615 quae
2845 555 2998 602 nacta
3021 547 3216 601 divina:
3242 545 3367 601 fidei
3396 546 3714 616 principem,
3745 547 3850 602 sibi

571 635 769 690 unitas
797 649 918 688 utea
945 634 1176 687 nuntiet?
1197 632 1344 687 Vale.
2259 639 2654 708 quodammodo
2682 638 3042 701 consulatum,
3071 652 3229 708 quem
3262 636 3356 691 tibi
3384 637 3644 702 solveret,
3680 639 3850 707 impe-

1119 723 1336 780 EI’IST.
1381 725 1618 781 XXXIV.

999 834 1308 873 δι’διιιλιῖιιυδ
1350 835 1730 875 HEI‘IIiSTIOII.

648 912 840 967 Votum
863 912 994 966 mibi
1019 929 1124 966 non
1156 914 1326 967 defuit
1353 914 1564 969 itineris
1587 914 1854 978 ordiendi,
1883 913 1980 970 scd
2010 914 2160 968 tarda

572 1005 819 1058 evocatio
857 1005 1205 1072 perveniendi
1249 1014 1460 1075 tempus
1507 1007 1756 1061 arctavit.
1817 1009 1994 1076 Atque
2041 1007 2165 1060 ideo

573 1097 930 1150 wreumdius
962 1097 1132 1150 visum
1166 1105 1248 1153 est
1295 1098 1504 1152 veniam
1546 1113 1790 1167 poscere,
1831 1113 1994 1168 quatn
2039 1112 2160 1166 pero

574 1205 617 1239 n.-
640 1199 694 1241 ιο
735 1188 970 1241 consulis
1003 1188 1183 1241 ollieio
1234 1187 1541 1257 pervenire.
1571 1191 1747 1258 Super
1776 1190 1877 1244 boc
1920 1190 2169 1259 plenissi-

576 1297 690 1338 nias
715 1290 773 1338 et
792 1283 858 1337 ad
893 1283 956 1338 Ι).
993 1282 1057 1338 Ν.
1082 1285 1565 1342 clementissimum
1601 1288 1898 1356 principem
1923 1287 2032 1354 jam
2064 1287 2169 1337 dn-

575 1380 702 1431 dum
733 1377 939 1433 litteras
962 1377 1107 1441 dedi,
1137 1389 1192 1434 et
1224 1380 1290 1434 ad
1313 1391 1562 1443 αιτιοι-υς,
1592 1383 1681 1450 qui
1726 1397 1812 1435 me
1851 1381 2044 1435 adesse
2078 1395 2169 1433 ιυ-

577 1473 822 1537 luerunt;
849 1488 983 1539 quas
1001 1474 1162 1529 etiam
1196 1491 1336 1530 nunc
1367 1475 1562 1531 Festus
1591 1490 1756 1545 agens
1784 1475 1836 1528 in
1860 1475 2020 1530 rebus
2048 1489 2172 1543 prn-

580 1562 853 1618 ticisceudi
883 1565 1228 1621 cunctatione
1253 1577 1574 1621 remoratur.
1617 1567 1683 1620 Et
1717 1568 1838 1637 quia
1870 1577 2058 1621 vereor
2104 1581 2172 1621 ne

577 1663 668 1706 aut
716 1654 916 1710 lateant
943 1670 1229 1725 suppressa
1261 1674 1381 1726 qum
1427 1660 1638 1728 scripsi,
1679 1667 1768 1712 aut
1811 1674 1906 1729 per
1946 1658 2174 1712 annulus

580 1748 812 1801 resoluta
857 1747 1142 1815 vitientur,
1182 1751 1467 1805 COIISiIItllIl
1505 1753 1602 1804 luit
1633 1759 1690 1805 ut
1715 1752 1780 1804 ad
1819 1761 1870 1806 te
1897 1752 2172 1806 dominum

2265 733 2439 787 travit.
2475 733 2551 786 Ad
2577 731 2734 801 bujus
2755 730 3121 786 celebritatem
3145 739 3270 784 voto
3284 729 3448 783 alacri
3467 730 3849 796 cucurrissem,

2265 826 2368 880 nisi
2396 824 2705 896 diplomatis
2759 825 2898 878 sacri
2931 821 3080 877 tarda
3119 821 3346 892 perlatio
3379 831 3641 876 arctasset
3686 822 3854 876 inter-

2265 917 2463 970 vallum
2495 917 2725 970 dierum.
2769 915 3012 969 Accessit
3041 913 3250 983 byemis
3283 911 3687 980 contemplatio,
3733 928 3857 981 quas

2267 1023 2462 1076 magno
2507 1006 2728 1076 frigore,
2760 1016 2817 1062 et
2839 1005 3094 1060 brevibus
3138 1004 3277 1060 lucis
3321 1003 3468 1058 boris
3499 1012 3737 1059 moratur
3761 1019 3856 1057 ex-

2267 1113 2479 1152 cursus.
2512 1099 2659 1153 Meus
2691 1105 2868 1151 tamen
2909 1097 3145 1161 animus,
3183 1110 3359 1148 meum
3389 1094 3637 1164 gaudium
3679 1105 3854 1149 tecum

2269 1202 2371 1246 est.
2415 1191 2524 1260 Ego
2563 1191 2713 1244 solus
2749 1190 2935 1244 dolere
2955 1188 3131 1244 debeo
3157 1189 3296 1258 quod
3347 1187 3476 1242 milii
3518 1197 3724 1241 tantum
3763 1189 3859 1242 bo-

2271 1299 2398 1337 num
2427 1297 2582 1336 casus
2626 1281 2896 1336 inviderit.
2933 1280 3052 1336 Tibi
3096 1290 3152 1336 et
3186 1281 3530 1350 prazsentium
3570 1280 3858 1336 satisfacFet

2274 1391 2550 1444 numerus,
2579 1386 2634 1431 et
2652 1377 2832 1430 cultus
2857 1377 3181 1433 absentium.
3207 1374 3356 1431 Vale.

2817 1469 3030 1524 EPIST.
3075 1467 3316 1524 XXXIX.

2761 1575 3072 1616 ηιιιιιοιιυς
3111 1575 3397 1617 κεοτειιιο.

2350 1653 2550 1709 Amicis
2572 1654 2714 1723 justa
2743 1653 3086 1722 cupientibus
3112 1653 3230 1709 usui
3259 1669 3380 1709 esse
3421 1653 3700 1719 debemus,
3727 1670 3858 1722 pra:-

2277 1748 2432 1814 cipne
2460 1745 2610 1800 fratri
2653 1757 2836 1801 nostro
2863 1747 3192 1808 Alexandro,
3221 1764 3381 1819 quem
3417 1749 3622 1818 judicio
3668 1751 3858 1820 probae

578 1853 633 1894 et
659 1840 880 1896 fratrem
910 1858 1087 1897 meum
1117 1844 1441 1911 exeinplaiia
1471 1845 1650 1897 omnia
1675 1843 2030 1899 mitteremus.
2054 1844 2166 1897 Erit
2202 1843 2246 1902 Β
2275 1855 2391 1893 mus
2416 1850 2469 1896 ct
2507 1855 2693 1893 amore
2717 1840 3146 1908 complectimur.
3183 1841 3336 1895 Hunc
3364 1842 3490 1896 licet
3520 1844 3734 1898 noveris
3770 1843 3858 1896 ιιο.

580 1946 635 1985 ιιι
655 1955 683 1982 ι’
721 1934 863 1988 circa
893 1950 978 1988 me
1017 1935 1320 1989 all’ecuouis
1347 1936 1415 1989 de
1443 1938 1680 1988 omnium
1714 1951 1892 1990 rerum
1931 1937 2035 1990 tide
2064 1935 2170 1990 late

579 2026 837 2082 scribere.
883 2027 1196 2084 lleddantur
1225 2029 1387 2084 etiam
1425 2029 1574 2084 vobis
1603 2029 1862 2084 ibartnlzn
1889 2044 2047 2084 curas
2072 2030 2170 2082 do-

581 2124 832 2177 mestii-as
873 2125 1246 2191 continentes,
1301 2125 1496 2196 quibus
1554 2123 1794 2177 derursis
1838 2123 2175 2178 aestimabitis

581 2215 707 2279 quid
737 2216 1000 2269 bonorum
1035 2225 1336 2286 temporum
1365 2215 1572 2285 jnstitia
1613 2221 1670 2270 et
1713 2213 1851 2267 fama
1880 2213 2171 2269 desideret.

583 2307 735 2361 Vale.

1145 2381 1364 2437 EPIST.
1408 2379 1626 2435 XXXV.

1007 2489 1316 2530 SYIIACIIUS
1347 2491 1484 2529 IIEI‘II
1498 2489 1732 2529 8⁸11031.

653 2561 964 2633 Sequuntur
991 2566 1271 2620 abcessum
1304 2575 1450 2619 tuum
1499 2566 1853 2617 litteratorum
1884 2563 2175 2628 eoItortes;

581 2665 636 2713 ct
658 2665 714 2711 ut
743 2658 915 2713 solent
949 2658 1187 2712 Atlienas
1210 2658 1411 2712 Atticas
1445 2657 1719 2724 reliquave
1761 2657 2034 2724 gymnasia
2061 2655 2176 2708 llu-

581 2765 761 2803 sarnm
787 2760 1001 2816 petere;
1036 2752 1107 2804 ita
1141 2749 1598 2820 peregrinationes
1631 2760 1750 2803 tuas
1780 2749 2049 2804 desiderio
2070 2759 2180 2802 tra-

583 2841 747 2895 bentc
780 2843 1124 2898 comitantur.
1167 2842 1276 2897 Nec
1316 2841 1433 2903 tibi,
1465 2851 1524 2894 ut
1566 2842 1798 2905 assumo,
1842 2841 2045 2896 militiae
2082 2840 2180 2895 sti-

583 2933 795 3000 pendiis
822 2935 1084 2998 aftluenti,
1122 2935 1419 2991 amicorum
1459 2942 1757 2989 conventus
1785 2947 2049 2988 onerosus
2070 2944 2174 2988 est.

587 3022 755 3079 Pasce
787 3025 946 3091 igitur
979 3025 1217 3079 eruditos
1251 3026 1525 3096 d‘guitatis
1565 3035 1667 3079 tua:
1708 3026 1898 3095 copiis,
1927 3033 1984 3080 et
2019 3041 2177 3095 spera

584 3118 763 3183 plures
801 3117 894 3170 t.bi
945 3117 1184 3186 hospites
1233 3133 1294 3171 ac
1338 3129 1508 3172 tutum
1559 3117 1860 3183 adfuturos,
1893 3127 2176 3190 postquam

585 3208 839 3262 ηοιιιειιιω
876 3210 1169 3277 iuventutis
1201 3213 1472 3280 magistris
1511 3211 1749 3266 subsidia
1798 3211 2054 3268 solemnis
2080 3213 2178 3269 ali-
2204 3215 2250 3278 C

583 3301 776 3356 munia:
802 3302 1042 3358 detracta
1071 3313 1215 3357 sunt.
1243 3303 1392 3359 V'ale.

1131 3396 1344 3452 EI‘IST.
1387 3395 1630 3451 XXXVI.

1010 3503 1325 3544 BVIIISMZIIUS
1360 3505 1496 3543 IIEI’H
1506 3503 1748 3544 881⁸1081.

653 3581 880 3652 Εετιιιιι
924 3583 1174 3650 proxime
1212 3583 1448 3636 animum
1498 3591 1645 3635 tuum
1698 3584 1997 3637 litterarum
2046 3598 2182 3652 quas

582 3678 810 3728 miseras
846 3673 1075 3730 lectione
1105 3675 1372 3745 cognovi,
1405 3677 1738 3746 multumque
1781 3679 2003 3732 miratus
2043 3680 2181 3735 inter

581 3767 1056 3835 coniunctissimos
1105 3769 1377 3822 fortuitam
1414 3768 1593 3823 subito
1642 3769 1931 3825 emersisse
1968 3770 2179 3826 discor-

583 3859 757 3924 diam;
782 3858 1058 3914 dominum
1083 3869 1137 3915 et
1163 3859 1382 3915 fratrem
1408 3875 1586 3915 meum
1618 3861 1898 3916 obsecravi
1929 3878 1996 3916 ne
2025 3877 2054 3916 a
2081 3877 2182 3918 suo

583 3965 736 4007 more
777 3950 1088 4008 dissentiat.
1122 3951 1200 4008 Te
1230 3969 1357 4006 vero
1405 3968 1510 4006 non
1557 3969 1678 4009 meo
1713 3963 1946 4021 tantum,
1993 3970 2178 4009 virum

584 4047 747 4102 etiam
773 4058 865 4102 tuo
895 4048 1112 4103 nomine
1138 4063 1268 4117 rogo
1297 4057 1354 4102 ιιι
1379 4048 1590 4104 caeteris
1633 4048 1790 4104 bonis
1820 4064 2031 4104 morum
2065 4059 2186 4103 tuo-

585 4156 728 4208 rum,
775 4141 1008 4198 similem
1059 4141 1370 4211 patientiam
1427 4151 1672 4209 praestes,
1709 4139 1958 4211 ferasque
1997 4143 2176 4196 omnia

583 4250 705 4302 ane
735 4234 874 4290 solet
903 4233 1100 4290 habere
1129 4236 1580 4305 peregrinationis
1601 4234 1862 4289 conditio.
1893 4237 2065 4304 Spero
2085 4250 2182 4290 au-

585 4339 693 4381 tem
725 4337 780 4382 et
812 4328 902 4382 lilii
932 4329 1037 4383 inci
1068 4329 1304 4383 Flaviani
1332 4329 1732 4395 conciliatione,
1764 4338 1820 4384 et
1842 4329 2059 4385 Eusebii
2082 4329 2184 4385 Ar-

587 4421 775 4476 ebiatri
806 4421 1083 4476 blanditiis
1104 4423 1282 4475 omnia
1318 4435 1475 4491 posse
1496 4422 1749 4490 mitigari.
1785 4421 1938 4478 Vale.

1114 4533 1336 4590 EPIST.
1371 4533 1645 4590 XXXVII.

1029 4641 1163 4680 ειίιιι
1180 4642 1334 4679 ιπηιῑς
1361 4644 1496 4680 ιιειιη
1518 4642 1748 4682 ιδἰιινιι.

663 4717 880 4773 Littera:
930 4727 1033 4770 ture
1081 4716 1342 4784 Spartana
1397 4719 1662 4773 brevitate
1711 4721 1994 4774 succincta:
2035 4729 2183 4788 sunt,

594 4810 686 4863 sed
731 4810 892 4863 rebus
934 4809 1263 4874 exuberant;
1294 4821 1347 4864 et
1388 4827 1509 4862 cum
1559 4825 1807 4866 moveant
1845 4813 1914 4865 de
1965 4813 2186 4867 raritate

593 4901 1009 4967 querimoniam,
1073 4911 1249 4954 tamen
1300 4901 1460 4954 olfnii
1505 4903 1832 4970 plenitudine
1873 4906 2185 4958 memoriam

594 4994 956 5048 sueressionis
978 4993 1284 5046 obliterent.
1315 4994 1464 5058 Quod
1491 4994 1534 5047 si
1559 5009 1652 5048 eas
1679 4995 1868 5049 creber
1891 5009 2016 5049 usus
2037 5012 2191 5051 eser-

596 5076 744 5142 coati
775 5087 1100 5140 desiderium
1131 5102 1306 5139 meum
1336 5087 1454 5141 sine
1490 5088 1702 5141 fastidio
1732 5089 1989 5142 satietatis
2010 5090 2192 5157 exple-

599 5180 751 5234 bunt.
774 5181 877 5231 Sed
922 5179 1079 5232 video
1107 5181 1233 5246 quid
1275 5181 1502 5234 obsistat
1537 5183 1737 5246 animo,
1774 5183 1900 5250 quid
1937 5183 2192 5249 impediat

602 5271 953 5325 voluntatem.
990 5271 1251 5325 Eusebius
1284 5283 1464 5323 noster
1497 5284 1546 5325 te
1571 5273 1763 5326 fabulis
1788 5284 1842 5328 et
1876 5274 2076 5340 poculis
2101 5274 2196 5327 de—

605 5370 864 5414 moratur.
899 5362 1064 5428 Quem
1093 5377 1215 5415 cttm
1261 5362 1556 5416 reddideris
1585 5379 1728 5418 cura:
1765 5365 2041 5418 liortornm
2068 5380 2195 5418 suu-

606 5468 745 5513 rttzn,
781 5450 894 5505 fore
918 5451 1146 5505 arbitror
1171 5465 1226 5503 ut
1250 5456 1454 5505 animus
1489 5454 1953 5522 tuusjocularibus
1973 5456 2197 5524 ineptiis

609 5546 883 5600 absolutus
911 5545 976 5598 ad
1006 5548 1213 5616 negotia
1240 5550 1376 5600 seria
1404 5548 1728 5600 conferatur.
1762 5546 1910 5601 Vale.

1131 5639 1347 5692 I‘IPIST.
1393 5639 1683 5694 XXXVIII.

1101 5747 1406 5786 SYIiII.\ClII'S
1439 5747 1720 5786 NIIOTERIO.

684 5825 857 5896 Supra
891 5828 1103 5883 modum
1148 5831 1352 5900 gaudeo
1385 5829 1648 5884 redditum
1679 5843 1800 5885 esse
1845 5829 2050 5887 meritis
2097 5829 2200 5885 tnis

2277 1947 2468 1986 norum
2493 1930 2768 1987 desiderio
2793 1945 2899 1988 non
2929 1932 3160 1998 moveri,
3183 1934 3485 1988 communis
3509 1943 3685 1990 tamen
3716 1950 3861 1990 vere-

2273 2026 2464 2082 cundia
2506 2042 2611 2082 non
2638 2026 2768 2080 sinit
2793 2026 3104 2082 testimonio
3135 2042 3326 2081 carere
3355 2027 3588 2091 militiae,
3625 2044 3749 2083 cum
3789 2029 3864 2084 i.li

2276 2119 2478 2175 tribuni
2504 2133 2568 2174 ac
2597 2118 2790 2174 notarii
2828 2119 3145 2188 dignitatem
3185 2121 3436 2175 dominus
3467 2119 3864 2177 Valentinianus

2278 2211 2547 2282 Angustus
2575 2219 2701 2266 ante
2733 2211 3084 2282 irruptiouem
3120 2211 3456 2280 tyrannicam
3488 2222 3680 2281 sponte
3703 2212 3862 2266 detu-

2278 2303 2417 2359 lerit.
2449 2303 2646 2370 Qnteso
2687 2303 2852 2374 igitur
2879 2313 2937 2358 ut
2965 2306 3375 2374 praerogativam
3407 2305 3546 2359 sacri
3578 2305 3866 2361 testimonii

2279 2406 2333 2452 te
2359 2399 2635 2453 annitcnte
2678 2391 2970 2458 mereaiur.
3005 2398 3184 2453 Facile
3211 2408 3294 2453 est
3331 2401 3475 2452 enim
3518 2409 3576 2454 ut
3623 2405 3723 2453 sub
3763 2412 3868 2458 tatu

2281 2491 2366 2560 pio
2387 2491 2747 2561 gubernatore
2769 2491 2924 2562 lleip.
2951 2491 3248 2548 infortbnia
3268 2493 3547 2549 hominum
3575 2495 3750 2550 vincat
3771 2509 3872 2551 διες

2279 2584 2385 2636 culi
2417 2584 2739 2638 humanitas.
2774 2583 2924 2640 Vale.

2893 2675 3110 2733 EPIST.
3147 2676 3261 2735 XL.

2761 2783 3077 2825 svuuacuus
3105 2778 3390 2826 κειιτωιίο.

2355 2868 2704 2937 Impatienter
2733 2870 3031 2924 amicorum
3069 2871 3222 2924 soleo
3269 2869 3505 2939 perferre
3553 2869 3868 2925 discessum.

2281 2958 2384 3012 Sed
2415 2976 2510 3015 eos
2536 2960 2627 3030 qui
2654 2960 2719 3013 ad
2754 2960 3092 3029 prtesentiam
3119 2971 3264 3014 tuam
3287 2961 3470 3015 relicta
3495 2963 3628 3014 urbe
3649 2972 3867 3016 conten-

2280 3052 2413 3107 dunt
2440 3053 2506 3104 ad
2547 3068 2632 3107 me
2662 3055 2825 3106 credo
2854 3063 3130 3107 venturos.
3162 3052 3324 3119 Quid,
3356 3051 3498 3122 quod
3537 3060 3870 3122 sequestrata

2283 3146 2568 3201 affectione
2591 3146 2803 3200 invideo
2829 3157 3003 3201 tecum
3025 3145 3249 3200 futuris?
3273 3144 3383 3202 Soli
3406 3145 3548 3200 enim
3580 3147 3714 3200 bona
3744 3159 3884 3214 pra:-

2280 3241 2468 3295 sentiae
2497 3248 2599 3292 tua:
2624 3239 2861 3308 capient,
2890 3253 3118 3309 quorum
3160 3237 3288 3292 mibi
3332 3240 3634 3293 communis
3670 3237 3872 3292 fructus

2280 3347 2403 3387 esse
2431 3332 2670 3387 deberet.
2707 3331 2776 3388 Ut
2811 3343 2869 3387 ut
2902 3342 2988 3386 est
3029 3343 3209 3387 tamen
3254 3331 3354 3386 ista
3392 3332 3651 3398 conditio,
3681 3330 3874 3386 fratres

2281 3435 2496 3482 nostros
2522 3426 2736 3482 Celsum
2768 3437 2930 3496 atque
2957 3425 3237 3480 Tieianum
3261 3423 3568 3495 probabiles
3592 3425 3737 3480 viros
3765 3440 3871 3479 non

2283 3520 2482 3575 invitus
2511 3519 2694 3583 emisi,
2719 3527 2903 3574 certus
2939 3517 3141 3586 aliquid
3167 3517 3234 3572 ad
3267 3530 3366 3570 nos
3393 3531 3461 3570 ex
3497 3516 3687 3571 fabulis
3715 3525 3874 3587 atque

2279 3611 2489 3665 actibus
2511 3615 2617 3665 tuis
2647 3625 2832 3664 eorum
2876 3609 3136 3665 relatione
3165 3611 3482 3664 rediturum.
3507 3608 3653 3675 Quos
3677 3617 3732 3662 ut
3762 3623 3876 3662 ma-

2283 3712 2400 3758 ture
2438 3702 2566 3759 Urbi
2595 3702 2896 3771 studiisque
2926 3701 3174 3757 restituas
3205 3701 3438 3756 vicissim
3469 3700 3701 3770 postulo.
3740 3700 3874 3757 Nam

2281 3794 2326 3848 si
2355 3793 2494 3864 apud
2524 3806 2576 3849 te
2607 3797 2746 3848 banc
2782 3792 3100 3861 petitionem
3125 3793 3480 3860 dissimulem,
3513 3794 3732 3848 videbor
3774 3807 3874 3847 eo-

2283 3904 2399 3943 rum
2438 3887 2922 3959 peregrinationem
2947 3903 3056 3941 non
3098 3898 3201 3941 tua:
3230 3887 3488 3942 detulisse
3530 3888 3875 3953 reverentia,

2281 3982 2375 4034 sed
2403 3994 2524 4035 meo
2553 3977 2870 4050 przcstitisse
2898 3977 3133 4032 fastidio.
3168 3977 3318 4033 Vale.

2882 4068 3101 4125 EPIST.
3142 4067 3280 4124 XLI.

2770 4176 3080 4218 εγιιιιιιοιίυε
3111 4175 3398 4217 Νεοτιιιο.

2355 4255 2491 4310 Cum
2531 4255 2700 4310 sciam
2739 4263 2792 4309 te
2838 4255 3020 4310 animo
3050 4253 3320 4325 placabili,
3366 4255 3544 4324 recepi
3581 4269 3678 4321 pro
3705 4254 3883 4310 amico

2283 4365 2504 4418 cperam
2535 4349 2705 4404 venia:
2751 4349 3106 4418 postulandae.
3138 4347 3323 4415 Neque
3360 4348 3504 4403 enim
3548 4348 3627 4402 sic
3664 4363 3693 4401 a
3732 4354 3884 4403 reuto

2284 4443 2426 4498 devii
2455 4459 2660 4505 suinus,
2701 4451 2759 4494 nt
2793 4453 2846 4497 te
2877 4457 3107 4508 unquam
3150 4449 3356 4495 temere
3391 4441 3594 4494 moveri
3637 4440 3880 4510 suspice-

2295 4555 2433 4591 mur.
2487 4535 2578 4590 Vir
2613 4535 2942 4589 clarissimus
2987 4534 3266 4603 Epictetus
3295 4532 3692 4587 causidicorum
3732 4547 3884 4587 more

2291 4631 2601 4699 prolapsus,
2632 4627 2758 4681 dum
2783 4626 2900 4681 vult
2917 4627 3210 4695 impensius
3233 4625 3442 4695 placere
3465 4636 3737 4694 suscepto,
3755 4639 3880 4678 san-

2289 4733 2434 4776 ctum
2466 4719 2723 4774 Sabinum
2748 4721 3028 4789 probatum
3050 4717 3302 4771 omnibus
3327 4717 3502 4782 bonis,
3535 4717 3750 4771 incauto
3768 4731 3883 4769 ser-

2292 4831 2452 4869 mone
2493 4813 2832 4883 pcrstrinxit.
2893 4813 2963 4867 Ea
3005 4827 3093 4865 res
3133 4809 3372 4865 ninnium
3413 4817 3651 4864 vestrum
3695 4809 3884 4877 quibus

2297 4909 2387 4962 ille
2409 4923 2553 4960 curre
2577 4917 2658 4959 est
2685 4908 2896 4959 animos
2915 4905 3152 4958 creditur
3169 4917 3540 4971 exasperasse.
3568 4901 3677 4956 Nec
3699 4903 3885 4956 immeo

2296 5002 2416 5054 rito.
2448 4999 2682 5066 Querela
2726 4997 2948 5052 rectoris
2985 4996 3145 5049 etiam
3191 4994 3540 5062 przetorianas
3568 4993 3713 5047 acuit
3737 5002 3889 5061 pote-

2299 5105 2491 5149 states.
2525 5091 2665 5157 Quid
2709 5091 2907 5145 multa?
2941 5089 3212 5159 [Epictetus
3236 5095 3376 5156 toga
3420 5085 3648 5140 forensis
3684 5085 3887 5139 lionore

2299 5187 2536 5255 privatus
2565 5192 2663 5248 est,
2701 5183 2956 5251 plurimis
2982 5179 3368 5249 pralerendus,
3401 5179 3490 5246 qui
3522 5176 3675 5231 firmo
3705 5187 3886 5246 patro-

2298 5276 2442 5328 cinio
2479 5283 2859 5345 proteguntur.
2901 5273 3051 5327 Nune
3092 5274 3177 5325 ilia
3223 5270 3497 5324 clientium
3540 5268 3692 5321 turba
3733 5267 3890 5322 unius

2302 5367 2525 5420 fortuito
2551 5365 2723 5419 errori
2757 5365 2999 5418 insultat.
3030 5363 3179 5428 Quod
3206 5378 3271 5415 ne
3292 5360 3380 5415 diu
3408 5368 3623 5413 maneat
3647 5370 3730 5413 tua
3757 5375 3890 5429 prm-

2306 5459 2478 5514 stabit
2505 5457 2828 5512 humanitas.
2857 5455 3004 5511 Satis
3032 5456 3212 5509 datum
3245 5463 3328 5507 est
3367 5451 3712 5507 correctioni.
3743 5450 3893 5503 Nune

2307 5551 2576 5620 ingenium
2611 5561 2758 5602 tuum
2809 5548 3036 5618 reSpice.
3083 5545 3218 5600 Illud
3262 5558 3422 5598 causa
3471 5543 3748 5602 meruerit,
3793 5541 3892 5593 lioc

2309 5643 2486 5696 tribue
2515 5640 2747 5694 lenitati.
2779 5639 2904 5693 Scio
2934 5639 3192 5692 illustrem
3224 5635 3397 5689 virum
3431 5634 3734 5704 przelectum
3767 5647 3896 5700 pra:-

2309 5735 2448 5788 torio
2481 5733 2562 5786 liis
2590 5747 2806 5802 quoque
2835 5729 3026 5786 litteris
3055 5732 3159 5783 tuis
3181 5736 3425 5797 prompte
3454 5740 3750 5780 cessuri-in.
3785 5723 3897 5778 Erit

2312 5828 2405 5883 tibi
2437 5826 2708 5898 Epictetus
2745 5843 2792 5879 ι’.
2822 5839 2872 5880 c.
2903 5824 3063 5880 etiam
3100 5819 3496 5879 emendationis
3520 5834 3628 5876 sua:
3663 5817 3891 5880 debitor,
