4218 6438
582 362 687 418 253

1760 356 1826 425 ρ.
1869 352 2213 413 AURELIUS
2252 350 2687 411 svuttacuus.

3758 342 3868 400 256

579 480 866 545 rependam
898 477 1111 534 fastidio
1139 488 1231 534 tuo
1258 478 1442 547 verba,
1474 492 1596 549 qua:
1618 478 1767 532 soleo
1792 516 1807 541 ,
1846 486 1899 531 et
1939 475 2161 545 paginas
2189 474 2240 533 Δ
2265 472 2440 529 exitus
2468 469 2693 538 deserit,
2730 468 2995 523 instaurat
3026 464 3271 528 exordia,
3305 476 3585 518 romanum
3608 462 3867 517 crimina-

580 573 868 643 longiores.
907 571 1057 627 Vafe.

1196 665 1412 722 EPIST.
1454 665 1539 720 LI.

1114 776 1170 815 ες
1181 774 1423 815 ιιδιλεηυε
1462 772 1657 814 FELICI.

644 860 816 909 Amor
854 854 1073 924 quidem
1123 865 1245 910 tuus
1272 854 1444 909 suasit
1475 862 1538 909 ut
1575 850 1871 908 scriberem
1896 890 1912 918 ,
1940 855 2167 919 prater-

573 950 754 1004 euntis
787 948 1083 1017 festinatio,
1111 959 1168 1004 ut
1196 964 1363 1019 pauca
1408 948 1692 1005 dictarem.
1740 946 1921 1014 Quare
1961 944 2166 1001 saluta-

576 1040 719 1095 tione
744 1052 1026 1095 contentus
1052 1043 1195 1112 (quae
1222 1041 1324 1095 etsi
1353 1055 1461 1095 non
1490 1039 1672 1108 explet
1698 1036 1958 1100 ofﬁcium,
1987 1046 2167 1091 tamen

574 1141 907 1189 contestatur
935 1132 1211 1205 affectum)
1243 1132 1413 1188 redde
1459 1131 1687 1187 invicem
1731 1144 1851 1200 qua
1881 1129 2123 1198 legamus
2146 1169 2163 1195 ,

574 1240 625 1281 ct
652 1227 695 1279 si
731 1241 952 1282 necesse
982 1237 1085 1292 est,
1110 1226 1367 1281 :cmulare
1391 1224 1735 1281 brevitatem.
1760 1222 1893 1281 Nam
1914 1238 2037 1277 cum
2063 1223 2165 1277 sim

576 1318 880 1373 nitidissimi
914 1318 988 1373 tui
1009 1322 1274 1375 sermonis
1305 1317 1566 1388 cupidus,
1608 1316 1941 1373 conscientia
1984 1326 2164 1371 tamen

576 1410 734 1479 liujus
764 1422 870 1465 tam
900 1421 1139 1481 angustae
1163 1413 1367 1481 pagina:
1396 1425 1503 1466 non
1534 1410 1710 1467 audeo
1736 1425 1767 1465 a
1792 1418 1845 1465 te
1872 1408 2164 1466 verborum

574 1504 781 1573 copiam
814 1504 1111 1574 postulare.
1148 1503 1301 1559 Vale.

1183 1596 1399 1653 EPIST.
1441 1597 1551 1653 LII.

1101 1706 1411 1747 SYIIBIACHUS
1446 1707 1639 1747 I‘ELICI.

652 1782 864 1836 Veetori
893 1781 1229 1851 iudicialium
1255 1782 1556 1837 litterarum
1593 1782 1923 1838 reddendam
1951 1783 2042 1839 tibi
2072 1799 2166 1852 pa-

2270 574 2357 620 tur
2380 563 2645 627 tribunal;
2679 576 2784 615 non
2814 559 3171 629 possessionis
3193 558 3564 629 antiquitatem
3588 595 3605 622 ,
3637 572 3743 611 non
3775 571 3866 612 se-

2268 656 2494 712 naturiae
2538 653 2813 726 dignitatis
2852 653 3303 722 praerogativam.
3365 663 3471 703 non
3524 647 3863 718 praefectura

2268 748 2725 804 existimationem
2755 745 2885 799 sinit
2914 744 3291 798 inconcussam
3318 754 3562 796 manere.
3594 739 3688 795 His
3709 741 3861 795 ausi-

2272 840 2372 895 bus
2405 839 2558 894 color
2596 836 2795 893 “scalis
2825 836 3096 900 allinitur,
3135 833 3304 889 veluti
3348 832 3420 888 ob
3459 831 3859 902 inquisitionem

2271 932 2550 987 mobilium
2580 946 2645 984 ex
2678 928 2990 998 bouis,qua:
3017 925 3211 981 meruit
3232 924 3518 988 Eusebius,
3544 923 3738 978 divina:
3755 924 3863 979 duo

2269 1028 2377 1081 mui
2408 1026 2734 1079 debitorum.
2767 1021 2866 1077 Ubi
2896 1020 3011 1076 haec
3044 1019 3317 1087 diligentia
3347 1017 3439 1073 diu
3466 1017 3668 1087 iacuit?
3694 1016 3860 1086 Cujus

2268 1117 2451 1174 scrinii
2480 1115 2718 1171 colludio
2741 1114 2955 1184 publica
3000 1114 3197 1167 damna
3228 1110 3539 1165 latuerunt?
3575 1110 3631 1165 Si
3660 1123 3860 1178 procu-

2268 1222 2417 1267 rator
2460 1226 2565 1264 non
2606 1209 2919 1263 admoveret
2973 1207 3189 1277 negotio
3238 1219 3337 1258 suo
3389 1201 3631 1272 publicas
3682 1202 3858 1270 faces;

2268 1305 2431 1362 etiam
2467 1320 2610 1358 mute
2639 1313 2717 1357 tot
2739 1301 2940 1366 ollicia,
2974 1308 3055 1355 tot
3085 1299 3433 1367 inquisitores
3473 1295 3603 1352 llsco
3635 1296 3860 1366 quiesita

2269 1395 2563 1453 nescirent.
2599 1395 2664 1449 Et
2690 1408 2822 1449 sane
2862 1407 3073 1463 a‘quum
3098 1398 3220 1456 est,
3275 1398 3338 1444 ut
3370 1387 3614 1444 defensio
3665 1388 3861 1442 divina:

2269 1492 2461 1547 domus
2487 1490 2805 1546 attentiorcs
2831 1487 3020 1543 oculos
3044 1496 3262 1557 prtestet
3287 1485 3562 1557 injunctis.
3578 1484 3717 1551 Quid
3746 1498 3862 1538 mo-

2270 1582 2465 1642 bilibits
2493 1599 2779 1639 commune
2800 1598 2922 1639 cum
2948 1580 3185 1651 prtedio?
3208 1579 3396 1635 Nullus
3412 1594 3859 1644 errorsensuum,

2270 1678 2415 1734 nulla
2437 1678 2727 1733 verberum
2761 1675 3138 1745 interpretatio
3167 1683 3345 1745 potest
3376 1674 3592 1728 nomina
3632 1673 3729 1728 ista
3761 1674 3862 1728 mi-

2266 1785 2445 1825 scere.
2473 1770 2680 1824 Dehinc
2706 1784 2736 1822 a
2764 1767 3080 1838 proscriptis
3115 1766 3384 1837 quondam
3416 1767 3568 1821 bonis
3612 1765 3866 1837 Porphy-

572 1877 754 1945 giuam
784 1875 931 1941 dedi,
954 1876 1204 1931 amicitia:
1251 1878 1502 1931 deferens
1546 1878 1748 1931 cultum
1778 1876 2115 1932 salutationis
2144 1894 2159 1943 ;

2273 1865 2367 1927 ria,
2394 1874 2447 1918 et
2477 1863 2859 1918 Pusthnmiuus
2888 1861 3049 1916 alieni
3081 1868 3231 1914 sunt.
3260 1859 3424 1913 Multo
3453 1859 3622 1929 magis
3646 1868 3859 1925 emptor

574 1966 844 2036 siunthue
864 1982 1158 2039 suggerens
1179 1969 1247 2023 ad
1278 1983 1390 2024 rem
1434 1968 1538 2023 mei
1574 1968 1816 2038 pignoris
1852 1968 2159 2037 pertinere,

573 2060 715 2126 quod
741 2059 933 2115 relatio
956 2059 1171 2116 docebit
1192 2059 1256 2115 de
1279 2060 1471 2115 tutoris
1494 2059 1733 2115 faucibus
1746 2059 2160 2118 extrahendum.

576 2152 686 2208 Nec
716 2153 902 2210 laboro
933 2168 1031 2223 pro
1063 2154 1365 2209 assertione
1408 2154 1667 2224 juStitire,
1715 2153 1871 2224 cujus
1908 2154 2000 2210 tibi
2036 2170 2163 2210 cura

575 2246 841 2315 praecipua
871 2254 976 2302 est.
1023 2245 1130 2302 Sed
1162 2245 1264 2303 ltoc
1302 2257 1509 2301 tantum
1545 2248 1719 2304 audeo
1759 2248 2062 2317 postulare,
2109 2256 2167 2304 ut

574 2342 972 2412 quamprimum
1004 2358 1264 2415 respousa
1292 2344 1531 2400 cmlestia
1565 2342 1731 2399 robur
1763 2343 1993 2398 afferant
2021 2340 2167 2412 judi-

572 2435 730 2491 catis.
760 2434 914 2492 Vale.

1183 2526 1397 2583 EPIST.
1442 2527 1568 2583 LIII.

1121 2635 1436 2677 δγιιυλειιοε
1475 2637 1667 2676 Πῖυα.

647 2712 890 2769 Fratrem
921 2723 1163 2769 nostrum
1189 2713 1491 2783 llelpidium
1517 2730 1619 2767 non
1640 2715 1815 2768 minus
1837 2712 2164 2769 desiderium

574 2806 648 2862 tui
694 2821 854 2875 quam
894 2806 1123 2877 epistola
1147 2806 1388 2861 consulis
1416 2807 1682 2863 evocavit.
1730 2804 1825 2861 Cui
1864 2805 1963 2861 etsi
2011 2819 2166 2861 amo-

576 2914 691 2954 rem
724 2909 871 2953 tunm
896 2898 1069 2968 prisca
1098 2898 1240 2954 inter
1262 2913 1358 2953 vos
1380 2896 1689 2967 coniunctio
1721 2896 2169 2966 pollicetur,non-

577 2993 709 3046 nihil
734 2999 935 3056 tamen,
970 3000 1028 3044 ut
1057 2989 1312 3057 arbitror,
1342 2989 1502 3043 etiam
1537 2989 1721 3059 petitio
1744 3003 1860 3044 mea
1892 3002 2170 3043 commen-

578 3084 809 3140 dationis
832 3083 1067 3154 adjicict.
1094 3083 1326 3138 Exstrue
1353 3083 1536 3153 igitur,
1567 3096 1750 3151 quaeso
1774 3090 1847 3145 te,
1873 3080 2025 3135 novis
2037 3094 2165 3150 erga

579 3180 806 3233 amicum
868 3177 1146 3232 beneﬁciis
1193 3184 1433 3232 veterem
1482 3176 1850 3246 diligentiam,
1896 3180 2164 3244 quatenus

580 3273 787 3344 possint
818 3271 1051 3343 perlecta
1081 3270 1389 3336 cumulari,
1420 3278 1474 3325 et
1505 3245 1607 3324 hoc
1627 3266 1759 3322 mihi
1781 3266 1957 3322 minus
1975 3265 2168 3321 lubens
2190 3245 2242 3309 C-

580 3370 833 3431 attriliuc,
868 3377 929 3422 ut
956 3366 1172 3429 merita,
1197 3379 1315 3432 qua:
1344 3365 1455 3418 suis
1484 3362 1623 3433 apud
1658 3371 1709 3417 te
1742 3358 1987 3415 fundavit
2012 3360 2171 3415 obse-

579 3463 738 3534 quiis,
766 3460 967 3518 sentiat
1000 3472 1122 3514 meo
1152 3457 1336 3513 favore
1359 3455 1620 3511 crevisse.
1658 3453 1807 3509 Vale.

1160 3550 1376 3606 EPIST.
1421 3548 1552 3603 LIV.

1082 3657 1391 3699 SYVDIACIIUS
1430 3655 1624 3695 FELICI.

616 3756 619 3757 '
649 3737 903 3807 Quisquis
926 3734 1085 3790 amici
1107 3733 1303 3787 famam
1326 3730 1569 3801 ncgligit,
1591 3728 1693 3784 [ide
1716 3729 1920 3783 lubric'a
1940 3734 2042 3782 est.
2060 3725 2172 3780 IIoc

579 3846 648 3886 ne
680 3831 811 3884 vitio
841 3827 971 3882 mihi
992 3826 1115 3897 jure
1143 3827 1373 3880 ducatur
1412 3822 1574 3879 etiam
1607 3822 1661 3876 in
1689 3822 1919 3877 aliorum
1956 3818 2171 3887 injuriis

580 3938 678 3995 pro
706 3931 795 3977 tua
824 3920 1228 3977 existimatione
1258 3917 1542 3973 sollicitor.
1576 3914 1693 3981 Qua
1725 3915 1862 3984 lege,
1891 3928 1999 3984 quo
2028 3913 2172 3970 bono

581 4014 794 4085 publico
815 4011 1101 4068 Eusebium
1138 4008 1204 4064 γ.
1238 4008 1300 4064 C.
1330 4008 1423 4078 qui
1457 4008 1721 4063 meruisse
1754 4008 1894 4061 inter
1930 4005 2171 4060 notarios

580 4109 783 4174 fertur,
837 4108 1076 4163 incertus
1119 4115 1278 4175 atque
1315 4102 1681 4170 inexploratus
1732 4109 2048 4171 procurator
2076 4098 2173 4154 eli-

576 4203 686 4258 cuit
711 4214 768 4257 ut
794 4200 968 4257 civilis
1002 4198 1188 4269 petitio
1216 4199 1424 4251 urbano
1453 4194 1730 4250 abstrahat
1752 4196 1868 4247 loro
1893 4192 2175 4261 possiden-

579 4307 686 4352 tem
710 4292 1049 4349 matronam?
1071 4290 1185 4359 Qua
1216 4290 1268 4344 iu
1298 4303 1456 4343 causa
1487 4302 1611 4342 cum
1640 4285 1964 4356 supplicatio
1996 4284 2173 4355 priva-

580 4398 687 4443 tam
714 4394 899 4441 teneat
927 4384 1222 4448 actionem,
1254 4395 1440 4436 sacros
1472 4378 1660 4433 titulos
1700 4391 1959 4447 responsa
2014 4376 2174 4432 mini-

581 4488 781 4533 tantur.
813 4477 1011 4546 Quaeso
1043 4485 1113 4543 te,
1149 4474 1375 4544 cogites,
1416 4471 1544 4542 quid
1587 4471 1655 4524 de
1689 4468 1932 4538 Augusto
1969 4468 2132 4541 adyto
2154 4510 2172 4535 ,

578 4571 732 4641 cujus
760 4570 997 4639 loqneiis
1027 4566 1239 4621 oracula
1266 4606 1281 4630 ,
1324 4563 1512 4619 deceat
1558 4561 1859 4632 impetrari.
1912 4560 2172 4616 Fraterna

2267 1958 2462 2013 aedium
2486 1957 2765 2026 Ampelius
2786 1956 2969 2027 procul
2992 1954 3145 2010 atht
3167 1969 3195 2007 a
3221 1954 3543 2022 contagione
3558 1952 3855 2008 mobilium.

2266 2052 2405 2118 Quid
2433 2060 2616 2114 restat,
2649 2050 2749 2104 nisi
2781 2057 2838 2103 ut
2866 2049 3092 2117 aequitas
3130 2056 3308 2101 vestra
3345 2047 3609 2115 privatam
3648 2046 3860 2116 petitio-

2269 2161 2391 2199 nem
2426 2146 2586 2198 nullis
2607 2144 2859 2199 sustineri
2888 2140 3156 2197 radicibus
3186 2140 3423 2210 judicet,
3468 2141 3552 2193 cui
3582 2154 3751 2194 sacrae
3778 2155 3862 2193 re-

2269 2239 2527 2293 verentiae
2575 2237 2761 2292 umbra
2806 2236 3158 2306 prtetcxitur?
3205 2234 3329 2287 Ilaec
3360 2248 3446 2287 me
3492 2232 3544 2286 in
3580 2233 3862 2303 epismlam

2268 2328 2521 2385 conferre
2543 2343 2696 2384 amor
2721 2328 2901 2382 saeculi
2926 2335 2981 2382 et
2999 2326 3233 2381 amicitia
3263 2336 3348 2379 tua
3366 2324 3644 2393 compulit.
3664 2323 3861 2379 Eadem

2268 2421 2386 2476 viro
2416 2420 2613 2476 illustri
2643 2419 2791 2475 fratri
2825 2427 3010 2473 nostro
3035 2416 3298 2487 Sperchio
3326 2430 3534 2470 morum
3556 2415 3673 2484 ejus
3700 2429 3860 2470 secu-

2271 2524 2359 2570 tus
2384 2515 2559 2586 palam
2587 2514 2764 2569 facere
2787 2526 3089 2576 curassem,
3120 2511 3166 2565 si
3188 2526 3347 2580 quam
3376 2509 3501 2562 mihi
3535 2524 3630 2577 per
3656 2509 3860 2562 litteras

2269 2609 2551 2663 obtulisset
2583 2609 2829 2663 liduciam
2862 2606 3099 2674 sui.lpse
3130 2616 3305 2658 autem
3334 2603 3653 2672 principium
3687 2599 3862 2656 lacere

2270 2699 2612 2755 conferendis
2641 2709 2829 2753 mutuo
2860 2698 3075 2767 scriptis
3114 2710 3144 2751 a
3182 2697 3272 2750 tali
3306 2710 3504 2765 genere
3549 2707 3653 2746 non
3678 2686 3857 2745 debui.

2273 2790 2389 2846 Erit
2418 2791 2600 2862 itaque
2625 2790 2773 2859 optio
2802 2787 3167 2859 amplitudinis
3197 2798 3300 2841 tum
3329 2788 3378 2839 in
3410 2799 3569 2840 aures
3594 2785 3709 2852 ejus
3741 2798 3861 2853 pcr-

2272 2885 2414 2939 lerre
2455 2900 2574 2954 quae
2622 2884 2959 2952 scripsimus.
3012 2880 3236 2952 Dignum
3276 2882 3470 2949 quippe
3504 2888 3589 2933 est
3624 2877 3684 2931 'ut
3713 2876 3857 2946 quod

2272 2975 2655 3029 existimationi
2689 2977 2968 3046 utriusque
3003 2973 3279 3045 proﬁciet,
3310 2972 3590 3025 amborum
3630 2971 3862 3025 conscit-

2272 3084 2363 3125 Sus
2387 3069 2657 3125 emendet.
2693 3068 2819 3122 Vale

2886 3158 3105 3214 EI‘lST.
3147 3158 3255 3213 LV.

2740 3267 3049 3307 SYMMACIIUS
3087 3266 3165 3305 SM
3188 3266 3392 3305 LUSTIO.

2346 3347 2482 3401 Nolo
2508 3363 2570 3400 ex
2607 3346 2846 3399 moribus
2876 3348 3196 3398 ctct‘eroruui
3218 3386 3233 3409 ,
3263 3344 3352 3412 qui
3402 3354 3596 3395 sensus
3634 3340 3867 3397 Senato-

2273 3440 2386 3494 rios
2409 3447 2661 3501 tractant,
2688 3438 2848 3491 etiam
2881 3434 3039 3503 liujus
3064 3434 3337 3504 ingenium
3364 3472 3379 3496 ,
3408 3446 3565 3501 quem
3589 3446 3867 3487 commen-

2273 3532 2367 3596 do,
2398 3532 2723 3600 perpendes.
2759 3529 2849 3582 Est
2877 3528 3020 3581 enim
3052 3540 3157 3579 non
3187 3524 3444 3579 mediocri
3479 3524 3599 3578 loco
3626 3539 3717 3577 aut
3754 3520 3866 3576 inli-

2274 3639 2359 3679 ma
2384 3637 2531 3679 sorte
2562 3621 2904 3692 progenitus;
2928 3619 3024 3674 sed
3046 3617 3384 3673 honestatem
3413 3616 3667 3668 natalium
3692 3613 3862 3684 pudo-

2274 3732 2333 3772 re
2360 3716 2695 3770 custodiens.
2721 3713 2897 3782 Atque
2936 3711 3057 3764 ideo
3095 3724 3194 3764 nec
3217 3721 3316 3778 ego
3345 3707 3657 3761 indecorum
3684 3705 3865 3774 putavi

2273 3811 2412 3866 bene
2441 3809 2712 3879 cognitum
2739 3806 2996 3877 prosequi
3043 3800 3355 3861 teStimouio
3392 3801 3713 3855 litterarum.
3754 3800 3867 3855 Nec

2275 3904 2565 3974 singularis
2589 3900 2926 3972 generositas
2950 3906 3039 3952 tua
3069 3897 3231 3953 debet
3257 3898 3325 3949 de
3349 3893 3469 3964 ejus
3496 3907 3682 3947 amore
3707 3892 3867 3946 dubi-

2276 4011 2422 4064 tare,
2471 4013 2629 4069 quem
2688 3994 2836 4049 videt
2884 3993 3038 4049 nobis
3089 3987 3504 4059 astipulautibus
3553 3984 3865 4055 approbati.

2276 4095 2343 4150 Et
2370 4092 2485 4147 bare
2511 4090 2729 4161 quidem
2756 4104 2857 4158 pro
2880 4085 3168 4141 Aniutouio
3212 4080 3343 4134 satis
3389 4079 3532 4134 dicta
3576 4075 3704 4130 sint.
3741 4075 3863 4145 Ipse

2274 4200 2455 4243 autem
2480 4183 2810 4240 desiderium
2835 4179 2907 4233 tui
2940 4176 3209 4232 sermonis
3234 4172 3397 4227 silere
3421 4186 3526 4225 non
3552 4168 3746 4231 debeo,
3773 4180 3863 4220 cu-

2271 4281 2359 4351 jus
2389 4274 2750 4347 appetentiam
2777 4273 3099 4341 scriptorum
3124 4280 3335 4322 tuorum
3365 4264 3560 4318 raritas
3584 4260 3845 4315 veltetueu

2279 4374 2382 4429 tius
2406 4370 2679 4428 excitavit.
2715 4368 2867 4423 Vale.

2871 4454 3087 4511 EPIST.
3132 4450 3264 4508 [Νι.

2748 4564 3059 4607 εῖηηλειιυε
3097 4558 3404 4601 εΑιιυετιο,

580 4633 759 4718 tecum
796 4633 1159 4715 sollicitudine
1203 4658 1414 4723 loquor.
1467 4653 1871 4723 Rescriptorum
1926 4652 2165 4705 omnium
2194 4637 2249 4699 D
2345 4648 2685 4706 Cunmlatius
2713 4646 2948 4700 ofﬁcium
2982 4642 3112 4696 milii
3133 4682 3151 4709 ,
3174 4653 3333 4707 quam
3364 4648 3742 4705 poposceram,
3770 4633 3869 4687 de-

580 4752 717 4807 fama
743 4760 796 4806 te
826 4749 1064 4819 respicit.
1090 4747 1228 4815 Quid
1269 4748 1314 4800 si
1358 4748 1521 4802 etiam
1570 4747 1648 4801 rei
1695 4744 1952 4800 memoria
2010 4743 2169 4796 fidem

579 4852 725 4896 tuam
753 4840 1042 4897 convenit?
1069 4838 1370 4909 Ampelium
1403 4837 1564 4892 clara:
1593 4845 1649 4891 et
1671 4835 1893 4890 illustris
1925 4834 2175 4891 recorda-

581 4933 740 4988 tionis
768 4932 936 4987 virum
968 4947 1157 5001 parvas
1185 4931 1366 4999 mdes,
1388 4946 1521 5000 quas
1560 4930 1798 5000 pretioso
1828 4929 1973 4983 auxit
2012 4942 2171 4981 orna-

581 5033 658 5091 tu,
692 5027 793 5081 sub
822 5025 965 5080 clivo
994 5023 1181 5079 salutis
1210 5023 1430 5089 emisse,
1460 5032 1519 5076 ut
1541 5022 1674 5077 civis
1694 5062 1710 5085 ,
1743 5030 1801 5075 ut
1828 5019 2036 5089 collega
2081 5034 2172 5073 re-

584 5120 907 5173 minisceris.
941 5116 1185 5188 Triginta
1214 5130 1479 5171 annorum
1526 5114 1715 5171 diebus
1764 5112 2006 5168 incanuit
2043 5120 2174 5165 tetas

584 5213 962 5282 possessionis.
997 5212 1198 5266 Auctor
1226 5210 1273 5265 ei
1301 5208 1687 5265 Postltuminus
1711 5221 1877 5277 nepos
1897 5206 2036 5262 Iovii
2059 5205 2177 5272 fuit,

584 5305 724 5359 inter
753 5312 945 5359 caetera
975 5303 1215 5371 parentis
1235 5316 1346 5355 suae
1373 5299 1687 5369 Porpliyrite
1708 5297 1848 5352 bona
1881 5297 2019 5352 lianc
2047 5313 2179 5365 quu-

583 5412 689 5466 que
709 5396 934 5464 adeptus
948 5394 1166 5449 domum
1192 5408 1287 5460 per
1306 5393 1724 5448 successionem.
1744 5392 1912 5461 Hujus
1934 5389 2179 5462 Porphy-

587 5490 682 5545 riaz
712 5489 839 5542 niltil
869 5504 1099 5558 unquam
1128 5488 1327 5557 negotii
1359 5501 1481 5541 cum
1511 5484 1837 5546 Theodosio,
1865 5484 2017 5553 cujus
2050 5485 2178 5538 olim

591 5584 873 5638 facultates
914 5581 1179 5636 Eusebius
1226 5578 1553 5649 impetravit.
1591 5578 1744 5632 Nunc
1786 5586 2099 5646 procurator
2148 5591 2176 5628 a

591 5681 839 5734 columna
870 5677 1057 5732 Maenia
1087 5676 1272 5730 multis
1300 5672 1826 5742 hujusmodi‘sutelis
1852 5670 1967 5725 foro
1995 5670 2181 5736 cogni-

591 5779 699 5834 tus,
726 5772 1018 5824 inveterata
1041 5770 1185 5838 jura,
1220 5764 1707 5836 supplicationibus
1730 5763 1922 5834 quatit,
1944 5763 2190 5832 degustat

588 5864 781 5931 judicia
840 5863 1080 5920 omnium
1137 5872 1473 5929 potestatum
1563 5869 1857 5931 empturum
1914 5857 2185 5912 actionum

2281 4745 2469 4799 tulisti.
2504 4742 2634 4797 Nam
2664 4755 2785 4794 cum
2808 4736 3138 4791 domesticos
3161 4745 3311 4786 meos
3334 4728 3509 4800 juvari
3536 4736 3635 4781 ate
3671 4726 3722 4781 in
3743 4740 3875 4784 cun-

2280 4837 2568 4908 qutsitioue
2606 4846 2868 4903 equorum
2906 4827 3169 4884 curulium
3202 4824 3579 4896 postulassem,
3601 4820 3873 4889 quadrigis

2282 4939 2512 4996 quttuor
2559 4923 2810 4996 gratuitis
2839 4920 3039 4976 auxisti
3067 4930 3346 4972 numerum
3374 4922 3767 4983 comparatum.
3797 4912 3873 4963 Ex

2285 5020 2390 5075 illis
2412 5032 2581 5088 equos
2609 5015 2857 5070 undecim
2879 5011 3196 5083 superstites
3224 5009 3436 5065 caeteris
3465 5014 3875 5073 prosecutorum

2287 5128 2413 5167 cura
2448 5109 2714 5179 perduxit.
2758 5105 2866 5161 Nec
2906 5106 3066 5174 longo
3103 5100 3386 5158 intervallo
3430 5112 3553 5169 pars
3596 5095 3877 5152 succubuit

2290 5206 2628 5261 traditurum.
2672 5201 2908 5257 Gratiam
2951 5208 3131 5254 tamen
3179 5195 3453 5265 religionis
3501 5204 3605 5247 tuae
3652 5190 3875 5246 fortuna

2290 5316 2397 5354 non
2424 5297 2635 5351 minuit.
2661 5295 2794 5363 Quia
2823 5295 2873 5347 in
2924 5292 3236 5346 muneribus
3262 5288 3555 5342 amicorum
3605 5300 3709 5339 non
3752 5293 3879 5336 sunt

2292 5392 2490 5446 damna
2518 5404 2739 5443 casuum
2771 5386 3055 5455 cogitanda
3085 5400 3101 5437 :
3134 5381 3376 5452 quiuimo
3406 5392 3468 5431 ea
3514 5378 3567 5431 in
3598 5387 3876 5444 acceptum

2292 5499 2500 5538 summa
2529 5480 2807 5536 referenda
2830 5488 2947 5540 est,
2998 5492 3117 5546 qua)
3167 5475 3235 5529 ab
3285 5471 3545 5526 offerente
3590 5469 3873 5539 processit.

2300 5580 2378 5635 Ad
2412 5588 2463 5632 te
2494 5576 2770 5646 dypticum
2803 5570 3109 5633 candidati,
3143 5575 3195 5623 et
3234 5564 3670 5635 apOpltoreticum
3718 5561 3851 5614 libra

2301 5686 2420 5725 rum
2445 5668 2651 5737 argenti
2687 5666 2910 5719 duarum
2965 5679 3061 5733 per
3111 5660 3382 5714 hominem
3415 5666 3561 5711 tuum
3604 5652 3882 5717 misimus.

2297 5760 2601 5830 approbare
2631 5757 2908 5827 cupientes
2931 5754 3153 5812 editioni
3172 5762 3368 5809 nostra:
3388 5757 3439 5806 te
3460 5748 3639 5805 animo
3660 5760 3763 5802 non
3788 5746 3880 5803 de.

2294 5852 2459 5906 fuisse
2506 5850 2657 5905 Vale.
