4218 6464
385 371 493 431 25⁸1

963 484 1176 541 ΕΡΙὸΤ.
1220 483 1372 539 LVII.

857 591 1159 632 SVMIACHUS
1195 590 1501 631 SALLESTKL

460 667 679 724 Utilitati
709 678 811 723 tua:
840 671 1001 723 etiam
1028 685 1135 725 non
1161 667 1518 724 commonitus
1542 664 1836 731 atl‘uisscm,
1867 679 1962 721 cn-

382 761 469 831 jus
497 774 582 815 me
611 758 860 817 habuisse
887 761 1147 815 rationem
1168 760 1423 815 dominus
1448 769 1505 815 et
1534 760 1673 814 titius
1696 772 1961 827 meuspa-

381 855 615 920 truinus,
645 854 724 931 vir
749 853 1058 925 spectabilis
1092 868 1196 907 non
1222 852 1440 907 tacebit.
1472 851 1623 906 Ilunc
1667 852 1959 907 admonere

380 944 606 1000 debebis
630 953 687 999 ιιι
707 954 762 1000 et
802 944 885 999 sui
916 944 1024 998 voti
1054 943 1463 1012 consuetudine,
1497 951 1553 998 et
1582 956 1716 1010 meze
1745 941 1959 1012 petitio-

382 1036 471 1092 nis
490 1034 702 1105 intuitu,
731 1034 993 1092 desideria
1022 1044 1106 1089 tua
1131 1036 1318 1104 juvare
1346 1034 1613 1105 dignetur.
1639 1033 1787 1088 Vale.

949 1126 1165 1183 EPIST.
1214 1125 1392 1181 LVIII.

873 1232 1182 1274 διηηιευυε
1216 1231 1480 1273 PATERNO.

455 1314 568 1384 Ego
595 1311 811 1383 quidem
843 1311 1051 1368 senatui
1081 1311 1344 1365 interesse
1374 1324 1480 1363 non
1511 1306 1655 1377 potui
1683 1348 1697 1374 ,
1725 1320 1833 1377 quo
1869 1307 1958 1362 die

379 1402 630 1459 Thalassi
661 1403 801 1457 Iilius
826 1402 1101 1471 dignitatis
1130 1409 1326 1455 nostra:
1346 1400 1655 1455 muneribus
1677 1410 1959 1467 exemptus

380 1506 470 1551 est
500 1510 515 1550 :
547 1495 642 1550 sed
674 1509 829 1563 spem
854 1493 1043 1548 futurae
1069 1506 1167 1561 pro
1195 1506 1259 1545 co
1287 1492 1516 1544 actionis
1545 1505 1652 1544 non
1686 1489 1786 1543 levi
1819 1491 1959 1558 apud

379 1587 586 1643 amicos
610 1585 1077 1640 commendatione
1104 1582 1456 1638 solidaveram
1482 1599 1494 1633 :
1528 1595 1627 1635 nec
1654 1590 1829 1635 tamen
1861 1581 1959 1634 im-

381 1679 696 1751 petratiouis
722 1679 949 1749 gratiam
980 1676 1109 1732 mihi
1144 1675 1378 1729 vindico.
1407 1674 1618 1729 Justitia
1665 1673 1913 1743 postulati
1940 1712 1955 1739 ,

381 1779 440 1825 et
462 1772 794 1825 interventus
820 1769 893 1822 tui
923 1766 1221 1823 desiderata
1251 1765 1534 1835 promovit.
1565 1766 1676 1819 Mea
1710 1765 1959 1819 valetudo

379 1860 473 1914 diu
499 1861 722 1928 jactata,
752 1858 965 1913 tandem
993 1873 1051 1913 se
1073 1857 1126 1911 in
1172 1857 1511 1926 tranquillum
1557 1855 1775 1926 recepit.
1802 1856 1953 1923 Quod
1986 1858 2033 1919 B

377 1968 448 2007 eo
489 1951 673 2007 scribo
704 1961 759 2005 ut
783 1960 974 2007 auctus
1000 1951 1184 2007 latitia
1213 1951 1399 2005 salutis
1437 1965 1571 2005 mea:
1596 1991 1609 2015 ,
1656 1964 1836 2019 parem
1863 1966 1957 2003 vo-

383 2043 640 2115 luptatem
667 2044 735 2099 de
760 2046 1038 2116 prosperis
1064 2046 1168 2099 tuis
1197 2043 1423 2099 referas.
1448 2042 1597 2097 Vale.

984 2136 1196 2192 LPIST.
1239 2136 1374 2190 LIX.

871 2244 1177 2285 SYINACHUS
1216 2244 1476 2282 PATERNO.

452 2320 646 2375 Primis
677 2321 1021 2389 petitionibus
1044 2323 1239 2374 nostris
1270 2322 1492 2373 multum
1525 2320 1774 2389 ponderis
1809 2320 1955 2374 addit

377 2412 614 2466 iteratio.
662 2412 729 2464 ιι
764 2411 881 2466 ideo
911 2412 978 2463 de
1020 2411 1365 2464 venatoribus
1412 2412 1726 2464 ealiiticndis
1770 2420 1955 2478 repeto

378 2504 729 2574 postulatum,
757 2517 865 2573 quo
912 2500 1123 2557 facilius
1173 2503 1266 2558 tibi
1309 2504 1638 2573 diligentiam
1684 2502 1952 2573 geminata

375 2595 579 2662 scripta
605 2594 911 2649 sollicitent.
948 2593 1073 2647 Dies
1101 2595 1272 2647 nosui
1307 2592 1546 2647 muneris
1594 2595 1820 2661 tempori
1861 2594 1956 2646 ad-

377 2699 629 2743 movetur
657 2706 671 2740 :
698 2689 783 2743 cui
813 2687 1030 2757 largitas
1058 2687 1325 2742 candidati
1356 2686 1471 2741 sola
1503 2702 1607 2741 non
1636 2687 1866 2753 sufﬁcit,
1905 2686 1951 2741 si

378 2778 698 2834 lautioribus
752 2778 1013 2833 arenariis
1064 2776 1372 2840 deferatur,
1431 2778 1612 2848 inepta
1679 2788 1761 2832 est
1809 2777 1951 2833 enim

379 2871 744 2925 muniﬁcentia
798 2885 916 2937 qua:
968 2877 1248 2939 priestatur
1314 2868 1563 2939 indignis.
1620 2868 1954 2939 Quapropter

379 2976 564 3030 qnwso
594 2970 647 3014 te
679 2970 733 3014 ut
765 2969 1078 3015 venatorum
1118 2963 1423 3027 potissimos
1470 2962 1785 3015 auctoritate
1810 2961 1954 3030 judi-

378 3053 460 3105 efs
486 3058 539 3105 et
570 3049 749 3103 fratris
772 3064 975 3119 amore,
1001 3052 1295 3114 concedas;
1336 3054 1559 3104 multum
1591 3052 1749 3104 rebus
1775 3053 1947 3105 omni-

380 3144 481 3196 bus
508 3140 805 3210 additurus,
822 3158 954 3211 quas
974 3143 1167 3196 civium
1199 3143 1456 3212 voluptati
1480 3144 1724 3199 animoso
1748 3145 1952 3213 impen-

380 3234 471 3289 dio
492 3248 871 3305 praeparantus.
908 3233 1054 3287 Vale.

982 3327 1194 3384 EI‘IST.
1235 3329 1347 3383 LX.

876 3436 1183 3477 δῐιυλυηυε
1220 3437 1478 3477 PATERNO.

449 3514 651 3570 Omnes
672 3512 761 3582 qni
789 3520 880 3568 tuo
906 3514 1052 3567 aditu
1073 3514 1299 3583 cupiunt
1325 3515 1592 3569 sublevari
1620 3556 1634 3579 ,
1683 3531 1787 3570 non
1834 3530 1953 3569 cas-

378 3617 494 3657 sam
524 3647 539 3671 ,
584 3616 841 3673 quantum
886 3604 1137 3673 arbitror,
1186 3617 1473 3676 capessunt
1526 3609 1663 3660 viam
1710 3608 1953 3660 incumbe

377 3700 589 3767 gratim,
618 3711 740 3751 cuin
780 3711 868 3753 me
899 3698 1245 3766 astipulatore
1292 3701 1552 3754 nituntur.
1585 3701 1785 3754 llorum
1814 3717 1950 3755 unus

379 3789 461 3843 vir
483 3787 771 3857 probabilis
791 3787 1046 3843 Turasius
1078 3789 1355 3844 familiaris
1388 3806 1569 3859 meus,
1617 3792 1704 3860 qui
1734 3794 1951 3845 indicta:

379 3880 481 3935 sibi
505 3880 613 3935 litis
644 3878 895 3948 injuriam
920 3878 1147 3936 fortuna:
1174 3880 1422 3950 imputat,
1445 3883 1667 3951 gratiam
1685 3898 1810 3936 vero
1831 3883 1951 3935 b-sni

380 3972 586 4027 reditus
612 3972 678 4027 de
707 3982 797 4027 tuo
825 3973 1159 4042 potissimum
1202 3984 1383 4042 sperat
1414 3974 1632 4026 auxilio.
1664 3975 1835 4027 Tui-re
1859 3976 1955 4043 igi-

382 4074 471 4120 tur
490 4082 645 4135 aaqua
682 4075 1020 4135 poscentem,
1052 4074 1107 4120 et
1145 4065 1489 4120 humanitatis
1529 4076 1631 4118 tum
1673 4066 1829 4118 latius
1862 4082 1952 4118 cx-

381 4160 543 4215 tende
565 4158 784 4223 fatnam;
814 4174 935 4229 qua:
978 4162 1326 4214 incrementis
1370 4164 1615 4215 maximis
1659 4162 1953 4216 cuntulalii-

381 4261 490 4321 tur,
518 4252 565 4307 si
594 4251 816 4308 Turasio
846 4268 943 4323 per
974 4261 1025 4307 te
1051 4254 1281 4308 secunda
1322 4258 1698 4309 successerint.
1732 4255 1879 4310 Vale.

975 4346 1187 4402 EPIST.
1230 4347 1362 4403 LXI.

872 4454 1468 4493 SVﬂMACEUSPATLBNO.

453 4527 659 4599 Religio
708 4531 994 4598 postu'avit
1032 4538 1086 4581 ut
1131 4531 1455 4595 scriberem,
1498 4532 1788 4597 pra-sertim
1834 4547 1950 4585 eum

380 4620 685 4676 hortaretur
711 4617 987 4673 familiaris
1007 4621 1237 4673 occasio.
1273 4620 1399 4673 Nam
1428 4622 1585 4674 IIOIIIJ
1631 4632 1754 4674 tuus
1788 4624 1952 4676 tabel-
1988 4595 2032 4652 θ

379 4713 573 4769 larium
594 4727 651 4767 se
674 4714 802 4767 mihi
825 4712 1017 4767 obtulit
1041 4728 1056 4778 ;
1080 4714 1162 4767 cui
1188 4713 1314 4765 nihil
1336 4715 1630 4767 litterarum
1649 4714 1797 4776 dare,
1813 4730 1955 4767 sutu-

380 4818 526 4858 niam
552 4803 741 4870 piaculi
767 4818 887 4857 esse
919 4803 1189 4872 perspexi.
1224 4802 1413 4858 Valere
1443 4805 1599 4872 igitur
1629 4818 1679 4858 te
1704 4818 1955 4873 opto,tne

380 4896 603 4960 nuntio;
637 4904 692 4949 et
718 4895 950 4949 vicissim
984 4904 1109 4964 peto
1134 4901 1191 4948 ut
1234 4907 1331 4949 nos
1355 4896 1629 4964 sospitatis
1671 4911 1771 4949 tua:
1819 4897 1953 4951 indi-

378 4989 480 5044 ciis
499 4988 814 5043 movereris.
851 4988 1000 5043 Vale.

958 5078 1169 5133 EPIST.
1214 5078 1371 5134 LXII.

880 5184 1184 5225 SVIIACHUS
1214 5186 1474 5225 PATERNO.

448 5263 754 5328 Quaestores
767 5261 971 5317 ordinis
985 5262 1153 5315 nostri
1184 5277 1455 5331 nunquam
1482 5262 1711 5317 ferarum
1736 5277 1949 5319 suarum

382 5370 417 5425 p
440 5355 678 5408 irtorium
706 5355 1068 5409 contulerunt.
1093 5353 1265 5409 Grave
1290 5355 1434 5409 enim
1459 5355 1752 5425 majoribus
1780 5356 1950 5410 visum

374 5459 487 5514 est,
519 5455 579 5501 ut
602 5446 953 5501 tolerantibus
979 5460 1143 5501 onera
1167 5449 1451 5500 senatoriae
1482 5446 1777 5516 dignitatis,
1807 5462 1952 5501 sum-

376 5548 505 5611 ptus
528 5535 845 5591 immodicus
874 5536 1185 5591 adderetur.
1220 5536 1343 5590 Haec
1368 5537 1498 5590 mihi
1522 5538 1799 5605 'proxime,
1828 5553 1948 5591 cum

372 5628 750 5701 gladiatorium
776 5642 967 5680 munus
990 5629 1329 5690 instruerem,
1354 5631 1520 5696 magis
1547 5629 1726 5695 pepuli
1753 5629 1949 5683 Ruina-

373 5726 455 5789 ni,
487 5736 644 5789 quam
676 5734 795 5774 meo
819 5720 1035 5773 nomine
1072 5721 1422 5788 pueroga‘iva
1462 5721 1636 5774 delata
1668 5734 1774 5774 eSt.
1811 5722 1957 5776 Nunc

384 5830 415 5868 a
434 5818 599 5869 lratre
622 5828 745 5867 meo
771 5810 1006 5881 Cynegio
1027 5810 1088 5865 γ.
1108 5811 1170 5867 C.
1201 5812 1498 5879 Quaestorio
1515 5814 1957 5881 candida'oquin-

1601 372 2073 430 EPISTULAHUM
2093 399 2098 405 -
2118 370 2315 425 Llliliii
2363 371 2421 427 ι’.

1984 488 2032 544 Α
2061 480 2384 550 quagesinia:
2437 478 2662 547 vectigal
2700 478 2963 548 exigitur;
3013 477 3155 547 quod
3205 478 3350 532 solos
3392 493 3638 533 ursorum

1982 3223 2027 3288 ρ
2058 3201 2289 3255 tuebitur
2340 3199 2631 3269 cognituris
2684 3215 2698 3251 :

3539 368 3642 429 258

2064 571 2449 640 negotiatores,
2494 580 2695 640 utpote
2720 571 2947 639 quaestui
2976 571 3289 635 servientes,
3326 578 3537 638 oportet
3557 587 3640 636 ag-

2062 678 2306 720 noscere.
2345 661 2510 732 Cujus
2549 664 2761 731 injuria:
2798 662 3065 718 aliectatio
3106 673 3253 718 tuum
3291 663 3639 718 moderamen

2060 764 2358 824 exspectat.
2389 755 2620 819 Itesiste,
2645 769 2829 823 quaeso
2858 765 2929 819 te,
2957 755 3364 824 publicanorum
3386 754 3621 822 cupidita

2062 846 2123 911 ti,
2147 855 2203 899 et
2224 846 2418 900 damna
2450 845 2775 915 collegarum
2820 846 3018 901 recide.
3071 846 3149 899 Ad
3183 845 3448 914 geminam
3496 854 3637 898 tuam

2058 935 2279 1005 gratiam
2311 952 2398 991 res
2427 936 2526 990 ista
2558 936 2826 1005 proficiet;
2883 936 2929 990 si
2978 935 3254 1005 privilegio
3291 935 3641 993 honoraveris

2057 1038 2302 1082 senatum
2355 1026 2619 1084 levamine
2642 1028 2851 1097 juveris
2878 1026 3212 1082 candidatos.
3240 1026 3391 1082 Vale.

2628 1180 2848 1237 EPIST.
2906 1179 3090 1237 LXIII.

2534 1327 2841 1368 εῖυηιοηυέ
2878 1328 3143 1367 PATERNO.

2129 1448 2299 1504 Causa
2325 1449 2483 1503 amici
2512 1450 2680 1503 sua~it
2699 1460 2755 1501 ut
2774 1448 3091 1505 scriberem.
3107 1448 3209 1503 St‘d
3234 1448 3505 1504 fatendum
3524 1459 3627 1513 est,

2058 1542 2316 1610 majorem
2340 1556 2425 1597 me
2444 1555 2625 1597 coram
2656 1551 2759 1597 tua:
2785 1540 3197 1597 existimationis
3220 1543 3489 1597 habuisse.
3506 1543 3626 1597 Nan

2058 1633 2391 1689 Minucianus
2424 1634 2487 1689 V.
2519 1634 2582 1690 C.
2618 1636 2816 1704 exiguo
2858 1634 3193 1705 periclitatur
3229 1646 3474 1705 argi-tito.
3519 1635 3618 1689 'I'ib

2059 1737 2237 1784 autem
2258 1745 2361 1783 non
2395 1729 2569 1782 tenuis
2594 1728 2659 1782 ad
2692 1729 2901 1783 laudem
2932 1728 3257 1783 reserabitur
3277 1728 3441 1794 via,si
3467 1728 3629 1793 falsis,

2062 1829 2119 1872 ut
2148 1820 2329 1887 audio,
2368 1820 2688 1891 syngraphis
2725 1822 2951 1876 excitata
2988 1822 3254 1875 calumnia
3307 1821 3567 1875 consedcr
3592 1831 3632 1875 t.

2058 1910 2209 1981 Piget
2247 1911 2429 1965 dicere
2477 1912 2671 1979 quibus
2715 1910 2949 1980 strophis
2995 1914 3260 1981 apparitio
3299 1913 3410 1966 itali
3458 1914 3630 1967 :erarii

2055 2014 2353 2072 grassetur.
2382 2005 2571 2057 Fertur
2600 2003 2699 2058 sub
2733 2004 2926 2072 publici
2969 2004 3135 2058 debiti
3175 2006 3355 2073 specie
3392 1987 3630 2070 privato.

2055 2110 2173 2149 rum
2200 2096 2478 2149 nominum
2506 2097 2632 2150 falsa
2661 2097 2897 2150 recitari.
2927 2095 3193 2151 lnvalidos
3215 2096 3429 2163 quidem
3452 2100 3630 2150 statim

2054 2187 2222 2243 vincit
2259 2188 2563 2258 impressio.
2594 2186 2892 2243 Validiores
2935 2200 3113 2242 autem
3152 2203 3271 2243 cum
3304 2188 3631 2241 monimenta

2056 2290 2155 2345 pro
2190 2277 2407 2347 sejuris
2448 2280 2773 2344 aseiverent,
2802 2277 3103 2333 criminosis
3138 2278 3421 2332 verborum
3470 2277 3629 2331 inter-

2054 2369 2441 2438 pretationibus
2472 2370 2831 2439 implicantur,
2872 2378 2931 2423 ut
2972 2368 3038 2422 ad
3084 2369 3266 2423 damni
3319 2370 3628 2437 patientiam

2054 2476 2176 2517 sese
2192 2462 2407 2518 invidia:
2433 2461 2623 2517 timore
2640 2463 2973 2517 submittant.
3007 2462 3109 2516 Sed
3130 2460 3267 2516 V.C.
3284 2462 3628 2528 Minutianus,

2056 2555 2131 2609 tui
2159 2571 2382 2611 securus
2407 2564 2463 2611 et
2493 2556 2693 2626 legum,
2731 2555 3008 2610 relationis
3036 2557 3209 2610 minas
3240 2556 3450 2611 amoliri
3482 2568 3585 2627 opt.
3614 2568 3630 2611 t

2054 2646 2330 2703 examine.
2357 2646 2429 2701 Da
2463 2647 2645 2715 igitur,
2675 2660 2772 2701 oro
2800 2656 2850 2702 te
2871 2686 2887 2712 ,
2925 2646 3167 2715 judires,
3220 2663 3354 2717 quos
3412 2650 3631 2702 urbanis

2057 2740 2409 2807 potestatibus
2440 2738 2729 2807 imperialis
2758 2738 2995 2808 prmfecit
3015 2737 3228 2795 electio.
3264 2740 3450 2808 Neque
3488 2756 3632 2794 enim

2053 2831 2273 2899 dignum
2302 2841 2405 2898 est,
2437 2831 2504 2885 ad
2538 2831 2879 2901 longinquam
2924 2831 3285 2899 cognitionem
3332 2830 3509 2884 vocari
3539 2834 3629 2885 tle-

2056 2922 2222 2978 bitum
2256 2932 2414 2978 tenue
2443 2934 2498 2978 et
2541 2923 2863 2993 pra-cipuatn
2895 2920 3228 2990 dignitatem.
3256 2920 3487 2990 Longius
3514 2936 3634 2990 pcr-

2055 3034 2269 3087 gerem.
2309 3018 2352 3071 si
2385 3016 2611 3087 aequitas
2638 3016 2801 3070 vellet
2844 3009 3025 3069 multis
3080 3013 3329 3083 precibus
3371 3016 3626 3075 aduvart.

2054 3110 2241 3163 Causae
2269 3122 2439 3178 genus
2480 3107 2671 3162 relatio
2720 3106 3009 3175 putuit-abit
3041 3121 3055 3158 :
3091 3120 3209 3175 quze
3252 3106 3353 3159 etsi
3390 3121 3629 3161 errorem

2756 3211 3135 3267 nonnunquam
3193 3207 3369 3251 tamrn
3434 3198 3630 3263 ιιιιιιιιὶι

2056 3289 2283 3343 emereri
2304 3329 2321 3355 ,
2349 3298 2405 3343 ut
2437 3288 2513 3343 illi
2545 3303 2576 3342 a
2616 3299 2667 3344 te
2694 3291 2811 3342 sine
2836 3289 2941 3341 alio
2970 3288 3329 3357 disceptatore
3358 3286 3485 3341 cred
3506 3298 3629 3341 itur.

2055 3379 2208 3437 Vale.

2626 3474 2837 3529 EPIST.
2878 3473 3062 3529 LXIV.

2564 3582 2874 3621 SVIIACUUS
2916 3580 3174 3620 PAThRSO.

2125 3659 2436 3715 Ostentator
2462 3656 2566 3713 mei
2601 3663 2651 3711 in
2682 3667 2733 3711 te
2761 3658 2921 3713 studii
2947 3672 3064 3710 esse
3087 3674 3190 3708 Ittm
3219 3656 3408 3709 debeo.
3434 3656 3551 3710 Olli:
3576 3672 3622 3710 ta

2055 3755 2254 3823 quippe
2276 3768 2340 3807 ex
2372 3752 2556 3806 debito
2603 3752 2873 3822 religionis
2903 3752 3137 3818 proiecta
3163 3750 3506 3818 jactationem
3550 3767 3630 3804 re-

2056 3856 2265 3901 cusant.
2314 3845 2562 3911 Quinimo
2606 3844 2786 3898 uberis
2828 3843 3009 3913 gratiie
3047 3843 3213 3897 instar
3254 3844 3458 3911 accepi,
3493 3843 3632 3911 quod

2055 3939 2305 3993 amicitia:
2346 3952 2479 3991 mea:
2514 3934 2573 3988 V.
2602 3936 2662 3989 ϐ.
2707 3936 2909 4004 Scipio,
2952 3946 3001 3987 te
3028 3944 3336 4004 niystagogo
3366 3949 3509 3995 usus.
3543 3956 3638 3993 ac-

2056 4036 2237 4084 ce-SLt.
2275 4030 2561 4083 Maximum
2590 4028 2733 4082 enim
2764 4028 2967 4081 lucrum
3006 4037 3086 4080 est
3128 4042 3369 4094 qnmrere
3402 4025 3628 4078 familia-

2056 4124 2265 4174 ritatem
2319 4121 2603 4172 bonorum.
2644 4118 2709 4171 Et
2751 4132 2881 4171 sane
2914 4131 3072 4185 spero
3112 4117 3280 4184 ipsum
3321 4130 3530 4185 quonie
3576 4119 3628 4167 in

2055 4210 2301 4265 omnibus
2333 4210 2529 4263 nustris
2555 4208 2861 4278 diligentem
2896 4206 3150 4269 futurum,
3194 4218 3472 4274 postquam
3505 4225 3630 4269 rug—

2057 4306 2265 4357 IIOH‘Jil
2310 4317 2528 4355 suorum
2572 4302 2761 4365 relatu,
2807 4300 2949 4367 quod
2992 4296 3206 4367 negotio
3234 4297 3349 4350 eius
3376 4311 3502 4350 cura
3534 4312 3629 4351 nu-

2056 4405 2165 4449 stra
2206 4396 2507 4448 cuntuletit.
2542 4392 2689 4446 Vale.

2616 4522 2829 4577 I'LPIST.
2866 4519 3023 4576 LXV.

2552 4628 3147 4670 εῑκκιευυδιἎτικκο.

2129 4714 2174 4780 Q
2214 4713 2557 4781 adragesima:
2589 4712 2877 4780 portorium
2906 4710 3042 4780 (sive
3072 4712 3321 4778 vectigal)
3356 4722 3459 4763 non
3486 4719 3629 4762 recto

2061 4812 2299 4875 poscitur
2333 4824 2360 4859 a
2390 4808 2730 4861 senatoribus
2767 4804 3064 4858 candidatis
3098 4822 3108 4855 :
3139 4807 3260 4873 quia
3291 4806 3452 4857 nostri
3490 4807 3629 4858 ordi.

2062 4899 2143 4952 nis
2168 4900 2466 4953 functiones
2489 4898 2700 4951 onerari
2722 4897 2946 4964 geminis
2975 4895 3326 4949 incommodis
3350 4910 3453 4947 non
3476 4909 3630 4962 Opor-

2062 5001 2153 5046 tet.
2193 4992 2303 5047 lIoc
2328 4992 2419 5046 tibi
2448 4993 2607 5047 etiam
2633 5006 2727 5059 pro
2750 4990 2984 5059 Cynegio
3015 4990 3073 5042 V.
3118 4990 3179 5043 C.
3211 4990 3411 5042 dudum
3452 4992 3629 5043 missis

2061 5085 2251 5139 litteris
2282 5086 2526 5139 iudicavi.
2565 5084 2714 5137 None
2742 5083 2837 5136 lilii
2874 5084 2976 5136 mei
3010 5083 3314 5149 Pompeiani
3346 5081 3628 5134 clarissimi

2059 5189 2113 5233 et
2140 5178 2320 5247 optimi
2349 5180 2560 5246 juvenis
2588 5194 2683 5247 par
2711 5178 3004 5231 necessitas
3026 5176 3358 5243 depOposcit,
3391 5184 3449 5227 ιιι
3478 5191 3624 5239 rupe-

2061 5279 2224 5323 terem
2268 5272 2610 5339 postulatum.
2661 5265 2855 5335 Quaeso
2902 5267 3059 5335 igitur
3103 5275 3163 5319 ιιι
3209 5266 3626 5328 humanitatem,

2058 5375 2175 5429 quae
2204 5361 2341 5414 inter
2367 5360 2589 5413 virtutes
2623 5370 2735 5413 tuas
2761 5358 2932 5427 prima
2959 5368 3059 5419 est,
3093 5360 3258 5411 nostri
3281 5356 3484 5411 ordinis
3517 5356 3625 5409 edi-

2061 5452 2263 5505 toribus
2310 5451 2593 5519 digaanter
2632 5450 2939 5517 impertias;
2992 5458 3040 5499 et
3088 5462 3334 5500 ursorum
3385 5454 3621 5500 transve.

2056 5540 2288 5594 etionem
2336 5538 2614 5607 cupiditati
2664 5537 3049 5607 mancipiorum
3094 5536 3398 5591 soliti-alias.
3438 5537 3617 5590 Perve.

2060 5633 2172 5687 niet
2202 5634 2442 5687 beneficii
2474 5631 2625 5686 istius
2649 5643 2817 5700 gratia
2841 5642 2892 5684 et
2921 5630 2985 5684 ad
3009 5643 3275 5693 senatum,
3303 5630 3391 5699 qui
3423 5630 3625 5683 levatur

2060 5724 2431 5785 incommodis,
2460 5734 2513 5777 et
2544 5723 2606 5776 ad
2636 5724 2907 5792 pupulum,
2940 5726 3087 5793 cujus
3116 5721 3473 5791 voluptatibus
3497 5737 3615 5791 prie-

2061 5828 2235 5873 statur
2259 5816 2585 5872 innnunitas.
2617 5815 2768 5869 Vale.
