4218 6462
546 346 651 402 259

1104 454 1317 511 EPIST.
1350 453 1533 511 LXVI.

1034 559 1338 601 δνιιιιλειιυε
1364 561 1569 603 PATER!
1580 561 1633 603 ο.

619 633 845 704 Ampelii
873 635 1096 690 illustris
1120 638 1396 692 memoria
1422 636 1525 692 viri
1571 637 2016 704 necessitudines,
2048 637 2131 694 in-

546 736 815 781 cessuntm
857 726 949 781 lite
979 728 1210 795 privata.
1232 728 1345 784 Non
1376 740 1531 800 putes
1555 729 1665 785 sola
1691 733 1925 800 parentis
1948 745 2130 787 recor-

546 817 760 874 datione
801 832 992 873 curam
1037 835 1140 890 pro
1176 820 1281 876 illis
1312 832 1551 876 nostram
1584 824 1811 877 moveri.
1861 822 2131 878 Extemos

545 925 777 980 quoque,
808 921 865 967 et
895 913 1184 967 memorari
1228 914 1325 968 viri
1369 914 1605 979 nescios,
1639 931 1815 972 causa:
1846 918 1955 971 urit
1988 917 2129 971 indi-

543 1002 741 1072 gnitas.
779 1002 947 1073 Cujus
978 1005 1233 1070 breviter,
1264 1018 1326 1061 ut.
1355 1020 1594 1077 possum,
1625 1008 1831 1079 fastigia
1862 1018 1917 1064 et
1953 1011 2130 1080 capita

544 1103 870 1172 contingam.
904 1103 1183 1172 Ampelius
1208 1103 1277 1160 de
1297 1107 1651 1160 summatibus
1677 1106 1943 1176 quondam
1973 1122 2129 1162 seua-

544 1204 668 1259 tus,
712 1210 871 1265 quem
915 1196 1072 1249 fama:
1115 1196 1429 1252 celebritate
1469 1197 1611 1253 didic
1636 1199 1702 1253 sti
1752 1199 2127 1253 domunculam

545 1284 733 1341 Romae
759 1286 827 1339 de
847 1286 1157 1342 Posthumio
1184 1288 1244 1341 V.
1268 1288 1331 1341 C.
1361 1288 1670 1360 Porphyria:
1695 1288 1906 1344 lucretio
1926 1305 2129 1344 merca-

548 1387 633 1431 tus
663 1384 766 1450 est.
797 1376 1115 1433 Contractus
1138 1378 1291 1433 istius
1320 1380 1468 1450 origo
1492 1380 1633 1448 justa
1662 1390 1812 1445 tetas,
1842 1394 2007 1449 prepc
2028 1396 2129 1433 ste-

542 1469 765 1531 cuiaris,
793 1484 896 1540 qua
922 1471 1178 1526 intentata
1205 1473 1474 1542 possessio
1495 1481 1598 1527 est.
1620 1473 1771 1527 Nunc
1794 1488 1963 1539 nuper
1984 1486 2130 1526 vetc-

542 1571 690 1613 rator
714 1560 928 1631 quidam
961 1560 1333 1630 procuratorio
1358 1561 1575 1617 nomine
1604 1575 1767 1632 caput
1789 1561 2000 1627 extulit,
2024 1561 2129 1617 Eu-

541 1650 678 1706 sebii
702 1666 767 1705 ex
794 1651 1004 1705 notario
1038 1651 1099 1706 V.
1135 1649 1198 1707 C.
1227 1667 1483 1720 quassans
1512 1663 1779 1709 vetustam
1811 1652 2126 1723 petitionem

541 1741 612 1797 de
641 1742 937 1811 impetratis
965 1743 1093 1798 olim
1124 1742 1413 1799 Theodosii
1454 1744 1695 1814 ejusdem
1726 1746 1905 1812 bonis,
1934 1745 2127 1815 quibus

1716 343 1778 410 ρ.
1826 343 2164 400 Αυιιιςιιιιδ
2201 339 2634 400 SYMMACIIIIS.

3700 340 3809 397 εαο

2229 472 2409 512 raruut
2435 455 2629 524 indago
2653 460 2895 508 testatur.
2931 451 3057 508 lltcc
3086 451 3246 523 igitur
3273 455 3441 524 prima
3467 454 3596 510 mihi
3626 454 3693 510 de
3717 473 3810 509 vn-

2234 552 2314 605 bis
2341 549 2517 621 gaudii
2543 562 2704 603 causa
2726 556 2827 610 est.
2852 546 3017 616 quod,
3038 547 3252 603 rusticis
3275 548 3634 620 voluptatibus
3660 551 3810 605 saui-

2233 650 2398 696 talem
2442 640 2661 708 juvatis.
2701 638 2987 695 Secundus
3022 638 3224 695 laetitia:
3246 639 3450 711 gradus
3480 649 3585 708 est,
3614 651 3810 698 venatu

2232 743 2389 805 capta
2415 730 2695 788 meruisse.
2723 729 2855 788 Nam
2878 738 2938 784 ut
2963 728 3152 785 honori
3173 729 3464 786 ﬂuminum
3482 730 3662 799 datur,
3690 747 3810 788 cor-

2232 839 2336 879 una
2372 837 2590 880 sacrare
2633 835 2953 886 cervorum,
2984 830 3041 876 et
3074 822 3291 891 aprinos
3317 822 3508 880 dentes
3538 822 3810 880 liminibus

2231 914 2478 985 afﬁgere;
2525 915 2599 971 ita
2633 912 2928 969 amicorum
2970 913 3133 967 cultui
3174 913 3491 970 dedicantur
3520 913 3809 971 libamenta

2231 1000 2525 1079 sylvarum.
2565 1007 2772 1064 Interea
2818 1019 3010 1061 recuso
3037 1006 3359 1061 sententiam
3400 1022 3522 1079 qua:
3565 1023 3683 1064 rem
3717 1023 3808 1068 νο-

2233 1101 2459 1156 naticam
2488 1099 2683 1155 servile
2717 1097 2862 1155 ducit
2886 1096 3144 1153 oflicium.
3168 1098 3424 1154 Statuerit
3453 1100 3556 1156 hoc
3574 1101 3806 1171 scriptor

2228 1192 2371 1262 ston
2412 1200 2618 1246 tantum
2664 1188 2992 1259 probandus,
3033 1204 3156 1243 nam
3206 1204 3413 1247 morum
3457 1188 3574 1259 ejus
3611 1190 3804 1248 damna

2231 1300 2338 1339 non
2360 1286 2543 1341 sinunt
2569 1292 2626 1338 ut
2658 1283 2847 1339 abillo
2868 1283 3087 1352 agendae
3106 1284 3230 1339 vitae
3256 1292 3468 1353 petatur
3490 1285 3803 1341 auctoritas.

2234 1377 2341 1433 \‘os
2369 1375 2513 1436 malo
2551 1392 2673 1432 cum
2709 1375 2877 1433 Atillo
2914 1377 3162 1433 rusticari
3190 1386 3247 1433 ot
3283 1377 3466 1431 ludum
3496 1376 3691 1434 virium
3717 1393 3805 1434 se-

2228 1467 2352 1537 qui,
2392 1483 2555 1539 quam
2578 1468 2731 1525 bouis
2761 1468 2940 1525 verbis
2967 1466 3163 1525 deduci
3190 1468 3257 1523 ad
3293 1467 3541 1523 instituta
3560 1468 3801 1526 desidia.

2228 1559 2391 1616 Certe
2432 1559 2683 1616 statibus
2734 1559 2930 1617 vestris
2971 1558 3060 1617 hic
3099 1558 3250 1615 labor
3283 1560 3555 1615 convenit.
3606 1559 3802 1616 Distin-

2228 1652 2437 1722 3uenda
2464 1661 2550 1709 est
2574 1650 2735 1708 lectio
2751 1650 3031 1721 juvenem,
3055 1666 3163 1707 non
3181 1652 3414 1714 alveolo,
3443 1661 3537 1708 aut
3552 1653 3681 1725 pila,
3707 1666 3805 1710 nec

2232 1744 2423 1801 trocho
2441 1744 2641 1809 Attico,
2665 1745 2753 1799 vel
2787 1742 2991 1799 Grecis
3028 1742 3328 1813 palzestris:
3350 1744 3445 1799 sed
3474 1742 3643 1800 alacri
3676 1744 3803 1801 fati-

541 1831 648 1888 Iioc
692 1834 950 1903 praidium
994 1835 1250 1890 mentitur
1289 1836 1531 1891 haesisse.
1568 1836 1877 1891 Theodosio
1910 1846 1965 1891 et
1998 1835 2126 1891 Por-
2160 1827 2203 1888 Β
2230 1836 2447 1907 εδιίοιιο
2473 1846 2530 1893 et
2547 1835 2850 1893 innocentis
2872 1835 3116 1893 audacia:
3141 1836 3375 1906 gaudiis.
3402 1836 3485 1892 Ad
3507 1836 3624 1894 haec
3639 1840 3805 1893 etiam

542 1927 750 1998 phyria:
773 1926 915 1981 nulfa
944 1928 1209 1983 rationum
1230 1927 1463 1983 societas
1495 1928 1613 1993 fuit,
1650 1929 1791 1983 nulla
1818 1928 2125 1998 eonjunctio

540 2020 871 2076 facultatum.
904 2019 1011 2073 Res
1042 2020 1094 2075 in
1119 2020 1321 2088 judicio
1360 2018 1583 2088 urbano,
1618 2032 1671 2076 et
1697 2036 1726 2075 a
1757 2022 1985 2089 petitore
2009 2038 2124 2077 cm-

545 2120 659 2178 pta,
682 2120 735 2164 ct
764 2111 881 2180 ipso
907 2110 1141 2181 fugiente
1162 2112 1311 2166 linita
1345 2121 1447 2166 est.
1483 2110 1669 2167 Denuo
1694 2112 1903 2167 cineres
1924 2114 2121 2184 negozii

539 2200 821 2269 obreptiva
850 2200 1242 2270 supplicatione
1284 2199 1491 2256 refovet
1518 2202 1571 2256 in
1600 2202 1904 2267 ﬂammam;
1935 2214 1990 2258 et
2028 2220 2124 2273 per

536 2293 891 2349 diffidentiam
930 2296 1084 2364 justi,
1138 2296 1337 2353 divina:
1390 2298 1581 2353 domus
1635 2313 1731 2367 pro
1784 2314 1844 2355 se
1900 2298 2124 2352 attrahit

535 2386 779 2443 actiones
806 2384 877 2440 ob
902 2381 1299 2455 inquisitionem
1325 2387 1575 2444 videlicet
1604 2389 1904 2453 mobilium,
1927 2389 2120 2461 quibus

536 2478 669 2532 nihil
698 2493 983 2535 commune
1010 2489 1092 2534 est
1117 2494 1238 2535 cum
1280 2481 1503 2547 praedio.
1535 2479 1867 2551 Pervestigct
1894 2481 1995 2537 ista
2036 2481 2117 2537 le-

535 2585 661 2636 gum
699 2570 887 2623 ordine
927 2580 1104 2625 rector
1147 2573 1339 2639 privati
1380 2573 1557 2626 aerarii
1592 2572 1826 2627 :ardium
1870 2572 2124 2629 dominus

536 2659 805 2728 relinquat
828 2658 993 2727 jndici
1033 2674 1152 2714 suo.
1186 2659 1390 2731 Duplex
1423 2662 1600 2731 itaque
1622 2675 1780 2716 causa
1811 2672 1916 2728 est,
1946 2662 2117 2717 αἰνέω

538 2765 717 2804 rerum
746 2750 1041 2819 vocabulis,
1066 2753 1279 2807 actione
1304 2751 1638 2821 discrepans,
1668 2753 1874 2823 origine
1896 2769 2003 2809 non
2025 2770 2117 2809 co-

540 2842 775 2907 ha‘rcns,
817 2854 1062 2913 separata
1094 2843 1354 2913 personis.
1388 2843 1571 2912 Neque
1601 2844 1800 2900 rnohile
1828 2844 1959 2901 emit
1991 2848 2115 2900 Am-

538 2938 729 3003 pelius,
752 2953 926 3005 neque
957 2938 1172 2991 domum
1206 2939 1366 2992 fiscus
1398 2940 1638 2994 incessit.
1670 2942 1776 2995 Cur
1797 2951 2114 3011 procurator

532 3029 725 3084 adenis
757 3030 1041 3085 invalidam
1075 3033 1406 3099 petitionem,
1442 3033 1667 3100 publicis
1695 3037 1901 3091 viribus
1927 3038 2112 3107 juvat?

533 3122 666 3175 Cum
708 3121 874 3177 fratre
910 3135 1096 3177 nostro
1126 3124 1388 3191 Sperchio
1412 3126 1601 3180 illustri
1630 3142 1744 3181 vero
1782 3144 1964 3200 qureso
2010 3129 2109 3183 ista

2230 1943 2410 1983 meum
2463 1927 2843 1999 Symmachum
2884 1928 2935 1983 si
2975 1930 3326 1998 suocroverit,
3352 1945 3658 2001 quanquam
3687 1932 3805 1987 uni-

2230 2038 2375 2086 cum,
2420 2022 2767 2078 cohortabor.
2796 2022 2910 2077 Erit
2932 2021 3065 2077 olim
3093 2033 3326 2090 scrupus.
3355 2038 3469 2093 quo
3492 2032 3802 2081 renuntzare

2228 2117 2383 2171 annis
2405 2132 2596 2185 graves
2620 2114 2745 2169 huic
2787 2115 2937 2185 operi
2974 2115 3238 2171 debeatis.
3268 2114 3422 2172 Tunc
3459 2117 3655 2173 servile
3686 2133 3802 2173 mu-

2226 2222 2327 2261 nus
2348 2209 2468 2276 jure
2500 2207 2759 2262 habeatur
2778 2223 2906 2264 cura
2933 2208 3183 2263 venandi.
3213 2208 3528 2265 Famulatus
3555 2221 3637 2265 est
3655 2210 3800 2269 enim

2222 2298 2463 2366 quidam.
2496 2298 2541 2352 si
2581 2298 2897 2354 cedentibus
2941 2299 3142 2355 viribus
3172 2313 3488 2356 recusemus
3529 2303 3608 2358 uti
3648 2302 3801 2359 labo-

2225 2404 2345 2443 rum
2387 2389 2688 2456 vacatioue,
2732 2404 2892 2459 quam
2926 2392 3077 2445 uehis
3122 2399 3342 2461 praestat
3389 2402 3657 2449 sumtus.
3700 2392 3798 2447 Va-

2224 2480 2348 2537 lete.

2808 2614 3024 2671 liPlS'l‘.
3051 2614 3234 2671 LXIX.

2561 2724 2867 2765 δῑιιδιλειιιε
2901 2725 3091 2765 οιγιιιο
3122 2726 3187 2765 ET
3216 2725 3459 2766 1⁵101180.

2288 2823 2717 2881 Comutendastis
2762 2834 2915 2879 vetus
2940 2823 3198 2892 judicium
3239 2840 3439 2889 meum,
3469 2826 3558 2895 qui
3600 2826 3791 2881 eadem

2217 2915 2284 2970 de
2325 2917 2520 2971 littoris
2570 2915 2841 2971 Formiani
2893 2917 3061 2985 gratia
3111 2927 3164 2973 et
3209 2917 3522 2973 salubritate
3558 2918 3790 2974 sentitis.

2218 3009 2385 3064 Parce
2415 3010 2642 3063 antehac
2667 3024 2777 3063 orte
2800 3008 2943 3063 illius
2971 3008 3107 3062 bona
3139 3010 3396 3064 transitus
3423 3020 3602 3066 vester
3627 3010 3791 3083 degu-

2216 3111 2473 3157 staverat.
2498 3102 2573 3156 Ea
2597 3114 2740 3156 nunc
2767 3101 2981 3169 pensius
3017 3116 3113 3169 per
3156 3115 3364 3155 moram
3391 3104 3604 3173 cognita
3624 3103 3791 3157 amari

534 3210 921 3265 comtuunices.
961 3212 1057 3266 Est
1080 3212 1218 3283 aequi
1256 3214 1715 3284 servantissimus,
1742 3192 1914 3285 et'qui
1941 3218 2110 3275 libcn-
2136 3194 2184 3260 ο
2212 3209 2243 3246 ³³
2268 3195 2420 3248 “bis
2442 3209 2540 3247 "5“
2570 3194 2810 3263 ιουῧίθτθ
2842 3204 3176 3248 “¹⁰¹’¹¹⁰¹’¹³¹¹⁸’
3206 3192 3345 3250 Fc")
3370 3209 3513 3265 λ’ῧτθ
3541 3203 3790 3265 ¹²η¹1¹¹³¹¹³

533 3302 641 3356 tius
667 3302 936 3355 ccmmuui
959 3302 1066 3372 juri
1097 3305 1271 3370 (edat,
1297 3320 1455 3373 quam
1490 3307 1735 3374 potestati
1768 3323 1880 3362 sua:
1909 3307 2106 3365 faveat.

530 3392 648 3448 Scit
691 3396 834 3447 enim
879 3396 1023 3463 leges
1074 3395 1369 3451 honoribus
1414 3410 1533 3451 esse
1576 3398 1834 3465 potiores.
1883 3397 2110 3453 Confido

528 3500 651 3539 t-um
697 3499 982 3553 suppressa
1029 3486 1362 3557 cognoverit,
1410 3486 1605 3541 elicitis
1650 3503 1757 3542 nou
1804 3487 2106 3544 defuturam

528 3576 939 3631 correctionem.
970 3576 1027 3631 Si
1063 3586 1264 3646 qureret
1292 3592 1389 3631 cur
1419 3578 1484 3628 at!
1513 3593 1634 3633 eum
1665 3593 1827 3649 super
1853 3582 1951 3633 hoc
1976 3581 2107 3634 nihil

527 3667 863 3733 scripserim,
897 3669 1224 3736 respomlcas
1258 3683 1355 3722 oro
1385 3667 1621 3724 nondum
1652 3671 1786 3725 facta
1819 3671 1958 3725 inter
2009 3687 2106 3725 nos

528 3758 649 3829 styli
691 3759 1075 3813 consuetudine
1112 3761 1337 3815 veritum
1369 3775 1491 3816 csse
1529 3776 1615 3815 me
1647 3777 1715 3816 ne
1739 3761 1867 3829 quid
1904 3780 1934 3815 a
1963 3766 2108 3831 priu-

527 3850 671 3919 cipio
697 3849 908 3902 viderer
929 3865 1175 3919 arguere.
1211 3850 1365 3906 Dabit
1389 3852 1519 3904 mihi
1544 3866 1718 3905 causa:
1743 3851 1898 3920 hujus
1920 3868 2106 3907 einen-

528 3942 697 4005 datio,
747 3943 1141 3994 sermocinandi
1183 3957 1305 3997 cum
1355 3958 1422 3998 co
1470 3945 1749 3997 materiam
1791 3944 2098 3999 laetiorem:

523 4034 811 4099 gratiarum
848 4036 989 4088 actio
1030 4035 1324 4105 auSpicium
1362 4035 1554 4089 litteris
1596 4037 1731 4090 meis
1771 4035 1949 4091 faciet.
1986 4035 2100 4090 Non

525 4128 848 4195 exspectabo
897 4126 1036 4180 ultra
1095 4138 1149 4180 ut
1195 4126 1417 4198 alloquii
1462 4128 1544 4180 sui
1591 4126 1839 4181 ﬁduciam
1887 4141 2103 4197 prmstet

526 4218 746 4275 haerenti
774 4238 786 4271 :
818 4218 885 4274 ad
916 4234 1077 4274 omne
1117 4219 1355 4274 ofﬁcium
1382 4219 1590 4288 justitia
1628 4218 1746 4290 ejus
1777 4218 2096 4277 hortabitur.

526 4314 675 4369 Vale.

1072 4404 1292 4461 EPIST.
1331 4405 1539 4459 LXVII.

869 4512 1182 4551 ερῑιικλςιιυε
1219 4511 1407 4551 οιῐιιιο
1437 4513 1502 4550 ΕΤ
1545 4512 1785 4554 ιιιιοίιικο.

590 4588 861 4645 Juvenal-5
892 4589 1166 4643 industriae
1191 4598 1269 4643 est
1301 4588 1484 4644 excire
1504 4590 1731 4645 saltibus
1760 4590 1922 4658 feras,
1947 4604 1997 4647 et
2032 4594 2093 4647 li-

519 4681 719 4737 beralia
758 4680 933 4734 studia
977 4680 1221 4750 sylvestri
1276 4681 1546 4750 voluptate
1609 4682 1959 4753 distinguere.
2007 4685 2098 4740 Sic

518 4772 645 4828 olim
674 4773 880 4827 Marsus
914 4771 1139 4841 impiger
1165 4782 1222 4826 et
1250 4771 1400 4826 fortis
1429 4772 1679 4829 Sabellus
1705 4776 1869 4830 rubut'
1896 4776 2095 4833 habue-

518 4873 665 4922 runt.
688 4862 892 4917 Nostris
923 4863 1078 4915 annis
1104 4871 1254 4929 parta
1276 4863 1576 4928 proficiant.
1615 4865 1708 4918 list
1733 4865 1890 4933 hujus
1917 4866 2094 4921 indul-

514 4959 709 5027 gentiac
733 4957 785 5009 itt
820 4956 1086 5025 aliquibus
1113 4954 1300 5009 avibus
1324 4958 1650 5023 exemplum,
1684 4966 1742 5010 ut
1767 4960 2089 5014 nutrimenta

514 5049 915 5107 senescentibus
956 5060 1085 5101 natas
1126 5048 1295 5114 prima
1334 5048 1567 5101 vicissim
1616 5060 1935 5118 ευωρσηιθι.
1985 5050 2089 5106 Sed

514 5141 751 5196 nondum
788 5141 1040 5191 convenit
1063 5137 1355 5193 valetudini
1386 5154 1519 5193 mea:
1550 5142 1626 5193 uti
1658 5139 1842 5196 ferinis
1872 5142 2091 5196 visceri-

512 5236 614 5289 bus
645 5249 660 5285 :
692 5246 792 5287 nec
810 5241 987 5287 tamen
1015 5233 1239 5301 gratiam
1271 5232 1508 5287 muneris
1536 5234 1699 5288 vestri
1731 5235 1922 5288 minuit
1949 5234 2088 5303 apud

512 5342 599 5380 me
624 5323 914 5379 necessitas
935 5326 1298 5391 pareimoniar.
1322 5322 1451 5377 Nam
1474 5324 1575 5378 etsi
1603 5324 1787 5380 utendi
1812 5325 2089 5380 abstinen-

511 5419 581 5472 tia
604 5414 814 5470 sanitati
837 5414 1103 5483 consulit,
1128 5414 1300 5469 honor
1330 5424 1508 5470 tamen
1529 5417 1768 5471 muneris
1792 5418 1972 5471 animo
1997 5430 2086 5471 sa-

508 5510 724 5565 tisfecit.
759 5506 961 5561 Valete.

1051 5596 1263 5652 EPIST.
1299 5596 1527 5651 LXVIII.

847 5703 1152 5745 εῑκηλειιυε
1181 5705 1364 5741 θῐιῖίζιυ
1392 5705 1459 5742 ΕΤ
1488 5705 1730 5743 PBODINO.

573 5783 870 5845 Supputere
910 5780 1057 5836 vobis
1085 5784 1297 5843 plenam
1339 5779 1548 5834 roboris
1579 5779 1964 5848 valetudinem,
1997 5782 2073 5837 fe-

2214 3290 2377 3343 vestri
2409 3289 2657 3357 cupiens,
2688 3287 2831 3358 quod
2870 3287 3059 3357 procul
3086 3286 3303 3360 desitis.
3342 3296 3401 3344 et
3431 3287 3701 3344 desiderio
3737 3291 3791 3345 itt

2212 3393 2307 3432 vos
2332 3393 2456 3432 meo
2494 3378 2672 3432 indico
2701 3377 3037 3448 patientiam.
3069 3379 3140 3432 At
3164 3378 3209 3431 si
3233 3377 3345 3435 fors
3381 3377 3520 3434 votis
3544 3377 3791 3435 eiectum

2210 3472 2496 3533 secundet;
2529 3478 2655 3539 opto
2696 3474 2750 3527 in
2790 3469 2888 3528 illo
2926 3471 3048 3526 sinu
3089 3468 3294 3541 agitare
3333 3470 3606 3527 vobiscum
3645 3473 3790 3543 quod

2212 3573 2377 3617 restat
2406 3566 2615 3629 aetatis;
2641 3570 2699 3618 ut
2726 3572 2779 3617 et
2808 3561 2962 3616 locus
2998 3561 3128 3616 mihi
3157 3572 3378 3633 pmstet
3407 3562 3785 3628 valetudinem,

2209 3666 2265 3709 et
2290 3670 2383 3711 vos
2406 3656 2572 3709 animi
2609 3655 2956 3724 voluptatem.
2990 3652 3194 3709 Valete.

2789 3784 3003 3841 EPIST.
3038 3784 3199 3840 LXX.

2555 3892 2868 3933 ωιηιλειιυδ
2903 3892 3089 3931 οιτιηο
3119 3894 3185 3932 ετ
3219 3893 3460 3934 νιοωκο.

2278 3972 2359 4028 Ad
2386 3984 2494 4027 tum
2539 3974 2669 4028 mihi
2699 3973 2767 4027 ad
2810 3972 3153 4028 scribendum
3183 3986 3311 4029 sero
3343 3976 3615 4031 reseratis.
3680 3975 3786 4033 Vos

2206 4063 2347 4118 enim
2379 4065 2621 4132 oportuit
2649 4065 2903 4118 inclmare
2933 4063 3186 4118 libamina
3223 4065 3525 4123 litterarum
3555 4084 3571 4119 :
3600 4069 3691 4137 qui
3713 4069 3780 4121 ad

2205 4158 2485 4226 peregrina
2517 4156 2765 4222 discedit,
2803 4155 3131 4211 alternandis
3158 4159 3404 4227 epistolis
3429 4170 3646 4228 tit-astet
3680 4176 3777 4216 au-

2203 4248 2452 4317 Spicium.
2496 4249 2638 4319 Ergo
2687 4250 2963 4304 absolutus
3010 4251 3367 4307 observanti:
3408 4254 3689 4325 religione,
3724 4267 3781 4312 et

2204 4358 2349 4397 nunc
2390 4342 2537 4397 vobis
2569 4343 2740 4397 vicem
2780 4342 3118 4397 salutationis
3154 4345 3416 4412 rependo,
3462 4356 3519 4401 et
3565 4350 3617 4401 in
3650 4351 3777 4403 reli-

2201 4450 2397 4505 quum,
2453 4435 2497 4489 si
2548 4434 2659 4489 fors
2697 4435 2956 4489 obtulerit
2983 4446 3383 4503 commeantes,
3412 4437 3778 4494 assiduitatem

2122 4559 2174 4621 ι)
2199 4528 2442 4597 Spondeo
2471 4527 2806 4582 familiarium
2847 4528 3167 4598 paginarum
3199 4545 3214 4581 :
3247 4537 3307 4584 ut
3334 4528 3484 4585 vobis
3516 4532 3681 4596 possit
3706 4530 3776 4585 li-

2202 4634 2370 4689 quere
2399 4635 2505 4674 non
2537 4634 2650 4674 mea
2677 4619 2865 4690 culpa,
2903 4620 3002 4676 scd
3035 4631 3210 4675 vestra
3238 4636 3386 4677 mora
3428 4638 3516 4678 me
3538 4623 3772 4678 siluisse.

2204 4711 2411 4767 Valete.

2767 4843 2981 4902 EPIST.
3010 4844 3196 4898 LXXI.

2541 4947 2850 4988 ςνκδιιειιιῖε
2882 4950 3066 4989 οιγηιο
3104 4952 3168 4989 ιιτ
3210 4951 3452 4989 νιιῡιικο.

2265 5047 2539 5102 Sermonis
2562 5046 2726 5101 vestri
2757 5046 3070 5101 assiduitate
3094 5047 3355 5112 delector,
3387 5058 3442 5101 et
3470 5047 3679 5102 abunde
3699 5063 3763 5102 es

2193 5152 2260 5193 eo
2299 5152 2526 5194 munere
2566 5153 2767 5208 usurpo
2808 5135 3070 5192 Itetitiam.
3110 5137 3263 5202 Quod
3302 5138 3444 5192 enim
3493 5140 3574 5193 vel
3606 5143 3765 5194 vestri

2190 5231 2354 5286 animi
2409 5230 2666 5300 speciem,
2717 5227 2802 5284 vel
2851 5228 2959 5284 mei
3007 5227 3266 5285 desiderii
3302 5231 3541 5285 solamen
3592 5240 3769 5300 potest

2190 5339 2312 5380 esse
2342 5323 2563 5390 clarius,
2591 5337 2754 5391 quam
2782 5331 2841 5378 ut
2874 5320 3016 5392 apud
3052 5337 3140 5378 me
3168 5322 3224 5377 in
3250 5322 3368 5378 dies
3392 5321 3631 5393 singulos
3652 5337 3765 5379 me-

2191 5418 2416 5472 ritorum
2450 5423 2752 5471 vestrorum
2797 5415 2974 5471 cultus
3012 5415 3308 5482 augescat?
3341 5414 3584 5469 Amicitia
3615 5414 3759 5468 enim

2188 5522 2309 5576 qua:
2328 5506 2630 5561 celebratur
2654 5502 2873 5570 officiis,
2906 5519 3179 5573 nunquam
3201 5515 3351 5558 certo
3382 5506 3487 5560 line
3512 5515 3759 5561 contenta

2184 5610 2287 5655 est.
2318 5601 2493 5667 Atque
2519 5599 2640 5653 ideo
2668 5597 2824 5652 decet
2850 5612 2947 5655 vos
2981 5599 3033 5651 in
3063 5598 3365 5653 deferendis
3406 5597 3653 5668 alloquiis
3679 5599 3761 5654 ef-

2185 5692 2270 5745 fici
2302 5690 2687 5761 promptiores,
2722 5705 2841 5743 cum
2877 5689 2943 5743 ad
2980 5688 3297 5745 solvendam
3335 5690 3757 5748 viei:sitttdiuettt

2183 5800 2287 5839 non
2320 5782 2558 5845 probetis
2591 5781 2981 5837 immemorem.
3016 5779 3220 5835 Valete.
