4218 6482
357 397 459 455 ἳϐΙ

949 502 1160 559 ειιιδτ.
1189 499 1398 556 LXXII.

899 607 1205 649 διιιιιιιειιιις
1227 605 1434 648 ωειιιιο.

425 685 689 757 Βοαίιῖιιιιι
712 686 872 740 amici
918 688 1023 741 mei
1059 684 1227 749 illius,
1251 685 1446 754 etipse
1479 697 1593 738 sua:
1642 693 1941 739 tiones'atts

355 775 553 833 intuitu
587 775 865 846 probatus,
909 774 1108 830 dudum
1152 774 1247 830 tibi
1293 769 1506 829 litteras
1545 789 1714 837 meas,
1742 772 1940 842 quibus

353 867 850 933 conuiieudaretur,
876 866 1144 923 exhibuit.
1186 865 1255 923 Et
1295 865 1415 921 ideo
1454 865 1706 921 secundm
1741 866 1946 934 astipu-

354 959 572 1016 Iationis
590 961 873 1026 auxilium,
897 970 952 1014 ut
977 967 1101 1029 pote
1119 960 1230 1029 jam
1256 959 1526 1026 cognitus,
1557 974 1664 1012 nun
1698 957 1944 1026 requirit.

357 1053 464 1109 Hei
500 1053 661 1125 igitur
693 1053 858 1107 studii
899 1051 1039 1106 ratio
1067 1061 1122 1107 et
1153 1051 1490 1106 consuetudo
1516 1047 1696 1122 exegit
1726 1058 1785 1104 ut
1810 1049 1950 1103 scri-

354 1144 564 1202 berem.
601 1144 784 1216 Neque
804 1143 949 1200 enim
976 1142 1056 1198 fas
1082 1152 1187 1205 est.
1211 1144 1456 1214 quamvis
1480 1141 1806 1211 jampridem
1832 1141 1948 1209 ipse

356 1237 696 1304 dissimules,
721 1253 809 1294 me
843 1250 1062 1308 quoque
1092 1235 1398 1306 huiusmodi
1425 1234 1620 1289 officiis
1643 1233 1941 1288 abstinere.

354 1330 536 1401 Spero
559 1331 726 1398 enim,
753 1330 896 1402 quod
932 1339 1126 1400 sponte
1163 1328 1417 1384 amicitiae
1473 1326 1632 1382 tribui
1661 1325 1805 1381 solet
1841 1324 1949 1380 sal-

357 1425 456 1482 tim
481 1425 790 1484 assiduitati
819 1440 956 1482 mea:
991 1439 1114 1481 esse
1143 1423 1510 1479 relcrcnduni.
1545 1422 1693 1480 Vale.

913 1516 1129 1571 EPIST.
1162 1513 1398 1570 LXXIII.

862 1619 1172 1662 ςιιιιιιειιιιε
1202 1619 1421 1661 LICINIO.

427 1699 565 1756 Cum
608 1701 678 1757 ad
725 1703 968 1772 proxima
1015 1700 1133 1755 urbi
1173 1699 1507 1770 digrederer,
1539 1694 1840 1753 scribendis
1881 1695 1948 1750 ad

359 1803 416 1850 te
439 1794 635 1851 litteris
659 1796 934 1849 abstinere
963 1809 1066 1848 non
1100 1792 1284 1860 debui,
1318 1803 1378 1848 ut
1409 1802 1459 1849 te
1482 1791 1820 1847 observantia
1841 1790 1950 1861 pri-

1565 383 2044 443 ιῑριετοωιιυιι
2085 380 2291 438 LIBER
2333 382 2391 437 V.

1966 506 2017 562 Α
2042 497 2162 553 nosi
2192 497 2603 566 investigatione
2643 496 2918 551 dissensu.
2967 497 3102 552 Ilinc
3135 496 3190 551 lit
3231 508 3286 552 ut
3330 497 3625 567 iuquis'tio,

3528 382 3631 443 26!

2046 605 2170 661 qum
2201 606 2296 660 per
2338 605 2500 644 unum
2531 598 2747 644 strenue
2780 600 2954 658 posset
3000 592 3213 661 agitari,
3244 591 3468 645 artiﬁcio
3494 609 3629 662 quu-

2049 681 2172 737 dam
2199 681 2496 752 interpositi
2515 683 2822 737 certaminis
2850 681 3148 736 differatur.
3177 685 3349 750 Atque
3379 683 3497 738 ideo
3521 702 3630 739 tne-

2047 777 2148 831 tuit
2177 776 2254 831 vir
2286 774 2547 830 Itoni-stus
2596 777 2832 830 Bonosus
2873 791 2939 830 ne
2969 776 3069 828 sibi
3101 776 3310 831 invidia:
3352 778 3440 842 sit,
3486 783 3627 847 quod

2048 868 2181 923 tanti
2210 867 2406 935 negotii
2436 866 2608 922 adhuc
2633 877 2783 920 nutat
2806 866 3048 922 effectus.
3077 869 3410 936 Quapmpter
3428 878 3545 922 orat
3574 876 3630 920 ut

2047 961 2093 1016 si
2116 963 2236 1032 quis
2255 961 2448 1033 estqui
2476 960 2617 1014 V.C.
2638 960 2917 1030 Cyria'lcm
2946 971 3096 1030 putat
3120 963 3231 1031 ejus
3258 965 3459 1032 operis,
3482 960 3627 1029 quod

2050 1054 2191 1111 idem
2222 1064 2346 1111 ante
2381 1057 2614 1118 curavit,
2657 1055 2820 1109 etiam
2849 1053 3208 1110 discussorem
3249 1068 3369 1109 esse
3404 1053 3625 1120 del-ere,

2048 1146 2152 1203 sibi
2183 1147 2301 1204 haec
2343 1148 2588 1202 molestia
2630 1147 2962 1202 detrahatur.
3007 1147 3061 1201 Si
3104 1163 3231 1201 vero
3261 1146 3374 1215 ipse
3415 1148 3628 1215 negatio

2053 1238 2261 1295 videtur
2271 1239 2670 1306 accommodus,
2683 1238 2750 1292 ad
2765 1253 2825 1293 se
2837 1253 2998 1293 unum
3018 1238 3401 1308 disquisitionis
3420 1254 3630 1294 summa

2049 1334 2334 1403 pertineat.
2367 1333 2505 1404 Ergo
2534 1347 2718 1387 amore
2748 1332 2997 1402 Reipubl.
3031 1333 3181 1401 cujus
3209 1334 3464 1388 utilitates
3496 1331 3632 1385 inter

2053 1425 2321 1494 pracipes
2360 1424 2612 1492 etprima
2639 1423 3035 1492 complecteris,
3076 1423 3378 1478 clarissimo
3415 1409 3472 1479 et
3514 1424 3631 1477 illu-

2051 1520 2152 1574 strl
2181 1520 2299 1575 viro
2321 1519 2577 1590 pra-fectu
2601 1519 2824 1588 dignare
2846 1516 3124 1583 conferre;
3158 1527 3417 1588 quatenus
3441 1519 3628 1573 lacuna

2052 1617 2323 1665 tantorum
2360 1620 2665 1679 sumptuum
2692 1608 2913 1664 remotis
2935 1611 3390 1674 contentionibus,
3414 1609 3633 1674 detega-

2053 1708 2162 1755 tur.
2191 1701 2362 1769 Spero
2389 1700 2533 1754 enim
2575 1701 2688 1755 fore
2731 1709 2823 1767 ut,
2869 1699 3202 1754 cessantibus
3233 1702 3387 1756 novis
3430 1717 3632 1771 expen-

2053 1791 2320 1860 sionibus,
2360 1793 2635 1860 utriusque
2677 1791 2855 1860 operis
2893 1790 3207 1862 perfectioni
3257 1806 3631 1866 usurpatoruut

357 1889 439 1943 sci
467 1887 635 1944 moris
658 1887 1016 1944 absolverem.
1049 1885 1180 1941 Nam
1205 1894 1387 1942 vetere
1417 1884 1660 1940 instituto
1689 1884 1776 1938 hic
1817 1897 1949 1938 usus
1978 1869 2028 1931 Β
2054 1900 2261 1939 summa
2293 1882 2543 1941 sufﬁciat.
2577 1884 2727 1938 Vale.

362 1979 653 2048 increbuit,
682 1987 741 2034 ut
781 1978 1009 2048 ingressi
1040 1977 1162 2043 iter,
1209 1975 1489 2046 praelibent
1514 1975 1779 2047 primitias
1805 1974 1945 2028 seri-

361 2072 588 2139 ptiouis.
638 2069 818 2138 Quare
851 2069 1136 2125 familiaris
1183 2069 1344 2124 officii
1390 2067 1646 2124 invitatus
1680 2066 1943 2134 auspicio,

358 2161 658 2218 fraternam
696 2161 1032 2234 religionem,
1064 2176 1225 2232 quam
1248 2160 1378 2215 mihi
1407 2173 1626 2232 semper
1646 2166 1828 2214 mente
1851 2171 1947 2212 es-

361 2255 541 2323 bibcs,
579 2254 800 2312 assiduo
837 2270 1090 2311 sermone
1117 2263 1336 2310 testare.
1368 2252 1521 2309 Vale.

899 2346 1119 2404 EPIST.
1163 2346 1402 2403 LXXIV.

866 2455 1184 2497 διιιιιειιυε
1216 2453 1436 2496 ιιιιιιιιο.

432 2533 638 2590 Octavo
662 2534 877 2589 demum
903 2532 995 2588 die
1024 2533 1218 2587 multas
1255 2533 1522 2587 eluctatus
1568 2527 1776 2584 itineris
1805 2525 1950 2581 diffi-

360 2628 592 2680 cultates
619 2627 786 2680 larem
812 2623 1040 2693 patrium
1077 2622 1325 2678 salutavi.
1366 2620 1653 2687 Continuo,
1683 2628 1741 2672 ut
1768 2617 1953 2671 amici.

363 2717 438 2772 tia
466 2718 790 2788 postulabat,
824 2716 1079 2771 convenit
1118 2730 1206 2769 me
1247 2714 1546 2770 recordatio
1575 2713 1950 2767 mandatorum

361 2819 601 2864 tuorum.
642 2809 775 2862 Nam
799 2807 1098 2863 discedenti
1137 2807 1444 2877 injunxeras
1481 2816 1537 2860 ut
1580 2807 1846 2873 negotium
1878 2805 1952 2858 le-

361 2901 730 2956 ctissimorum
761 2903 1017 2968 iuvenum
1047 2900 1250 2954 'fieiaui
1275 2910 1438 2968 atque
1466 2898 1694 2966 Helpidii
1727 2897 1830 2949 lida
1857 2911 1954 2949 ex-

367 2994 674 3063 ploratione
701 2993 1080 3062 disquireretn.
1110 2992 1348 3058 Quorum
1379 3005 1678 3060 przeceptor
1705 2990 1785 3042 vir
1821 3004 1951 3056 pru-

363 3087 501 3143 dens
539 3098 596 3142 et
637 3087 852 3142 nescius
882 3085 1286 3156 gratillcationis
1313 3082 1544 3138 asseruit
1586 3098 1709 3137 esse
1753 3082 1805 3134 iu
1846 3080 1954 3134 illis

359 3183 643 3238 scientiam
667 3181 802 3251 juris
843 3179 1091 3235 idoneam
1140 3179 1300 3234 nimis
1345 3179 1400 3232 itt
1430 3192 1622 3233 omnes
1660 3191 1790 3230 usus
1812 3175 1954 3244 judi-

363 3275 523 3330 ciarii
541 3287 600 3332 et
623 3276 853 3330 forensis
877 3273 1057 3329 ofﬁcii.
1082 3272 1233 3326 Nunc
1261 3282 1408 3326 tuum
1440 3280 1524 3326 est
1545 3270 1775 3340 optimos
1797 3271 1952 3339 juve-

365 3380 467 3422 nes
513 3368 802 3431 advocare,
850 3377 1077 3435 quorum
1123 3361 1359 3418 indolem
1399 3361 1605 3416 militiae
1659 3360 1953 3415 honoribus

361 3456 475 3530 jam
500 3467 738 3528 paratam
779 3473 886 3511 non
929 3454 1091 3512 debet
1128 3455 1354 3511 ulterius
1392 3451 1787 3524 procraStinare
1823 3467 1953 3506 cun~

365 3551 557 3607 etalio.
589 3550 740 3608 Vale.

935 3641 1154 3699 EPIS‘I‘.
1194 3639 1404 3696 LXXV.

420 3783 432 3795 ,
879 3747 1193 3788 ιιιιιλειιυι
1221 3747 1430 3786 LICINIO.

441 3828 696 3895 Prompte
750 3826 1032 3881 lavendum
1079 3834 1164 3880 est
1215 3825 1440 3880 lioncda
1487 3824 1846 3893 cupientibus,
1895 3834 1953 3876 ut

369 3921 681 3992 probabiles
710 3921 1015 3974 voluntates
1060 3920 1238 3974 alieno
1277 3920 1436 3972 etiam
1463 3919 1716 3986 iuventur
1739 3921 1948 3969 annisu.

368 4013 711 4082 Quapropter
750 4014 869 4079 opis
897 4010 1173 4081 indignum
1203 4027 1324 4066 6‘56
1365 4029 1471 4065 non
1516 4013 1690 4080 patior
1722 4008 1952 4064 Felicem

371 4105 774 4159 sanctissimum
812 4101 1065 4172 juvenem
1097 4103 1165 4157 ad
1193 4106 1448 4158 eiecttora
1478 4103 1784 4158 tendentem
1813 4116 1830 4156 :
1859 4101 1950 4168 qui

370 4199 463 4252 ubi
496 4197 684 4252 urbani
732 4196 833 4251 lori
875 4197 1264 4264 dissensiones,
1290 4207 1348 4252 ut
1374 4211 1499 4267 pote
1542 4199 1688 4252 nuis
1731 4197 1946 4267 ingeni,

367 4289 676 4355 exhorruit,
704 4289 1016 4345 modestiori
1050 4292 1397 4346 causidicina
1421 4291 1557 4345 dare
1595 4306 1789 4346 nomen
1819 4289 1952 4343 alie-

367 4389 516 4444 οωῑς
549 4397 706 4451 quem
755 4397 909 4437 meus
954 4398 1167 4452 quoque
1213 4383 1458 4439 hortatus
1495 4382 1774 4437 animavit.
1823 4382 1952 4451 Spo-

372 4472 536 4543 pondi
568 4473 710 4526 enim
753 4472 906 4527 bona:
945 4473 1132 4541 indoli,
1165 4486 1219 4529 et
1245 4477 1487 4530 moribus
1523 4475 1818 4537 defzecatis,
1859 4490 1953 4528 ue-

371 4578 640 4632 quaquam
660 4563 846 4619 defore
876 4574 980 4620 tua:
1006 4565 1202 4620 mentis
1222 4566 1501 4620 auxilium.
1534 4564 1676 4634 Ergo
1701 4576 1953 4620 exoratus

372 4671 438 4710 ac
468 4656 640 4711 facilis
655 4672 761 4711 non
777 4666 834 4711 ut
864 4659 1192 4727 transfugam
1212 4659 1357 4713 sedis
1386 4658 1630 4724 alterius,
1659 4657 1758 4713 sed
1790 4666 1848 4711 ut
1872 4659 1952 4711 af-

374 4751 688 4805 fectatorem
718 4750 818 4805 furi
843 4751 1126 4820 quietioris
1167 4752 1493 4822 amplectere
1524 4768 1537 4804 :
1563 4752 1654 4821 qui
1687 4751 1782 4806 tibi
1821 4753 1955 4805 tuis-

372 4856 484 4910 que
510 4841 782 4898 beueficiis
801 4842 1037 4906 debebit,
1063 4842 1322 4912 quidquid
1345 4842 1524 4898 ofﬁcio
1552 4843 1705 4897 bona:
1727 4842 1956 4898 fortuna:

375 4941 471 4986 aut
495 4933 896 4990 commoditatis
922 4936 1232 4990 accesserit.
1265 4934 1416 4990 Vale.

934 5026 1149 5082 EPIST.
1194 5025 1282 5082 LX
1294 5025 1428 5081 XVI.

915 5131 1227 5174 ειιιιιιοιιυδ
1261 5135 1478 5175 ιιεικιο.

449 5214 661 5269 llonoso
697 5213 900 5282 optimo
939 5213 1077 5280 viro,
1128 5223 1184 5268 et
1221 5223 1342 5284 post
1381 5215 1622 5270 militiam
1663 5214 1956 5270 Palatinam

373 5307 609 5377 gemina:
647 5305 1132 5361 administrationis
1176 5305 1482 5376 integritate
1517 5312 1830 5376 conspicuo,
1876 5309 1959 5362 di-

372 5403 715 5460 scussioncm
743 5405 920 5474 pontis
964 5419 1026 5459 ac
1073 5404 1305 5459 basilica:
1336 5419 1488 5459 novae
1517 5407 1805 5475 praeceptio
1849 5409 1957 5461 Au-

371 5505 530 5562 gusta
559 5494 851 5565 mandavit,
881 5495 1024 5564 quod
1065 5511 1260 5550 munus
1297 5495 1400 5551 fide
1439 5505 1494 5550 et
1522 5496 1793 5565 vigilantia
1824 5513 1951 5566 pos-

371 5596 462 5642 set
489 5586 734 5657 implere,
761 5588 805 5641 si
853 5589 1000 5642 solus
1045 5587 1343 5642 istiusmodi
1373 5589 1744 5658 examinisjus
1793 5589 1956 5643 Imbe-

373 5688 482 5732 ret.
509 5677 660 5732 Nunc
679 5677 937 5748 Cyriades
961 5676 1022 5732 (Σ.
1055 5677 1121 5732 V.
1158 5693 1340 5734 comes
1381 5688 1436 5733 et
1463 5681 1822 5744 mecbanicus,
1865 5683 1954 5750 qui

374 5773 578 5825 dudum
602 5771 870 5840 impensas
891 5770 1067 5840 operis
1097 5769 1376 5840 utriusque
1397 5773 1669 5836 tractavit,
1697 5774 1747 5826 in
1776 5775 1954 5826 socie-

377 5871 544 5918 tatem
574 5862 920 5918 discussionis
951 5860 1237 5929 admissus,
1269 5875 1432 5932 saepe,
1475 5872 1532 5920 ut
1559 5863 1770 5931 dicitur,
1803 5879 1829 5916 a
1856 5861 1954 5921 Bo-

1977 3240 2024 3301 C

1982 4622 2037 4682 D

2588 1974 2803 2032 EI‘IST.
2834 1973 3089 2030 LXXVII.

2554 2082 2868 2123 οιιιιιλειιιιε
2897 2083 3110 2123 LICINIO.

2124 2187 2361 2258 Longum
2390 2185 2538 2241 siles.
2564 2183 2670 2241 Sed
2697 2200 2797 2255 ego
2824 2182 2945 2239 talis
2974 2182 3212 2251 exempli
3249 2183 3484 2239 imitator
3512 2200 3635 2240 esse

2051 2294 2158 2334 non
2196 2278 2389 2333 debeo.
2430 2276 2606 2344 Quare
2649 2277 2701 2330 in
2743 2275 2976 2330 officium
3004 2275 3209 2344 primus
3260 2278 3433 2346 erupi,
3478 2287 3636 2347 teque

2051 2371 2297 2443 religiosa
2329 2369 2696 2424 admonitione
2743 2369 3007 2423 convenio
3039 2386 3052 2422 :
3085 2376 3144 2422 ut
3185 2368 3482 2443 litterarum
3514 2387 3636 2423 uiu-

2053 2441 2176 2528 nos,
2205 2459 2347 2532 quod
2377 2471 2566 2530 sponte
2593 2458 2843 2514 amicitia:
2881 2467 3076 2513 nostra:
3105 2457 3318 2514 deferre
3347 2441 3632 2530 debueras,

2053 2554 2228 2610 saltim
2271 2559 2588 2622 provocatus
2614 2551 2879 2605 exsolvas.
2916 2551 3063 2604 Vale.

2586 2644 2798 2699 EPIST.
2825 2644 3103 2698 LXXVIII.

2538 2751 2842 2791 δικιιιιειιυε
2884 2752 3146 2790 ηειιηιιιο.

2125 2827 2334 2894 Quzeris
2362 2836 2419 2882 ut
2442 2827 2670 2891 valeam,
2701 2828 2786 2883 vel
2814 2828 2938 2898 quid
2966 2845 3144 2884 rerum
3168 2846 3368 2899 geram.
3395 2832 3637 2901 Respon-

2054 2918 2158 2973 dcn
2188 2920 2574 2988 percontationi
2606 2933 2710 2973 tuze
2732 2935 2796 2974 ex
2820 2936 3002 2974 amore
3028 2921 3287 2975 venienti.
3313 2923 3437 2991 Agri
3459 2927 3637 2992 quiete

2055 3011 2315 3067 delet-tor.
2363 3012 2488 3067 llaec
2515 3014 2642 3067 mihi
2673 3013 2814 3069 aeris
2846 3014 3124 3082 prrestabit
3163 3017 3556 3080 salubritatem,
3585 3029 3637 3070 (ιι

2057 3106 2312 3174 pabulum
2341 3105 2609 3160 lectionis.
2636 3105 2792 3175 Smpe
2818 3107 3000 3160 oculos
3027 3122 3188 3176 pasco
3227 3109 3469 3167 culturis,
3506 3126 3639 3177 quas

2061 3198 2300 3269 ltybcrna
2325 3207 2538 3254 exercet
2566 3200 2830 3268 operatio.
2875 3199 2990 3253 Tibi
3019 3210 3074 3254 et
3098 3201 3400 3255 secundum
3434 3202 3638 3255 valetu-

2055 3291 2257 3353 dinem.
2283 3302 2339 3347 et
2368 3293 2681 3346 memoriam
2706 3303 2903 3348 nostrae
2932 3293 3180 3348 amicitiae
3209 3307 3494 3361 superesse
3521 3311 3638 3349 ani-

2056 3385 2296 3454 plissime
2339 3381 2598 3452 gratulor.
2643 3383 2852 3439 Silentii
2895 3399 3024 3440 vero
3074 3382 3178 3439 mei
3221 3401 3326 3438 non
3364 3393 3450 3440 est
3489 3386 3636 3452 justa

2053 3478 2314 3531 catisatio.
2339 3475 2480 3530 Nihil
2504 3477 2649 3531 enim
2674 3476 2817 3545 quod
2843 3477 3137 3531 scriberem
3169 3479 3488 3544 suppetebat
3517 3493 3532 3530 :
3563 3477 3638 3529 si-

2057 3573 2273 3639 mulque
2321 3577 2584 3636 occupato
2629 3569 2722 3622 tibi
2769 3569 3044 3622 auditione
3087 3583 3368 3621 causarum
3413 3569 3638 3624 verebar

2055 3663 2389 3731 obstrepere,
2405 3675 2475 3715 ne
2494 3660 2675 3714 multis
2696 3662 2922 3729 negotiis
2941 3674 3080 3714 onus
3101 3659 3324 3714 adderet
3344 3659 3642 3730 loquacitas

2056 3751 2234 3807 otiosi.
2269 3751 2416 3806 Vale.

2600 3841 2811 3896 EPIST.
2857 3839 3092 3895 LXXIX.

2535 3948 2844 3987 SYIIIIACIIL’S
2883 3946 3148 3988 ιιειιιιιιιο.

2131 4025 2476 4080 I‘ru-sentiam
2523 4036 2667 4078 tuam
2708 4039 2886 4092 spero.
2935 4024 3114 4092 Neque
3152 4023 3294 4077 enim
3334 4024 3475 4078 so'es
3513 4038 3574 4092 pr
3598 4044 3638 4062 ’-

2057 4122 2216 4174 missa
2244 4120 2518 4174 deserere.
2557 4118 2664 4172 Sed
2703 4117 2954 4187 frequens
2993 4116 3127 4170 fama
3171 4126 3254 4169 est
3295 4117 3641 4184 pra-turiauus

2059 4211 2262 4265 litteras
2290 4211 2505 4265 obstare
2533 4209 2829 4278 dispositis.
2857 4208 3035 4274 Quare
3065 4224 3131 4260 ne
3163 4207 3393 4260 hmrcam
3423 4206 3512 4258 diu
3540 4222 3640 4259 cx-

2056 4306 2401 4375 spectationis
2434 4305 2698 4366 incertos,
2736 4300 3044 4356 confirmari
3071 4299 3283 4368 scriptis
3325 4299 3641 4353 recentiori-

2056 4398 2156 4450 bus
2182 4398 2306 4451 volo
2336 4415 2349 4448 :
2385 4406 2443 4449 ut
2473 4398 2639 4449 sciam
2667 4409 2835 4449 morm
2863 4408 2985 4448 esse
3026 4391 3277 4461 pri-tium,
3312 4394 3357 4444 si
3380 4390 3642 4444 affuturus

2053 4502 2143 4556 es,
2171 4499 2263 4543 aut
2291 4488 2470 4543 solvar
2505 4487 2754 4546 manendi
2784 4485 3020 4548 fastidio,
3056 4489 3100 4537 si
3129 4485 3350 4538 teneris.
3383 4480 3539 4540 Vale.

2617 4577 2830 4633 EPlSi‘.
2875 4575 3090 4632 LXXX.

2547 4685 2851 4726 SYIIIACIIUS
2890 4683 3152 4724 ιιιιιοιιιιο.

2135 4761 2442 4832 Prosequor
2467 4762 2661 4816 litteris
2697 4761 2868 4816 civem
2901 4759 3240 4827 amicumque
3266 4772 3640 4818 communem;

2065 4857 2218 4924 Cuius
2237 4857 2398 4924 bona,
2423 4857 2542 4927 quia
2567 4855 2772 4925 judicio
2795 4863 2892 4908 tuo
2915 4862 3036 4908 nota
3065 4860 3210 4916 sunt,
3234 4867 3342 4905 non
3365 4851 3642 4918 requirunt

2066 4951 2439 5006 assertionem.
2475 4947 2662 5003 Merito
2690 4946 2820 5000 milii
2853 4948 2918 5000 de
2951 4959 3014 4999 eo
3044 4945 3182 5013 apud
3215 4944 3471 4997 scientem
3508 4939 3643 4993 [ιιι-ὗε

2066 5039 2132 5093 lis
2156 5054 2355 5107 sermo,
2384 5051 2437 5092 et
2466 5039 2642 5092 brevis
2669 5050 2769 5094 est.
2803 5037 3082 5091 Admoneo
3122 5044 3299 5088 tamen
3341 5044 3396 5085 ut
3436 5034 3486 5085 in
3519 5049 3604 5102 gra-
3626 5062 3640 5072 ο

2065 5132 2194 5183 tiam
2219 5145 2393 5184 meam
2419 5129 2646 5184 validius
2676 5128 2952 5197 diligatur,
2978 5129 3190 5194 meique
3213 5125 3350 5192 apud
3385 5136 3436 5178 te
3460 5137 3643 5176 cimini

2065 5223 2244 5292 vigere
2261 5223 2582 5277 documento
2592 5222 2730 5275 aucti
2747 5222 2887 5275 circa
2911 5235 2970 5274 se
2985 5219 3184 5273 amoris
3201 5215 3640 5286 ititelligat.\'alc.

2607 5311 2826 5369 EPIST.
2870 5309 3107 5366 LXXXI.

2546 5418 2857 5460 ιιιιιιλιῖιιυε
2895 5416 3158 5457 ιιειιιιιιιο.

2135 5497 2266 5554 Cum
2297 5511 2441 5567 sape
2466 5495 2840 5553 occasionibus
2863 5494 2928 5548 ad
2957 5492 3300 5548 scribendum
3331 5500 3452 5546 utar
3492 5491 3643 5544 inco-

2061 5591 2242 5658 guitis,
2271 5587 2532 5643 committi
2567 5589 2617 5641 in
2649 5587 2936 5640 amicitiam
2970 5597 3117 5654 puto,
3155 5584 3199 5638 si
3227 5583 3537 5638 domesticis
3570 5583 3643 5634 vi-

2061 5684 2191 5736 dear
2214 5681 2503 5735 abstinere.
2533 5679 2728 5733 Libens
2751 5679 2907 5747 igitur
2939 5677 3100 5731 Acriu
3129 5675 3509 5730 iiouestissinm
3535 5674 3642 5725 vim

2061 5775 2252 5829 euitori
2287 5783 2376 5827 tuo
2407 5774 2646 5827 nuntiam
2673 5769 2946 5839 sosititatis
2975 5787 3106 5823 mra:
3131 5770 3375 5838 paginam
3398 5767 3540 5825 dedi,
3563 5770 3646 5816 ('iil

2064 5867 2529 5923 honorificentiam
2576 5863 2910 5921 salutationis
2951 5862 3181 5931 auljizugo
3212 5878 3222 5913 ;
3256 5875 3375 5928 quae
3413 5859 3548 5920 sola,
3595 5868 3641 5910 ct
