4218 6438
504 302 610 358 Q63

511 511 583 563 ris
601 510 779 577 explet
804 510 986 565 ofticii.
1022 510 1173 566 Vale.

1038 629 1251 685 EPIS'I‘.
1286 631 1553 685 LXXXII.

983 734 1297 777 SVIIACIIUS
1328 739 1596 778 ιιειιιωιυ.

578 826 803 885 Plenum
843 828 1118 903 religionis
1147 832 1385 888 officium
1406 841 1490 888 est
1517 831 1659 903 quod
1688 841 1884 899 sponte
1910 839 2093 886 votum

509 919 690 975 fratris
736 921 1040 977 antevenis.
1090 921 1342 977 Proxime
1385 921 1547 992 igitur
1589 922 1881 978 familiares
1924 920 2095 977 nostri

508 1010 573 1065 ad
604 1026 863 1081 equorqu
893 1014 1293 1083 coemptionem
1320 1026 1444 1068 cum
1475 1013 1664 1082 pretiis
1688 1012 2095 1079 commeabant,

506 1118 565 1160 ιιι
590 1122 653 1162 ex
679 1108 931 1163 omnibus
954 1107 1251 1177 quadrigis,
1277 1123 1409 1177 quas
1430 1109 1696 1177 scripsisti
1714 1122 1836 1163 esse
1856 1106 2095 1171 venales,

508 1202 913 1269 pra-stantiores
938 1217 1100 1258 cursu
1128 1210 1183 1255 et
1202 1216 1408 1271 genere
1435 1201 1698 1270 pollentes
1727 1199 1957 1256 defloret
1983 1199 2098 1254 ele-

508 1295 635 1348 ctio.
687 1293 814 1349 llzcc
838 1306 1017 1349 autem
1052 1293 1146 1348 tibi
1174 1309 1301 1347 cura
1329 1291 1589 1348 s-imenda
1631 1300 1736 1356 est,
1788 1300 1849 1347 ut
1879 1300 2099 1359 praeter-

512 1388 598 1442 itis
644 1385 970 1442 cditionibus
1007 1388 1204 1442 nostris
1230 1401 1419 1442 recens
1440 1387 1687 1442 ludorum
1710 1385 1848 1441 fama
1878 1399 2103 1455 respon-

510 1479 653 1536 deat.
705 1480 759 1536 In
810 1480 999 1550 primis
1026 1480 1188 1549 igitur
1221 1479 1360 1534 lianc
1397 1478 1465 1534 de
1502 1489 1552 1533 te
1596 1478 1824 1548 gratiam
1852 1487 1999 1549 peto,
2033 1490 2102 1530 ne

510 1574 684 1640 magis
714 1587 1022 1637 numerum,
1049 1585 1210 1639 quam
1243 1571 1433 1625 merita
1463 1571 1791 1640 perpendas.
1821 1568 1954 1623 Nam
1979 1581 2099 1621 cum

513 1668 580 1719 de
624 1665 895 1734 Ilispauiis
933 1664 1147 1734 copiam
1183 1679 1442 1733 equorum
1482 1676 1609 1731 spes
1643 1670 1792 1717 certa
1824 1661 1953 1715 milii
1982 1676 2108 1728 pru-

510 1767 702 1819 unttat,
740 1758 857 1820 bos,
891 1772 1028 1827 quos
1050 1757 1115 1810 de
1146 1756 1389 1824 proximo
1415 1754 1711 1824 polliceris,
1740 1753 1985 1808 securior
2020 1750 2103 1805 ili-

510 1848 729 1919 ligcntia
752 1848 911 1902 debet
935 1862 1247 1917 excerpere.
1280 1846 1437 1901 Vale.

1038 1979 1250 2035 EPIST.
1294 1978 1582 2034 LXXXlll.

996 2089 1304 2128 SVIHIXLIIUS
1347 2087 1611 2127 IIELPIDIO.

586 2182 781 2235 (Iuram
828 2189 1068 2233 nostram
1121 2178 1407 2233 senatoria:
1457 2176 1759 2232 functiones
1807 2178 1873 2231 ad
1926 2176 2108 2230 votiva

518 2274 835 2328 sollicitant.
864 2272 1153 2325 Pint-turam
1188 2268 1384 2339 quippe
1413 2268 1504 2323 lilii
1534 2268 1658 2335 tuei,
1686 2268 1733 2323 si
1766 2267 1876 2322 fors
1906 2267 2107 2321 dictum

509 2370 683 2437 juret,
732 2366 1009 2435 proximus
1045 2378 1215 2416 anuus
1260 2371 1579 2431 exspectat:
1622 2360 1773 2430 cujus
1798 2358 2103 2415 instruendi

519 2474 681 2514 causa
716 2459 901 2513 aulicis
931 2456 1127 2510 nostris
1159 2455 1433 2524 negotium
1463 2452 1712 2508 dedimus
1742 2460 1797 2506 ut
1834 2466 2002 2520 equos
2041 2465 2107 2505 ex

523 2551 774 2621 llispauia
829 2551 1172 2608 electisslmze
1222 2547 1513 2601 nobilitatis
1558 2546 1895 2601 edecuinent.
1935 2543 2110 2612 Expe-

515 2646 722 2701 tiautur
744 2644 904 2713 igitur
934 2641 1244 2710 sutli'agium
1271 2650 1439 2708 tuum,
1465 2641 1509 2693 si
1533 2637 1657 2706 quid
1685 2638 1803 2707 Opis
1830 2647 1885 2693 et
1910 2636 2108 2691 favoris

514 2737 811 2791 oraverint.
848 2737 1009 2788 Decet
1048 2734 1190 2787 enim
1222 2742 1273 2788 te
1311 2748 1408 2801 pro
1443 2745 1629 2788 amore
1667 2739 1855 2786 mutuo
1896 2744 2106 2785 mecum

515 2828 754 2885 curanda
789 2827 997 2896 partiri.
1031 2825 1179 2879 Vale.

1044 2943 1261 2998 EI‘IS’I‘.
1294 2941 1580 2996 LXXXIV.

1005 3050 1027 3088 S
1041 3052 1102 3087 1'.“
1114 3049 1317 3087 .\I.\l.'lll.'S
1353 3050 1618 3089 ιιεωηυιο.

585 3152 868 3208 Silentium
894 3168 1070 3206 meum
1094 3155 1253 3208 ctiam
1281 3154 1397 3223 ipse
1424 3153 1899 3224 reprehenderem,
1919 3154 1960 3208 si
1985 3163 2105 3208 tuas
2132 3171 2180 3235 ς

520 3253 729 3306 iitteras
772 3248 1063 3318 aliquando
1099 3249 1473 3317 sumpsissem.
1515 3249 1698 3319 Itaque
1737 3249 1789 3303 in
1824 3249 1993 3303 altero
2021 3263 2105 3301 ar-

513 3358 681 3413 guere
732 3356 837 3396 non
890 3351 1065 3409 potes,
1100 3341 1242 3409 quod
1284 3355 1313 3394 a
1357 3351 1409 3395 te
1447 3340 1743 3396 admissum
1787 3337 2102 3395 meministi.

519 3435 632 3505 Ego
664 3443 841 3487 tamen
875 3433 926 3487 in
961 3433 1075 3488 haec
1102 3433 1281 3489 officia
1320 3434 1527 3501 primus
1561 3432 1736 3501 erupi,
1778 3440 1836 3486 ut
1862 3442 1917 3487 et
1957 3440 2008 3486 te
2037 3429 2104 3485 ad

513 3526 778 3581 Scribendi
810 3524 1047 3579 studium
1079 3526 1418 3589 cohortarer,
1459 3534 1515 3580 et
1541 3526 1775 3579 amicum
1803 3539 1982 3579 meum
2014 3532 2100 3577 te-

516 3616 755 3672 stimonii
788 3616 1171 3686 astipulatione
1198 3631 1578 3687 prosequerer.
1600 3618 1696 3671 Est
1714 3618 1857 3672 enim
1885 3616 2003 3686 ejus
2027 3617 2107 3670 in-

513 3709 740 3764 dustria:
767 3719 926 3779 atque
956 3709 1257 3777 probitatis,
1289 3717 1347 3762 ut
1376 3710 1615 3763 favorem
1658 3718 1807 3762 tuum
1832 3711 1958 3776 jure
1987 3723 2103 3762 me-

515 3810 716 3858 reatur.
746 3800 850 3854 Pro
882 3815 990 3869 quo
1020 3815 1119 3869 ego
1144 3798 1339 3868 petitor
1362 3801 1583 3866 accedo,
1611 3815 1943 3869 praesumens
1966 3800 2105 3869 apud

522 3891 759 3946 animum
793 3901 940 3947 tuum
972 3902 1188 3946 nostras
1216 3891 1424 3946 litteras
1452 3894 1740 3961 plurimum
1771 3892 2102 3962 profuturas.

524 3982 671 4036 Vale.

1050 4074 1263 4130 lil'lS'I‘.
1301 4074 1564 4129 LXXXV.

986 4193 1310 4246 'svnuicncs
1350 4208 1614 4247 UELPIDIO.

585 4304 738 4369 Quod
782 4305 1046 4374 epistolas
1077 4322 1225 4362 meas
1261 4309 1475 4376 condis,
1508 4309 1707 4363 amoris
1738 4319 1820 4363 est
1851 4311 1925 4364 tui
1952 4327 1968 4377 ;
2014 4312 2108 4380 qui

514 4398 869 4459 describenda
901 4398 1075 4451 nescit
1104 4401 1326 4467 eligere.
1354 4400 1459 4455 Sed
1488 4415 1574 4454 me
1595 4402 1746 4454 fucus
1772 4400 1861 4455 hic
1886 4403 2102 4472 decipit.

516 4491 649 4543 Nam
682 4490 985 4558 praecipitor
1016 4492 1079 4544 ad
1100 4492 1369 4546 scribendi
1398 4494 1664 4557 fiduciam,
1684 4496 1926 4561 placendi
1951 4514 2104 4551 secu-

516 4583 673 4632 ritate
705 4595 717 4632 :
749 4589 805 4631 et
839 4589 1011 4632 tamen
1055 4580 1120 4649 (si
1153 4584 1369 4649 quando
1400 4584 1680 4654 resipisco)
1712 4587 1872 4641 nimis
1910 4604 2101 4644 vereor
2129 4555 2182 4617 Β

515 4687 582 4724 ne
616 4670 715 4722 ista
762 4670 1081 4736 simplicitas
1126 4673 1327 4727 incidat
1352 4676 1403 4728 in
1433 4677 1686 4730 lectorem
1713 4678 1963 4743 alterum,
2007 4682 2101 4736 tibi

513 4764 803 4828 disparem.
846 4764 1023 4829 Quare
1063 4764 1224 4818 velim
1272 4767 1365 4821 tibi
1408 4768 1607 4824 habeas
1653 4787 1772 4839 quze
1816 4772 2101 4842 incogitata

515 4854 837 4925 proferimus
865 4875 874 4905 :
905 4855 1027 4909 licet
1057 4857 1247 4911 eadem
1274 4860 1378 4913 mei
1409 4876 1622 4929 queque
1650 4862 1851 4917 librarii
1883 4881 2103 4921 servare

510 4946 780 5000 dii-antur.
813 4946 918 5000 Sed
954 4947 1025 5001 illi
1061 4963 1155 5015 per
1179 4950 1530 5017 ignorantiam
1554 4957 1817 5010 examinis
1840 4997 1853 5021 ,
1881 4958 2021 5026 quod
2052 4970 2103 5012 te

516 5038 696 5112 facere
746 5054 849 5090 non
896 5049 1107 5105 oportet
1137 5041 1465 5097 Mercurialis
1504 5046 1637 5098 artis
1680 5047 1927 5115 peritum.
1970 5051 2102 5105 Nam

516 5128 878 5183 mediocribus
901 5131 1117 5198 scriptis
1144 5134 1436 5188 amicorum
1461 5136 1759 5207 benignitas
1780 5141 1880 5195 scit
1900 5141 2101 5207 favere,

514 5219 816 5274 alienorum
858 5220 1055 5275 invidia
1098 5234 1268 5277 noscat
1314 5224 1612 5294 ignoscere.
1655 5229 1807 5295 Quod
1834 5244 2100 5301 superest,

512 5324 612 5364 oro
638 5312 748 5378 jam
787 5313 994 5379 venias,
1040 5324 1096 5366 et
1140 5316 1420 5379 prtesentia
1469 5326 1555 5370 tua
1602 5318 1862 5374 honorem
1907 5337 2104 5391 augeas

513 5400 773 5455 festorum
810 5402 1039 5459 dierum.
1084 5403 1285 5473 Nempe
1332 5405 1578 5461 Minerva:
1617 5410 1709 5465 tibi
1754 5413 1994 5469 solemne
2033 5417 2102 5470 de

514 5492 717 5546 scholis
747 5502 927 5546 notum
948 5504 1051 5559 est,
1073 5506 1127 5546 ut
1161 5495 1271 5549 fere
1293 5513 1557 5554 memores
1586 5516 1769 5557 sumus
1797 5506 1955 5559 etiam
1982 5523 2102 5575 pro~

514 5584 737 5642 sedente
766 5600 881 5637 avo
909 5586 1193 5655 puerilium
1223 5586 1499 5647 feriarum.
1535 5594 1613 5648 Ad
1642 5608 1767 5649 eum
1794 5597 1937 5653 diem
1967 5616 2096 5654 cen—

517 5677 707 5729 victum
756 5678 848 5729 lilii
901 5692 1171 5746 paramus,
1216 5683 1517 5747 agrestibus
1555 5687 1816 5742 olusculis
1864 5704 2096 5761 partum,

514 5771 636 5838 quia
670 5773 906 5827 luxuries
936 5774 1151 5830 offendit
1178 5774 1331 5831 deum
1367 5777 1619 5835 sobriam.
1658 5780 1807 5841 Vale.

1678 306 1741 374 Q.
1787 303 2127 361 AURELIUS
2166 303 2605 363 SYllllACllUS.

506 433 631 471 eum
651 418 869 483 dicitur,
897 428 952 473 et
971 433 1092 474 cum
1123 419 1355 477 vicissim
1386 420 1636 487 refertur,
1659 422 1838 476 munia
1867 418 2096 474 familia-
2126 424 2177 482 Α

3678 311 3790 368 264

2720 423 2934 480 EI‘IST.
2980 425 3260 480 LXXXVI.

2683 530 2782 571 Sil
2792 531 2995 574 MACIIUS
3037 533 3301 573 IIELNDIO.

2269 629 2540 685 lnsidiaris
2578 630 2816 686 infantize
2859 646 3015 699 mea‘,
3055 647 3218 703 quam
3256 641 3379 700 tego
3401 631 3599 688 silentii
3634 645 3790 689 vene-

2197 723 2413 777 rundia.
2462 722 2594 778 Nam
2643 722 2708 778 ad
2757 722 3020 780 elicienda
3072 738 3355 793 responsa,
3385 733 3690 791 venturum,
3737 725 3785 780 si

2197 829 2453 883 annuam,
2503 816 2803 886 polliceris;
2856 830 2980 872 cum
3031 815 3126 873 tibi
3177 816 3356 873 facere
3398 817 3469 873 de
3512 818 3790 890 proximo,

2196 922 2358 976 quam
2386 906 2657 977 spondere
2684 909 2981 977 prmnptius
3014 909 3194 965 fuerit.
3236 910 3362 967 lilibi
3393 925 3521 965 vero
3548 900 3782 979 adipisci

2198 1010 2432 1073 gratum,
2471 1015 2692 1072 sperare
2734 1002 3000 1071 prolixum
3048 1012 3154 1059 est.
3196 1002 3264 1059 Et
3307 1011 3488 1059 tamen
3527 1004 3791 1059 voluntati

2198 1102 2307 1148 tua:
2336 1108 2539 1162 pareo:
2568 1108 2668 1149 nec
2694 1106 2888 1150 vereor
2915 1109 2985 1149 ne
3012 1104 3219 1150 temere
3245 1110 3275 1150 a
3306 1111 3391 1151 me
3423 1095 3592 1153 effusa
3629 1096 3793 1150 verba

2200 1180 2253 1237 in
2284 1186 2495 1253 paginis
2521 1183 2727 1239 librarii
2765 1186 2841 1239 tui
2868 1182 3099 1242 referas.
3130 1185 3287 1256 Nam,
3330 1187 3375 1241 si
3401 1186 3531 1256 quid
3574 1186 3793 1252 borum.

2201 1290 2323 1345 quas
2348 1276 2488 1347 apud
2515 1285 2567 1333 te
2608 1276 2913 1333 incuriosus
2938 1277 3149 1348 loquor,
3175 1277 3410 1346 cuipiam
3442 1278 3625 1333 lectori
3658 1293 3791 1331 nau-

2203 1382 2351 1422 seam
2382 1369 2648 1436 moverit;
2679 1385 2786 1425 non
2820 1381 2925 1425 tam
2955 1371 3008 1425 in
3039 1370 3329 1425 scribendo
3358 1370 3681 1442 negligentia
3712 1370 3796 1425 ili-

2202 1461 2477 1530 splicebit.
2513 1459 2663 1527 Vale.

2717 1553 2936 1611 EPIST.
2984 1554 3295 1609 LXXXVII.

2692 1664 3006 1704 SYIIICHUS
3045 1664 3312 1704 ιιιιριυιυ.

2278 1739 2596 1798 Nostrorum
2626 1738 2884 1796 duritiam
2908 1741 3050 1796 ferre
3075 1756 3182 1795 non
3210 1756 3517 1809 possumus,
3548 1739 3641 1810 qui
3670 1754 3791 1794 cum

2207 1836 2410 1905 reliqua
2452 1832 2727 1904 superiora
2764 1849 2873 1888 non
2901 1832 3251 1899 exsolverint,
3288 1832 3451 1888 etiam
3483 1833 3795 1902 pensionem

2208 1928 2437 1997 proximi
2463 1927 2591 1981 anni
2617 1924 2758 1980 ferre
2779 1924 3102 1982 detrectant.
3129 1926 3333 1982 ldcireo
3367 1941 3550 1996 quicso
3580 1934 3639 1981 ut
3672 1942 3795 1981 cum

2207 2020 2425 2074 nomine
2464 2032 2610 2089 meo,
2646 2032 2808 2085 quem
2857 2017 2925 2072 ad
2971 2020 3309 2075 exactionem
3351 2018 3631 2073 titulorum
3679 2017 3796 2071 misi

2204 2123 2389 2165 curam
2419 2109 2821 2165 communicare
2860 2108 3121 2177 digneris,
3148 2118 3202 2165 et
3231 2108 3544 2181 religiosam
3573 2122 3796 2177 operam

2212 2196 2444 2251 libenter
2486 2196 2734 2264 arripias.
2786 2193 2963 2250 Grave
2991 2203 3077 2251 est
3105 2210 3271 2259 enim,
3315 2209 3412 2250 nos
3449 2198 3667 2264 quidem
3706 2210 3802 2262 pio

2210 2290 2353 2360 agris
2402 2295 2601 2343 nostris
2631 2288 3006 2345 functionibus
3049 2288 3278 2358 publicis
3316 2303 3439 2344 esse
3483 2288 3801 2344 muniﬁcus:

2209 2389 2425 2436 actores
2459 2388 2638 2434 autem
2683 2380 2943 2443 locorum,
2976 2395 3042 2435 ne
3083 2379 3136 2435 id
3176 2378 3400 2450 quidem
3440 2379 3579 2435 velle
3620 2377 3799 2434 rediti-

2212 2473 2363 2541 bere,
2407 2471 2550 2540 quod
2594 2472 2775 2526 sciunt
2813 2486 2909 2541 per
2937 2485 3108 2527 annos
3146 2470 3389 2542 singulos
3424 2485 3549 2526 esse
3586 2469 3803 2526 solven-

2210 2564 2360 2618 dum.
2393 2563 2539 2618 Vale.

2712 2655 2928 2713 EPIST.
2971 2656 3304 2713 LXXXVIII.

2689 2764 3003 2806 SVIIACHUS
3039 2764 3312 2805 IIBLPIDIO.

2280 2843 2495 2899 Nullum
2526 2851 2736 2913 tempus
2764 2858 2887 2900 esse
2910 2845 3084 2913 patior
3102 2843 3173 2899 ab
3188 2842 3371 2898 officio
3393 2841 3672 2898 feriarum.
3694 2839 3801 2899 lle-

2210 2936 2315 2992 rito
2354 2937 2663 3006 preperanti
2696 2936 2975 2991 tabellario
3002 2936 3204 2992 cursim
3228 2935 3409 2991 debita
3449 2936 3607 2990 verba
3651 2949 3802 2991 com-

2210 3026 2332 3082 tuisi
2348 3043 2363 3089 ;
2378 3027 2572 3098 quibus
2594 3042 2778 3096 qumso
2800 3026 3099 3082 referendae
3115 3026 3496 3082 vicissitudinis
3511 3044 3693 3082 curaui
3712 3044 3802 3081 ca-

2214 3134 2395 3188 pessas
2415 3163 2430 3186 ,
2463 3118 2582 3173 licet
2614 3121 2795 3173 malim
2816 3120 2930 3191 jam
2964 3129 3059 3176 tuo
3085 3119 3261 3176 reditu
3294 3135 3455 3191 quam
3480 3120 3802 3192 scriptorqu

2211 3211 2416 3267 lionore
2444 3210 2634 3267 Imtari.
2670 3210 2818 3266 Vale.

2736 3300 2954 3359 EPIST.
2983 3301 3275 3359 LXXXIX.

2694 3409 3007 3451 δςειιιιιιῑιιυε
3043 3412 3315 3453 Βειιηυιο.

2280 3490 2395 3545 Non
2442 3504 2509 3546 ex
2554 3489 2721 3545 officii
2760 3490 3019 3559 parcitate
3047 3492 3345 3548 amicorum
3375 3492 3568 3563 religio
3588 3499 3643 3547 et
3672 3508 3799 3548 cura

2209 3581 2490 3651 peudenda
2546 3592 2648 3637 est.
2708 3580 3030 3654 Plerumque
3083 3584 3228 3641 enim
3274 3584 3546 3641 scribendi
3597 3587 3801 3657 cupidis

2209 3673 2339 3727 delit
2362 3673 2605 3739 occasio;
2632 3689 2731 3730 nec
2758 3685 2938 3731 tamen
2957 3677 3207 3732 amicitia
3232 3679 3490 3734 memoria
3520 3683 3829 3750 temporali,

2207 3765 2425 3820 silentio
2454 3768 2811 3822 consenescit.
2847 3769 3029 3839 Itaque
3057 3768 3199 3839 quod
3232 3770 3512 3842 hucusque
3541 3774 3797 3840 conticui,

2214 3856 2475 3918 voluntati
2522 3874 2625 3911 non
2667 3858 2829 3915 debet
2866 3861 3065 3915 ascribi
3107 3877 3120 3915 :
3165 3862 3333 3916 multa
3381 3862 3526 3919 enim
3566 3864 3800 3919 studium

2212 3962 2454 4006 nostrum
2500 3950 2720 4006 fortuita
2769 3951 3155 4021 impedimenta
3204 3956 3503 4010 frenarnnt.
3557 3956 3662 4012 Sed
3710 3959 3798 4010 ubi

2210 4044 2581 4113 tempestivam
2612 4045 2880 4115 comperit
2910 4046 3240 4113 facultatem,
3271 4048 3474 4103 contuli
3506 4051 3560 4103 in
3587 4049 3683 4104 Itas
3715 4050 3799 4103 lit-

2212 4145 2354 4189 teras
2389 4136 2492 4190 mei
2523 4136 2665 4191 circa
2696 4146 2751 4192 te
2795 4138 3054 4208 propositi
3086 4149 3248 4208 atque
3276 4141 3479 4194 amoris
3511 4140 3796 4204 indicium;

2208 4236 2678 4292 contpeusaturus,
2703 4230 2844 4297 quod
2871 4231 3131 4285 hactenus
3154 4230 3299 4295 silui,
3328 4231 3622 4301 frequentia
3654 4235 3801 4302 pagi-

2211 4335 2420 4385 narum,
2455 4320 2499 4374 si
2532 4322 2916 4376 ine-incentivo
2936 4321 3169 4393 quodam
3197 4334 3382 4380 mutuo
3398 4328 3665 4382 sermonis
3683 4327 3800 4381 ani-

2212 4413 2467 4467 tnaveris.
2509 4411 2654 4468 Vale.

2823 4507 3041 4565 EPIST.
3084 4508 3194 4565 XC.

2707 4612 3017 4656 εηιιιλωιιε
3057 4617 3313 4658 ιιειιηυιο.

2285 4697 2612 4752 Attentatam
2642 4691 2820 4748 denuo
2844 4694 3203 4752 valetudinem
3230 4707 3372 4752 tuam
3402 4712 3642 4754 meorum
3665 4714 3793 4754 cura

2213 4788 2497 4858 suggessit.
2530 4788 2706 4851 Quare
2736 4786 3054 4841 sollicitatus
3081 4787 3298 4843 incertis
3317 4789 3562 4845 emittere
3589 4791 3791 4862 scripta

2212 4896 2316 4933 non
2340 4879 2550 4942 distuli;
2581 4879 2777 4947 quibus
2805 4890 2862 4931 ut
2887 4878 2955 4933 de
2986 4890 3038 4933 te
3078 4879 3198 4933 laeta
3239 4880 3618 4949 respondeant,
3652 4898 3793 4951 prm-

2213 4973 2372 5028 stabit
2400 4971 2575 5026 divina
2617 4972 2910 5027 miseratio.
2950 4973 3065 5027 Erit
3089 4974 3331 5027 muneris
3354 4974 3430 5028 tui
3460 4982 3518 5029 ut
3544 4975 3654 5030 otio
3676 4992 3795 5033 meo

2212 5069 2555 5122 securitatem
2582 5064 2826 5120 sanitatis
2849 5066 3094 5134 adiicias.
3128 5066 3279 5123 Vale.

2817 5223 3038 5281 EPIST.
3062 5226 3196 5281 XCI.

2698 5328 3009 5371 BVMMACIIUS
3047 5334 3317 5372 IIELPIDIO.

2283 5426 2348 5480 Et
2393 5427 2553 5482 rebus
2594 5436 2648 5481 et
2686 5427 2883 5483 litteris
2927 5442 3107 5497 partes
3147 5432 3436 5500 religionis.
3462 5436 3793 5502 exsequeris.

2209 5517 2342 5571 Nam
2369 5517 2678 5571 hominibus
2706 5520 2839 5573 meis
2859 5519 3183 5575 adminicula
3212 5524 3411 5577 favoris
3440 5524 3797 5591 impendis,et

2212 5626 2297 5665 me
2326 5612 2587 5665 sermonis
2620 5612 2693 5664 tui
2728 5612 2934 5668 honore
2964 5616 3263 5685 participas.
3302 5617 3416 5686 Ago
3448 5616 3608 5687 igitur
3635 5626 3793 5688 atque

2214 5702 2383 5755 haben
2426 5704 2645 5772 gratias,
2693 5704 2918 5758 daturus
2958 5721 3206 5774 operam,
3254 5722 3321 5761 ne
3362 5708 3553 5763 officiis
3594 5718 3794 5768 nostris

2212 5793 2523 5849 vicissitudo
2552 5810 2781 5861 unquam
2813 5796 3086 5854 dissimilis
3106 5799 3394 5866 judicctur.
3429 5799 3575 5858 Vale.
