4218 6458
385 385 487 446 965

973 497 1189 554 EPIST.
1217 496 1373 552 XCII.

867 603 1174 645 SYIIIACHL'S
1218 603 1486 643 ιιειριοιο.

455 682 589 737 Cum
632 681 700 736 ad
741 681 911 736 filium
955 697 1130 737 meum
1165 681 1453 746 scriberes,
1501 679 1673 736 solum
1720 695 1808 734 tne
1845 677 1970 749 styli

386 775 593 831 honore
633 774 915 828 fraudasti.
963 774 1117 828 Potui
1164 783 1215 828 te
1243 771 1441 827 silentii
1471 771 1668 825 talione
1699 770 1967 836 mordere,

382 869 479 922 scd
531 867 832 922 amicorum
875 864 1214 937 negligentia:
1251 878 1522 933 nunquam
1559 879 1738 930 parem
1771 875 1975 930 repono

381 970 776 1028 contemptum.
809 964 985 1029 Atque
1007 960 1208 1014 utinam
1241 958 1463 1014 reddita:
1492 955 1603 1011 filio
1633 971 1755 1012 tneo
1781 956 1974 1009 littera:

384 1053 520 1107 nihil
563 1054 872 1124 asperitatis
912 1069 979 1107 ex
1027 1053 1384 1106 conventione
1412 1050 1633 1106 fraterni
1673 1049 1839 1104 debiti
1875 1049 1971 1102 Ita-

385 1147 646 1200 ttuissent.
679 1145 793 1214 Ego
822 1160 1036 1216 quoque
1064 1144 1194 1198 mitti
1224 1157 1559 1213 nequaquam
1579 1140 1792 1195 viderer
1813 1139 1976 1194 omis-

382 1254 498 1294 sus.
530 1239 683 1294 Nunc
708 1240 819 1294 duo
860 1240 1064 1311 pariter
1094 1239 1427 1304 acciderunt,
1473 1246 1536 1292 ut
1575 1251 1663 1292 me
1707 1245 1761 1290 et
1804 1235 1977 1288 honor

381 1332 546 1386 officii
579 1333 908 1403 pra-teriret,
942 1344 995 1388 et
1031 1333 1346 1403 participata
1377 1346 1499 1386 cum
1535 1329 1644 1384 filio
1672 1329 1977 1384 amaritudo

385 1425 730 1492 pereeltcret.
762 1425 912 1482 Vale.

973 1516 1189 1572 EI’IST.
1219 1513 1399 1571 XCIII.

881 1624 1194 1662 ενδινλαιυδ
1236 1621 1497 1660 ΙΙΕΙ.ΡΙΙ)ΙΟ.

465 1700 809 1756 Formianum
839 1701 990 1755 littus
1020 1703 1368 1756 accessimus.
1413 1699 1546 1752 llinc
1576 1697 1827 1752 Puteolos
1855 1714 1976 1752 mox

392 1801 660 1858 petemus.
679 1793 857 1846 Grave
877 1803 958 1846 est
979 1798 1122 1846 enim
1145 1791 1248 1845 sub
1268 1789 1486 1845 auribus
1511 1790 1707 1859 jodicis
1732 1789 1976 1844 Baiarum

385 1883 751 1950 appetentiam
777 1885 1045 1938 contiteri.
1076 1883 1253 1936 llabes
1277 1881 1522 1936 ordinem
1551 1882 1806 1950 prOpOsiIi
1848 1882 1972 1934 tnei.

388 1978 508 2042 Ipse
537 1984 809 2030 memento
851 1974 1127 2044 promissi,
1169 1989 1278 2043 quo
1309 1981 1360 2026 te
1397 1972 1470 2026 ob
1512 1985 1703 2026 causas
1738 1973 1979 2040 publicas

388 2067 842 2138 peregrinationis
866 2081 999 2121 mea:
1024 2066 1137 2119 fore
1166 2065 1416 2120 solatium
1444 2063 1796 2133 Spapoodisti.
1831 2063 1979 2118 Vale.

970 2178 1190 2236 EPIS'I‘.
1216 2176 1404 2232 XCIV.

879 2287 1188 2329 SYIIACHUB
1227 2287 1494 2328 BELPIDIO.

463 2365 687 2421 Romam
719 2380 990 2436 egressus,
1019 2375 1140 2434 post
1172 2364 1455 2434 legationis
1487 2363 1744 2430 officium,
1776 2365 1981 2432 sumpsi

395 2456 606 2513 litteras
638 2468 778 2523 tuas,
809 2457 1002 2527 quibus
1035 2458 1222 2527 patriae
1244 2456 1512 2511 communi
1561 2457 1734 2525 largas
1775 2458 1850 2510 rei
1888 2471 1984 2508 an-

394 2551 637 2606 nonarim
659 2552 844 2621 copias
867 2551 1159 2620 polliceris.
1178 2549 1356 2620 Itaque
1375 2551 1588 2620 gentino
1615 2550 1835 2605 allectus
1856 2566 1984 2620 gau—

392 2649 507 2711 dio,
548 2655 606 2700 et
654 2646 804 2714 quasi
849 2645 983 2698 civis
1021 2642 1235 2713 publica
1277 2644 1592 2707 securitate,
1635 2656 1690 2699 et
1732 2643 1852 2698 facti
1908 2646 1982 2700 tui

397 2738 566 2808 gloria
602 2737 752 2806 quasi
795 2735 961 2791 frater
1001 2738 1400 2806 superexsulto,
1442 2747 1600 2808 teque
1634 2740 1699 2793 ad
1734 2740 1832 2794 hoc
1871 2750 1984 2794 stu-

401 2832 551 2886 dium
577 2831 823 2902 religiosa
854 2832 1236 2887 exhortatione
1256 2831 1552 2895 distimulo,
1579 2832 1702 2886 licet
1728 2833 1866 2887 bona
1893 2849 1985 2887 vo—

394 2924 594 2990 luntas,
625 2938 745 2993 qua:
766 2938 830 2979 ex
874 2923 1087 2995 ingenio
1119 2925 1286 2990 venit,
1311 2939 1414 2980 non
1445 2926 1511 2979 sit
1539 2926 1782 2995 agitanda
1813 2927 1986 2981 calca-

396 3019 566 3071 rbus.
612 3016 723 3086 Ego
765 3017 983 3072 lectioni
1022 3018 1290 3071 sermonis
1327 3018 1400 3070 tui
1441 3018 1636 3072 civium
1678 3028 1983 3073 nostrorum

394 3123 579 3161 curato
615 3108 809 3163 levavi.
862 3109 1044 3180 Neque
1082 3111 1225 3163 enim
1255 3110 1416 3164 silere
1451 3109 1632 3164 debuit
1663 3120 1767 3163 tant
1795 3111 1981 3165 lauda-

398 3203 521 3256 bilis
557 3210 611 3255 et
651 3211 802 3258 certa
846 3200 1154 3270 promissio.
1185 3201 1459 3271 Superest,
1500 3212 1555 3255 ut
1598 3203 1871 3272 pr0posito
1900 3218 1984 3258 re-

397 3295 607 3362 ligionis
647 3303 750 3347 tua:
784 3293 976 3347 melior
1009 3293 1212 3362 aspiret
1240 3305 1484 3359 cvi-ntus,
1526 3304 1582 3350 et
1625 3296 1677 3349 in
1707 3306 1980 3364 posterum

391 3399 705 3455 competens
729 3385 894 3441 decus
917 3401 1013 3457 pro
1038 3395 1186 3441 tanto
1209 3387 1260 3442 in
1285 3397 1392 3458 pati
1408 3389 1512 3442 iam
1538 3387 1724 3445 labore
1755 3404 1983 3460 respon-

389 3477 537 3531 deat.
565 3476 717 3533 Vale.

992 3547 1207 3605 EPIST.
1235 3548 1393 3604 XCV.

877 3655 1191 3712 svnnscuus
1224 3659 1486 3698 HELPIDIO.

465 3734 822 3790 Mediolanum
856 3749 974 3788 sum
1012 3735 1211 3789 missus
1245 3751 1274 3787 a
1308 3739 1546 3803 patribus
1577 3740 1642 3794 ad
1674 3756 1978 3800 exoneran-

387 3829 515 3882 dam
554 3828 721 3883 divini
754 3829 1009 3898 principis
1051 3843 1234 3897 Opem,
1265 3847 1423 3899 quam
1464 3837 1764 3891 communis
1791 3841 1978 3907 patria

389 3920 700 3977 sollicitudo
740 3922 1010 3990 poscebat.
1039 3918 1280 3978 Celerem
1315 3924 1442 3982 mihi
1472 3929 1724 3997 reditum,
1757 3934 1972 4002 praefata

421 4061 1970 4086 mm

1579 380 2003 441 EI’ISTOI.AIIU
2015 383 2057 437 .\I
2101 382 2300 438 LIBER
2346 380 2434 435 VI.

1993 499 2041 555 Α
2075 494 2164 549 Dei
2204 496 2376 560 venia,
2424 508 2511 550 res
2553 508 2822 564 prospera:
2855 491 3192 562 pollicentur.
3236 489 3344 544 Sed
3379 490 3660 558 prmsentia

3555 374 3662 431 ⁸266

2079 589 2196 640 lana
2226 587 2548 655 cumulabis,
2580 587 2622 640 si
2653 601 2748 657 per
2779 585 2986 640 litteras
3019 583 3147 637 milii
3179 582 3414 652 cognitio
3445 591 3546 635 tua:
3575 595 3659 635 sa-

2076 679 2201 733 Iutis
2229 680 2546 734 accesserit.
2583 678 2733 733 Vale.

2649 771 2867 827 EPIST.
2908 770 3091 826 XCVI.

2561 881 2867 922 SHHIACIIUS
2907 879 3172 920 IIELPIDIO.

2151 959 2374 1011 Romam
2408 957 2631 1013 rediisse
2661 974 2749 1012 me
2781 957 2988 1011 nuntio.
3020 957 3195 1027 Atque
3225 954 3423 1009 utinam
3463 952 3662 1006 sanita-

2079 1052 2146 1105 tis
2175 1065 2387 1119 quoque
2413 1066 2547 1104 mea:
2577 1051 2738 1106 index
2765 1065 2888 1105 esse
2917 1051 3232 1120 potuissem,
3255 1062 3414 1117 quam
3453 1046 3658 1100 labefa-

2076 1145 2242 1196 ctavit
2283 1142 2728 1210 pergrinationis
2766 1142 2958 1210 injuria
2995 1149 3046 1194 et
3090 1139 3333 1193 hiemalis
3372 1138 3658 1206 asperitas.

2077 1238 2180 1290 Sed
2204 1237 2316 1291 otio
2343 1237 2584 1290 redditus
2604 1250 2766 1305 spero
2790 1234 3165 1303 meliora.lpse
3192 1241 3252 1286 ut
3277 1232 3461 1286 valeas
3481 1230 3660 1284 divina

2081 1330 2426 1398 praestabunt.
2443 1328 2574 1383 Nam
2599 1337 2656 1384 ut
2679 1328 2924 1383 homines
2949 1341 3099 1382 meos
3125 1326 3284 1379 solito
3311 1325 3490 1378 favore
3515 1332 3661 1376 tuea-

2079 1421 2174 1482 ris.
2210 1420 2482 1488 postulare
2522 1435 2626 1475 non
2664 1422 2877 1486 debeo;
2917 1437 3038 1476 cum
3071 1420 3471 1474 incitamentum
3499 1431 3662 1484 spon-

2081 1523 2235 1567 tanca
2257 1511 2430 1568 officia
2461 1526 2566 1568 non
2588 1513 2888 1582 requirant.
2917 1513 3061 1568 Vale.

2640 1650 2853 1706 EPIST.
2885 1649 3093 1705 XCVII.

2566 1759 2878 1798 SVIISIACIIUS
2917 1759 3182 1818 ηεμιιυιο.

2011 1871 2055 1930 Β
2152 1837 2425 1894 Ilaluerim
2455 1838 2673 1906 quidem
2706 1848 2852 1891 tuum
2885 1837 3126 1893 solamen
3151 1838 3394 1906 adipisci,
3424 1839 3547 1910 quia
3583 1841 3666 1894 lit-

2083 1929 2209 1985 teris
2240 1930 2508 1985 secundus
2541 1931 2606 1984 ad
2654 1931 2880 2001 gratiam
2923 1931 3072 1987 locus
3115 1941 3219 1987 est.
3272 1932 3547 1987 Desiderio
3589 1934 3663 1987 ttti

2081 2025 2402 2093 scriptorum
2433 2026 2802 2092 compensatio
2827 2025 3120 2092 satisfecit,
3171 2027 3508 2097 maximeque
3532 2029 3669 2096 juvit

2081 2119 2344 2182 animum,
2377 2120 2517 2187 quod
2550 2127 2725 2173 tecum
2758 2119 2951 2174 bonam
2983 2119 3344 2174 valetudinem
3367 2120 3593 2177 rediisse
3613 2122 3666 2175 in

2081 2211 2305 2278 gratiam
2339 2210 2616 2264 nuntiasti.
2662 2210 2781 2279 Ipse
2812 2210 3043 2264 Formiis
3071 2209 3246 2264 adhuc
3268 2211 3506 2266 residere
3532 2227 3668 2267 con-

2083 2301 2251 2364 stitui,
2299 2313 2355 2354 ttt
2402 2303 2658 2370 mitigatis
2698 2302 2938 2356 autumni
2991 2301 3210 2356 restibus
3251 2300 3318 2356 ad
3359 2303 3666 2358 suburbana

2083 2395 2393 2449 concedam.
2442 2395 2624 2463 Neque
2671 2396 2813 2450 enim
2865 2394 3125 2463 temporis
3179 2394 3313 2448 ratio
3343 2395 3562 2465 patitur,
3613 2409 3670 2451 ut

2085 2504 2420 2545 communem
2455 2490 2682 2559 pati-iam
2710 2498 2936 2545 maestus
2965 2487 3251 2559 ingrediar.
3297 2485 3447 2545 Vale.

2637 2622 2856 2678 EPIST.
2891 2622 3122 2678 XCVIII.

2569 2731 2878 2771 BYIIACIIUS
2916 2731 3178 2771 HELPIbIO.

2157 2830 2211 2885 Si
2250 2831 2488 2884 conditio
2524 2831 2779 2899 temporis
2817 2831 3043 2895 sineret,
3086 2829 3222 2884 votis
3259 2843 3346 2884 me
3373 2829 3477 2883 tuis
3502 2828 3662 2883 etiam

2089 2939 2192 2976 non
2225 2933 2442 2994 rOgatns
2474 2923 2792 2992 ingererem.
2826 2923 2941 2989 Qua
2966 2923 3017 2976 itt
3049 2937 3107 2977 re
3131 2931 3314 2978 certus
3344 2923 3507 2976 animi
3539 2926 3668 2988 mei,

2087 3017 2434 3070 assertionem
2465 3017 2774 3084 verborum,
2803 3018 2956 3072 sicuti
2985 3016 3238 3084 arbitror,
3272 3031 3377 3070 non
3407 3017 3661 3086 requiris.

2088 3108 2238 3162 Nunc
2271 3107 2499 3162 fortunae
2528 3122 2661 3162 mea:
2685 3108 2912 3177 qualitas
2943 3108 2995 3163 iit
3029 3117 3232 3164 tantum
3278 3124 3378 3164 nos
3409 3123 3439 3162 a
3469 3110 3671 3165 festivis

2089 3209 2317 3253 excusat
2359 3200 2571 3263 officiis,
2609 3209 2670 3258 ut
2717 3201 2938 3269 insuper
2968 3199 3155 3254 solatia
3187 3199 3443 3269 deposcat
3473 3201 3670 3254 aliena.

2094 3293 2231 3362 Ergo
2263 3294 2382 3360 quia
2408 3294 2456 3346 iit
2492 3307 2649 3348 manu
2681 3309 2795 3346 mea
2835 3294 3045 3348 interim
3080 3309 3186 3348 non
3214 3305 3298 3348 est
3327 3293 3673 3364 frequentare

2089 3386 2243 3439 laetos
2282 3396 2612 3450 conventus;
2659 3396 2760 3442 tua:
2800 3388 2917 3454 opis
2955 3390 3058 3441 erit
3100 3385 3281 3440 levare
3328 3398 3670 3442 maerentem.

2091 3480 2361 3546 Quorsum
2394 3481 2532 3534 istud
2570 3479 2810 3549 inquies?
2840 3489 2896 3534 ut
2935 3479 3154 3535 fratrem
3197 3494 3374 3534 meum
3407 3479 3673 3536 Florenti-

2091 3591 2238 3642 nttnt,
2269 3575 2627 3630 clarissimum
2661 3584 2818 3644 atque
2847 3573 3250 3628 ornatissimum
3281 3574 3478 3640 virum,
3513 3590 3670 3644 pere-

2087 3666 2377 3737 grinationi
2423 3682 2556 3723 meae
2597 3668 2872 3722 cohaerere
2905 3667 3142 3734 patiaris.
3177 3667 3406 3722 Tantum
3438 3678 3582 3738 peto,
3615 3679 3673 3723 ut

2087 3759 2156 3812 ab
2185 3775 2250 3814 eo
2287 3760 2657 3830 inttrpreteris
2695 3759 2929 3827 impendi
2974 3773 3041 3815 ex
3087 3760 3187 3814 bac
3223 3761 3670 3828 commoratione,

2085 3866 2244 3920 quam
2277 3852 2404 3905 mitti
2439 3853 2652 3919 tribuit,
2683 3860 2938 3920 quantum
2965 3866 3034 3909 ex
3061 3851 3180 3921 ejus
3211 3853 3494 3921 praesentia
3519 3852 3670 3908 volu-

2087 3945 2249 4013 ptatis
2281 3945 2580 3999 habuisses.
2615 3943 2760 3998 Vale.

2136 4079 3660 4106 ———————————-——-—-———-—g————

1434 4188 1910 4301 LIBER
1985 4197 2627 4312 SEXTUS.

894 4365 1220 4423 EPISTOLA
1258 4368 1490 4426 PIIIMA.

761 4473 1068 4514 SVHIACHUS
1113 4476 1398 4517 NICOIACIII
1447 4479 1620 4519 FILIIS.

464 4555 542 4612 De
571 4555 732 4609 rebus
761 4553 974 4623 liquidis
1022 4564 1181 4622 atque
1218 4555 1516 4612 manifestis
1550 4560 1748 4614 rectius
1787 4572 1977 4618 natura

389 4668 550 4720 qnam
581 4649 715 4704 fama
743 4652 1060 4704 consulitur.
1087 4652 1225 4721 Ergo
1255 4653 1306 4706 in
1335 4656 1476 4707 tenui
1504 4655 1689 4722 patriae
1712 4657 1978 4730 victu,sn-

392 4745 617 4816 pct'ioris
640 4743 990 4814 providentiae
1015 4745 1225 4800 laudent
1246 4745 1474 4801 refotam
1501 4763 1606 4804 non
1627 4765 1694 4806 ex
1715 4767 1813 4806 ore
1839 4754 1978 4807 mut-

392 4839 659 4904 titudinis,
691 4839 783 4894 sed
816 4855 882 4893 ex
916 4838 1118 4894 ratione
1146 4837 1363 4894 humani
1410 4839 1604 4910 ingenii
1637 4845 1974 4915 colligamus.

389 4937 624 4990 Necesse
652 4941 732 4987 est
768 4932 912 4986 enim
958 4945 1109 4986 seros
1148 4932 1504 4988 aestimatores
1547 4935 1971 5001 beneficiorum,

389 5042 514 5082 cum
539 5025 830 5081 succedant
856 5023 1112 5093 angustiae
1128 5022 1316 5092 copiis,
1341 5024 1728 5082 dissimulatam
1751 5029 1974 5096 gratiam

393 5118 684 5173 collatione
714 5117 932 5172 sentire.
980 5114 1046 5168 Et
1094 5114 1294 5183 plebes,
1324 5115 1541 5185 quidem
1574 5129 1753 5173 nostra
1784 5135 1977 5174 oauco-

393 5227 515 5267 rmn
545 5211 737 5267 studiis
763 5208 988 5265 antehac
1018 5210 1068 5263 in
1103 5209 1282 5264 odium
1313 5211 1441 5266 tanti
1474 5212 1607 5266 civis
1633 5213 1872 5274 subacta,
1900 5223 1978 5267 ω-

385 5316 562 5361 suitur
585 5304 856 5375 propalam
881 5301 1171 5372 pmttitendi
1203 5304 1614 5358 correctionem.
1637 5304 1972 5370 Collegarum

387 5413 520 5454 vero
563 5398 871 5451 notissimus
901 5397 1149 5463 pervicax
1181 5395 1315 5448 livor
1343 5409 1446 5448 non
1471 5395 1596 5449 sinit
1623 5396 1797 5461 fateri,
1829 5397 1968 5465 quod

387 5492 537 5558 cogit
557 5488 1026 5556 veritasjudimre.
1051 5485 1227 5554 Quare
1250 5488 1410 5540 tacito
1427 5485 1735 5541 afficiuntur
1758 5490 1972 5554 rubore,

386 5595 443 5639 et
467 5585 836 5639 conviciorum
868 5581 1068 5635 similes
1107 5581 1175 5634 de
1205 5579 1357 5634 vobis
1395 5583 1632 5648 proferre
1663 5593 1930 5650 nequeunt
1955 5628 1970 5651 ,

383 5693 510 5746 qua:
541 5675 744 5728 sentire
770 5681 1051 5742 coguntur.
1083 5670 1187 5726 Sed
1221 5672 1334 5726 tunc
1381 5671 1588 5741 longius
1613 5673 1832 5742 exsequi
1865 5690 1969 5726 non

377 5778 468 5822 est
495 5781 738 5822 necesse.
769 5761 979 5819 Sufficit
1025 5763 1167 5817 enim
1199 5763 1420 5818 rediisse
1441 5763 1506 5818 ad
1535 5765 1968 5820 conciliationem

381 5863 544 5915 fama:
575 5865 768 5913 vcstrrc
800 5856 1065 5920 puint‘um
1097 5855 1484 5912 testimonium.
1524 5855 1679 5912 Vivat
1701 5857 1879 5925 modo,
1913 5868 1967 5914 et

668 5951 938 6011 PA'I‘ROL.
991 5949 1217 6010 XVIII.

2084 4384 2140 4442 in
2182 4386 2347 4455 patris
2372 4388 2568 4443 celebri
2623 4388 2878 4442 memoria
2910 4387 3159 4444 solatium
3206 4396 3377 4456 tuum,
3409 4397 3467 4446 et
3493 4389 3545 4444 in
3578 4398 3666 4446 tua

2085 4479 2256 4533 salute
2288 4488 2509 4548 paterna
2541 4479 2829 4552 reparatio.
2859 4478 3068 4537 Valete.

2709 4614 2926 4672 EI’IST.
2972 4614 3034 4672 II.

2449 4741 2758 4786 SVIIACIIUS
2795 4742 3074 4782 NICOMACIII
3112 4742 3288 4783 ιἰιιιε.

2156 4837 2425 4893 IIilaratus
2451 4848 2531 4893 est
2563 4841 2692 4892 mihi
2716 4839 2832 4894 dies
2861 4839 3054 4894 litteris
3084 4839 3298 4904 Vestris,
3325 4848 3380 4896 et
3405 4841 3663 4897 festivita-

2083 4941 2189 4986 tem
2219 4931 2507 4990 natalitiam
2537 4932 2729 4986 domus
2758 4940 2954 4987 nostra:
2983 4931 3318 4990 desideratus
3362 4951 3542 4992 sermo
3566 4954 3660 5008 ge-

2082 5023 2321 5078 minavit.
2346 5023 2449 5079 Sed
2469 5025 2690 5079 decursa
2716 5025 2918 5095 paginae
2943 5024 3170 5080 lectione
3188 5029 3504 5098 conrugavit
3527 5030 3658 5084 mihi

2081 5116 2309 5172 frontem
2342 5117 2543 5187 adjecta
2571 5118 2916 5186 subscriptio,
2952 5133 3071 5187 qua:
3100 5135 3196 5174 vos
3223 5119 3290 5176 de
3321 5121 3530 5191 peculio
3555 5123 3656 5176 Pe-

2084 5213 2272 5267 tmnia:
2314 5213 2499 5281 agitari
2543 5212 2737 5284 jurgiis
2768 5213 3041 5269 indicavit.
3084 5215 3329 5270 Arbitror
3360 5228 3570 5282 tamen,
3613 5217 3659 5272 si

2084 5305 2363 5360 Marciana:
2413 5309 2615 5359 sororis
2643 5314 2836 5359 vestrae
2867 5323 2971 5360 non
3003 5307 3072 5362 sit
3104 5307 3292 5362 clauda
3333 5309 3620 5378 promissio
3643 5353 3658 5375 ,

2078 5398 2435 5451 successionis
2473 5395 2775 5465 ambiguum
2809 5395 3118 5452 domestica:
3148 5413 3305 5466 posse
3355 5402 3649 5463 removeri,

2077 5503 2199 5542 cum
2229 5487 2292 5543 ad
2314 5503 2537 5543 examen
2562 5502 2758 5550 meum,
2785 5488 2925 5557 quod
2955 5489 3067 5557 ipsa
3092 5489 3311 5560 delegit,
3331 5491 3650 5546 documenta

2077 5584 2274 5652 negotii
2307 5582 2726 5649 miseritis.anc
2742 5593 2916 5636 autem
2946 5583 3119 5651 capita
3142 5585 3495 5652 quaestionum
3529 5601 3654 5654 pars

2075 5675 2294 5728 adversa
2326 5684 2692 5738 commoveat,
2746 5674 2956 5730 subdita
2989 5676 3395 5745 enumeratione
3424 5677 3649 5746 signari,

2075 5775 2132 5820 ut
2160 5777 2342 5822 sancta
2384 5766 2704 5819 unanimitns
2735 5776 2909 5821 vestra
2943 5766 3225 5821 informata
3279 5769 3560 5837 oppositis,
3600 5767 3650 5822 iit

2073 5858 2241 5915 vicem
2275 5874 2369 5931 pro
2399 5873 2458 5914 se
2487 5858 2856 5928 respondenda
2895 5859 3196 5915 meditetur.
3226 5858 3430 5914 Valete.

3375 5951 3416 6011 9
