4218 6440
484 362 588 418 9.67

1067 458 1278 517 El‘lS'l‘.
1320 458 1408 513 111.

809 568 1116 612 SilIIACIIUS
1159 563 1446 609 MCOIMZII
1484 561 1660 603 "HIS.

520 649 748 704 Praefato
795 663 929 719 opus
964 656 1065 711 est,
1091 646 1135 700 si
1167 645 1332 699 ardua
1366 640 1738 712 postulentur:
1771 636 1954 705 pronis
1975 648 2038 689 ac

450 743 697 799 facilibus
737 740 1011 796 admoveri
1064 738 1327 792 ambitum
1371 748 1479 789 non
1516 738 1749 801 oportet.
1797 726 2040 782 Breviter

452 836 613 903 igitur
639 843 696 889 et
720 832 952 887 strictim
981 830 1107 900 quid
1139 828 1170 881 [ε
1186 840 1306 883 ater
1345 840 1499 881 meus
1528 823 1747 880 Fulvius
1776 821 1842 874 de
1887 816 2039 871 vobis

455 930 656 984 favoris
702 934 889 997 poscat
917 926 1200 980 advertit».
1234 923 1492 978 Sororem
1549 912 1879 983 Pompeiani,
1911 913 2040 964 olim

454 1024 571 1076 \iro
599 1030 891 1085 maturam,
921 1028 973 1074 te
998 1017 1218 1085 auspice
1251 1018 1301 1068 in
1351 1028 1567 1067 manum
1598 1018 1747 1079 Optat
1776 1007 2043 1077 accipere,

454 1131 555 1169 nec
584 1127 782 1184 genere
804 1112 1002 1175 minor,
1036 1120 1090 1165 et
1116 1125 1172 1163 re
1208 1109 1451 1161 fortassis
1482 1104 1743 1173 superior.
1773 1102 1903 1155 Nam
1938 1102 2047 1152 lau-

463 1207 671 1263 dabiles
692 1204 816 1259 vitze
839 1204 959 1273 ejus
977 1212 1146 1261 artes.
1172 1211 1227 1255 ct
1261 1216 1327 1256 es
1353 1200 1613 1253 bonorum
1636 1194 1886 1249 amicitiis
1924 1205 2049 1259 spes

456 1318 531 1357 se:
551 1300 719 1355 undas
748 1300 888 1351 inter
913 1297 1183 1365 sponsalia
1206 1301 1523 1351 ornamenta
1548 1305 1655 1346 non
1680 1284 2048 1342 nuumro.Sibi

458 1396 603 1449 enim
632 1392 861 1460 quisque
890 1390 1052 1443 habet
1081 1388 1337 1456 quidquid
1388 1386 1500 1451 spei
1548 1396 1601 1439 et
1643 1381 1784 1435 laudi
1816 1378 2047 1434 ducitur.

464 1488 584 1541 .‘Jibi
610 1494 785 1539 autem
811 1490 954 1538 tanta
985 1490 1063 1537 est
1097 1478 1444 1551 perficienda
1471 1474 1864 1545 coniunctionis
1894 1470 2052 1538 liujus

461 1579 753 1647 antiquitas
778 1617 795 1641 ,
825 1585 883 1631 ut
913 1576 967 1630 in
1006 1577 1152 1643 grati
1186 1573 1332 1628 dono
1360 1569 1639 1624 habiturus
1679 1568 1807 1633 siut,
1836 1564 1880 1617 si
1912 1564 2055 1617 illius

463 1673 604 1726 votis
649 1685 774 1724 cura
821 1676 997 1722 vestra
1027 1665 1309 1735 profuerit.
1339 1661 1472 1717 Cum
1518 1659 1678 1731 igitur
1718 1674 1805 1713 res
1844 1657 2053 1723 inceptu

466 1765 711 1827 boni-sta,
745 1758 940 1815 effectu
972 1758 1145 1811 facilis
1178 1755 1508 1824 postuletur:
1532 1766 1747 1821 qurso,’
1772 1763 1825 1803 ut
1852 1750 1903 1801 in
1934 1762 2056 1816 pro.

1611 343 1675 413 ρ.
1719 337 2065 398 Αιέῐιειιυε
2106 334 2546 392 SY.‘L\lA(.llUS.

2058 452 2107 510 Α
2138 447 2233 500 tui.
2254 444 2362 499 Nos
2384 446 2595 500 interim
2620 451 2801 499 mutua
2820 440 3089 498 desideria
3109 438 3405 511 scertione
3426 434 3728 493 foveamns.

3618 323 3727 382 «ξοδ

2142 540 2232 594 Sol
2253 541 2358 592 uiis
2384 539 2526 591 eititn
2553 537 2829 593 leniendas
2856 546 2937 593 est
2965 536 3201 601 animus,
3219 532 3434 603 quoties
3456 529 3727 602 protelan-

2141 644 2228 688 tur
2256 650 2304 695 υ,
2329 640 2457 685 tata.
2496 628 2701 687 Valete.

2757 720 2971 777 EPIS'I‘.
3012 718 3122 776 VII.

2515 830 2823 869 svuuacnus
2862 826 3145 869 utcoatacm
3186 821 3367 866 mus.

2217 927 2524 981 Tabttrnius
2544 938 2824 980 evocatum
2853 939 2941 980 me
2962 940 3067 979 non
3094 921 3275 987 siluit;
3295 930 3353 978 et
3377 921 3608 977 fortasse
3637 919 3740 973 nti-

2150 1022 2362 1081 retuiui,
2396 1017 2526 1071 nihil
2556 1034 2715 1086 super
2733 1032 2793 1071 ea
2818 1032 2878 1073 re
2902 1017 3036 1072 meis
3063 1014 3274 1087 paginis
3302 1013 3612 1069 indicatum.
3630 1012 3738 1068 Sed

2151 1115 2275 1182 quia
2322 1112 2502 1167 multis
2534 1127 2600 1166 ac
2629 1113 2953 1169 necessariis
2990 1113 3169 1167 causis
3198 1110 3346 1165 domi
3400 1122 3621 1164 manere
3647 1107 3741 1162 de-

2157 1220 2459 1263 creverant.
2493 1204 2668 1261 inanis
2696 1218 2818 1260 esse
2844 1218 3024 1274 opera
3055 1203 3314 1275 jndicavi,
3347 1202 3497 1258 irrita
3526 1200 3594 1258 ad
3621 1216 3738 1266 vos.

2153 1311 2206 1352 et
2233 1299 2565 1352 dissimulata
2615 1300 2871 1366 perferre.
2893 1298 3070 1354 Credo
3098 1307 3278 1352 autem
3309 1307 3515 1351 sanctae
3541 1295 3743 1349 unani-

2155 1392 2329 1446 tnitati
2356 1401 2548 1450 vestra:
2573 1392 2905 1459 incomperta
2936 1406 3044 1446 non
3078 1404 3220 1457 esse,
3254 1402 3373 1457 qua
3406 1402 3493 1443 me
3518 1400 3549 1442 a
3579 1400 3738 1459 pere-

2154 1484 2401 1555 grinandi
2432 1483 2661 1538 consilio
2686 1492 3045 1539 retraxerunt.
3072 1480 3205 1536 Nam
3220 1490 3274 1537 et
3296 1480 3520 1536 fractam
3542 1480 3747 1536 valetu-

2157 1578 2338 1631 dinem
2367 1591 2542 1632 meam
2575 1578 2771 1644 nostis,
2818 1585 2873 1631 et
2897 1577 3035 1632 unici
3080 1575 3186 1632 mei
3226 1575 3571 1630 solitudinem
3607 1588 3745 1629 coo-

2158 1667 2517 1737 templaminl,
2548 1678 2603 1723 et
2626 1668 2939 1736 eruptiones
2959 1667 3237 1723 ﬂuminum
3260 1682 3431 1737 usque
3457 1666 3524 1721 ad
3546 1676 3747 1722 metum

2157 1760 2343 1816 diluvii
2365 1760 2725 1831 comperistis.
2750 1759 2999 1816 Pontium
3030 1775 3246 1831 quoque
3274 1761 3483 1825 ruinas,
3514 1770 3570 1816 et
3598 1775 3756 1816 moti-

467 1854 729 1911 mm-eudo
760 1852 974 1923 negotio
1002 1864 1254 1918 quautam
1286 1863 1373 1903 me
1399 1849 1539 1904 velis:
1578 1844 1866 1914 εωδὶὶείιίεν
1899 1839 2049 1894 ΝΜ·
2086 1837 2129 1895 θ
2162 1854 2294 1907 tium
2320 1852 2468 1907 labes
2490 1850 2629 1918 apud
2659 1867 2777 1918 vos,
2805 1854 3135 1917 utarbitror,
3159 1852 3298 1908 fama
3330 1866 3437 1907 non
3459 1852 3647 1907 tacuit.
3672 1851 3750 1907 Ex

467 1948 637 2003 beatis
661 1944 997 2001 industriam.
1019 1942 1230 1994 Valete.

1096 2032 1308 2088 EPIST.
1351 2031 1438 2086 IV.

841 2142 1150 2183 εγωηεηυε
1189 2139 1467 2181 ΜωςΑοηι
1509 2135 1676 2176 ινιιιςς.

553 2223 965 2291 Egritndinem,
993 2235 1152 2289 quam
1181 2218 1419 2274 dexterae
1451 2230 1640 2269 manus
1664 2213 1851 2266 dolore
1903 2210 2061 2263 susti—

480 2333 603 2383 neo,
637 2315 944 2370 nuntiorum
977 2312 1269 2368 acerbitate
1297 2310 1628 2377 duplicastis.
1667 2306 1856 2360 Acrior
1882 2312 2062 2357 autem

475 2426 597 2464 cura
621 2426 704 2463 me
726 2407 1016 2475 distringit,
1035 2404 1176 2475 quod
1200 2404 1315 2458 scio
1334 2403 1455 2457 fili-.e
1479 2416 1615 2455 mea:
1637 2399 1882 2454 ciborum
1902 2410 1952 2450 et
1978 2413 2063 2465 po-

479 2516 627 2557 tuum
655 2500 1042 2553 mutinentiam
1072 2512 1177 2552 non
1220 2511 1378 2565 posse
1405 2493 1642 2548 suaderi.
1669 2491 1879 2546 Anxius
1905 2487 2066 2559 igitur

480 2597 698 2647 vulnere
729 2592 889 2645 animi
918 2599 977 2645 et
1001 2590 1249 2658 corporis
1285 2587 1509 2649 morbo,
1537 2596 1709 2653 usque
1737 2581 1802 2635 ad
1829 2579 2066 2634 subscri-

480 2688 637 2741 bcodi
666 2686 1074 2754 possibililalcm
1107 2682 1314 2736 litteras
1341 2677 1562 2733 ditTerre
1603 2690 1711 2731 non
1753 2674 1899 2744 potui
1926 2690 1939 2727 :
1973 2671 2065 2727 scd

478 2781 768 2833 ilit'tatiune
799 2786 1081 2844 properata
1128 2774 1297 2842 magis
1328 2768 1677 2826 sollicitudini
1723 2782 1878 2833 mem,
1908 2780 2066 2835 quam

479 2868 850 2923 imisuetmlini
896 2864 1154 2919 satisfeci.
1194 2865 1259 2917 Et
1293 2863 1465 2933 primo
1495 2864 1743 2915 timorem
1776 2873 1953 2912 meum
1986 2871 2071 2910 re-

482 2964 693 3029 sponsis
726 2961 935 3021 levetis,
967 2971 1155 3012 exoro.
1194 2957 1392 3010 Dehinc
1424 2965 1496 3019 te,
1523 2953 1739 3007 domina
1781 2949 1910 3016 ﬁlia,
1941 2963 2069 3016 pre-

481 3072 596 3117 cor,
632 3054 791 3108 saluti
820 3050 1040 3106 adversa
1073 3050 1344 3111 declines,
1372 3056 1429 3103 et
1465 3046 1857 3114 interpellatam
1912 3042 2072 3096 toties

483 3146 840 3199 valetudinem
880 3157 1099 3212 repares
1130 3141 1328 3194 auxilio
1377 3136 1771 3203 temperantiae.
1806 3133 1938 3200 Quia
1966 3148 2069 3187 non

483 3242 657 3296 solum
688 3238 903 3292 sanitati
933 3234 1262 3299 commodat,
1308 3248 1493 3288 verum
1526 3230 1683 3285 ctiam
1729 3227 1794 3282 ad
1833 3227 2073 3281 teStinto-
2099 3215 2148 3279 C
2202 3193 2311 3299 __R'

487 3336 631 3387 nium
665 3330 959 3401 prudentia:
984 3327 1214 3397 pertinet
1239 3327 1413 3378 noxiis
1446 3324 1733 3377 abstinere.
1765 3319 1973 3375 Valete.

1128 3416 1343 3473 EPIST.
1384 3415 1450 3469 γ.

862 3529 1173 3571 δνιιπλοιιυε
1204 3526 1486 3567 NlCt‘iﬂACHI
1529 3524 1703 3563 FlLllS.

558 3612 905 3667 Severianum
946 3610 1233 3679 primorem
1272 3603 1580 3659 C'iteruinze
1611 3602 1759 3657 urbis
1788 3616 1817 3655 a
1866 3600 2079 3669 publica

490 3704 924 3773 interpellatione
950 3698 1219 3763 revocavi,
1254 3713 1321 3751 ne
1348 3706 1534 3750 sancto
1557 3694 1731 3748 amico
1763 3702 1948 3746 nostro
1977 3691 2079 3747 Se-

491 3815 622 3855 VL'TO
661 3798 872 3851 invidia:
900 3794 1098 3863 aliquid
1124 3791 1439 3861 conquestio
1458 3788 1575 3857 ejus
1595 3785 1826 3841 aﬂ'erret.
1855 3783 2082 3839 Promisi

491 3905 668 3948 autem
699 3890 871 3945 media
896 3885 1250 3943 unanimitate
1277 3893 1387 3945 tua,
1411 3881 1577 3936 decus
1604 3892 1864 3939 nOstrum,
1889 3876 1933 3929 si
1954 3873 2081 3945 quid

495 3987 634 4039 inter
660 3996 754 4037 eos
779 3978 1198 4034 concertationis
1223 3984 1328 4043 est,
1362 3986 1518 4042 posse
1546 3971 1709 4025 finiri.
1756 3972 1929 4039 Atque
1962 3968 2085 4022 ideo

494 4093 677 4147 queo-so
723 4085 781 4130 ut
826 4073 943 4126 viro
982 4070 1185 4139 optimo
1215 4066 1417 4123 Severo
1464 4065 1816 4119 terminandae
1847 4061 1983 4129 apud
2033 4071 2084 4114 te

497 4174 604 4227 litis
624 4180 810 4225 amtor
834 4184 954 4222 esse
979 4166 1239 4232 digneris.
1274 4160 1479 4213 Valete.

1111 4255 1329 4312 Ειιιδτ.
1372 4253 1458 4306 γι.

866 4369 891 4408 ε
903 4366 1180 4407 ηυηωωε
1224 4360 1508 4403 ΝΙΩΟΙΑΕΙΙΙ
1546 4356 1721 4400 σιιιη.

571 4450 846 4516 Tanquam
864 4446 1040 4499 adhuc
1058 4443 1395 4510 negotiorum
1415 4448 1715 4493 vestrorum
1739 4437 1904 4503 nescii
1925 4450 2090 4507 agon-

499 4546 583 4599 dis
612 4544 772 4599 rebus
795 4538 1055 4593 formulas
1084 4533 1385 4603 pra-finitis.
1419 4533 1486 4585 At
1508 4545 1610 4602 ego
1636 4531 1972 4584 unanimitati
2004 4547 2091 4584 ve-

2162 1963 2272 2015 quo
2302 1945 2501 2001 factum
2534 1956 2637 2015 est,
2689 1957 2747 2001 ut
2784 1946 2964 2003 ceteri
2999 1962 3211 2017 quoque
3249 1947 3459 2003 veniam
3507 1946 3751 2017 postula-

2165 2049 2305 2102 rent,
2348 2053 2482 2108 quos
2511 2038 2703 2095 similis
2734 2038 2937 2094 accitus
2984 2039 3278 2103 exciverat,
3309 2048 3505 2107 praeter
3551 2039 3753 2094 Arcen-

2167 2140 2299 2183 tonn
2324 2131 2792 2195 etlivangelium:
2831 2146 3060 2197 quorum
3098 2128 3328 2185 alterum
3374 2130 3525 2197 vigor
3565 2127 3751 2184 adoles

2165 2221 2413 2278 scentiaz.
2440 2221 2667 2276 alterum
2700 2221 2947 2276 incautus
2993 2221 3209 2276 animus
3254 2221 3455 2283 obfecit
3512 2218 3752 2275 incertis.

2170 2312 2417 2382 intelligo
2446 2327 2545 2367 vos
2588 2312 2924 2381 profectione
2969 2311 3201 2367 hominis
3246 2326 3355 2365 non
3394 2312 3551 2365 amici
3600 2325 3756 2379 posse

2171 2408 2386 2463 terreri.
2413 2405 2517 2463 Sed
2549 2415 2609 2462 ut
2647 2407 2957 2473 scrupulum
3005 2406 3147 2462 liune
3177 2405 3431 2475 rrjiciatis
3468 2406 3755 2461 admoneo.

2169 2498 2304 2555 Nam
2345 2510 2400 2555 et
2429 2501 2566 2555 meis
2598 2499 2792 2555 litteris
2833 2500 2999 2555 multa
3029 2512 3215 2555 curata
3263 2509 3416 2557 sunt:
3458 2508 3511 2553 et
3539 2498 3757 2569 profici-

2168 2592 2445 2648 scentibus
2474 2593 2659 2648 datum
2698 2594 2969 2663 negotium
3009 2602 3114 2661 est,
3145 2602 3204 2648 ut
3232 2596 3409 2648 atrioli
3438 2593 3759 2649 obtrectatio

2172 2686 2487 2753 repellatur.
2520 2685 2701 2752 Quare
2722 2700 2976 2740 curarum
3007 2686 3160 2741 vacui
3182 2686 3323 2751 agite
3346 2687 3536 2750 otium,
3570 2700 3762 2751 meque

2174 2788 2231 2831 ut
2258 2778 2433 2834 faccre
2458 2779 2776 2848 dignamini,
2799 2784 3123 2851 scriptorum
3147 2780 3464 2837 assiduitate
3500 2780 3756 2837 refovete.

2177 2871 2386 2926 Valete.

2777 2965 2989 3022 EPIST.
3034 2965 3171 3022 \‘lll.

2554 3093 2867 3135 δτιιιηοιιυε
2901 3092 3183 3134 MCOIACIII
3216 3094 3386 3134 HUIS.

2320 3193 2363 3247 -d
2388 3196 2494 3247 litae
2520 3204 2640 3248 sunt
2671 3193 2828 3249 nobis
2854 3194 3047 3247 litterae
3076 3201 3292 3255 vestrm,
3320 3208 3442 3246 cum
3470 3192 3767 3248 ἱιιυδιὶριιςί

2183 3286 2271 3340 die
2298 3288 2529 3355 septimo
2557 3287 2900 3357 degere-nius.
2933 3286 3003 3340 Et
3032 3285 3177 3339 illico
3209 3300 3303 3355 per
3322 3285 3580 3340 illustictn
3600 3286 3770 3339 viruui

2186 3381 2439 3433 vicarium
2476 3380 2642 3450 petitu
2684 3394 2805 3433 meo
2834 3391 3076 3436 aetorum
3129 3378 3390 3446 proce~sit
3438 3379 3625 3451 editio.
3665 3377 3771 3434 Sed

2185 3491 2316 3545 puer
2347 3483 2545 3537 voslct',
2596 3472 2909 3529 inconsultis
2948 3482 3109 3543 atque
3154 3473 3526 3544 ignorantibus
3576 3472 3731 3527 nobis
3756 3516 3771 3537 ,

2186 3571 2319 3622 urbe
2340 3570 2610 3630 discessit,
2631 3574 2689 3620 ut
2704 3575 2784 3620 est
2810 3566 2982 3620 servis
3008 3565 3283 3619 familiaris
3306 3565 3640 3634 improbitas.
3672 3564 3773 3619 νυ.

2186 3672 2293 3715 stra
2327 3661 2379 3713 in
2411 3675 2570 3713 manu
2602 3667 2705 3722 est,
2738 3667 2917 3711 utrum
2958 3657 3060 3712 boc
3091 3658 3317 3713 inultum
3347 3658 3641 3727 patiamini.
3690 3655 3775 3711 In-

2189 3766 2333 3809 tc-rea
2382 3754 2542 3807 ﬁliam
2584 3768 2757 3807 meatu
2783 3752 2975 3821 jactari
3028 3753 3324 3807 instaurato
3372 3752 3628 3821 languore
3671 3768 3778 3807 non

2189 3846 2354 3899 siluit.
2384 3845 2551 3914 Cujus
2582 3844 2751 3899 nuntii
2783 3844 2972 3898 vulnus
3004 3844 3111 3900 alte
3158 3843 3350 3899 insedit
3394 3842 3598 3910 pet-tori
3623 3857 3777 3905 meo.

2191 3953 2290 3989 nec
2320 3934 2622 3989 abolebitur
2652 3945 2847 3999 metus,
2898 3933 3000 3987 nisi
3052 3941 3233 3987 mutua
3278 3934 3573 4003 scriptione
3619 3932 3776 3988 fidem

2190 4027 2436 4081 sanitatis
2458 4027 2573 4095 ejus
2604 4040 2883 4094 accepero.
2906 4023 3088 4080 Facite
3116 4024 3298 4095 igitur,
3322 4040 3420 4079 oro
3436 4041 3552 4090 vos,
3577 4034 3634 4081 ut
3664 4024 3777 4079 for-

2192 4120 2448 4176 midinem
2486 4136 2664 4178 meam
2708 4118 2978 4176 securitas
3023 4120 3270 4188 protinus
3324 4128 3595 4187 reportata
3629 4134 3781 4173 coni-

2192 4227 2382 4271 tttutet.
2416 4214 2626 4270 Valete.

2809 4307 3025 4365 EPIST.
3065 4308 3158 4365 IX.

2569 4440 2705 4481 ειη
2713 4439 2875 4480 ,101108
2914 4438 3068 4479 NICOI
3076 4440 3196 4479 ACIII
3231 4440 3407 4481 FILIIS.

2272 4540 2459 4594 Frater
2505 4555 2660 4595 meus
2705 4538 3035 4593 Censorinus
3074 4538 3144 4594 de
3172 4536 3407 4594 confinio
3457 4537 3779 4593 Baianorum

503 4650 631 4689 stra‘.
655 4634 931 4700 utriusque
967 4630 1171 4683 exitum
1219 4641 1398 4681 causa
1425 4625 1745 4694 jampridem
1779 4624 2007 4689 retexui,
2036 4635 2093 4679 et
2120 4607 2172 4668 Ῑ)
2202 4634 2575 4703 maturior-um
2594 4634 3037 4702 conquestionem
3063 4640 3233 4686 te...“
3261 4632 3480 4697 iterare.
3508 4646 3668 4701 quam
3694 4632 3783 4685 ἀι-

504 4728 666 4783 credo
693 4726 747 4780 in
776 4736 967 4779 manus
994 4730 1201 4777 vestras
1226 4732 1322 4789 per
1350 4718 1548 4774 milites
1574 4716 1876 4772 vicarianos
1894 4715 2093 4782 delata,

505 4834 624 4889 σι-ιιει
649 4819 991 4887 scripseram.
1016 4812 1205 4870 Merito
1227 4821 1477 4868 enarrata
1502 4819 1559 4865 et
1576 4819 1853 4879 comperta
1874 4824 1985 4864 non
2009 4826 2099 4867 re-

508 4923 652 4979 peto.
708 4908 819 4965 lloc
848 4906 1022 4961 solum
1050 4904 1214 4960 etiam
1244 4918 1387 4957 nunc
1439 4902 1643 4957 notitize
1690 4911 1885 4957 vestra
1913 4911 2097 4957 osten-

509 5005 725 5059 tationis
752 5000 955 5072 pudore
976 5000 1375 5060 subtraxeratn,
1405 4996 1618 5051 misisse
1648 5010 1736 5050 me
1775 4995 2097 5052 necessariis

512 5102 644 5154 liuet
662 5114 742 5163 as,
775 5096 969 5166 qubus
1012 5095 1168 5149 amici
1195 5094 1263 5147 de
1291 5091 1481 5153 tutoris
1518 5090 1794 5146 fraudibus
1823 5091 2097 5145 instruan-

511 5205 613 5245 tur.
651 5190 713 5244 Et
739 5198 890 5258 puto,
932 5187 976 5240 si
1006 5183 1117 5239 fors
1158 5183 1425 5254 inceptum
1473 5184 1660 5253 juvet,
1692 5182 2090 5238 decernendum

511 5282 707 5351 aliquid
749 5294 858 5351 quo
887 5278 1163 5349 frangatur
1197 5276 1483 5332 obnoxius.
1532 5275 1686 5342 Quod
1734 5290 1860 5331 \G'O
1896 5275 2001 5329 iter
2029 5275 2095 5328 ad

516 5374 753 5437 proxima
784 5371 903 5429 urbi
936 5369 1133 5439 praedia
1155 5369 1462 5429 distulistis,
1489 5383 1798 5439 quanquam
1818 5370 1982 5425 vestri
2002 5384 2095 5422 cu-

515 5466 905 5536 pwutrssitnus,
936 5465 1237 5532 improbare
1263 5478 1369 5517 non
1396 5478 1634 5531 possunt.
1673 5466 1925 5533 Allrgatis
1954 5466 2097 5519 enim

517 5566 653 5633 piam
678 5578 889 5615 causam
917 5574 1210 5624 morarum,
1235 5570 1393 5626 atque
1418 5560 1538 5613 ideo
1565 5559 1837 5614 desiderio
1867 5574 1987 5613 meo
2005 5574 2097 5614 ne-

517 5667 821 5711 cessitatem
852 5653 1115 5723 religiosa!
1143 5651 1439 5707 afl'ectionis
1487 5652 1767 5707 antefcro:
1801 5653 1939 5707 baud
1987 5656 2100 5707 scio

518 5767 581 5799 an
637 5747 967 5801 morantibus
1015 5745 1164 5798 vobis
1193 5744 1367 5813 aliqua
1404 5745 1645 5800 invitatio
1688 5760 1788 5800 nos
1828 5747 2006 5814 potius
2050 5749 2099 5799 in

519 5842 861 5909 Campaniam
882 5837 1046 5906 possit
1070 5836 1439 5893 educerc.Scd
1455 5839 1555 5894 hoc
1581 5840 1910 5909 relinquatur
1935 5857 2096 5897 even.

2200 4727 2330 4781 dicit
2355 4726 2495 4781 inter
2516 4740 2604 4783 me
2641 4734 2695 4781 et
2725 4733 2940 4781 actores
2972 4724 3064 4780 filii
3101 4726 3206 4779 mei
3238 4723 3545 4794 Pompeiani
3580 4723 3783 4780 dudum

2201 4834 2324 4875 esse
2346 4819 2573 4874 finitam.
2611 4818 2853 4874 Adhibiti
2883 4831 3115 4888 namque
3157 4818 3569 4887 inspectatores,
3599 4831 3782 4884 muro,

2202 4916 2289 4983 qui
2318 4916 2457 4969 iutcr
2486 4914 2632 4968 mles
2654 4928 2683 4967 a
2714 4927 2926 4967 summo
2946 4921 3127 4966 monte
3155 4912 3453 4976 descendit,
3486 4912 3647 4967 dividi
3670 4910 3784 4966 loca

2203 5017 2384 5061 nostra
2411 5006 2704 5062 dixerunt:
2736 5019 2963 5070 quorum
3014 5003 3270 5073 iudicium
3316 5019 3489 5058 novus
3512 5017 3789 5072 possessor

2202 5100 2373 5155 credit
2404 5114 2561 5169 posse
2606 5098 2864 5155 rescindi.
2907 5097 3103 5165 Qumso
3134 5099 3292 5168 igitur
3334 5097 3574 5152 adhibito
3612 5097 3789 5153 Felice

2204 5192 2386 5245 amico
2415 5201 2622 5258 nostro,
2647 5204 2702 5245 et
2726 5190 2972 5256 Castore,
3011 5190 3125 5244 veri
3152 5190 3354 5246 arbiter
3379 5204 3502 5245 esse
3531 5188 3789 5261 digneris,

2208 5296 2263 5338 ut
2281 5287 2565 5341 sanctitate
2581 5294 2669 5337 tua
2684 5298 2862 5339 coram
2884 5282 3053 5339 locata
3070 5283 3241 5338 inanis
3254 5284 3536 5339 attentatio
3552 5282 3787 5352 compri-

2208 5389 2401 5433 matur.
2434 5376 2639 5431 Dehinc
2664 5391 2786 5430 cum
2822 5374 2971 5430 fratri
2994 5390 3115 5429 meo
3144 5374 3443 5429 Censorino
3471 5373 3792 5428 satisfecerit

2210 5472 2490 5539 praeterita:
2544 5469 2888 5540 judicationis
2934 5469 3189 5534 assertio,
3234 5475 3357 5522 tunc
3392 5467 3539 5536 Operi
3585 5466 3699 5534 ejus
3740 5477 3795 5519 et

2210 5563 2579 5617 IllOllllOﬂlltua
2606 5561 2761 5615 novis
2789 5560 2975 5614 decem
3007 5571 3209 5614 tantum
3239 5560 3432 5628 pedum
3459 5558 3593 5611 ultra
3626 5556 3794 5610 a'diti-

2209 5662 2291 5709 cia
2323 5670 2416 5709 sua
2441 5657 2776 5723 permittatur
2804 5655 3066 5722 adiectio:
3101 5656 3170 5708 ita
3208 5662 3264 5707 ut
3295 5652 3521 5723 partium
3557 5652 3709 5713 titius,
3738 5660 3793 5703 et

2213 5747 2405 5817 placito
2435 5747 2859 5815 comprehensus
2888 5759 3164 5812 assensus,
3197 5755 3250 5801 et
3271 5743 3600 5801 construCtio
3624 5743 3791 5797 inter-

2215 5845 2348 5901 iecta
2379 5842 2725 5895 discrimittut.
2769 5840 2973 5893 Valctr.
