4218 6442
549 344 645 398 9n
1681 344 1745 408 Q-

1790 339 2134 397 AURELIUS
2172 337 2615 396 SYMSIACIIUS.

3710 340 3815 399 272

542 454 699 509 laudo
736 453 946 523 quidem
990 451 1196 507 videtur
1227 466 1488 522 mquasse.
1538 452 1720 521 Itaque
1765 452 1853 507 tibi
1895 452 2123 522 primum
2156 454 2200 512 Α
2231 446 2530 503 dividendae
2578 447 2719 504 inter
2743 461 2838 503 vos
2883 448 3276 506 communionis
3312 461 3472 507 causa
3518 452 3810 520 praestabit.

541 548 773 603 liirmare
814 548 1021 601 litteras
1052 560 1148 616 per
1175 545 1536 601 valetudinem
1582 545 1761 613 licuit,
1802 559 1910 599 non
1946 543 2127 597 distuli

540 640 707 696 lenire
754 640 892 710 apud
922 654 1020 695 vos
1060 639 1219 710 stylo,
1255 654 1375 709 quae
1419 639 1630 709 vulgata
1675 637 2028 694 credideram.
2062 637 2128 691 Et

538 732 781 799 quamvis
810 730 1178 787 modiﬁcanda:
1198 730 1543 787 sollicitudini
1566 739 1760 787 vestra:
1782 732 1926 800 prior
1948 744 2129 785 sermo

538 826 844 890 sufﬁceret;
875 822 943 879 ad
971 824 1147 879 eadem
1184 834 1365 880 tamen
1394 823 1696 880 securitatis
1734 822 2005 878 attesiaiio
2038 836 2126 877 se—

538 917 709 973 cunda
754 917 1018 987 proﬁciet.
1067 917 1276 974 Interea
1316 917 1385 972 de
1426 917 1726 973 ordinando
1766 917 1939 973 reditu
1970 916 2125 972 facite

538 1010 778 1066 noverim
818 1011 947 1082 quid
989 1010 1200 1066 consilii
1229 1011 1520 1079 cmperitis.
1562 1008 1757 1066 Fateor
1803 1008 1949 1065 enim
1992 1008 2125 1062 mol-

538 1104 726 1158 liorem
757 1118 843 1160 me
870 1118 990 1159 esse
1014 1102 1294 1159 all’ectione
1323 1111 1444 1172 post
1463 1102 1753 1159 discrimen
1783 1102 1994 1169 salutis,
2024 1115 2124 1156 nec

538 1195 761 1251 ulterius
793 1210 950 1267 posse
992 1195 1253 1263 suadere,
1290 1204 1349 1251 ut
1394 1195 1663 1252 desiderio
1714 1210 1837 1251 meo
1884 1205 2120 1250 vestrum

539 1288 702 1341 otium
728 1287 1047 1358 przeleratis.
1077 1285 1289 1342 Valete.

1122 1378 1335 1437 EPIST.
1373 1379 1536 1437 XVII.

901 1486 1210 1527 SYIIACIIUS
1245 1485 1531 1527 NICOBACIII
1573 1488 1747 1527 l-‘lLllS.

604 1562 855 1619 Amicitia
882 1564 1096 1630 animis,
1131 1579 1240 1620 non
1280 1564 1437 1619 annis
1464 1562 1780 1619 :estimatur.
1828 1561 1994 1617 Rudis
2024 1562 2118 1633 igi-

538 1668 623 1712 tur
670 1655 766 1710 tibi
794 1670 981 1711 eorum
1026 1669 1131 1711 non
1162 1656 1403 1710 videatur
1428 1654 1680 1721 allectus,
1708 1668 1935 1724 quorum
1978 1654 2031 1708 in
2067 1664 2119 1708 te

539 1749 709 1805 cultus
737 1762 976 1804 annosus
1002 1759 1107 1804 est.
1155 1749 1267 1803 Hoc
1300 1763 1367 1804 eo
1404 1756 1639 1817 spectat,
1669 1756 1727 1802 ut
1756 1746 1968 1803 noveris
2001 1747 2114 1802 Au-

537 1840 774 1895 xentium
818 1850 874 1896 et
919 1839 1246 1909 Marianum,
1280 1840 1418 1896 ﬁlios
1468 1854 1648 1907 meos,
1701 1838 2116 1909 pudentissimos
2147 1832 2193 1893 Β

534 1934 778 2001 juvenes.
806 1930 945 1987 inter
975 1931 1280 1987 laudatores
1312 1942 1429 1985 tuos
1460 1933 1693 1999 primore
1721 1932 1841 1987 loco
1869 1930 2112 1997 censeri;

534 2033 695 2093 atque
726 2022 846 2080 ideo
867 2039 973 2078 non
1004 2024 1404 2093 cognoscendus
1435 2038 1573 2079 novo
1596 2023 1766 2090 aditu,
1794 2023 1888 2078 sed
1917 2022 2117 2078 amoris

538 2118 739 2174 {uadere
780 2128 837 2174 et
884 2117 1145 2189 religione
1186 2118 1523 2173 recolendas.
1564 2117 1713 2173 Nunc
1760 2116 1868 2172 illis
1897 2116 2114 2187 proﬁci-

535 2212 718 2268 scendi
759 2212 937 2267 attulit
966 2225 1183 2267 causam
1234 2211 1564 2267 medicorum
1612 2218 1803 2266 coactu
1832 2211 2115 2279 impetrata

534 2306 761 2357 ruratio.
806 2301 941 2358 Nam
982 2302 1191 2358 Stabias
1236 2302 1316 2357 ire
1365 2300 1704 2370 desiderant,
1759 2308 1820 2356 ut
1866 2300 2119 2369 reliquias

537 2397 707 2462 longa:
732 2393 1062 2466 :rgritudinis
1084 2393 1365 2449 armentali
1392 2395 1527 2449 lacte
1550 2394 1841 2463 depellant.
1868 2392 1976 2449 Sed
2006 2408 2118 2448 ma-

534 2489 703 2554 jorem
740 2484 983 2553 iudicant
1028 2484 1081 2540 in
1131 2493 1223 2540 tuo
1270 2499 1561 2555 congressu
1607 2478 1731 2541 esse
1771 2484 2114 2540 medicinam.

533 2576 651 2633 Tibi
682 2577 842 2647 igitur
877 2576 1234 2648 assignabitur
1276 2592 1465 2633 eorum
1495 2577 1728 2645 sanitas,
1771 2576 1823 2633 si
1864 2577 2116 2634 remediis

535 2668 820 2723 herbarum
847 2668 1140 2725 salubrium
1182 2667 1416 2723 fomenta
1456 2668 1798 2739 benignitatis
1826 2668 2115 2739 adjeceris.

538 2759 742 2815 Valete.

1090 2851 1309 2907 EPIST.
1354 2850 1536 2905 XVIII.

908 2959 1220 3001 SYMMACIIUS
1258 2958 1540 2999 NICOIACHI
1572 2958 1745 3000 FILIIS.

606 3036 813 3093 CaStori
846 3048 1033 3092 neStro
1059 3037 1123 3091 ad
1153 3037 1500 3107 Campaniam
1534 3038 1857 3103 revertenti,
1888 3037 2118 3108 largiora

539 3130 785 3185 mandata
813 3130 881 3184 de
907 3129 1216 3185 domesticis
1252 3131 1410 3185 rebus
1454 3145 1612 3199 quam
1657 3131 1855 3199 scripta
1892 3134 2117 3186 commio

538 3227 722 3281 simus.
755 3223 913 3278 Plura
953 3224 1114 3293 igitur
1146 3225 1366 3280 auribus
1396 3239 1554 3294 quam
1587 3221 1819 3279 lectione
1861 3226 2116 3281 noscetis.
2146 3215 2193 3279 C

538 3320 735 3373 Ilorum
781 3320 1038 3389 pleraque
1075 3319 1142 3374 ad
1187 3327 1386 3373 statum
1418 3318 1689 3388 pertinent
1717 3318 1930 3387 patriai;
1959 3334 2116 3389 quam

538 3412 745 3466 delectu
787 3412 1169 3465 alimentorum
1214 3412 1449 3480 graviter
1481 3409 1813 3465 laborantem
1856 3412 2119 3480 periculo-

537 3522 655 3561 sum
682 3515 766 3563 est
793 3506 1115 3573 inhabitare,
1145 3507 1367 3577 impium
1391 3517 1446 3562 et
1472 3505 1694 3563 crudele
1717 3506 1988 3564 deserere.
2022 3506 2120 3561 Va-

537 3600 660 3655 lcte.

1132 3690 1351 3747 EPIST.
1396 3691 1535 3748 XIX.

914 3797 1223 3838 SYIHACBUS
1252 3799 1533 3839 NICOIACIII
1564 3800 1738 3840 FILIIS.

611 3875 881 3932 Germano
929 3875 1225 3942 Taburnio,
1274 3877 1358 3933 cui
1408 3893 1499 3933 me
1538 3879 1750 3934 auxilio
1791 3894 1912 3935 esse
1950 3882 2120 3937 volui-

539 3969 658 4035 stis,
688 3969 851 4024 etiam
876 3969 1063 4024 salutis
1091 3968 1284 4024 dubius
1326 3970 1617 4027 adfuissem
1637 4010 1651 4035 ,
1684 3973 1729 4028 si
1759 3986 1948 4028 eorum
1989 3987 2126 4042 pra:-

540 4061 763 4115 sentiam
791 4059 898 4115 Iors
927 4059 1189 4128 dedisset,
1220 4074 1354 4130 quos
1374 4078 1439 4115 ex
1468 4077 1565 4116 usu
1591 4063 1707 4132 cjus
1731 4066 1970 4134 Oportuit
1994 4079 2126 4121 con-

539 4152 729 4207 veniri.
762 4151 1073 4208 Satisfaciat
1124 4151 1287 4223 igitur
1322 4154 1662 4210 unanimitati
1689 4166 1883 4213 vestrae
1913 4158 2124 4214 animus

539 4257 712 4311 meus,
749 4244 961 4298 etiamsi
1002 4244 1111 4299 voti
1137 4243 1434 4300 efﬁcaciam
1480 4247 1694 4317 negavit
1730 4259 1975 4303 eventus.
2007 4248 2126 4318 Ipse

540 4338 718 4392 adhuc
746 4337 1034 4403 lnvalidus,
1068 4337 1163 4392 sed
1205 4340 1316 4407 jam
1349 4339 1570 4409 praefata
1603 4340 1696 4395 Dei
1727 4341 1881 4396 venia
1928 4356 2125 4396 conva-

542 4431 763 4486 lescenti
791 4445 1015 4487 securus
1041 4430 1156 4486 haec
1184 4433 1391 4498 scribo;
1420 4443 1675 4506 tantoque
1705 4437 1873 4505 magis
1903 4451 2125 4507 assurgo

543 4523 763 4592 viribus,
806 4531 1007 4593 quanto
1048 4525 1177 4580 mihi
1221 4524 1540 4582 celeriorem
1590 4528 1891 4586 sanctitatis
1932 4540 2125 4586 vestra:

542 4612 774 4667 reditum
803 4627 926 4683 spes
957 4613 1128 4670 vicina
1162 4616 1442 4685 promittit.
1474 4618 1668 4675 Valete.

1146 4708 1356 4765 EPIST.
1399 4709 1519 4766 XX.

912 4814 1223 4855 SVIMMZHUS
1262 4816 1545 4858 NICOHACIJI
1583 4820 1757 4861 FILIIS.

617 4890 822 4945 Dudum
866 4894 1148 4947 sanitatem
1191 4895 1315 4949 tiliae
1356 4912 1489 4951 meae
1531 4897 1845 4967 iutcgratam
1875 4916 1997 4956 esse
2045 4918 2129 4958 re-

543 4985 860 5054 scripseras.
889 4985 1010 5041 Mox
1036 4990 1387 5056 sequentibus
1428 4988 1619 5045 litteris
1647 4993 1990 5048 sollicitudini
2031 5010 2130 5050 no-

546 5085 672 5129 stra:
703 5075 992 5132 recidivum
1023 5078 1265 5133 aculeum
1294 5079 1606 5139 subdidisti.
1643 5082 1935 5140 Conliictor
1963 5088 2126 5157 igitur

547 5170 732 5221 nuntio
789 5170 1114 5234 recentiore,
1160 5173 1282 5238 quia
1329 5174 1499 5244 magis
1546 5175 1770 5232 adversa
1812 5180 2124 5234 creduntur.

553 5262 814 5327 Estccto
844 5260 1021 5328 anxie,
1054 5273 1113 5341 ut
1138 5266 1180 5315 si
1209 5263 1333 5332 quid
1374 5264 1498 5319 boni
1532 5267 1646 5322 dies
1688 5270 1894 5333 attulit.
1926 5271 2129 5329 indice-

552 5352 637 5404 tis.
669 5350 723 5406 ln
758 5368 823 5406 eo
850 5364 1027 5407 autem
1068 5356 1208 5423 quod
1245 5371 1340 5411 vos
1374 5358 1643 5416 discessus
1673 5372 1855 5419 noster
1896 5368 2128 5434 excitat,

553 5442 790 5498 habitum
822 5446 1016 5499 mentis
1057 5461 1189 5501 meat
1219 5463 1453 5518 agnoseo
1478 5470 1489 5505 :
1525 5454 1619 5508 sed
1649 5454 1824 5511 adhuc
1848 5458 2127 5513 desideriis

550 5534 747 5589 mutuis
776 5545 985 5604 praestat
1014 5538 1242 5593 suadere
1272 5544 1660 5611 praestantiam,
1686 5562 1843 5615 quam
1870 5554 2133 5617 poeniten-

551 5634 677 5684 dum
716 5630 915 5699 aliquid
967 5646 1060 5701 per
1115 5632 1537 5692 imbecillitatem
1592 5638 1890 5696 atlectioois
1943 5646 2128 5700 ordiri.

552 5727 669 5778 Mox
699 5740 819 5779 cum
843 5742 1129 5793 germanus
1159 5737 1276 5781 tuus
1299 5732 1363 5782 de
1394 5734 1659 5798 proximo,
1687 5744 1743 5787 ut
1763 5738 1860 5796 ais,
1885 5751 2132 5806 speratus

551 5818 806 5877 adluxerit,
852 5830 905 5871 et
956 5818 1162 5871 lelicrtn
1211 5820 1380 5887 vobis,
1423 5833 1474 5877 ct
1511 5830 1868 5881 necessarium
1903 5831 2130 5886 reditum

2238 541 2441 597 Valete.

2821 633 3035 690 EPIST.
3080 633 3222 691 XXI.

2594 765 2904 805 βνιυωιυς
2939 764 3223 805 αιεοιιΑεω
3264 763 3437 804 ῖιιιιε.

2300 886 2505 943 Fratris
2534 888 2637 943 mei
2675 886 2909 944 Entrecii
2940 887 3258 957 spectabilis
3281 886 3382 943 viri
3412 885 3611 943 liberos
3639 887 3810 958 impa-

2234 977 2417 1031 tientia
2450 976 2661 1047 paterni
2698 983 2901 1034 amoris
2936 980 3230 1043 acciverat,
3263 978 3458 1049 quibus
3488 981 3808 1048 properandi

2226 1082 2417 1123 causis
2462 1068 2639 1138 inopia
2688 1071 2836 1125 urbis
2880 1069 3097 1137 adjecit.
3142 1068 3318 1142 Atque
3354 1071 3477 1127 ideo
3526 1085 3807 1127 recursum

2224 1161 2340 1216 sine
2362 1160 2490 1230 justi
2523 1161 2778 1230 temporis
2820 1162 3220 1232 exspectatione
3264 1162 3433 1218 moliti
3482 1172 3629 1219 sunt.
3667 1163 3807 1232 Qua-

2226 1260 2443 1321 propter
2467 1251 2593 1306 dum
2617 1252 2882 1322 navigatio
2910 1252 3262 1308 intractabilis
3287 1263 3403 1320 est,
3435 1252 3490 1308 in
3518 1254 3630 1309 oris
3652 1250 3809 1310 Cam-

2224 1343 2394 1411 pania:
2433 1343 2703 1412 paulisper
2741 1343 3044 1399 haerebunt.
3107 1344 3215 1400 Sed
3257 1358 3326 1400 ne
3364 1344 3809 1415 peregrinationis

2221 1448 2402 1488 amara
2473 1436 2813 1502 sustineant,
2888 1435 3195 1493 humanitas
3248 1446 3427 1492 vestra
3508 1436 3805 1505 prastabit.

2220 1527 2397 1593 Quare
2422 1526 2596 1582 vicem
2624 1542 2797 1582 meam
2828 1530 3041 1598 suscipe
3067 1547 3080 1582 :
3107 1537 3166 1584 ut
3190 1528 3281 1600 qui
3311 1543 3455 1584 nunc
3481 1542 3511 1583 a
3532 1529 3688 1585 nobis
3712 1543 3808 1585 ne-

2219 1622 2472 1675 cessitate
2498 1620 2691 1676 divulsi
2720 1631 2877 1687 sunt,
2908 1623 3145 1678 animum
3176 1638 3237 1679 se
3271 1637 3451 1679 meum
3478 1625 3531 1679 in
3560 1632 3614 1679 te
3650 1637 3805 1694 repe-

2218 1712 2355 1766 risse
2381 1713 2648 1768 laetentur.
2676 1710 2884 1769 Valete.

2806 1806 3024 1862 EPIST.
3068 1806 3232 1863 XXII.

2585 1932 2895 1975 δῐιιΑαυυδ
2932 1934 3218 1975 Μαοιιλειιι
3261 1936 3438 1977 ειιηε.

2292 2050 2431 2107 Duia
2457 2052 2749 2109 commodo
2773 2062 2877 2124 est,
2904 2070 3065 2127 quam
3100 2058 3270 2130 gignit
3297 2059 3522 2129 injuria:
3548 2060 3645 2118 sed
3673 2062 3803 2119 mol-

2222 2144 2319 2199 lire
2362 2146 2524 2201 debet
2565 2146 2808 2203 dolorem
2854 2150 3118 2205 medicina
3169 2152 3459 2220 patientiie.
3504 2153 3615 2210 Nec
3653 2158 3808 2213 deest

2221 2240 2371 2294 vobis
2401 2254 2528 2294 usus
2555 2242 2779 2296 adversa
2806 2241 3089 2298 tolerandi.
3113 2242 3251 2300 Nam
3281 2246 3475 2302 crebro
3506 2245 3671 2302 ictum
3695 2248 3805 2304 Ior-

2221 2340 2361 2387 tuna:
2392 2332 2534 2388 Ierre
2558 2333 2839 2388 didicistis.
2871 2335 3023 2401 Quod
3051 2336 3097 2390 si
3130 2338 3183 2391 in
3212 2339 3464 2394 secundis
3491 2341 3654 2397 rebus
3679 2357 3805 2412 age-

2222 2428 2368 2493 retis,
2397 2427 2518 2497 jure
2548 2426 2777 2483 insolitis
2804 2430 2960 2484 malis
2989 2428 3215 2485 felicitas
3244 2432 3550 2489 laederetur.
3584 2434 3709 2491 Haec
3737 2450 3804 2490 eo

2221 2522 2424 2589 scribo,
2448 2530 2506 2575 ut
2533 2522 2783 2576 miratum
2811 2537 2896 2577 me
2920 2523 3081 2591 scias,
3107 2527 3246 2593 quod
3274 2529 3627 2584 constantiam
3659 2538 3804 2585 tuam

2221 2613 2288 2669 Iis
2318 2616 2525 2684 privata
2558 2615 2875 2683 mutaverit,
2903 2632 3059 2686 quam
3085 2618 3187 2674 sub
3209 2620 3447 2676 afﬁnium
3477 2626 3695 2681 nomine
3725 2627 3805 2696 (ut

2221 2707 2403 2777 opinio
2432 2723 2549 2763 mea
2583 2710 2688 2780 est)
2719 2709 2901 2765 Baiani
2942 2711 3138 2767 littoris
3170 2718 3490 2783 persultator
3527 2719 3801 2777 animam.

2221 2801 2327 2858 Sed
2355 2804 2430 2857 illi
2455 2803 2595 2858 aliud
2626 2806 2889 2861 mercedis
2911 2810 3034 2864 erit.
3059 2809 3245 2865 Causae
3267 2819 3443 2865 autem
3469 2822 3660 2867 vestra:
3682 2830 3805 2883 pro-

2220 2896 2573 2968 pugnaculum
2598 2897 2850 2968 judicialc
2883 2915 2989 2956 non
3012 2901 3201 2957 deluit.
3231 2903 3578 2972 [mpetratum
3604 2906 3803 2976 quippe

2219 2999 2303 3045 est
2330 2991 2398 3045 ab
2435 2991 2605 3045 altero
2633 2991 2997 3061 cognitorum,
3028 3009 3097 3049 ne
3135 2994 3355 3064 impune
3391 2996 3493 3066 sit,
3525 2999 3667 3067 quod
3706 3004 3806 3053 de-

2219 3082 2452 3151 signavit
2486 3082 2796 3152 apparitor:
2831 3084 2898 3139 ab
2926 3085 3096 3141 altero
3132 3099 3189 3141 ut
3226 3088 3514 3144 lia-reditas
3546 3103 3631 3146 tua
3665 3106 3806 3160 prae-

2221 3183 2414 3230 stetur.
2455 3173 2635 3244 lpsum
2664 3190 2875 3246 quoque
2915 3178 3190 3233 dominum
3218 3181 3552 3250 quiestionis,
3580 3197 3701 3237 cum
3746 3199 3808 3237 se

2223 3266 2293 3321 ab
2310 3281 2438 3336 agro
2463 3269 2745 3336 receperit,
2770 3270 3091 3337 admonebo,
3116 3281 3173 3325 ut
3191 3282 3284 3326 aut
3306 3273 3531 3328 desistat
3551 3280 3805 3344 incmpto,

2224 3368 2318 3413 aut
2344 3362 2443 3414 sibi
2475 3361 2720 3430 graviora
2751 3376 2872 3417 esse
2899 3364 3177 3420 referenda
3210 3371 3436 3423 noverit.
3477 3370 3601 3425 lltec
3627 3371 3697 3425 de
3724 3386 3809 3427 re-

2226 3449 2324 3506 bus
2353 3454 2661 3507 domesticis
2699 3454 2831 3509 satis
2869 3456 3009 3511 dicta
3049 3462 3177 3514 sitit.
3219 3461 3412 3515 Patria:
3444 3477 3570 3518 vero
3612 3476 3809 3520 nostra:

2225 3544 2364 3598 inter
2403 3554 2602 3599 caetera
2642 3545 3005 3602 frumentaria:
3049 3554 3289 3620 penuria:
3317 3554 3490 3621 mala,
3525 3556 3811 3625 legationis

2222 3638 2457 3694 ambitus
2496 3644 2806 3713 nequiorem
2852 3648 3022 3704 facem
3064 3652 3320 3706 subdidit.
3373 3653 3505 3707 Nam
3547 3656 3810 3725 principio

2228 3728 2664 3791 I’osthuuiianuni
2689 3746 2745 3793 et
2772 3739 3050 3797 Pinianum
3071 3744 3284 3799 duobus
3305 3747 3440 3802 aulae
3459 3749 3810 3803 summatibus

2220 3821 2398 3889 junxit
2426 3826 2641 3891 electio,
2672 3829 2773 3884 sub
2799 3845 2863 3885 ea
2890 3837 3238 3902 eapi‘essione
3258 3836 3443 3905 judicii
3462 3877 3478 3904 ,
3512 3850 3569 3894 ut
3597 3840 3648 3894 in
3678 3841 3762 3909 ips
3783 3856 3811 3895 s

2226 3916 2356 3969 solis
2394 3915 2550 3985 plena
2579 3935 2700 3975 esse
2730 3924 2920 3992 legatio
2949 3928 3238 3982 diceretur.
3270 3930 3569 4000 lnterjectis
3598 3932 3808 4000 diebus,

2226 4023 2348 4063 cum
2372 4012 2619 4066 mandata
2643 4016 2846 4069 ordinis
2872 4025 3128 4075 tractatus
3151 4023 3504 4091 espenderet,
3534 4024 3811 4079 Paulinum

2228 4103 2334 4158 illis
2369 4105 2542 4159 studia
2571 4110 2775 4176 privata
2800 4111 3119 4178 junxerunt.
3146 4115 3281 4170 Hinc
3308 4127 3427 4172 orta
3455 4120 3685 4174 certatio
3723 4137 3813 4174 us-

2226 4214 2333 4271 que
2353 4207 2420 4256 ad
2452 4204 2681 4262 nefarias
2719 4221 2922 4278 pugnas
2952 4225 3039 4265 me
3081 4213 3302 4268 absente
3331 4213 3613 4282 processit.
3642 4214 3812 4271 Pudet

2228 4296 2432 4363 dicere,
2457 4313 2576 4367 qua:
2602 4300 2654 4353 in
2696 4315 2756 4355 se
2784 4306 3068 4370 optimates
3108 4316 3326 4363 senatus
3354 4308 3581 4364 crimina
3606 4321 3661 4365 et
3697 4327 3813 4365 ma-

2228 4389 2420 4442 ledicta
2448 4390 2792 4459 projecerint.
2816 4395 2921 4447 Sed
2948 4395 3278 4453 dirimendas
3303 4400 3535 4469 partium
3562 4406 3814 4471 quaestio-

2229 4493 2328 4533 nes
2353 4495 2474 4534 ineo
2502 4481 2753 4538 dicuntur
2774 4483 3012 4541 doluisse
3045 4488 3266 4555 judicio.
3294 4488 3429 4545 Fors
3468 4492 3690 4559 viderit,
3723 4497 3812 4564 qui

2152 4602 2206 4662 Β
2237 4573 2356 4625 linis
2384 4588 2602 4630 causam
2637 4576 2904 4644 publicam
2928 4593 3159 4636 maneat.
3183 4582 3401 4638 Interim
3427 4598 3644 4640 senatus
3674 4587 3813 4641 lania

2233 4664 2515 4732 laceratur,
2537 4674 2592 4720 et
2617 4668 2955 4724 iulortunatis
2983 4674 3145 4726 etiam
3177 4674 3377 4729 crimen
3408 4679 3657 4734 accessit.
3681 4678 3735 4735 Si
3762 4696 3812 4735 .n

2232 4774 2420 4812 manus
2452 4775 2600 4815 meas
2626 4764 2871 4819 venerint
2895 4778 3236 4823 monumenta
3258 4780 3561 4840 gestorum,
3590 4774 3812 4844 legendo

2233 4853 2485 4919 noscetis,
2513 4868 2633 4921 quae
2666 4855 2953 4911 verborum
3002 4873 3241 4915 meorum
3275 4865 3593 4919 verecundia
3643 4866 3813 4920 noluit

2232 4944 2522 5011 explicare.
2556 4946 2759 5002 Valete.

2800 5041 3014 5099 EPIST.
3058 5043 3241 5099 XXIII.

2602 5175 2913 5216 ενωιλευυε
2950 5176 3235 5217 NICOIIACIII
3272 5178 3443 5220 FILIIS.

2307 5272 2472 5329 Debui
2506 5274 2696 5330 litteris
2739 5278 3029 5346 absunere,
3058 5282 3337 5349 spectabili
3376 5283 3495 5339 viro
3534 5285 3646 5343 ﬁlio
3690 5302 3813 5344 meo

2239 5364 2399 5418 Decio
2426 5378 2786 5434 commeante,
2811 5385 2900 5435 qui
2929 5370 3173 5440 religioni
3205 5386 3396 5429 vestra:
3436 5378 3588 5447 plura
3629 5394 3813 5434 narra-

2234 5455 2341 5523 bit,
2384 5472 2542 5525 quam
2594 5469 2775 5526 posset
2824 5463 3133 5532 paginarum
3186 5473 3363 5520 textus
3405 5469 3676 5539 amplecti.
3708 5471 3815 5527 Sed

2232 5550 2620 5618 jucunditatem
2637 5594 2652 5619 ,
2676 5569 2835 5623 quam
2866 5557 3063 5612 tribuet
3090 5562 3321 5616 lraterna
3346 5568 3654 5634 praesentia,
3680 5568 3816 5638 stylu

2236 5659 2433 5714 augere
2462 5660 2570 5700 non
2603 5648 2790 5717 piguit.
2826 5648 3028 5704 Idcirco
3060 5654 3394 5709 unanimitati
3423 5670 3612 5711 vestrae
3648 5661 3811 5713 Itono-

2240 5754 2350 5791 rem
2382 5739 2717 5795 salutationis
2748 5743 3016 5812 impertio,
3047 5755 3105 5799 ut
3127 5746 3386 5807 adventus
3409 5751 3511 5807 mei
3541 5764 3791 5820 exspeeta

2242 5835 2314 5887 tio
2340 5834 2449 5889 oris
2477 5850 2695 5891 munere
2726 5836 3013 5892 mitigetur.
3050 5838 3255 5893 Valete.
