4218 6444
1038 435 1249 492 EPIST.
1295 435 1479 489 XXIV.

838 543 1150 584 SYMMACIIUS
1192 544 1472 583 NICOMACIII
1510 543 1685 585 FILIIS.

534 621 829 691 Sapricius,
858 623 941 676 vir
964 634 1187 677 ornatus
1224 637 1289 676 ac
1324 622 1453 676 mihi
1498 621 2059 690 familiaris,'diligen-

464 712 593 765 tiam
619 721 819 766 sanctae
846 712 1214 767 unanimitatis
1245 723 1349 767 tua:
1377 713 1490 767 sine
1525 712 1912 780 adstipulatore
1938 726 2056 767 me-

465 806 682 860 ruisset.
712 803 817 860 Sed
846 804 969 871 quia
998 805 1153 873 primi
1193 804 1369 859 aditus
1399 818 1581 859 sermo
1605 804 1945 860 commendat
1977 806 2058 858 in-

463 895 729 967 cognitos,
760 896 1071 952 facilitatem
1108 898 1211 952 sibi
1260 900 1635 966 promerendae
1682 898 2057 953 familiaritatis

464 998 569 1043 tua:
596 1004 693 1059 per
714 1004 803 1045 me
830 991 1034 1059 optavit
1055 991 1275 1060 aperiri.
1303 991 1527 1061 Dignum
1559 1002 1639 1045 est
1671 993 1849 1059 igitur,
1880 1001 1938 1045 ut
1961 1005 2055 1045 cu-

464 1080 799 1150 pidissimum
843 1082 921 1135 tui
949 1081 1112 1136 obvio
1137 1097 1323 1138 amore
1354 1083 1632 1150 suscipias,
1668 1091 1723 1136 et
1762 1083 2054 1137 amicitiam

464 1164 783 1239 postulatam
813 1187 922 1229 non
954 1175 1007 1228 in
1047 1174 1189 1245 longi
1223 1189 1352 1230 usus
1392 1183 1717 1230 tentamenta
1750 1174 2047 1244 procrasti-

464 1281 584 1330 ues,
614 1266 709 1321 sed
729 1266 909 1321 statim
938 1266 1093 1337 parili
1118 1267 1392 1323 voluntate
1414 1265 1685 1322 desiderio
1714 1267 2052 1324 adventantis

464 1372 745 1414 occurras.
772 1358 977 1415 Valete.

1035 1451 1253 1507 EPIST.
1298 1452 1463 1507 XXV.

832 1558 1146 1601 σιιιιεηυε
1182 1561 1467 1602 NICOIIACHI
1506 1560 1664 1601 FILIIS
1674 1587 1685 1599 .

535 1633 847 1690 Zenodotus
887 1636 1028 1692 filius
1075 1652 1225 1692 meus
1277 1638 1512 1691 nondum
1565 1648 1617 1693 te
1665 1636 2056 1692 consuetudine

464 1727 720 1797 propiore
748 1728 1034 1799 cognovit,
1065 1728 1160 1784 sed
1205 1727 1344 1783 fama
1374 1728 1695 1784 conciliante
1738 1729 1847 1798 iam
1882 1728 2055 1782 susci—

1674 325 2046 380 EPISI‘ULAR
2059 326 2149 378 UM
2193 327 2390 381 LIBER
2434 328 2516 383 VI.

2085 439 2127 497 Α
2157 436 2585 495 dimensionilms
2613 442 2881 497 communi
2922 444 3189 501 desiderio
3218 447 3418 503 satisfa-
3438 463 3529 504 ere
3563 450 3749 518 digne-

3641 338 3744 392 274

2164 529 2313 583 mini.
2350 529 2551 587 Valete.

2730 626 2943 681 EPiST.
2990 627 3178 683 XXIX.

2530 731 2833 771 SYUMACIIUS
2874 734 3157 775 NICOMACIII
3199 736 3373 775 PILIIS.

2232 806 2481 862 Dicenda?
2518 810 2669 864 vobis
2716 812 2906 866 salutis
2951 815 3196 878 occasio,
3240 823 3297 870 et
3340 813 3626 883 qumreuda
3671 824 3747 867 est

2161 897 2289 951 mihi
2318 913 2463 967 satpe
2494 901 2535 953 si
2568 900 2725 964 desit,
2758 912 2810 957 et
2836 903 3230 972 amplectenda,
3258 905 3300 958 si
3329 914 3524 974 pra-sto
3554 904 3652 967 sit;
3686 918 3751 955 eo

2162 988 2391 1043 maxime
2424 999 2698 1057 tempore,
2732 1009 2837 1061 quo
2863 994 2930 1047 de
2964 994 3086 1048 lilize
3118 1009 3251 1048 meae
3287 997 3513 1048 sanitate
3554 993 3749 1046 sollici-

2161 1084 2265 1144 tor,
2302 1080 2454 1149 cujus
2485 1082 2843 1138 valetudinem
2888 1084 3050 1139 credo
3094 1087 3255 1140 etiam
3280 1086 3501 1154 ieiuniis
3542 1085 3748 1139 saucia-

2160 1179 2289 1227 tam.
2319 1172 2596 1229 Absolvite
2626 1175 2789 1245 igitur
2814 1185 3014 1231 motum
3049 1185 3288 1231 nostrum
3321 1178 3506 1231 nuntio
3529 1190 3751 1247 prospe-

2159 1278 2365 1320 rorum.
2400 1265 2525 1321 Mihi
2554 1269 2717 1323 etiam
2749 1285 2892 1324 nunc
2916 1284 3135 1338 gressus
3164 1269 3405 1325 infirmus
3431 1279 3534 1325 est.
3563 1268 3669 1325 Sed
3702 1271 3748 1325 si

2159 1364 2336 1423 optata
2378 1356 2447 1411 de
2484 1358 2636 1412 vobis
2673 1368 2891 1413 mutuus
2919 1375 3099 1415 sermo
3136 1362 3446 1428 pertulerit,
3500 1364 3745 1429 protinus

2159 1449 2461 1517 corpusculi
2491 1450 2709 1519 querela
2748 1454 3042 1507 sedaliitur.
3077 1452 3191 1507 Non
3220 1453 3493 1509 omiserim
3521 1455 3748 1524 iungere

2161 1543 2388 1612 paginae,
2412 1545 2553 1613 quod
2584 1544 2961 1602 Martinianum
2987 1548 3271 1603 conventio
3296 1548 3563 1618 iudicialis
3578 1564 3746 1618 expu-

2162 1636 2315 1701 lerit;
2345 1642 2429 1692 cui
2471 1648 2651 1694 tantus
2678 1647 2854 1696 terror
2880 1644 3128 1697 incussus
3156 1651 3239 1696 est
3264 1640 3334 1696 ob
3368 1643 3622 1698 omissam
3656 1641 3747 1698 diu

2160 1728 2227 1784 ad
2261 1727 2459 1785 Gallias
2482 1729 2870 1801 profectionem
2888 1775 2903 1799 ,
2928 1740 2988 1787 ut
3018 1733 3066 1788 ei
3104 1748 3329 1789 necesse
3358 1732 3518 1789 fuerit
3544 1749 3750 1802 prmve—

465 1820 564 1889 pit.
594 1817 726 1874 Nam
756 1834 877 1874 cum
908 1833 1139 1889 propere
1179 1820 1422 1875 Lucanos
1449 1835 1513 1876 ac
1541 1820 1751 1875 Brutios
1785 1827 1934 1889 petat
1962 1820 2057 1873 bo-
2090 1804 2136 1863 Β
2163 1824 2278 1879 nire
2309 1825 2504 1881 itinere
2548 1826 2756 1895 privato
2791 1826 3138 1883 exhibitionis
3180 1826 3449 1895 iniuriam.
3484 1827 3560 1882 De
3599 1826 3749 1883 Atel-

461 1925 598 1967 uore
621 1920 871 1982 cogente,
900 1911 1250 1968 nihilominus
1274 1912 1328 1968 iu
1356 1921 1706 1982 conspectum
1740 1923 1887 1968 tuum
1912 1912 2057 1968 flexo

461 2002 660 2058 itinere
706 2002 868 2073 gestit
918 2017 1226 2059 excurrere.
1274 2004 1424 2059 IIunc
1475 2008 1526 2058 in
1574 2003 1863 2059 amicitiam
1910 2012 2053 2058 tuam

460 2104 714 2164 tanquam
758 2102 1105 2165 mystagogus
1153 2094 1367 2157 induco,
1414 2105 1573 2163 atque
1621 2095 1673 2148 in
1719 2109 1805 2148 me
1849 2093 2054 2162 recipio

458 2186 683 2257 dignum
714 2200 859 2252 esse,
901 2201 1060 2256 quem
1091 2186 1306 2257 diligas.
1346 2187 1402 2242 Si
1443 2187 1569 2257 quid
1616 2187 1777 2258 igitur
1815 2186 2053 2256 parentis

458 2278 766 2335 testimonio
802 2279 1015 2346 tribuis,
1052 2280 1288 2335 adultam
1317 2296 1437 2336 mox
1479 2280 1619 2351 apud
1658 2292 1709 2336 te
1734 2280 2049 2349 religionem

457 2373 667 2441 primus
686 2372 860 2428 aditus
883 2373 1224 2429 adventantis
1249 2375 1516 2439 inveniat;
1547 2388 1774 2443 eamque
1793 2372 2052 2428 continuo

455 2465 769 2534 experiatur
784 2463 1091 2520 facilitatem
1112 2465 1188 2519 tui
1213 2467 1465 2535 pectoris.
1483 2479 1640 2532 quam
1658 2463 1757 2519 scit
1779 2478 2050 2535 nunquam

456 2557 693 2613 delatam
714 2569 835 2614 esse
857 2556 1101 2613 novitati.
1128 2555 1332 2612 Valete.

1030 2671 1246 2729 EPIST.
1289 2671 1481 2729 XXVI.

780 2780 783 2781 ⁷
834 2781 1143 2823 ΒΥΙΙΔΟΒΙΒ
1179 2782 1465 2825 Νιοοωοιιι
1505 2781 1679 2824 ιτιιιιθ.

533 2881 629 2937 Diu
660 2897 872 2938 mecum
907 2884 1023 2953 ipse
1046 2882 1330 2949 contendi,
1362 2892 1420 2938 ut
1444 2881 1512 2938 ad
1542 2898 1637 2938 vos
1681 2884 1873 2953 pignus
1901 2897 2051 2940 com-

456 2990 621 3032 mune
654 2975 1017 3045 dimitterem,
1040 2976 1136 3033 sed
1169 2976 1300 3032 vicit
1326 2975 1562 3044 affectio,
1596 2978 1829 3033 maxime
1867 2992 2049 3035 assur-

457 3075 620 3137 gente
643 3069 860 3137 specula
892 3070 1285 3137 proficientium
1313 3068 1674 3126 conditorum.
1701 3069 1834 3125 Nam
1862 3069 2047 3141 viginti

456 3160 576 3215 dies
608 3160 756 3214 urbis
783 3159 1053 3214 alimoniis
1084 3174 1244 3230 parca
1284 3160 1496 3217 interim
1542 3162 1805 3231 promittit
1842 3177 2046 3235 expeu-
2075 3178 2124 3241 ο

457 3250 563 3305 sio.
607 3249 872 3305 Praeterea
921 3250 1241 3319 amplissimi
1292 3252 1496 3307 ordinis
1548 3253 1780 3307 secunda
1833 3252 2050 3309 collatio

457 3355 805 3397 accessurum
835 3342 1110 3397 securitati
1134 3342 1333 3415 aliquid
1364 3345 1661 3413 pollicetur.
1692 3344 2051 3405 Nihilominus

456 3432 620 3487 etiam
650 3432 828 3487 carnis
854 3433 1060 3489 oblatio
1102 3434 1315 3489 animos
1356 3435 1612 3491 ltomanae
1643 3436 1815 3505 plebis
1852 3439 2046 3494 erexit.

458 3521 657 3578 Redire
684 3521 847 3593 igitur
874 3524 942 3578 ad
971 3538 1067 3580 vos
1092 3524 1334 3593 iumenta
1366 3529 1630 3597 praecepi,
1660 3541 1825 3599 agens
1849 3530 2050 3600 gratias

454 3615 600 3684 quod
629 3617 1004 3673 necessitatem
1033 3616 1214 3674 fratris
1242 3620 1404 3675 vestri
1430 3622 1684 3691 congruis
1706 3621 2049 3680 adminiculis

455 3707 722 3777 iuveritis.
781 3707 1102 3779 Legatorum
1150 3709 1328 3766 adhuc
1381 3711 1593 3766 vacillat
1646 3712 1860 3768 electio.
1916 3713 2046 3769 Nam

459 3796 852 3854 Posthumiauo
881 3811 935 3854 et
967 3799 1214 3866 Piniano,
1243 3817 1382 3870 quos
1425 3818 1455 3856 a
1505 3803 1767 3872 principio
1812 3805 2049 3861 mandati

460 3891 545 3946 sui
574 3900 793 3948 senatus
832 3902 1152 3961 agnoverat,
1178 3894 1366 3950 tertius
1404 3894 1658 3951 Paulinus
1683 3896 1966 3965 asseritur,
1994 3905 2050 3952 et

460 3983 650 4038 divisis
695 3985 748 4039 in
800 3984 974 4040 studia
1021 3986 1261 4054 partibus
1307 3986 1481 4041 adhuc
1520 3985 1760 4043 differtur
1813 3988 2045 4053 utilitas;

458 4089 582 4129 cum
632 4075 920 4130 terminum
962 4075 1388 4133 confirmationis
1433 4079 1733 4148 acceperit,
1776 4064 1932 4149 plena
1956 4095 2047 4135 co-

462 4165 632 4237 gnitio
658 4166 949 4224 deferetur.
987 4166 1197 4223 Valete.

1024 4256 1239 4315 EPIST.
1283 4257 1495 4317 XXVII.

822 4361 1135 4405 ευηιιεῐιυς
1174 4366 1457 4407 Νιοοκλεω
1497 4367 1674 4409 ῖιιιιε.

528 4438 762 4495 Uberius
802 4440 1145 4496 scribendum
1177 4451 1286 4506 est,
1317 4442 1364 4498 si
1401 4444 1854 4503 commendentur
1893 4447 2044 4503 inco-

456 4530 611 4601 gniti.
652 4528 854 4586 Justini
892 4540 1069 4587 autem
1116 4533 1421 4604 gravissimi
1465 4542 1628 4606 atque
1678 4538 2043 4594 honestissimi
2072 4555 2127 4617 ι)

456 4621 559 4677 viri
583 4622 801 4692 antiqua
845 4621 1123 4678 nobiscum
1162 4624 1497 4680 familiaritas
1526 4627 1918 4684 conciliationis
1948 4630 2044 4683 ad-

458 4713 773 4768 miniculum
803 4728 909 4767 non
948 4714 1194 4782 requirit.
1230 4713 1373 4770 Satis
1405 4726 1490 4771 est
1528 4718 1710 4788 igitur,
1738 4720 1783 4772 si
1814 4722 1862 4773 ei
1896 4735 2042 4775 amo-

457 4822 573 4861 rem
601 4806 820 4862 solitum
842 4805 1117 4861 deferatis.
1148 4807 1277 4875 Quae
1306 4824 1433 4865 vero
1454 4811 1519 4866 ad
1550 4827 1648 4867 nos
1673 4814 1963 4883 pertinent,
1988 4823 2044 4870 et

459 4896 701 4965 proxime
745 4896 1083 4953 unanimitati
1132 4907 1328 4955 vestra:
1372 4900 1567 4961 litteris
1609 4902 1843 4962 indicata
1886 4915 2040 4975 sunt,

461 5005 602 5047 nunc
626 5005 721 5046 ore
748 4990 914 5061 ipsius
942 4992 1261 5061 pandentur.
1284 4993 1494 5050 Valete.

1007 5108 1217 5165 EPIST.
1258 5109 1495 5166 XXVIII.

829 5217 1135 5256 ενιηιλςηυε
1170 5217 1454 5269 Νιεοιμοιιι
1495 5219 1672 5260 FILilS.

530 5314 588 5371 Si
618 5313 746 5385 quid
775 5312 978 5371 homini
1003 5323 1170 5370 tutum
1194 5324 1299 5380 est,
1329 5316 1379 5370 in
1409 5330 1559 5386 spem
1585 5319 1706 5374 vita:
1730 5319 1935 5377 redisse
1957 5338 2042 5379 me

455 5404 645 5461 nuntio
693 5415 813 5476 post
852 5406 1187 5460 internarum
1231 5406 1469 5463 dolorem
1489 5448 1505 5472 ,
1534 5408 1626 5479 qui
1661 5425 1747 5466 me
1778 5413 1928 5468 vobis
1958 5428 2041 5469 re-

455 5508 618 5568 pente
634 5498 992 5553 subtraxerat.
1018 5498 1077 5554 Si
1103 5498 1230 5569 quid
1254 5498 1418 5568 igitur
1436 5501 1589 5557 vobis
1609 5518 1857 5574 asperum
1886 5507 2039 5564 fama

456 5591 671 5646 licentia
698 5592 986 5659 nuntiavit,
1029 5592 1269 5661 antiquet
1298 5592 1517 5649 oblivio.
1551 5594 1823 5665 Praecipue
1858 5607 2038 5653 autem

459 5685 801 5750 impetratum
832 5682 988 5746 volo,
1028 5696 1095 5737 ne
1125 5683 1416 5751 improvida
1456 5684 1817 5744 sollicitudine
1855 5704 2041 5743 recur-

459 5774 610 5830 ratis.
634 5772 742 5830 Sed
771 5774 894 5844 quia
934 5788 1020 5830 res
1049 5778 1205 5831 vertit
1230 5775 1298 5831 ad
1338 5775 1595 5843 salutem.
1629 5777 1791 5847 iustis
1832 5781 2039 5837 itineris

2160 1919 2281 1972 lano
2306 1919 2434 1989 quid
2469 1920 2585 1976 ﬁeri
2607 1921 2853 1986 velimus,
2884 1922 3059 1975 amico
3087 1921 3479 1978 interveniente
3500 1922 3749 1992 qiizesivit

2156 2010 2387 2066 auditor.
2434 2012 2741 2082 Respondi,
2793 2022 2916 2084 post
2936 2014 3194 2083 iudicium
3241 2014 3536 2070 sacerdotis
3578 2015 3747 2069 solam

2157 2119 2243 2159 me
2266 2116 2585 2173 exspectare
2606 2105 2895 2162 vindictam
2929 2108 3175 2163 conflatm
3201 2123 3371 2178 nuper
3395 2108 3631 2163 invidiae.
3662 2108 3750 2163 Ni-

2160 2194 2451 2252 hilominus
2481 2198 2534 2251 in
2556 2197 2838 2254 arbitrium
2864 2205 3013 2254 tuum
3036 2198 3319 2254 statuenda
3347 2201 3529 2268 reieci.
3554 2200 3750 2264 Quaeso

2156 2285 2337 2355 igitur,
2366 2296 2422 2341 ut
2452 2288 2595 2342 inter
2618 2288 2875 2344 feriarum
2903 2303 3083 2345 moras
3103 2331 3119 2354 ,
3158 2290 3283 2359 quid
3314 2290 3454 2345 facto
3479 2306 3614 2359 opus
3638 2292 3709 2346 sit
3728 2336 3745 2360 ,

2154 2379 2394 2450 digneris
2424 2383 2664 2453 aperire;
2696 2383 2967 2453 simulque
3003 2385 3207 2453 cogites
3243 2393 3430 2440 contra
3474 2385 3747 2439 interven-

2157 2481 2269 2527 tum
2316 2480 2398 2528 tot
2439 2473 2767 2541 antistitum,
2814 2474 2941 2544 quid
2992 2475 3162 2544 possit
3201 2476 3399 2545 magis,
3429 2490 3588 2544 quam
3617 2476 3745 2547 quid

2153 2566 2348 2621 debeat
2376 2567 2673 2636 impetrari.
2706 2566 2891 2639 Neque
2912 2568 3057 2624 enim
3081 2566 3307 2638 iustitiae
3330 2577 3386 2623 et
3415 2569 3739 2624 innocentiae

2155 2654 2353 2711 deferri
2382 2656 2667 2725 plurimum
2706 2665 2918 2728 potest,
2950 2672 3075 2715 eum
3120 2656 3227 2715 illis
3263 2663 3563 2715 reverentia
3606 2659 3744 2715 reli—

2156 2746 2329 2817 gionis
2350 2750 2655 2819 opponitur.
2683 2746 2890 2805 Valete.

2722 2839 2943 2899 EPIST.
2985 2840 3157 2897 XXX.

2522 2944 2838 2987 SYIIACHUS
2876 2945 3161 2988 NICOIIACHI
3198 2945 3377 2987 νιιιις.

2222 3026 2510 3094 Postquam
2547 3024 2848 3081 dimisimus
2896 3040 3152 3095 puerum,
3201 3025 3405 3081 multus
3447 3038 3633 3080 rumor
3659 3022 3745 3079 in-

2153 3117 2384 3183 crebcit,
2410 3118 2749 3173 amictu/atem
2777 3126 2922 3171 tuam
2955 3119 3127 3173 sacris
3158 3117 3348 3174 litteris
3372 3116 3700 3174 evocandam
3725 3134 3740 3171 :

2157 3210 2225 3264 its
2258 3214 2315 3264 ut
2345 3210 2504 3265 etiam
2536 3222 2733 3262 nomen
2775 3208 3011 3263 Gratiani
3056 3209 3365 3279 cuiusdam,
3414 3210 3505 3279 qui
3551 3210 3740 3281 huius-

2154 3298 2296 3355 modi
2321 3299 2516 3368 scripta
2551 3299 2853 3368 perlaturus
2878 3300 3163 3365 asseritur,
3195 3302 3249 3355 in
3280 3302 3491 3369 publico
3509 3316 3605 3358 ore
3623 3316 3742 3357 vcr-

2151 3400 2320 3448 setur.
2351 3393 2463 3448 Hoc
2491 3395 2590 3448 etsi
2629 3393 2803 3447 adhuc
2835 3394 2966 3448 mihi
3001 3394 3267 3451 incertum
3297 3393 3527 3460 videtur,
3558 3404 3740 3450 tacen-

2150 3485 2279 3541 dum
2320 3493 2499 3542 tamen
2558 3500 2663 3539 non
2720 3484 2949 3541 credidi.
3002 3483 3119 3539 Erit
3169 3500 3396 3541 summa:
3441 3486 3738 3539 divinitatis

2148 3585 2384 3633 statuere
2413 3577 2559 3633 circa
2579 3590 2698 3644 vos,
2716 3575 3038 3632 confirmare
3054 3575 3301 3632 ordinem
3330 3590 3733 3646 prosperorum.

2154 3667 2355 3725 Valete.

2718 3758 2935 3817 EPIST.
2975 3758 3167 3815 XXXI.

2512 3865 2825 3909 SYIIIACIIUS
2860 3867 3145 3908 Νιροδιηιιι
3186 3866 3360 3909 ιηιιιε.

2222 3940 2319 3998 Vir
2363 3942 2691 3998 clarissimus
2739 3941 3075 4012 Principins,
3124 3958 3324 4014 genere
3369 3952 3425 4000 et
3472 3944 3738 4012 probitate

2149 4035 2500 4106 conspicuus,
2530 4035 3049 4092 commendationem
3078 4051 3185 4091 non
3213 4037 3439 4107 requirit
3466 4037 3732 4105 alienam,

2149 4141 2272 4193 cum
2297 4128 2371 4183 tui
2400 4142 2612 4199 quoque
2644 4128 2695 4181 in
2725 4142 2785 4183 se
2810 4129 3009 4183 amoris
3028 4136 3190 4198 atque
3215 4128 3401 4199 iudicii
3432 4130 3738 4186 testimonio

2149 4216 2429 4289 glorietur.
2460 4217 2625 4287 Cujus
2664 4218 2801 4274 bona
2847 4220 3001 4274 latius
3043 4219 3402 4287 explicarem,
3448 4220 3551 4275 nisi
3592 4228 3738 4276 esset

2149 4324 2327 4381 opera:
2352 4309 2701 4366 redundantis
2729 4311 2936 4367 cunctis
2960 4321 3084 4366 nota
3115 4312 3394 4380 replicare.
3429 4311 3541 4367 Hoc
3568 4328 3734 4368 unum

2149 4399 2413 4471 adiecisse
2450 4400 2713 4468 sufficiet,
2764 4400 3021 4471 quidquid
3067 4402 3141 4456 illi
3190 4402 3610 4458 honorificentia:
3642 4401 3736 4457 tri-

2152 4493 2351 4559 bueris,
2378 4494 2444 4549 ad
2469 4508 2661 4550 omnes
2684 4494 2877 4560 bonos,
2901 4496 2990 4562 qui
3011 4509 3133 4550 eum
3159 4494 3406 4568 diligunt,
3434 4497 3732 4564 pervenire.

2154 4581 2358 4640 Valete.

2708 4674 2922 4731 EPIST.
2969 4675 3184 4732 XXXII.

2517 4779 2831 4821 SYMMACIIUS
2868 4782 3153 4823 NICOIACIII
3192 4783 3364 4824 ιηιιιε.

2219 4856 2275 4912 In
2318 4856 2623 4912 suburbano
2669 4858 2806 4929 dego
2850 4872 3085 4914 secessu.
3134 4858 3267 4913 Nam
3315 4866 3371 4915 et
3409 4860 3733 4914 urbanarum

2149 4947 2306 5004 taedet
2336 4950 2697 5005 moleStiarum
2722 4990 2737 5016 ,
2768 4960 2825 5005 et
2856 4951 3000 5005 villa:
3040 4960 3300 5009 autumno
3327 4951 3624 5007 commoda:
3651 4952 3733 5019 iu-

2151 5040 2321 5096 cunda
2354 5041 2743 5097 instauratiOne
2769 5042 3027 5099 delector.
3066 5042 3331 5099 Praeterea
3376 5042 3733 5115 frequentiam

2151 5130 2311 5198 mihi,
2345 5147 2465 5202 qua:
2488 5134 2599 5188 sola
2634 5133 2817 5188 Romae
2846 5133 3174 5189 honorabilis
3202 5134 3489 5204 iudicatur,
3530 5135 3734 5192 amire-

2149 5240 2269 5279 rum
2306 5232 2523 5292 prastat
2561 5224 2839 5280 adventus.
2875 5224 2978 5281 Sed
3023 5240 3129 5279 non
3170 5224 3509 5281 mediocriter
3553 5228 3729 5291 nepti-

2148 5317 2284 5371 culaa
2313 5330 2447 5371 meae
2481 5314 2649 5373 Gallae
2694 5316 2975 5371 infirmitas
3004 5317 3289 5371 conturbat
3315 5317 3409 5371 otii
3448 5328 3615 5371 nosm
3646 5333 3731 5372 se—

2149 5407 2461 5469 curitatem;
2502 5404 2570 5459 de
2614 5420 2716 5473 qua
2770 5414 2829 5460 ut
2874 5413 3080 5461 mature
3130 5407 3306 5461 votiva
3351 5414 3406 5462 et
3448 5406 3727 5462 commoda

2149 5496 2434 5560 nuntietis,
2476 5496 2752 5566 opitulatio
2791 5496 2968 5552 divina
3019 5497 3313 5566 praestabit.
3353 5496 3472 5552 Tibi
3516 5505 3726 5562 autem,

2146 5589 2360 5646 domina
2404 5590 2540 5653 filia,
2584 5596 2842 5661 quantum
2888 5590 2943 5643 in
2983 5590 3097 5645 dies
3140 5591 3380 5660 singulos
3423 5589 3731 5647 refectionis

2147 5684 2397 5746 accedat,
2441 5698 2621 5755 quzeso
2648 5698 2792 5739 cura:
2829 5682 3028 5737 habeas
3072 5682 3476 5738 indicare.-Erit
3506 5684 3608 5737 hoc
3651 5691 3728 5735 tc-

2147 5777 2455 5833 stimonium
2485 5776 2723 5845 religiosi
2761 5776 2812 5832 in
2840 5789 2926 5832 me
2950 5774 3116 5831 animi
3153 5774 3255 5831 tui'
3289 5774 3335 5832 si
3364 5783 3419 5831 et
3444 5776 3722 5832 oonsulue.
