4218 6440
603 310 708 362 ’1⁵15

1730 308 1795 375 ρ.
1841 302 2186 361 Αυιιειιυε
2222 302 2662 361 ενδιΜΑοηυδ.

3772 308 3875 361 ’Ξῗΰ

601 420 676 474 ris
697 418 930 487 sanitati,
955 426 1012 476 et
1039 420 1091 475 in
1118 418 1358 475 notitiam
1386 432 1562 474 meam
1586 419 1845 487 placitura
1871 413 2173 485 pertuleris.
2205 413 2255 474 Α
2283 412 2449 467 divini
2498 413 2751 482 principis
2788 412 3025 482 alloqtt’a
3059 411 3283 469 deferri.
3336 412 3395 469 In
3436 414 3651 483 negotio
3693 428 3872 469 autem

599 510 803 567 Valete.

1136 601 1349 657 EPIST.
1396 601 1633 657 XXXIII.

958 710 1265 751 SI‘IIACIIIIS
1301 710 1586 750 HICOIACIII
1625 708 1801 750 ηιιιε.

660 784 717 837 Si
744 799 848 852 qua
891 783 1068 840 adhuc
1107 786 1178 839 de
1218 785 1400 841 Sicilia
1443 800 1758 852 aperatnus,
1793 787 1995 841 incerta
2025 795 2172 842 sunt.

591 877 722 941 Nam
752 893 875 931 cum
902 878 1093 932 littera!
1134 879 1349 931 Eusebii
1392 880 1783 941 nuntiaverunt,
1814 879 2016 933 dudum
2045 878 2173 933 circi

587 982 638 1026 et
670 986 850 1025 scena:
875 973 1111 1027 arttlices
1140 974 1454 1042 navigasse,
1484 982 1644 1028 et-am
1676 989 1817 1029 nunc
1844 974 1912 1027 de
1940 974 2172 1027 adventu

586 1081 775 1120 eorum
807 1080 991 1122 rumor
1018 1067 1071 1120 in
1097 1078 1290 1135 operto
1315 1076 1398 1120 est
1430 1084 1441 1118 :
1474 1078 1635 1135 atque
1662 1067 1784 1121 idco
1814 1067 2170 1135 apparitorem

2289 516 2410 572 tuo,
2440 521 2561 576 qua
2594 521 2692 576 per
2728 521 2815 561 me
2854 505 2937 575 agi
2970 506 3214 560 volueras
3239 505 3379 574 apud
3409 513 3653 560 sanctum
3701 508 3869 559 tribu-

2283 613 2412 654 num
2433 608 2453 661 ,'
2482 614 2589 655 non
2631 598 2828 654 invitus
2856 598 3149 668 itgredior.
3185 599 3389 654 Interea
3428 599 3494 653 ad
3527 599 3867 656 Formianum

2284 690 2431 744 littus
2459 692 2563 745 iter
2592 704 2878 759 promove.
2910 699 2963 746 et
2985 705 3105 747 cum
3135 689 3201 744 ad
3229 700 3283 745 te
3307 690 3501 745 delatte
3530 689 3722 745 litterae
3751 690 3866 746 fne-

2280 783 2411 849 rint,
2444 782 2670 837 Romam
2693 781 2853 836 citius
2878 796 3159 837 exeurras.
3190 780 3342 836 Vale.

2806 873 3022 929 EPIST.
3062 872 3327 929 XXXVII.

2645 982 2959 1023 I‘IIACIIIJS
2996 982 3279 1023 NICOIACIII
3320 982 3493 1021 FILIIS.

2350 1058 2644 1115 Dictioncm
2672 1059 2860 1113 salutis
2886 1058 3152 1120 ante-Iern.
3173 1075 3292 1127 qua-
3315 1068 3369 1113 et
3400 1071 3524 1112 vnto
3549 1072 3671 1113 meo
3698 1071 3858 1126 supra

586 1157 779 1227 placuit
808 1158 1097 1229 po~tulari,
1129 1157 1219 1228 qui
1244 1160 1538 1227 peragratis
1565 1160 1760 1228 ubique
1788 1159 2053 1213 littoribus
2078 1173 2173 1213 οι-
2272 1153 2452 1205 omnia
2482 1152 2770 1211 convenit.
2811 1158 2868 1204 et
2909 1149 3169 1204 littetario
3212 1149 3439 1205 debetur
3475 1150 3719 1204 exordio.
3762 1150 3859 1205 De-

586 1249 787 1315 plorata
815 1248 870 1302 in
898 1263 1058 1303 aures
1088 1262 1299 1303 nostras
1329 1258 1587 1315 reportet.
1617 1250 1806 1305 Crevit
1829 1262 2009 1303 autem
2039 1265 2168 1305 cura
2274 1242 2398 1301 hinc
2425 1245 2716 1317 ἁίιὸευιιιιὶι·
2748 1256 2851 1299 tua
2870 1287 2884 1309 ,
2916 1249 3129 1301 domina
3173 1246 3277 1300 lilia
3297 1288 3313 1310 ,
3356 1248 3654 1303 natalitium
3681 1249 3859 1303 fratris

584 1340 860 1401 ludorum,
895 1346 1173 1406 postquam
1215 1338 1584 1407 frequentibus
1623 1341 1818 1395 studiis
1852 1342 2167 1395 relationem
2272 1339 2346 1393 ttti
2377 1340 2696 1393 commendo
2717 1340 3039 1392 convivium.
3072 1339 3238 1392 llotno
3273 1341 3417 1394 enim
3444 1350 3631 1395 noster
3663 1342 3856 1412 allegat

578 1431 648 1486 de
677 1430 1074 1501 amphitheatro
1104 1431 1466 1496 promerendo
1487 1433 1714 1502 populus
1738 1434 2047 1502 postulavit,
2076 1437 2164 1502 qui

579 1537 699 1576 mox
739 1520 938 1589 judicia
970 1520 1270 1588 impetravit
1298 1537 1601 1577 assensum.
1635 1523 1726 1576 Dei
1760 1531 1918 1577 nutus
1946 1522 2163 1592 efficiet,

577 1626 637 1669 ut
662 1629 822 1683 super
849 1615 951 1667 bne
975 1615 1138 1669 etiam
1172 1614 1340 1669 divini
1369 1616 1625 1686 pricipis
1659 1618 1952 1674 concordet
1983 1628 2165 1673 aucto-

576 1708 726 1758 τω.
761 1704 959 1761 Valete.

1113 1799 1330 1855 EI’IS’I‘.
1374 1798 1614 1863 XXXIV.

937 1905 1250 1947 SI'IIIACIIUs
1288 1906 1572 1947 NICOIACIII
1613 1907 1786 1948 “LIIII.

644 1978 834 2035 Frater
867 1992 1045 2036 vester
1083 1980 1177 2037 diu
1206 1982 1387 2038 animi.
1408 1984 1636 2041 alet-tos
1669 1986 1861 2038 dolore
1892 1984 1964 2040 ob
1997 1986 2159 2041 amis-

569 2089 691 2127 sum
733 2075 1080 2145 magistrum,
1110 2078 1277 2144 empit
1316 2090 1500 2131 aurem
1546 2078 1787 2146 praebere
1826 2078 2156 2146 solantibus,

569 2169 722 2238 cujus
743 2172 1057 2225 mtestttuilo
1080 2186 1164 2224 nte
1188 2185 1401 2240 quoque
1428 2172 1665 2239 graviter
1687 2173 1945 2229 sauciavit
1967 2216 1983 2240 ,
2018 2190 2155 2243 pra:-

569 2270 654 2317 ter
674 2262 1055 2331 cogitationem
1078 2304 1092 2325 .
1140 2280 1259 2331 qua:
1301 2278 1403 2319 nos
1437 2264 1507 2318 de
1541 2266 1793 2333 eligendo
1828 2280 2157 2336 prmceptore

566 2355 833 2410 sollicitat.
867 2354 923 2410 Si
954 2356 1116 2423 igitur
1149 2358 1326 2426 placet
1364 2358 1744 2412 communibus
1772 2358 1966 2414 litteris
1999 2361 2068 2415 ab
2094 2361 2157 2414 il-

567 2444 721 2501 lustri
746 2446 862 2502 viro
888 2446 1126 2502 Adriano
1150 2446 1362 2503 Gallum
1390 2447 1664 2503 rhetorem
1680 2466 1885 2520 ,oquem
1915 2451 2155 2515 proxime

566 2536 828 2593 Eusebius
859 2553 967 2592 non
1007 2540 1333 2605 ingesserat,
1367 2540 1730 2607 poMulemus,
1770 2557 1839 2595 ne
1873 2542 2151 2611 pignorum

564 2640 873 2685 nostrorum
912 2630 1118 2685 indoles
1149 2631 1202 2685 in
1238 2631 1483 2694 profectu
1521 2632 1694 2697 posita
1729 2636 2029 2689 deseratur.
2070 2636 2152 2691 Me

564 2721 757 2776 futura:
792 2720 1081 2786 editionis,
1127 2733 1182 2776 et
1220 2721 1389 2782 labor.
1437 2730 1494 2776 et
1531 2731 1777 2792 sumplus
1812 2734 2053 2780 exercet.
2094 2725 2150 2779 lu

564 2815 912 2883 disponendis
927 2816 1070 2868 enim
1090 2815 1345 2882 pratméis,
1358 2828 1661 2884 quanquam
1682 2831 1907 2869 nutnero
1925 2830 2028 2871 vest
2042 2817 2148 2871 ium

564 2907 695 2962 satis
716 2906 955 2971 afﬂuam,
979 2907 1233 2962 nonnulla
1256 2906 1431 2963 adhuc
1455 2906 1939 2980 deesseapparatui
1962 2910 2150 2980 depre-

563 3002 759 3057 hendo.
792 3001 995 3057 Valete.

1118 3092 1328 3150 EPIST.
1371 3092 1589 3152 XXXV.

938 3201 1247 3242 SYIIACIIUS
1284 3202 1440 3243 IIICI).
1449 3203 1568 3242 Αειη
1606 3202 1760 3243 I‘IIJIS

630 3274 879 3346 Quandiu
911 3277 1112 3348 iactata
1142 3279 1443 3333 I‘llﬂlOl'lIllh
1475 3289 1678 3335 temere
1709 3278 2029 3333 differuntur
2054 3295 2144 3332 cu-

560 3385 642 3425 rat
655 3384 742 3425 um
773 3383 972 3425 vacuus
996 3372 1189 3425 otiare.
1221 3368 1278 3424 Si
1308 3370 1434 3440 quid
1474 3370 1658 3425 auditu
1685 3370 1907 3439 dignum
1938 3371 2147 3442 lideque

560 3461 850 3519 subnixum
896 3462 1166 3518 recentior
1194 3478 1375 3518 sermo
1414 3468 1748 3533 peri-exerit,
1795 3481 1967 3534 neque
2011 3482 2147 3520 nun-

559 3554 759 3619 tiandi.
808 3569 983 3624 neque
1024 3553 1287 3609 suadendi
1335 3554 1574 3620 partibus
1617 3555 1919 3610 abstinebo.
1974 3555 2147 3611 Unum

561 3649 665 3703 hoc
685 3660 810 3702 ante
831 3649 909 3703 rei
932 3647 1307 3703 necessitatem
1328 3648 1396 3701 de
1417 3663 1538 3699 meo
1558 3662 1711 3701 sume
1731 3649 1978 3711 enttsilio,
2002 3648 2146 3702 nulla

560 3741 770 3795 ratione
810 3748 862 3793 te
893 3754 1051 3809 posse
1078 3739 1411 3794 evocationis
1451 3739 1804 3794 bonorilicent
1828 3755 1914 3793 am
1954 3740 2039 3796 de.
2064 3755 2147 3793 re-

556 3834 688 3886 eari.
734 3830 808 3887 Ile
837 3830 1002 3885 fratre
1031 3839 1209 3885 autem
1237 3840 1417 3886 vestro
1444 3843 1638 3899 prteter
1666 3831 1974 3886 mandatum
2016 3833 2144 3887 nihil

556 3924 720 3980 etiam
747 3939 889 3978 nunc
916 3925 1187 3994 opinionis
1210 3926 1536 3995 acet-pimus.
1572 3924 1676 3994 Ipsi
1713 3924 1829 3978 lite
1851 3925 1920 3981 de
1946 3926 2146 3993 nuptiis

560 4017 922 4083 Ostiensibus,
950 4018 1020 4070 ad
1049 4031 1206 4087 quas,
1238 4032 1337 4071 nos
1362 4017 1463 4071 viri
1496 4017 1720 4072 illustris
1744 4017 1982 4071 Sallustii
2005 4017 2148 4072 filius

556 4109 739 4179 iunior
768 4110 1044 4175 evocavit,
1083 4110 1411 4164 contulimus
1454 4110 1506 4162 in
1538 4110 1809 4180 paginam.
1838 4109 1944 4166 Sed
1975 4112 2147 4165 conti-

556 4214 665 4256 nuo
682 4200 754 4255 ob
774 4200 1027 4256 ludorum
1055 4204 1498 4271 prrparationctn
1523 4202 1691 4256 Ilotua
1724 4203 2014 4271 repetenda
2040 4212 2143 4256 est.

554 4291 655 4346 Diu
683 4294 830 4348 enim
861 4291 994 4347 milii
1020 4294 1119 4347 ista
1146 4294 1386 4349 curanda
1416 4304 1542 4348 sunt
1572 4312 1585 4347 :
1615 4310 1736 4364 quae
1763 4294 1948 4362 facile,
1978 4298 2024 4349 si
2052 4296 2149 4349 ad-

552 4394 699 4439 esset
739 4386 998 4441 sanctitas
1029 4396 1245 4452 vestra,
1288 4386 1593 4442 communis
1640 4387 1911 4457 diligentia
1962 4398 2149 4459 posset

555 4476 861 4533 absolvere.
894 4475 1102 4531 Valete.

1096 4568 1311 4624 EPIST.
1355 4569 1596 4624 XXXVI.

927 4674 954 4711 S
964 4676 1241 4714 κυκλωιί
1279 4676 1561 4716 ΝΙΟΟΙΔΕΙΙΙ
1603 4676 1778 4716 FILIIS.

625 4754 758 4805 Cum
788 4751 858 4805 ab
883 4761 1077 4820 agente
1105 4752 1157 4805 itt
1186 4754 1350 4806 rebus
1373 4767 1543 4806 sacrae
1575 4754 1767 4809 litterae
1795 4753 1926 4807 mibi
1952 4754 2144 4810 redde-

557 4857 764 4913 rentur,
796 4846 992 4917 quibus
1018 4845 1085 4899 atl
1108 4844 1344 4901 officium
1374 4846 1615 4914 pratcelsi
1638 4846 1738 4902 viri
1762 4848 1999 4903 consulis
2018 4863 2142 4902 evo-

554 4955 773 5005 camur;
814 4938 922 4992 \‘ltII
966 4939 1099 4992 alias
1147 4952 1300 5009 teque
1340 4938 1407 4992 ad
1453 4948 1603 4993 tuum
1645 4954 1843 4995 nomen
1886 4941 2142 5005 entis~as,

554 5032 751 5102 quibus
779 5041 833 5087 te
868 5029 1268 5085 bonorilicentia
1309 5030 1604 5100 ituperialis
1640 5032 1849 5085 accivit.
1889 5030 2143 5086 Consulis

555 5138 767 5195 quoque
796 5124 991 5192 θυι-ενι..
1034 5123 1174 5177 idem
1217 5136 1383 5191 agens
1427 5122 1693 5177 exhibuit.
1723 5123 1939 5178 Suadeo
1980 5123 2144 5191 igitur

557 5227 769 5271 mature
809 5219 909 5271 iter
951 5216 1219 5280 instruas,
1249 5217 1339 5270 cui
1379 5230 1486 5271 non
1511 5216 1807 5271 cohaerebit
1852 5216 2136 5285 lliSpanus.

558 5309 714 5363 Aliud
740 5322 955 5378 quoque
982 5310 1239 5367 accessit.
1276 5309 1418 5376 quod
1450 5317 1503 5362 te
1543 5310 1711 5377 pussit
1755 5306 1976 5363 bnrtari.
2010 5308 2141 5362 Nam

555 5403 637 5455 vir
659 5402 881 5455 illustris
902 5402 1067 5455 frater
1092 5414 1241 5453 meus
1268 5399 1571 5464 Neotetius,
1600 5400 1802 5453 tlnmini
1830 5400 2008 5454 fratris
2036 5401 2141 5452 mei

555 5492 869 5552 admirator.
895 5491 964 5545 ad
990 5491 1236 5545 eamdem
1266 5505 1482 5545 causam
1526 5501 1743 5558 rogatus
1764 5536 1778 5557 ,
1828 5491 2018 5545 solatia
2050 5491 2143 5545 tibi

555 5594 613 5641 et
650 5584 962 5653 adjtmtenta
1002 5583 1297 5654 praestabit.
1338 5582 1475 5637 Nolo
1515 5583 1677 5652 igitur
1713 5582 1991 5652 ambigas,
2020 5597 2143 5635 cum

556 5681 696 5734 scias
722 5677 1040 5733 auctoritate
1072 5675 1313 5748 prmcelsi
1338 5675 1435 5731 viri
1466 5677 1668 5731 electas
1697 5674 1994 5729 amicorum
2025 5688 2145 5729 esse

558 5785 851 5841 personas.
884 5770 1085 5838 tibique
1113 5769 1229 5826 btec
1268 5768 1480 5838 prima,
1513 5777 1635 5838 post
1675 5766 1837 5823 dubia
1880 5766 2142 5833 fortunat,

2271 1433 2391 1503 fuga
2433 1444 2710 1487 nautarum
2755 1434 2934 1487 littora
2976 1434 3251 1488 destituta.
3280 1434 3411 1501 Qua!
3442 1449 3531 1489 res
3564 1434 3852 1502 compulit.

2264 1536 2323 1580 ut
2341 1525 2607 1580 sanctitati
2634 1538 2737 1581 tute
2764 1525 2904 1580 factu
2926 1527 3130 1581 minora
3152 1528 3506 1581 committam.
3531 1527 3603 1581 De
3628 1528 3854 1594 publicis

2265 1617 2544 1671 scribenda
2569 1633 2676 1672 non
2700 1630 3024 1688 suppetunt;
3055 1618 3257 1689 absque
3282 1634 3370 1681 eo,
3394 1620 3539 1688 qttod
3563 1621 3615 1674 in
3639 1621 3851 1687 Trajani

2266 1707 2440 1770 platea
2474 1709 2626 1763 ruina
2673 1710 2833 1763 unius
2875 1710 3062 1764 insulm
3092 1711 3287 1778 pressit
3324 1710 3625 1766 habitantes
3660 1729 3676 1766 :
3711 1713 3851 1781 quod

2192 1785 2239 1844 Β
2267 1799 2402 1855 adeo
2440 1801 2507 1855 ad
2538 1801 2804 1856 fortunam
2842 1802 3072 1856 vcbicnli
3106 1801 3301 1873 publici
3345 1802 3549 1871 plebeia
3580 1804 3745 1859 vertit
3772 1804 3851 1859 in-

2264 1895 2420 1961 viilia,
2456 1906 2514 1950 ut
2532 1896 2644 1965 jam
2681 1896 2889 1966 privato
2914 1906 3125 1951 rectore
3152 1906 3350 1951 utatur.
3384 1894 3540 1951 Vale.

2782 1985 2994 2041 EPIST.
3040 1985 3079 2040 X
3091 1985 3181 2040 XX
3194 1987 3324 2041 VIII.

2628 2092 2942 2134 IIIIACIIUB
2979 2092 3262 2134 NICOIACIII
3300 2093 3474 2133 PILIIS.

2333 2170 2554 2227 Amicus
2583 2180 2768 2224 noster
2796 2172 3027 2226 Sevetus
3051 2170 3296 2226 molestia
3324 2170 3531 2239 publica
3554 2168 3839 2233 liberatus.

2258 2261 2314 2316 in
2353 2264 2539 2329 patriae
2580 2261 2749 2315 otium
2781 2263 3039 2323 revertit,
3080 2275 3243 2328 quem
3287 2275 3409 2315 mox
3455 2260 3596 2328 apud
3629 2260 3842 2316 fratrem

2258 2360 2492 2407 vestrum
2534 2352 2793 2407 vicarium
2822 2352 3174 2419 spectabilem
3212 2352 3420 2416 virum.
3450 2360 3508 2408 et
3543 2353 3793 2407 sanctth
3818 2369 3843 2405 s

2256 2452 2361 2499 tute
2387 2447 2607 2513 pagina.
2627 2453 2683 2498 et
2702 2445 2899 2497 veteris
2922 2444 3062 2496 inter
3084 2454 3180 2496 eos
3200 2442 3450 2498 amicitia
3461 2441 3597 2511 iuvit
3618 2441 3840 2510 agnitio.

2256 2536 2371 2591 Dlea
2400 2539 2540 2590 circa
2572 2537 2852 2605 pratorios
2880 2544 3169 2606 apparatus
3195 2550 3325 2590 cura
3350 2535 3662 2591 crebrescit.
3688 2536 3841 2603 Quod

2252 2643 2321 2683 eo
2349 2629 2565 2694 scribo,
2596 2641 2655 2684 ut
2683 2630 2945 2699 intelligat
2972 2629 3298 2684 unanimilas
3325 2635 3501 2683 Vestra
3530 2630 3838 2685 IdIIIIlIICIIII

2254 2720 2337 2774 sui
2367 2723 2677 2776 societatem
2711 2719 3028 2775 desiderari.
3071 2719 3181 2775 Nec
3209 2735 3330 2774 sum
3359 2721 3677 2787 imperiosus
3713 2735 3839 2775 exa-

2253 2822 2393 2875 ctor,
2423 2824 2482 2868 ut
2519 2814 2610 2880 qui
2650 2814 2847 2877 sciam,
2881 2813 3229 2868 necessitates
3259 2827 3405 2868 meas
3443 2825 3562 2881 post
3602 2824 3836 2868 vestrum

2253 2902 2591 2957 commodum
2622 2902 2984 2957 collocandos.
3016 2901 3154 2969 Sed,
3184 2902 3230 2957 si
3261 2902 3396 2957 bene
3424 2904 3657 2967 mstimo,
3681 2902 3840 2957 satis-

2255 2993 2448 3048 facient
2480 2993 2632 3047 vobis
2660 2992 2725 3046 ad
2758 2992 3102 3048 refectionem
3139 2991 3421 3062 prementis
3455 2993 3656 3048 mensis
3686 2992 3839 3047 indu-

2252 3086 2370 3139 cite.
2391 3084 2579 3139 Paucis
2602 3084 2840 3139 habitum
2864 3083 3097 3151 propria:
3116 3084 3410 3139 voluntatis
3427 3100 3490 3139 ex
3500 3086 3647 3153 posui
3673 3101 3688 3141 :
3712 3086 3834 3154 quid

2172 3152 2219 3216 (ἶ
2256 3174 2396 3229 farto
2426 3189 2563 3245 opus
2600 3176 2699 3240 sit,
2743 3186 2922 3229 vestro
2949 3175 3193 3245 relinquo
3212 3174 3416 3245 judicio
3446 3194 3457 3227 :
3493 3152 3552 3231 ut
3588 3180 3657 3229 sit
3686 3152 3837 3227 vobis

2254 3268 2607 3332 laudabilius,
2654 3268 2789 3322 mibi
2820 3268 3056 3338 gratius,
3084 3268 3228 3337 quod
3254 3271 3583 3336 sp'ontaneus
3617 3267 3837 3323 affectus

2250 3362 2495 3431 eli-gerit.
2535 3360 2741 3416 Valete.

2797 3448 3013 3505 EPIST.
3058 3446 3302 3505 XXXIX.

2623 3558 2928 3599 SYIIACIIIJS
2967 3557 3253 3598 κιεουλοπι
3292 3556 3465 3596 ιηιιιι.

2324 3637 2490 3692 Miror
2518 3652 2714 3705 pueros
2730 3678 2745 3698 .
2775 3651 2912 3706 quos
2935 3634 3166 3691 diversis
3188 3633 3382 3689 diebus
3405 3633 3474 3688 ad
3501 3634 3835 3689 sanctitatem

2252 3738 2482 3781 vestram
2516 3728 2791 3793 misimus,
2822 3724 3115 3792 retardari;
3148 3739 3248 3780 nec
3287 3736 3468 3780 tamen
3506 3739 3660 3779 usum
3700 3727 3833 3781 scri-

2251 3821 2447 3890 ptionis
2477 3822 2801 3884 omittimus,
2829 3820 2973 3874 scire
2992 3824 3271 3888 cupientes
3289 3859 3304 3880 .
3331 3827 3592 3886 quantum
3619 3819 3841 3874 refectio

2253 3914 2538 3983 profecerit
2604 3914 2978 3968 Incunctanter
3016 3911 3179 3981 igitur
3200 3906 3599 3981 exspectationi
3642 3920 3840 3967 nostra:

2251 4005 2549 4060 satisfaciat
2578 4017 2829 4060 recursus
2856 4002 3100 4069 alloquii.
3128 3999 3334 4055 Valete.

2855 4094 3071 4151 EPIST.
3111 4094 3226 4150 XL.

2620 4199 2934 4242 IYIIIACIIUS
2973 4200 3253 4241 RICOIACBI
3292 4200 3467 4240 ινιιιιε.

2324 4281 2501 4337 Prima
2541 4280 2670 4335 mihi
2702 4280 2949 4347 voluptas
2976 4287 3056 4333 est
3100 4276 3392 4343 sciscitari,
3434 4291 3596 4347 quem
3637 4285 3837 4333 statum

2250 4376 2496 4432 sanitatis
2545 4374 2787 4428 habeatis
2826 4390 2841 4425 :
2888 4373 2939 4426 in
2981 4372 3235 4427 secundis
3273 4372 3480 4438 reliqua
3525 4372 3836 4435 collocabo,

2251 4488 2373 4543 qua:
2415 4472 2615 4525 dudum
2664 4468 2984 4538 requirenda
3034 4468 3283 4523 duxistis.
3334 4465 3600 4522 Gravibus
3649 4468 3840 4522 civitas

2170 4536 2224 4597 υ
2252 4564 2573 4621 sollicitatur
2598 4560 2825 4617 ostentis
2848 4603 2864 4627 ,
2891 4573 3119 4629 quorum
3148 4559 3351 4614 leviora
3393 4570 3670 4624 praetereo.
3705 4559 3837 4614 Illud

2252 4666 2377 4713 ante
2403 4656 2583 4710 omnia
2615 4652 2992 4723 interpretatio
3023 4650 3191 4707 tristis
3232 4652 3527 4718 horrescit,
3567 4652 3709 4723 quod
3739 4666 3837 4705 na-

2250 4750 2341 4803 tali
2377 4747 2538 4804 Urbis
2568 4746 2847 4801 md‘ectum
2870 4743 3146 4798 consulem
3173 4758 3364 4797 currus
3390 4760 3497 4812 quo
3526 4744 3835 4808 vehebatur,

2248 4839 2455 4893 evolvit
2483 4853 2578 4906 per
2601 4838 2859 4892 ferociam
2888 4835 3151 4904 bigarum,
3181 4849 3299 4903 qua:
3325 4835 3653 4900 triumphum
3676 4836 3837 4889 velte-

2250 4932 2401 4988 bant.
2438 4931 2620 5001 Itaque
2651 4932 2880 5001 palmata
2912 4931 3184 4993 amictus,
3218 4939 3272 4983 et
3304 4929 3574 4983 consulari
3615 4928 3836 4997 in~ignis

2245 5037 2460 5087 ornatu,
2488 5023 2657 5079 fracto
2675 5037 2832 5077 crure
2851 5020 3093 5076 sublatus
3113 5033 3215 5073 est.
3234 5019 3467 5075 Ull'endit
3492 5035 3581 5077 me
3604 5020 3835 5077 infamia

2244 5120 2503 5181 narratio,
2535 5124 2698 5184 atque
2729 5113 2851 5168 ideo
2876 5113 2931 5167 in
2956 5112 3057 5167 bac
3082 5113 3429 5181 expositione
3453 5112 3680 5165 servabo
3706 5112 3829 5166 bre-

2246 5211 2490 5265 vitatem.
2526 5209 2644 5262 'I‘ibl
2668 5208 2721 5262 in
2748 5207 2865 5261 dies
2887 5207 3150 5274 s‘ngulos.
3178 5205 3344 5258 decus
3374 5216 3618 5258 nostrum
3637 5245 3652 5266 ,
3683 5203 3832 5259 domi

2247 5304 2485 5370 forisque
2527 5300 2667 5355 fama
2696 5300 2973 5355 ﬂorentior
2998 5305 3108 5352 est.
3154 5297 3218 5353 Et
3245 5300 3587 5364 praesentium
3616 5297 3832 5366 quidem

2246 5411 2425 5453 rerum
2458 5408 2557 5448 nos
2597 5402 2764 5451 testes
2787 5406 2994 5445 sumus.
3027 5390 3261 5445 Externa
3285 5389 3484 5456 judicia
3516 5388 3833 5443 Caecilianus

2243 5486 2504 5548 asseruit,
2532 5501 2562 5539 a
2589 5500 2695 5554 quo
2725 5484 2999 5553 sigillatim
3024 5482 3193 5537 relata
3215 5496 3534 5537 enumerare
3563 5481 3834 5537 fastidium

2245 5589 2363 5647 est,
2400 5593 2525 5633 cum
2570 5579 2625 5631 in
2668 5593 2876 5633 summa
2905 5576 3093 5647 gloriae
3120 5586 3227 5630 tua:
3264 5583 3458 5632 cuncta
3489 5576 3833 5632 conveniam.

2249 5673 2527 5727 Dominam
2557 5670 2721 5725 filiam
2746 5684 2919 5725 meam
2940 5669 3226 5723 salutatam
3247 5681 3373 5721 cunt
3395 5666 3724 5721 dulcissimis
3746 5683 3831 5724 nc-

2248 5764 2463 5835 potibus
2486 5763 2630 5834 rolo,
2657 5778 2779 5835 qum
2801 5770 2855 5819 te
2882 5759 3235 5818 contexendis
3256 5758 3311 5816 in
3338 5767 3652 5828 apparatum
3683 5757 3832 5814 ludo-
