4218 6444
490 329 592 385 277

1700 322 2172 378 ιλιιιδτοωιιωι
2218 322 2419 376 LIBER
2463 321 2549 376 VI.

3651 328 3749 386 278

496 457 609 495 rain
653 441 893 496 vestibus
940 441 1187 510 religiose
1223 455 1253 493 a
1303 442 1456 496 nobis
1503 441 1669 495 voluit
1715 440 2067 496 commoneri.
2101 444 2147 497 Λ
2178 438 2343 492 animi
2372 439 2476 492 mei
2507 447 2759 509 tanquam
2787 439 3154 507 intempestiva
3190 448 3473 509 prietcreo,
3499 449 3555 494 et
3577 451 3751 495 inuicti

496 535 632 590 Sciet
660 535 820 606 igitur
846 548 912 590 ex
931 534 1189 599 subditis,
1217 534 1344 604 quid
1385 534 1438 589 in
1468 534 1895 603 supplementum
1928 547 2066 602 pra:-

494 630 642 682 toria
662 626 924 698 largitatis
946 633 1193 697 oporteat
1217 625 1526 695 pra-parari.
1567 625 1768 683 Valete.

1084 715 1304 773 EPIST.
1344 714 1481 771 XLI.

857 824 1167 866 σῖιιιιοιιυε
1202 823 1484 865 ισιοοιυιοιιι
1521 822 1695 863 ιἰιιιε.

564 898 698 956 Male
722 910 806 957 est
829 902 1042 969 animo,
1085 910 1364 972 postquam
1408 898 1570 954 tiliam
1612 913 1784 953 meam
1829 911 2066 966 comperi

489 1003 748 1050 consueto
770 994 961 1050 dolore
997 994 1215 1056 vexari;
1244 1004 1298 1048 et
1325 979 1424 1046 iter
1453 992 1519 1044 ad
1554 1005 1649 1045 vos
1690 990 1946 1044 inchoare
1973 1002 2064 1043 vo-

489 1085 729 1148 luissem.
764 1084 868 1140 nisi
891 1096 949 1140 et
976 1101 1062 1140 me
1089 1086 1325 1153 gravedo
1350 1081 1576 1151 capitis,
1603 1090 1659 1137 et
1685 1079 2064 1151 Symmachum

488 1187 729 1231 nostrum
760 1176 924 1233 febris
969 1177 1185 1244 inopina
1216 1176 1472 1231 retineret
1511 1192 1523 1225 :
1562 1173 1717 1242 cujus
1760 1172 2067 1241 corporales

486 1271 733 1339 querelas
760 1283 977 1341 prastat
1006 1271 1186 1335 silere,
1218 1284 1287 1325 ne
1314 1268 1616 1324 sanctitatis
1646 1275 1838 1321 vestra:
1867 1265 2066 1319 sollici-

486 1362 615 1417 tudo
641 1363 963 1434 geminetur.
995 1362 1062 1418 Et
1090 1372 1237 1419 certe
1265 1366 1431 1417 trater
1456 1375 1609 1417 meus
1641 1358 1940 1421 Comazon,
1971 1358 2065 1413 de-

484 1454 686 1509 siderio
715 1465 902 1510 vestro
929 1454 1063 1510 urbe
1089 1454 1363 1524 digressus
1383 1495 1401 1520 ,
1429 1451 1749 1507 cumulatius
1778 1464 1898 1520 qua:
1920 1458 2063 1504 tace—

484 1560 605 1600 mus
633 1547 903 1617 expedet.
933 1546 1212 1603 Postulare
1236 1560 1344 1602 non
1372 1543 1564 1610 debeo,
1596 1544 1738 1615 quod
1766 1552 1957 1609 sponte
1986 1539 2064 1593 fa-

482 1638 669 1706 cietis,
703 1650 761 1693 ut
785 1653 1035 1694 curarum
1062 1646 1366 1694 nostrarum
1402 1637 1820 1707 magnitudinem
1848 1632 2060 1703 scriptis

483 1731 775 1787 latioribus
795 1731 1184 1802 coniprimatis.
1210 1729 1412 1785 Valete.

1066 1821 1282 1879 EPIST.
1325 1821 1481 1877 XLII.

847 1928 1155 1970 ειΙιΑοιιυιι
1193 1928 1474 1969 mansuem
1514 1928 1686 1967 FILIIS.

553 2004 771 2062 Eusebii
804 2022 975 2078 nuper
994 2008 1204 2062 litteras
1232 2007 1467 2073 sutitpsi,
1493 2008 1602 2075 quin
1627 2021 1687 2058 iis
1726 2006 1936 2073 aurigas
1966 2019 2062 2055 no-

477 2107 622 2151 stros
658 2107 714 2152 et
741 2098 947 2167 aliquos
990 2098 1236 2153 scenicos
1278 2097 1397 2152 navi
1433 2094 1749 2165 impositos,
1780 2106 1834 2148 et
1871 2109 2061 2148 secun-

476 2189 605 2243 dum
636 2200 959 2258 prmeeptum
991 2204 1172 2246 meum
1215 2188 1410 2245 missos
1446 2187 1512 2243 ad
1540 2187 1887 2255 Campaniam
1919 2202 2054 2239 nun-

480 2279 649 2333 tiavit.
682 2279 876 2336 lubeat
926 2281 1082 2350 igitur
1126 2281 1385 2335 sanctitas
1410 2290 1585 2333 vestra
1624 2278 2060 2348 diligentissimos

475 2382 806 2427 scrutatores
834 2389 1003 2443 usque
1044 2372 1441 2430 Salernitanum
1485 2371 1637 2427 littus
1675 2370 1970 2434 accedere,
2003 2382 2061 2425 ut

476 2476 756 2535 susceptos
784 2466 1039 2537 Neapoliu
1073 2475 1482 2536 prosequantur,
1514 2466 1595 2520 vel
1622 2464 1840 2534 aliquod
1870 2465 1938 2518 de
1965 2466 2061 2517 ad-

475 2569 637 2614 ventu
664 2577 850 2616 eorum
896 2568 1207 2616 scrutentur
1249 2559 1523 2616 indicium.
1573 2558 1803 2614 Felicem
1847 2572 2061 2627 quoque

475 2670 814 2711 communem
855 2659 1087 2711 amicum
1132 2657 1389 2714 monitum
1427 2657 1581 2721 volo,
1628 2660 1673 2711 si
1713 2652 2056 2722 Campaniam

476 2746 702 2803 felititer
733 2749 1004 2815 venerint,
1041 2748 1274 2803 annonis
1300 2758 1355 2801 et
1381 2748 1684 2818 sumptibus
1715 2746 2055 2816 adjuventnr,

475 2841 727 2897 continua
772 2840 841 2896 ad
880 2856 979 2895 nos
1022 2841 1362 2912 navigatione
1407 2839 1672 2894 mittendi.
1720 2838 1853 2904 Quia
1900 2837 2059 2908 longe

476 2943 602 2987 ante
622 2932 799 3001 ludos,
828 2944 883 2988 et
903 2934 1047 3003 ipsos
1062 2932 1351 3003 iungendis
1366 2933 1519 3001 equis
1539 2933 1709 2987 erudit
1725 2948 1753 2986 e
1775 2932 2055 2999 debemus,

455 3032 533 3078 -et
575 3024 795 3078 novitati
844 3038 1034 3079 eorum
1067 3024 1303 3078 favorem
1337 3023 1505 3092 plebis
1548 3024 1786 3078 allicere.
1836 3025 2055 3079 Summa

476 3114 638 3184 igitur
659 3116 928 3185 petitionis
962 3130 1098 3169 mete
1124 3116 1237 3169 haec
1259 3124 1370 3180 est,
1399 3125 1458 3168 ut
1484 3117 1551 3168 ad
1579 3114 1824 3169 homines
1845 3126 2056 3169 vestros

476 3207 750 3278 inquisitio
777 3222 991 3274 eorum,
1021 3216 1077 3261 et
1099 3205 1359 3276 perfectio
1385 3206 1617 3261 celerata
1647 3206 1925 3274 pertineat.

1048 3298 1265 3354 EI’IS‘I‘.
1309 3296 1487 3351 XLIII.

856 3406 1099 3447 SYIIACII
1108 3407 1167 3446 US
1195 3406 1478 3446 NICOIACHI
1509 3405 1556 3445 ΙνῚ
1564 3404 1680 3443 ιιιε.

544 3480 858 3538 Crocodilos
899 3484 1142 3538 theatrali
1172 3483 1478 3551 spectaculo
1507 3480 1804 3549 publicatos
1838 3480 1894 3535 in
1924 3496 2058 3548 pra:-

474 3579 701 3632 sentiam
744 3584 977 3630 vestram
1021 3589 1237 3630 servare
1276 3574 1633 3629 tentavimns:
1675 3574 1767 3625 sed
1811 3586 2061 3640 perseve-

475 3674 631 3722 rante
664 3665 869 3733 inedia,
921 3678 1044 3735 qum
1086 3664 1205 3721 illos
1233 3679 1327 3731 per
1351 3664 1468 3719 dies
1502 3664 1883 3733 quinquaginta
1930 3679 2053 3730 pro-

472 3759 634 3814 ducta
663 3758 995 3824 macerahat;
1017 3757 1269 3814 secundis
1291 3758 1429 3811 ludis
1448 3758 1881 3823 congressionem
1906 3771 2056 3811 more

474 3849 709 3906 confecti
728 3861 873 3905 sunt.
917 3852 1059 3906 Duos
1090 3849 1252 3905 etiam
1280 3862 1421 3904 nunc
1449 3849 1715 3916 spirantes
1740 3847 1793 3899 in
1818 3858 2053 3901 vestrum

472 3930 786 4000 dideremus
797 3944 1354 4009 adventum,liceteos
1372 3942 1475 3998 cibi
1497 3941 1814 3998 abstinentia
1838 3942 2054 4011 longum

474 4034 654 4093 vivere
680 4051 839 4108 posse
865 4051 970 4093 non
991 4036 1274 4105 spondeat.
1307 4033 1513 4089 Valete.

1037 4127 1257 4184 EPIST.
1299 4126 1479 4183 XLIV.

843 4236 1155 4279 SYIIACIIUS
1179 4237 1463 4279 ιιιοοιιιςιιι
1493 4237 1667 4279 ινιιιιε.

551 4314 913 4373 Redundantis
935 4324 1021 4372 est
1042 4330 1222 4385 operae
1243 4331 1534 4370 memorem
1556 4329 1917 4370 commonere.
1946 4312 2051 4369 Sed

471 4422 719 4481 suscepta
742 4411 1038 4466 amicorum
1070 4410 1278 4479 negotia
1310 4426 1644 4479 nequaquam
1691 4422 1789 4462 nos
1833 4406 2050 4461 tnodutu

472 4518 691 4561 servare
710 4506 1001 4573 patiuntur.
1028 4505 1206 4569 Quare
1226 4512 1282 4557 ut
1311 4502 1466 4555 amici
1498 4502 1803 4556 communis
1832 4500 2047 4555 Herculi

476 4594 541 4649 V.
570 4594 636 4650 (Σ.
676 4588 852 4649 votiva
885 4594 1133 4649 mandata
1161 4593 1356 4648 acriter
1384 4594 1721 4661 exsequiris,
1748 4606 1905 4646 orare
1945 4607 2050 4646 non

471 4686 681 4744 desino.
707 4685 892 4741 Faciat
918 4697 1098 4740 autem
1117 4700 1239 4741 cum
1259 4687 1436 4739 studio
1457 4696 1655 4739 sanctae
1685 4685 2053 4739 unanimitatis

472 4791 580 4833 tuae
616 4778 861 4833 assensio
905 4778 1361 4849 propinquorum:
1407 4776 1669 4847 siquidem
1720 4776 1859 4831 filius
1902 4791 2053 4831 meus

474 4871 788 4926 Valentinus
812 4871 1042 4925 asseruit
1062 4885 1123 4926 se
1150 4885 1364 4941 quoque
1393 4868 1698 4925 consultum
1728 4869 1920 4923 litteris
1955 4869 2053 4923 Ju-

473 4963 620 5029 liani,
656 4962 847 5017 eadem
884 4976 1006 5033 quae
1046 4960 1294 5018 volumus
1333 4960 1405 5017 de
1447 4960 1751 5030 nuptiarum
1808 4961 2051 5031 pactione

470 5053 725 5110 suasisse.
760 5052 960 5109 Valete.

1048 5143 1266 5201 EPIST.
1313 5143 1471 5200 XLV.

842 5250 1152 5293 διιιηοιιυε
1177 5252 1460 5292 ιιιοθιιιειιι
1487 5249 1656 5291 ιτιιιιι.

542 5328 829 5400 Postquam
879 5339 931 5385 te
958 5330 1209 5399 jactatam
1249 5331 1487 5399 comperi
1528 5328 1717 5383 dolore
1763 5335 2044 5393 consueto,

470 5422 648 5477 ouul'ls
704 5422 1028 5492 reliquarum
1086 5420 1504 5475 sollicitudinum
1564 5433 1806 5475 mearum
1856 5432 2048 5473 sensus

471 5515 707 5571 evanuit.
739 5513 893 5580 Nam,
937 5522 995 5567 ut
1038 5514 1112 5568 ait
1147 5511 1532 5581 Hippocrates:
1571 5510 1855 5566 Praesentia
1889 5509 2052 5565 hebe-

473 5620 653 5664 tautur
681 5608 1039 5676 incommoda,
1087 5607 1136 5663 si
1180 5606 1266 5662 cui
1313 5606 1471 5661 dolor
1515 5605 1689 5674 major
1737 5603 2046 5659 accesserit.

474 5703 738 5773 litis-pecto
763 5705 952 5772 igitur.
980 5711 1037 5756 ut
1063 5711 1285 5771 accepto
1316 5699 1387 5756 de
1415 5708 1466 5755 te
1496 5698 1694 5755 indicio
1724 5698 1929 5753 Itetiore
1951 5738 1966 5762 ,
1997 5698 2052 5752 in

474 5810 678 5864 priores
704 5811 859 5851 cui-as
889 5806 1145 5853 revertar.
1174 5795 1383 5851 Cretera
1407 5794 1463 5851 in
1491 5793 1591 5849 bac
1611 5791 2050 5849 sinisternatione

2172 528 2642 584 commonitorium
2663 531 2852 599 junsi,
2896 531 3039 603 quod
3070 532 3229 586 velim
3259 534 3473 587 redacta
3517 533 3569 586 in
3602 540 3750 585 tran-

2171 619 2398 692 quillum
2425 620 2655 685 sanitate
2681 623 3012 677 consideres.
3047 624 3251 679 Valete.

2738 713 2955 770 EPIST.
2990 715 3171 770 XLVI.

2559 825 2615 865 ει
2623 826 2761 865 DISIAC
2769 826 2866 865 IIIIS
2895 825 3180 866 Μοοιιλειιι
3206 825 3254 863 FI
3263 823 3379 864 LIIS.

2241 899 2425 957 Nullas
2444 904 2659 973 quidem
2688 904 2842 957 nobis
2867 917 2962 970 per
2985 904 3255 958 hominem
3273 911 3515 956 nostrum
3544 902 3748 955 litteras

2167 991 2456 1049 detulistis.
2504 993 2610 1049 Sed
2655 994 2787 1049 mihi
2826 995 3099 1050 silentium
3140 993 3506 1047 unaniinitatis
3549 1001 3744 1046 vestra:

2167 1101 2501 1156 nequaquam
2535 1088 2682 1143 licuit
2712 1090 2975 1153 minulari,
3016 1089 3099 1142 vel
3140 1087 3280 1156 quod
3316 1090 3386 1141 ita
3416 1087 3737 1152 sollicitudo,

2165 1193 2326 1246 quam
2370 1178 2441 1232 de
2482 1194 2569 1233 me
2611 1194 2715 1231 non
2758 1181 2951 1232 frustra
2999 1179 3214 1249 geritis,
3268 1178 3601 1247 postulabat,
3658 1180 3742 1229 vri

2167 1270 2308 1337 quod
2335 1285 2421 1325 nte
2462 1269 2511 1322 iu
2558 1270 2731 1323 officia
2759 1271 3067 1340 scriptionis
3115 1284 3267 1323 amor
3296 1284 3453 1323 verus
3497 1267 3740 1334 impellit.

2166 1357 2388 1414 Gratum
2434 1363 2585 1414 vobis
2616 1361 2780 1415 fuiSse
2811 1362 3006 1414 factum
3039 1375 3215 1415 meum
3260 1360 3504 1427 rescripti
3542 1359 3745 1413 vicissi-

2167 1452 2292 1505 tudo
2318 1451 2617 1507 testabitur.
2654 1450 2852 1505 Valete.

2725 1543 2934 1597 EI’IST.
2980 1543 3184 1597 XLVlI.

2552 1651 2855 1690 SHIIACBUS
2883 1651 3038 1690 Νιεοιι
3048 1652 3165 1690 ACIII
3192 1651 3365 1691 FILIIS.

2237 1726 2398 1784 Urbis
2426 1731 2634 1798 negotia
2673 1744 2774 1783 nec
2807 1739 2956 1783 vacat
2984 1731 3141 1793 scire,
3175 1744 3274 1784 nec
3302 1731 3431 1784 libet
3462 1729 3699 1783 scribere
3730 1748 3741 1779 :

2090 1806 2140 1866 Β
2166 1820 2379 1873 animus
2400 1821 2541 1872 enini
2574 1833 2725 1871 meus
2749 1819 2940 1872 inorbo
2968 1821 3209 1889 corporis
3237 1828 3556 1890 occupatus,
3585 1820 3744 1873 rebus

2164 1910 2357 1964 alienis
2383 1924 2566 1963 θυι-..ιιι
2595 1913 2765 1963 nescit
2793 1912 3093 1966 intendere.
3146 1912 3317 1965 Unum
3367 1912 3469 1965 hoc
3518 1914 3630 1966 scin
3677 1913 3744 1965 de

2164 2001 2520 2055 seditionibus
2565 2002 2782 2057 nuntios
2823 2016 2945 2056 csse
2989 2004 3284 2067 mentitos;
3327 2016 3485 2072 atque
3533 2006 3669 2057 adeo
3714 2020 3745 2055 ει

2168 2109 2297 2149 vero
2326 2094 2615 2148 dissentire
2641 2110 2906 2160 rumores,
2943 2109 2997 2149 ut
3029 2110 3301 2164 nunquam
3335 2098 3524 2165 majori
3556 2098 3742 2165 plausu

2167 2186 2481 2254 prmfectora
2508 2187 2779 2241 celebrata
2809 2188 2897 2241 sit.
2925 2190 3108 2258 Itaque
3131 2188 3305 2241 studia
3330 2188 3503 2257 plebis
3526 2192 3575 2239 in
3604 2188 3744 2254 judi-

2162 2295 2282 2336 cem
2315 2279 2469 2335 favor
2498 2296 2712 2350 quoque
2734 2281 2940 2335 ordinis
2969 2282 3270 2335 ternulatur.
3298 2281 3422 2335 Hice
3452 2280 3515 2333 ad
3548 2296 3667 2341 nos,
3699 2282 3744 2332 si

2163 2393 2266 2448 qua
2297 2379 2543 2433 dolorum
2582 2376 2931 2446 intercapedo
2966 2376 3198 2429 admittit
3228 2374 3402 2431 officia
3430 2375 3743 2434 visentium,

2165 2470 2277 2539 pri
2301 2468 2540 2524 omnium
2570 2483 2823 2523 sermone
2853 2472 3190 2538 perveniunt.
3232 2469 3436 2524 Caetera
3468 2469 3740 2520 hominum

2163 2570 2493 2625 vestrorum,
2534 2562 2627 2629 qui
2664 2574 2945 2615 versantur
2990 2561 3043 2614 in
3086 2561 3330 2630 publico,
3378 2563 3547 2630 stylus
3587 2562 3742 2614 debet

2163 2654 2396 2721 aperire.
2448 2652 2527 2708 De
2569 2670 2654 2708 me
2705 2664 2828 2708 tunc
2850 2654 3023 2707 aliena
3069 2658 3357 2724 quit-renda
3407 2666 3574 2720 sunt,
3622 2670 3741 2709 cum

2164 2749 2381 2818 prOpria
2407 2748 2631 2802 adversa
2660 2749 3049 2817 requieverint.
3078 2750 3277 2803 Valete.

2710 2839 2928 2894 EPIS’I‘.
2969 2838 3205 2893 XLVIII.

2538 2946 2851 2987 S‘IIIACIIUS
2878 2947 3161 2986 NICOIACIII
3190 2946 3368 2988 Ιιιυε.

2231 3022 2480 3078 Natalitio
2499 3040 2742 3086 munere,
2759 3026 2899 3092 quod
2925 3027 3249 3093 irequentari
3274 3039 3305 3077 a
3325 3024 3480 3080 vobis
3502 3041 3594 3094 per
3617 3030 3742 3080 tntil-

2160 3126 2245 3171 tos
2270 3132 2439 3171 annos
2476 3118 2777 3170 communis
2811 3116 3037 3172 felicitas
3083 3117 3271 3181 faciet,
3318 3126 3559 3171 nostrum
3611 3119 3742 3172 hila-

2084 3183 2131 3246 Ο
2164 3210 2325 3263 rastis
2352 3209 2611 3275 animum,
2639 3220 2876 3262 vestrum
2904 3210 3189 3277 probastis.
3236 3212 3310 3265 De
3353 3225 3460 3279 quo
3506 3226 3592 3265 me
3622 3228 3741 3279 pro-

2165 3301 2272 3355 lite
2291 3301 2531 3354 scribere
2553 3302 2869 3354 verecundia
2893 3315 3068 3354 vestra
3095 3317 3199 3355 non
3223 3304 3440 3370 patitur.
3462 3300 3741 3370 Copiosior

2163 3406 2341 3448 tamen
2370 3394 2422 3447 in
2455 3393 2704 3447 sensibus
2724 3404 2906 3446 manet
2934 3394 3125 3461 gratia,
3151 3408 3310 3462 quant
3340 3407 3590 3447 sermone
3620 3408 3743 3461 pro-

2163 3486 2386 3541 feratur.
2412 3487 2543 3554 Qiiae
2566 3487 2631 3539 ad
2663 3488 2849 3540 urbem
2884 3488 3173 3555 pertinent,
3212 3486 3431 3542 indiculi
3459 3486 3741 3542 cohaeren-

2163 3582 2231 3632 tis
2259 3580 2487 3634 lectione
2513 3579 2767 3633 noscetis.
2815 3578 2931 3632 Tibi
2955 3592 3104 3643 vero,
3138 3580 3352 3632 domina
3378 3578 3515 3643 filia,
3553 3578 3740 3633 eadem

2160 3673 2423 3743 religione
2462 3688 2566 3742 qua
2607 3672 2827 3742 dignum
2858 3683 2961 3734 est,
3013 3672 3230 3741 injungo
3274 3685 3460 3725 curam
3494 3672 3741 3741 juvanda:

2160 3766 2485 3821 valetudinis
2511 3784 2524 3818 :
2552 3777 2610 3821 ut
2628 3764 2879 3819 omnibus
2903 3763 3059 3819 nobis
3081 3766 3325 3819 sanitatis
3353 3776 3457 3820 tua:
3483 3765 3741 3820 securitas

2159 3860 2419 3927 voluptati
2449 3859 2537 3912 sit.
2574 3857 2779 3913 Valete.

2728 3927 2942 3982 EI‘IST.
2986 3925 3142 3981 XLIX
3158 3970 3169 3980 .

2539 4035 2566 4073 8
2575 4034 2848 4074 YIUACIIUS
2885 4037 2911 4074 Ν
2921 4034 3164 4074 ιεοιιλοιιι
3193 4033 3368 4074 FILIIS.

2228 4114 2456 4169 Homine
2503 4124 2687 4168 vestro
2742 4115 2806 4165 ad
2855 4111 3203 4180 Campaniam
3252 4121 3558 4167 revertente
3602 4111 3739 4165 scri-

2157 4206 2331 4261 benda
2360 4205 2703 4273 consumpsi;
2746 4211 2801 4259 et
2832 4215 3010 4259 tamen
3044 4213 3289 4257 sanctum
3320 4214 3483 4272 atque
3512 4202 3741 4256 honora-

2164 4298 2325 4352 bilem
2348 4298 2518 4351 virum
2551 4305 2826 4366 parentem
2851 4308 3093 4348 vestrum
3121 4296 3379 4350 Severum
3412 4293 3557 4346 nolui
3588 4293 3737 4346 abire

2160 4404 2383 4444 vacuum
2404 4388 2700 4443 litterarum
2728 4402 2996 4441 mearum:
3016 4394 3072 4440 ut
3095 4395 3151 4438 et
3180 4399 3385 4440 morem
3401 4385 3739 4439 salutationis

2158 4496 2509 4550 exsequerer,
2540 4488 2597 4534 et
2623 4481 2691 4533 de
2720 4493 2910 4548 opere,
2932 4477 3074 4547 quod
3103 4478 3248 4531 domi
3272 4476 3539 4532 construis
3558 4521 3573 4537 .
3597 4478 3741 4546 judi-

2156 4573 2298 4628 cium
2321 4586 2455 4627 meat
2480 4571 2828 4641 inspectionis
2855 4572 3141 4638 aperirem.
3157 4568 3507 4624 Thermarum
3532 4578 3587 4622 et
3607 4570 3742 4622 situs

2158 4674 2215 4719 et
2242 4664 2538 4733 amplitudo
2558 4663 2846 4717 admodum
2877 4663 3097 4731 placuit.
3125 4664 3183 4715 ln
3210 4663 3506 4716 mitioribus
3537 4662 3741 4715 balneis

2160 4755 2469 4824 piscinalem
2511 4754 2733 4823 picturis
2782 4752 2960 4821 potius
2988 4767 3146 4821 quam
3180 4751 3393 4807 inusivo
3421 4752 3601 4807 excoli
3634 4770 3739 4805 non

2161 4850 2398 4918 probavi.
2429 4848 2535 4901 Res
2564 4846 2841 4911 admonet,
2873 4855 2928 4899 ut
2956 4846 3251 4914 profectum
3279 4843 3558 4898 Messalam
3582 4857 3739 4899 nocte

2156 4960 2222 5000 ea
2270 4958 2429 5012 quam
2487 4950 2791 4997 consectum
2848 4949 2974 4994 sunt
3014 4954 3169 4993 nonae
3213 4939 3419 4993 Martia:
3458 4939 3735 4992 noveritis.

2162 5038 2341 5108 Legati
2367 5036 2552 5092 caateri
2575 5049 2697 5089 mox
2718 5044 3029 5104 sequentur.
3063 5033 3279 5089 Adverti
3309 5043 3486 5087 tamen
3515 5048 3579 5087 ex
3605 5048 3740 5100 quo-

2159 5129 2403 5184 rumdam
2428 5126 2717 5196 colloquio,
2755 5127 2807 5179 in
2848 5125 3073 5195 gratiam
3103 5126 3316 5193 domus,
3345 5123 3413 5180 de
3438 5141 3541 5193 qua
3578 5123 3741 5192 pleri-

2158 5238 2261 5293 que
2291 5231 2560 5276 nostrates
2590 5222 2688 5274 viri
2720 5220 2965 5273 edulibus
2995 5219 3310 5284 farciuntur,
3341 5218 3587 5290 quaedam
3616 5233 3736 5273 esse

2157 5317 2343 5373 lenita.
2395 5316 2499 5372 Sed
2545 5331 2660 5370 inea
2686 5330 2814 5369 cura
2844 5329 2947 5368 non
2975 5314 3168 5378 deerit,
3226 5327 3297 5368 ne
3323 5313 3447 5381 quid
3477 5313 3741 5366 mandatis

2156 5416 2377 5465 senatus
2405 5423 2499 5478 per
2537 5408 2933 5462 conniventiani
2964 5406 3299 5461 detrahatur.
3334 5403 3538 5460 Valete.

2777 5496 2993 5554 ιςιιιδΤ.
3036 5495 3097 5550 L.

2543 5606 2849 5645 SYIMACIIUS
2874 5603 3157 5644 NICOHACIII
3190 5602 3363 5643 FILIIS.

2224 5686 2475 5742 Scribeie
2507 5702 2611 5739 non
2643 5698 2832 5737 recuso
2858 5700 2875 5738 ι
2897 5682 2992 5738 sed
3019 5684 3177 5736 malui
3207 5684 3424 5736 domino
3461 5682 3568 5735 lilio
3615 5698 3732 5736 meo

2155 5781 2361 5840 Sibidio
2390 5778 2655 5834 narranda
2684 5791 2861 5833 coram
2894 5791 2991 5838 per
3033 5776 3201 5831 otium
3246 5788 3543 5830 reservare.
3608 5776 3729 5831 Sola
