4218 6464
569 295 635 349 79
1704 295 1771 363 ρ.
1814 293 2157 351 Λυιιεωυε
2191 294 2631 355 δηιιιιιειιυδ.

3707 307 3814 363 280

532 405 687 476 igitur
710 406 1031 463 salutatione
1056 407 1306 479 fungetur
1331 408 1446 466 btcc
1479 408 1669 478 pagina
1695 448 1711 473 ,
1752 408 1909 478 cujus
1938 408 2117 463 brevi-
2144 409 2198 469 Α
2225 408 2466 475 reduxit;
2505 411 2751 480 quaedam
2792 412 2985 466 collata
3024 412 3077 469 in
3127 414 3311 470 titulos
3354 414 3591 472 breviter
3618 434 3809 489 percu-

533 510 613 553 las
643 510 695 555 et
716 512 896 557 vestro
918 501 1108 558 honori
1136 503 1452 569 satisfaciet,
1486 517 1585 559 nec
1609 503 1688 559 illi
1712 502 1993 559 referenda
2024 500 2119 558 de-

530 600 737 662 ccrpet.
776 591 981 649 Valete.

1154 662 1367 720 EPIST.
1402 664 1487 720 LI.

908 771 1220 813 εῖιιιιιοιιυε
1247 773 1533 813 ΜΕΟΙΛΩΙΙΙ
1562 773 1734 813 ιηιιις.

598 848 872 905 l‘rioribns
897 849 1095 905 litteris
1130 852 1503 918 comperiStis,
1556 866 1675 921 quae
1720 864 1861 903 nunc
1893 862 2117 917 respon-

526 939 654 994 dere
678 941 990 1009 potuissem.
1024 941 1269 996 Rediisse
1294 957 1397 997 non
1424 942 1667 1009 pmnitet.
1693 940 1824 994 Nam
1847 952 1902 993 et
1927 939 2117 994 salutis

524 1048 800 1107 compotes
849 1052 1069 1103 sumus;
1123 1048 1179 1093 et
1223 1054 1316 1107 per
1360 1040 1692 1108 diligentiam
1734 1040 2113 1107 magistrorum

525 1131 702 1185 fratris
730 1133 895 1186 vestri
930 1131 1201 1200 prolectus
1230 1132 1513 1198 adolescit,
1543 1134 1644 1185 hoc
1669 1141 1873 1185 tantum
1902 1131 2116 1187 mordet

523 1225 785 1289 animum,
835 1225 979 1293 quod
1026 1224 1185 1294 longo
1226 1241 1257 1279 a
1293 1226 1445 1278 vobis
1492 1227 1686 1280 itinere
1732 1226 2110 1279 discernimur.

522 1312 627 1371 Sed
654 1316 976 1383 scriptorum
1007 1316 1152 1372 vices
1188 1315 1441 1382 frequens
1488 1332 1619 1370 usus
1659 1328 1912 1369 exerceat
1948 1334 1962 1368 ε
1994 1330 2114 1371 sar-

521 1405 728 1462 ciemus
754 1406 895 1462 inter
920 1421 1021 1463 nos
1045 1412 1345 1477 prwsentiae
1374 1410 1726 1476 voluptatem.
1763 1409 1968 1466 Valete.

1132 1518 1351 1575 EPIST.
1394 1520 1504 1576 LII.

900 1625 1215 1666 δγιιιιλῦηυς
1244 1627 1532 1668 NICOHACIII
1565 1629 1734 1668 I-‘ILIIS.

590 1701 865 1759 Adventus
892 1704 1099 1758 domini
1140 1713 1198 1760 et
1225 1706 1486 1775 principis
1512 1708 1686 1762 nostri
1721 1708 1902 1763 denuo
1928 1720 2114 1777 postu-

2221 500 2401 568 curri,
2441 510 2499 556 ut
2536 502 2654 557 sine
2696 502 2911 558 fastidio
2962 504 3209 563 lectionis
3244 505 3513 562 insinuata
3554 512 3808 569 noscatis.

2220 590 2433 650 Valete.

2826 668 3041 725 EPIST.
3076 669 3206 741 va.

2600 775 2913 816 SYIIACIIUS
2940 778 3224 819 NICOMACIII
3253 780 3427 820 Πιηιι.

2289 848 2468 905 Credo
2517 866 2661 905 nunc
2702 853 2879 905 saltim
2941 856 3148 923 priores
3184 856 3388 912 domini
3432 858 3534 913 mei
3562 856 3808 916 Praefecti

2219 938 2425 995 litteras
2452 942 2547 995 tibi
2573 942 2854 999 redditas:
2893 960 3013 1014 qua:
3062 947 3105 1000 si
3141 961 3270 1002 casu
3310 948 3493 1019 aliquo
3520 960 3612 1004 aut
3636 951 3807 1022 negli-

2217 1033 2395 1101 gentia
2427 1036 2706 1103 portitoris
2728 1037 2928 1106 elapsa:
2955 1050 3101 1104 sunt,
3140 1056 3207 1094 en
3236 1040 3332 1094 tibi
3365 1042 3528 1096 aliam
3567 1042 3805 1099 subtilis-
3834 1076 3841 1087 ο

2217 1126 2339 1180 simi
2372 1129 2468 1181 viri
2497 1128 2763 1199 paginam,
2791 1131 2875 1185 cui
2906 1146 2994 1187 me
3017 1131 3158 1188 hunc
3190 1148 3497 1190 sermonem
3526 1135 3685 1202 jussit
3709 1136 3803 1191 ad-

2212 1218 2475 1287 jnngcre;
2520 1230 2579 1274 ot
2626 1221 2753 1288 quid
2785 1224 3068 1278 sententia:
3100 1223 3195 1279 tibi
3241 1224 3313 1279 sit
3348 1223 3419 1281 de
3464 1226 3807 1297 suscipiendo

2217 1318 2463 1381 negotio,
2502 1316 2590 1370 cui
2628 1325 2680 1370 te
2717 1324 2867 1385 optat
2898 1316 3165 1381 adhiberi.
3213 1319 3296 1375 bis
3324 1321 3602 1376 consultus
3635 1334 3803 1390 expe-

2213 1402 2351 1459 dias.
2380 1406 2515 1460 Puto
2539 1409 2683 1461 enim
2709 1421 2806 1462 vos
2834 1411 2885 1463 in
2917 1410 3197 1466 meliorem
3230 1412 3593 1469 valetudinem
3625 1429 3804 1470 rever-

2216 1497 2369 1564 tisse,
2401 1509 2683 1569 postquam
2714 1501 2842 1557 mihi
2872 1502 3076 1559 fecistis
3101 1504 3356 1561 indicium
3376 1547 3392 1573 ,
3428 1508 3570 1577 quod
3608 1524 3800 1565 rever—

2212 1589 2354 1645 sioni
2385 1602 2579 1645 vestrae
2599 1594 2820 1648 morbus
2847 1596 3108 1652 obstaret.
3148 1597 3215 1652 Et
3256 1613 3355 1653 nos
3381 1600 3597 1669 quidem
3632 1602 3805 1655 malu-

2214 1700 2355 1747 mus.
2386 1698 2441 1739 ut
2466 1688 2732 1757 integrate
2760 1698 2901 1743 statu
2934 1692 3181 1745 sanitatis
3204 1692 3436 1747 reditum
3467 1694 3799 1763 spondeatis,

520 1791 708 1847 landus
745 1802 847 1849 est.
893 1793 1210 1850 Theodorus
1244 1797 1387 1851 enim
1424 1796 1506 1850 vir
1543 1797 1805 1863 illustris,
1856 1801 2096 1855 Mediola-

2218 1777 2313 1831 sed
2357 1779 2401 1832 si
2434 1782 2738 1847 corpusculi
2781 1783 3013 1849 querelae
3042 1794 3222 1837 votum
3255 1794 3552 1849 morantur,
3577 1786 3801 1839 eviden-

518 1885 768 1939 nensium
795 1884 1061 1954 legatione
1087 1896 1360 1957 suscepta,
1391 1888 1523 1943 eniti
1553 1887 1771 1953 dicitur,
1804 1899 1862 1943 ut
1889 1902 2110 1948 senatus

520 1980 861 2046 petitionibus
892 1980 1223 2049 provinciale
1243 1980 1569 2036 desiderium
1590 1980 1919 2051 praeferatur.
1964 1984 2107 2040 Prae-

519 2072 688 2129 fectus
710 2074 857 2129 urbis
892 2073 1018 2129 huic
1048 2073 1263 2143 negotio
1283 2074 1624 2128 sanctitatem
1662 2086 1805 2128 tuam
1836 2087 1982 2144 optat
2014 2078 2109 2132 ad-

518 2165 711 2235 hiberi,
752 2182 911 2238 quem
958 2175 1087 2237 puto
1130 2183 1293 2236 super
1344 2170 1447 2223 hoc
1488 2168 1696 2225 litteras
1744 2170 1810 2224 ad
1855 2186 1950 2226 vos
1984 2187 2108 2227 esse

516 2259 830 2314 missurum.
879 2260 1077 2315 llortor
1126 2261 1307 2331 igitur,
1354 2270 1411 2316 ut
1444 2263 1645 2331 scripto
1689 2263 1806 2331 ejus
1853 2274 2108 2319 evocatus

511 2354 752 2423 digneris
791 2369 1079 2410 accurrere
1118 2365 1245 2411 ante
1283 2367 1551 2422 senatum,
1602 2359 1692 2427 qui
1734 2358 1910 2414 idibus
1932 2358 2106 2414 Juniis

512 2447 633 2500 erit.
665 2446 787 2514 Ipso
814 2448 958 2502 enim
987 2448 1075 2503 die
1104 2448 1308 2519 legatos
1338 2452 1575 2506 arbitror
1596 2452 1893 2521 eligendos.
1933 2452 2103 2510 Multa

509 2547 638 2592 sunt
663 2538 854 2593 domus
884 2549 1085 2595 vestra:
1113 2541 1346 2611 negotia,
1380 2559 1499 2612 qua:
1522 2557 1552 2597 a
1584 2552 1634 2599 te
1672 2559 1854 2598 coram
1886 2546 1987 2602 sub
2008 2560 2103 2601 oc-

509 2634 726 2687 casione
752 2646 928 2688 causa:
953 2634 1177 2701 publica!
1210 2635 1589 2691 terminentur.
1628 2636 1898 2692 Praeterea
1921 2640 2101 2692 votiva

513 2725 709 2794 legatio
731 2735 848 2790 est,
897 2739 1018 2794 qua:
1050 2724 1193 2793 apud
1222 2738 1381 2782 aures
1408 2728 1806 2781 evocandorum
1856 2728 2103 2783 amabilis

509 2816 683 2871 futura
709 2818 985 2874 credatur.
1016 2818 1215 2887 Quaeso
1242 2835 1311 2876 ne
1337 2819 1576 2885 differas,
1610 2828 1667 2874 ut
1709 2823 2103 2879 reconciliatio-

511 2928 632 2969 nem
660 2915 949 2983 prmteritze
967 2915 1155 2985 gratia:
1175 2914 1545 2984 consequaris.
1571 2913 1779 2971 Valete.

1102 3024 1321 3080 EPIST.
1368 3024 1499 3080 LIII.

883 3133 1017 3173 SYIII
1027 3133 1191 3174 ACIIOS
1222 3132 1509 3173 NICOIIACIII
1540 3133 1715 3173 FILIIS.

2215 1869 2358 1925 tibus
2397 1872 2613 1941 scriptis
2652 1876 3110 1944 exspectationem
3154 1878 3485 1933 consulentis
3514 1878 3798 1935 absolvite.

2218 1960 2363 2017 Vale.

2801 2036 3016 2093 EPIST.
3060 2038 3217 2093 LVII.

2587 2142 2896 2184 εγειιλοιιυς
2924 2146 3207 2185 Νιεοιιιειιι
3249 2146 3421 2186 Πιης.

2256 2218 2665 2293 .Superioribus
2686 2220 2875 2275 diebus
2895 2228 2950 2274 et
2974 2237 3104 2275 mea:
3131 2222 3270 2275 circa
3296 2236 3391 2276 vos
3418 2224 3797 2286 observantia,

2209 2323 2265 2365 et
2294 2323 2485 2367 vestra:
2513 2315 2902 2381 exspectationi
2946 2316 3116 2369 multo
3173 2317 3522 2384 epistularum
3572 2334 3799 2374 numero

2205 2406 2466 2461 satisfeci.
2501 2406 2627 2462 Ilzec
2657 2422 2785 2462 vero
2807 2408 2997 2479 pagina
3027 2410 3235 2478 copiam
3270 2426 3376 2464 non
3405 2411 3651 2481 requirit,
3676 2427 3796 2465 cum

2208 2500 2310 2552 hoc
2339 2509 2543 2555 tantum
2574 2500 2966 2558 benevolentia:
3014 2516 3205 2559 vestra:
3254 2521 3351 2573 pro
3390 2516 3549 2577 captu
3586 2507 3797 2565 consilii

2207 2596 2311 2649 mei
2336 2597 2621 2665 suadeam,
2661 2606 2717 2652 ut
2749 2598 2815 2653 ad
2851 2600 3159 2667 praelectum
3208 2602 3462 2669 praetorio
3497 2600 3795 2656 Siciliensis

2204 2702 2383 2744 causa:
2424 2698 2616 2745 vestra:
2656 2691 2799 2746 actio
2829 2691 3216 2757 transferatur;
3265 2693 3314 2749 si
3360 2707 3540 2751 tamen
3590 2695 3791 2764 aliquid

2202 2779 2356 2837 vobis
2384 2783 2769 2852 experiendum
2798 2784 2920 2840 data
2948 2785 3149 2840 oblatio
3180 2787 3501 2843 reservabit.
3528 2786 3679 2844 Vale.

2769 2916 2989 2976 EPIST.
3020 2918 3199 2975 LVIII.

2519 3033 2523 3037 '
2578 3022 2886 3066 BYIIACIIUS
2910 3027 3196 3068 NICODIACIII
3225 3030 3403 3071 FILIIS.

2276 3098 2567 3169 Postquam
2598 3101 2789 3170 pignus
2815 3111 3056 3158 nostrum
3087 3104 3324 3162 Sibidins
3352 3108 3577 3165 Romam
3609 3111 3787 3177 rediit,

576 3210 867 3267 Maximum
916 3220 1152 3266 veterem
1191 3211 1455 3274 amicum,
1487 3209 1583 3265 sed
1621 3225 1816 3265 novum
1845 3219 2093 3280 agentem

2202 3190 2420 3246 nuntius
2472 3189 2597 3258 fuit,
2652 3203 2885 3261 quantus
2916 3193 3078 3248 tiliam
3111 3212 3284 3251 meam
3332 3205 3495 3256 vexet
3544 3170 3790 3272 corporis

507 3305 561 3359 in
590 3305 766 3368 rebus,
799 3303 1028 3372 accipite
1066 3301 1205 3358 inter
1239 3303 1440 3357 tirones
1481 3318 1601 3356 cum
1633 3304 1831 3357 canitie
1863 3303 2095 3357 militan-

504 3411 631 3454 tem.
668 3399 749 3452 Ab
793 3398 895 3451 hoc
931 3395 1296 3467 procontanda
1326 3395 1584 3450 discetis:
1618 3406 1777 3463 atque
1806 3394 1931 3451 ideo
1960 3396 2092 3450 mihi

504 3492 752 3561 fugienda
782 3500 865 3543 est
893 3488 1114 3563 prolixae.
1136 3487 1379 3556 epistola:
1410 3488 1603 3557 gratia.
1639 3487 1857 3555 Absque
1886 3488 2087 3543 adven-

503 3595 588 3637 tus
610 3585 771 3637 vestri
805 3582 1085 3651 petitione,
1108 3595 1268 3650 quem
1297 3581 1607 3652 freqnenter
1630 3582 1889 3637 exambio
1907 3621 1922 3646 ,
1967 3592 2021 3637 et
2046 3582 2093 3637 si

500 3674 827 3731 desiderium
854 3675 1019 3730 vestri
1040 3671 1277 3737 sineret,
1306 3672 1415 3742 jam
1453 3672 1614 3728 silere
1648 3672 1900 3727 deberem
1921 3712 1937 3739 ,
1965 3673 2091 3741 quia

502 3768 879 3824 verecundiam
901 3774 1091 3821 creant
1120 3763 1471 3821 inefﬁcaciter
1501 3765 1785 3833 postulata.
1815 3766 1920 3820 Sed
1941 3780 2095 3819 amor

502 3861 557 3914 in
588 3874 683 3914 vos
725 3873 877 3913 meus
909 3871 1078 3926 prepe
1114 3855 1502 3926 impudentiam
1542 3856 1733 3912 suadet
1778 3857 2092 3926 frequenter

501 3955 706 4011 elusus.
761 3953 962 4007 Vereor
1012 3960 1216 4019 autem,
1277 3964 1347 4005 ne
1394 3948 1517 4004 ideo
1572 3960 1811 4003 vestrum
1862 3949 2091 4004 reditum

495 4044 877 4118 promiseritis,
912 4062 980 4100 ne
1011 4053 1255 4099 nostrum
1283 4041 1351 4097 ad
1380 4055 1477 4097 vos
1507 4041 1871 4113 prohiberetis
1900 4057 2093 4098 excur-

500 4153 642 4193 sum.
677 4136 877 4192 Valete.

1094 4204 1315 4261 EI’IST.
1355 4204 1489 4260 LIV.

881 4313 1197 4355 δτιιιιλοιιυε
1221 4313 1509 4355 κιεοιιλοιιι
1536 4313 1712 4355 ειιιιε.

568 4394 812 4453 Salutem
854 4392 1008 4447 vobis
1048 4406 1354 4462 precamur,
1404 4392 1558 4461 cujus
1596 4393 1877 4455 indicium,
1923 4407 2090 4462 puero

499 4496 824 4551 revertentc,
865 4496 1117 4554 optamus
1153 4486 1431 4554 accipere.
1482 4484 1593 4540 Mea
1645 4486 1896 4541 valetudo
1938 4497 2088 4543 caret

2197 3282 2390 3348 dolor;
2443 3297 2596 3338 meus
2627 3300 2842 3355 quoque
2869 3286 3081 3341 animus
3121 3292 3390 3358 mgrescit.
3433 3293 3619 3363 Itaque
3648 3293 3788 3349 litte-

2198 3390 2285 3429 ras
2304 3373 2437 3429 nihil
2468 3386 2705 3432 moratus
2734 3378 2911 3442 emisi,
2953 3380 3111 3434 anxie
3142 3397 3188 3450 ῃι
3210 3392 3352 3449 tens;
3380 3384 3554 3452 primo
3577 3385 3784 3441 medica

2197 3482 2300 3536 ope
2328 3480 2386 3524 et
2412 3468 2741 3524 abstinentia
2773 3471 3060 3526 noxiorum
3085 3473 3149 3528 ad
3181 3476 3466 3531 sanitatem
3503 3476 3784 3545 iuventur:

2196 3558 2393 3615 dehinc
2446 3562 2693 3633 rescripti
2742 3564 2876 3619 lich
2920 3565 3201 3623 abolenda:
3246 3569 3592 3628 sollicitudini
3651 3588 3788 3627 mea:

2197 3652 2463 3707 ronsulat.
2487 3653 2593 3723 Ipsi
2624 3663 2744 3723 post
2770 3656 3068 3726 legatorum
3098 3663 3483 3729 profectionem
3517 3678 3609 3717 rus
3640 3663 3785 3720 Vati-

2196 3756 2413 3810 canum,
2454 3745 2599 3813 qnod
2632 3755 2820 3803 vestro
2863 3749 3063 3817 praedio
3108 3752 3370 3819 cohaeret,
3418 3757 3782 3821 accessimus;

2195 3844 2270 3902 et,
2302 3836 2349 3891 si
2376 3836 2507 3891 nihil
2539 3839 2795 3907 disposita
2817 3843 3134 3909 conturbet;
3186 3845 3240 3899 in
3271 3846 3485 3916 Apriles
3531 3848 3785 3904 kalendas

2195 3927 2337 3982 villa:
2379 3928 2492 3983 otio
2546 3930 2878 3987 defruemur.
2924 3933 3207 3989 Juniirum
3265 3938 3514 3994 delectus
3566 3940 3785 3996 urbanis

2195 4018 2412 4076 familiis
2454 4022 2774 4092 imperatus,
2830 4042 3003 4095 usque
3060 4031 3125 4083 ad
3176 4033 3362 4085 mterni
3402 4033 3660 4104 principis
3697 4051 3785 4090 re-

2193 4124 2391 4179 sponsa
2443 4116 2717 4179 pendebit.
2768 4118 2845 4172 De
2878 4119 3185 4189 conjunctis
3228 4124 3629 4194 exemplaribus
3676 4127 3782 4183 for-

2195 4217 2335 4256 mam
2391 4208 2643 4275 prtecepti
2693 4209 2977 4280 utriusque
3020 4224 3277 4270 noscens.
3337 4215 3465 4272 IImc
3512 4217 3635 4287 quia
3676 4221 3781 4277 tuis

2193 4291 2386 4351 litteris
2414 4296 2719 4353 desiderata
2748 4312 2873 4355 sunt
2894 4343 2909 4362 ,
2940 4304 3083 4358 misi.
3131 4307 3399 4362 Caeterum
3443 4324 3590 4363 mera
3620 4319 3781 4380 atque

2193 4387 2350 4442 unica
2381 4388 2510 4443 mihi
2541 4405 2700 4446 causa
2731 4393 2997 4449 dictandze
3023 4397 3266 4466 epistula:
3313 4398 3435 4465 fuit,
3482 4409 3542 4456 ut
3577 4402 3644 4456 ad
3680 4418 3779 4459 nos

2191 4494 2353 4548 super
2382 4481 2506 4537 lilia:
2528 4500 2667 4541 mete
2693 4488 3000 4545 valetudine
3019 4503 3168 4546 certa
3199 4501 3255 4547 et
3275 4494 3448 4551 amica
3472 4504 3603 4552 Volo
3640 4494 3778 4553 refe-

500 4580 711 4634 intcrim
758 4552 1058 4640 doloribus,
1117 4577 1215 4633 sed
1262 4552 1463 4647 indiget
1511 4579 1794 4645 lirmitate,
1851 4580 2086 4638 maxime
2114 4552 2164 4611 Β
2193 4585 2399 4631 ηιιιυτο
2443 4578 2594 4634 Vale.

497 4672 877 4728 accedentibus
919 4672 1096 4737 curis,
1148 4686 1284 4741 quas
1331 4672 1575 4741 proxime
1624 4672 1762 4728 facta
1810 4688 1841 4727 a
1896 4687 2086 4730 senatu

496 4765 644 4819 auxit
670 4764 892 4818 oblatio.
948 4764 1030 4817 lre
1076 4763 1286 4832 longius
1328 4764 1497 4833 piget,
1547 4779 1672 4818 cum
1711 4763 1829 4821 bmc
1871 4781 2086 4837 quoque

495 4860 703 4915 securis
731 4859 912 4913 animo
939 4857 1230 4927 ingessisse
1261 4860 1538 4925 pteniteat.
1593 4857 1797 4913 Valete.

1107 4948 1322 5005 EPIST.
1364 4948 1473 5005 LV.

882 5054 1195 5096 SYIIIACIIUS
1222 5055 1512 5097 NICOIACIII
1542 5056 1716 5099 I-‘ILIIS.

566 5132 690 5186 lleri
726 5147 821 5200 per
864 5132 1138 5186 hominem
1181 5148 1358 5187 meum
1406 5134 1596 5201 scripsi
1641 5143 1785 5190 metu
1821 5134 2076 5202 percitus,

494 5235 774 5296 postquam
825 5226 893 5279 de
932 5224 1243 5280 valetudine
1283 5227 1405 5281 lilia:
1459 5241 1594 5281 mea
1640 5242 1821 5282 amara
1862 5230 2078 5296 cognitu

494 5318 781 5371 nuntiastis
801 5358 814 5380 ,
846 5327 900 5372 et
938 5316 1115 5370 adhuc
1144 5319 1413 5385 pendente
1456 5334 1718 5387 responso
1752 5320 1967 5373 crucior
1998 5318 2080 5372 in-

494 5410 680 5463 certis.
708 5409 836 5463 Peto
864 5410 1024 5477 igitur
1048 5409 1263 5463 edoceri
1289 5411 1416 5479 quid
1439 5410 1488 5465 ei
1512 5410 1578 5464 ad
1606 5411 2076 5465 conlirmationem

493 5504 740 5557 sanitatis
764 5504 1077 5558 accesserit.
1112 5504 1311 5558 Rerum
1340 5519 1465 5559 vero
1491 5505 1838 5573 praesentium
1874 5503 2076 5559 nullum

494 5595 644 5649 vobis
675 5594 929 5649 indicium
962 5596 1138 5651 facere
1166 5597 1511 5652 decreverant
1538 5642 1555 5665 ,
1591 5612 1659 5652 ne
1688 5598 1742 5651 in
1782 5613 1945 5651 aures
1988 5614 2079 5652 ve-

492 5695 630 5740 stras
652 5687 908 5753 redirent,
934 5699 1055 5755 qua:
1082 5688 1345 5757 probabili
1371 5688 1701 5743 discessione
1722 5688 1947 5743 vitastis.
1968 5688 2075 5744 Sed

493 5778 612 5845 quia
641 5780 840 5835 civicus
862 5795 1012 5836 amor
1050 5781 1105 5836 in
1133 5783 1344 5853 negotia
1383 5783 1583 5838 urbana
1624 5794 1809 5839 curam
1842 5792 2075 5841 vestram

2784 4676 3001 4733 EPIST.
3043 4678 3150 4734 LIX
3164 4719 3178 4734 .

2575 4781 2765 4821 SYIIM
2788 4784 2887 4823 IIUS
2917 4786 3202 4826 NICOMMJII
3235 4789 3405 4831 FILIIB.

2263 4856 2580 4912 Anteriores
2608 4860 2803 4915 littera:
2834 4874 2959 4928 tuae,
3007 4881 3142 4932 quas
3170 4883 3293 4921 mox
3330 4869 3448 4923 alia:
3469 4883 3773 4930 consecutae

2189 4957 2336 5013 sunt,
2376 4965 2529 5017 spem
2577 4953 2708 5007 mihi
2756 4954 3095 5025 aliquatenus
3134 4960 3338 5015 reditus
3377 4962 3452 5015 tui
3494 4962 3767 5022 fecerant:

2191 5041 2444 5097 secunda:
2473 5048 2734 5113 promissa
2758 5060 3073 5104 vacuarunt.
3102 5052 3175 5105 lta
3199 5063 3255 5107 ut
3279 5065 3399 5124 post
3422 5060 3616 5113 multas
3644 5074 3774 5117 catt-

2190 5149 2280 5187 sas
2302 5137 2601 5205 negationis
2643 5154 2765 5195 meo
2803 5143 3035 5196 consilio
3074 5147 3344 5215 sequenda
3380 5152 3768 5209 committeres.

2189 5228 2297 5281 Sed
2320 5243 2420 5298 ego
2446 5233 2706 5301 cogitans,
2738 5233 2912 5301 primo
2946 5234 3069 5289 tiliae
3098 5252 3232 5292 mea:
3268 5241 3641 5297 conturbatam
3672 5260 3768 5297 va-

2191 5323 2506 5389 letudinem,
2537 5342 2653 5393 qum
2676 5327 2893 5394 spoliari
2934 5330 3126 5383 solatio
3169 5341 3262 5386 tuo
3302 5349 3406 5386 non
3431 5344 3600 5400 potest
3634 5355 3646 5387 :
3675 5337 3769 5393 de-

2189 5418 2314 5472 hinc
2338 5420 2598 5473 stomachi
2623 5420 2693 5473 tui
2719 5422 3160 5490 imbecillitatem,
3186 5440 3344 5495 quam
3367 5441 3487 5483 esse
3508 5429 3767 5498 imparem

2181 5509 2377 5565 scribis
2428 5510 2606 5565 itineri
2655 5515 3068 5579 promovendo:
3124 5527 3233 5571 tum
3281 5520 3564 5575 consilium
3612 5524 3769 5581 amici

2184 5604 2386 5671 paterni
2428 5604 2595 5657 otium
2650 5605 2987 5670 prtcferentis
3022 5626 3034 5660 :
3075 5610 3268 5665 dehinc
3309 5618 3767 5681 exspectationem

2181 5696 2404 5751 illustris
2437 5698 2555 5763 viri,
2587 5713 2744 5767 quem
2774 5698 2865 5752 ditt
2895 5701 3209 5758 existimans
3229 5705 3537 5761 abfutnrum
3569 5726 3584 5762 :
3626 5724 3765 5778 pra:-

2183 5799 2326 5845 tetea
2354 5789 2823 5859 interpretationes
2851 5791 3147 5862 hominum,
3181 5798 3271 5868 qui
3301 5808 3385 5868 te,
3420 5808 3479 5858 ut
3503 5802 3583 5857 ais
3604 5843 3619 5868 ,
3648 5802 3763 5871 epi-
