4218 6482
399 407 496 463 231

1614 406 2091 466 Ειηδῖοωιιυλι
2134 407 2333 463 LIBER
2378 408 2460 462 VI.

3567 409 3669 462 282

400 529 591 573 uantur
644 533 839 573 munus
888 519 1159 588 publicum
1211 519 1479 588 recepisse
1526 522 1577 573 iu
1636 520 1972 574 occasionem
2006 521 2049 573 Λ
2083 532 2149 569 nc
2192 531 2395 570 moram
2423 526 2655 571 vestram
2703 519 2876 569 votiva
2913 518 3106 583 legatio
3135 518 3239 580 jim
3290 533 3426 570 tlttttt;
3472 535 3531 569 ex
3569 534 3663 569 u~u

399 610 729 680 negotiorum
756 621 969 666 tuorum
992 630 1003 662 :
1030 611 1348 681 permissa-ii
1370 612 1499 663 mihi
1527 610 1974 664 deliberationem

398 704 548 757 vobis
577 700 821 761 refundo.
858 700 1098 771 Iniquum
1131 713 1212 757 est
1237 702 1378 756 enim
1413 712 1489 757 tot
1529 702 1791 771 oppositis
1822 717 1973 771 qua:-

396 800 660 854 stionibus
687 800 980 855 obnoxiam
1013 800 1127 854 fieri
1157 800 1475 853 sententiam
1508 813 1704 864 meam,
1728 808 1783 854 et
1814 797 1976 852 ﬁdem

396 892 668 947 suadentis
695 893 915 948 incertis
939 892 1238 948 futurorum
1271 891 1485 946 casibus
1504 892 1750 961 obligari.
1768 892 1973 947 Interea

396 983 780 1037 CUIISIIIUCIIdiE
804 983 884 1037 rei
914 982 1028 1038 dies
1059 983 1313 1038 existimo
1346 984 1735 1051 prorogandos,
1776 994 1829 1034 et
1856 983 1975 1048 epi-

396 1072 586 1126 stolam
621 1081 762 1126 tuam
816 1074 1077 1140 tantisper
1120 1073 1348 1129 reddere
1402 1074 1731 1141 magistratui
1775 1084 1977 1141 tempe-

394 1166 529 1219 ravi.
556 1164 760 1230 Brimo,
790 1167 913 1236 quia
943 1167 1248 1221 reverentia
1292 1167 1429 1219 nuda
1466 1176 1550 1221 est
1583 1183 1594 1217 :
1630 1167 1823 1219 dehinc
1854 1167 1975 1231 quia

393 1271 584 1311 causas
651 1257 953 1327 negationis
1012 1256 1147 1310 infra
1198 1258 1498 1312 devotionis
1557 1258 1975 1327 magnitudinem

395 1350 658 1415 primum;
707 1358 768 1403 et
806 1349 949 1417 quod
997 1363 1212 1403 nossem
1268 1349 1509 1416 pluribus
1566 1349 1812 1415 legenda,
1858 1363 1977 1415 qua:

394 1440 708 1509 scripseras.
744 1440 881 1495 Volo
909 1442 1068 1511 igitur
1092 1485 1107 1506 ,
1155 1450 1212 1494 ut
1242 1441 1546 1496 reverentia
1594 1440 1973 1505 cumulatiore,

394 1541 452 1586 et
494 1532 826 1601 gravioribus
858 1534 1091 1603 querelis
1117 1534 1522 1588 excusationem
1559 1543 1701 1585 tuam
1748 1534 1977 1593 munias,

398 1624 444 1678 si
474 1626 719 1681 voluntas
760 1630 1017 1680 manserit
1045 1625 1245 1680 laboris
1284 1634 1341 1681 et
1381 1626 1592 1680 itineris
1632 1624 1978 1694 deprecandi.

393 1716 607 1774 Valete.

1018 1788 1230 1843 EPIST.
1272 1788 1383 1842 LX.

761 1892 1071 1933 ετικλοιιυε
1109 1894 1388 1934 NICOMACIII
1429 1894 1599 1934 FIIJIS.

466 1969 652 2026 Prisca
691 1970 1030 2026 observantia
1078 1972 1219 2027 hunc
1259 1973 1528 2027 scribendi
1560 1973 1801 2027 ordinem
1834 1971 1978 2037 fecit,

392 2073 455 2118 ut
496 2064 658 2118 domo
705 2065 927 2132 profecti
968 2064 1207 2120 omcium
1252 2065 1491 2120 litterarii
1523 2067 1763 2119 muneris
1806 2065 1983 2133 auspi~

389 2166 607 2211 center.
639 2155 745 2210 Sed
793 2157 1009 2225 longum
1036 2159 1212 2211 visum
1257 2164 1341 2211 est
1390 2157 1588 2227 operiri
1622 2157 1983 2211 unanimitatis

392 2256 502 2302 tuae
531 2246 756 2311 litteras,
786 2262 1013 2317 quarum
1046 2264 1143 2303 nos
1169 2249 1439 2317 arguimus
1467 2249 1792 2303 tarditatem.
1812 2250 1982 2316 Atque

390 2338 520 2395 ideo
567 2348 774 2394 mutato
820 2341 999 2395 usuin
1042 2341 1144 2394 hoc
1183 2356 1376 2394 munus
1404 2341 1701 2409 erupimus.
1730 2340 1985 2408 Superest

391 2439 456 2484 ut
502 2430 676 2487 libens
704 2430 987 2499 rcpendas,
1020 2448 1138 2502 quae
1170 2432 1426 2489 inchoare
1455 2432 1741 2492 debueras.
1771 2446 1827 2488 et
1856 2449 1983 2502 pro-

391 2537 590 2577 vocare
637 2538 894 2578 exerceas
937 2526 1137 2594 stylum
1188 2525 1418 2581 indicem
1451 2536 1554 2580 tuae
1583 2527 1849 2583 sanitatis.
1881 2527 1983 2597 Ipsi

390 2614 447 2667 in
482 2615 745 2669 Arabiana
775 2616 1005 2670 domina:
1039 2618 1161 2672 filiae
1192 2634 1327 2674 mea:
1353 2629 1729 2685 cXSpectamus
1779 2621 1983 2673 adven-

391 2716 509 2760 tum
547 2723 561 2760 :
600 2706 727 2762 licet
756 2717 807 2761 te
836 2709 998 2762 etiam
1042 2708 1206 2763 decus
1236 2720 1483 2764 nostrum
1522 2712 1840 2767 soiemnium
1872 2711 1986 2767 die-

390 2810 515 2852 rum
543 2800 680 2853 ratio
704 2798 989 2855 confestim
1015 2801 1281 2869 spondeat
1307 2800 1639 2856 adl‘uturum.
1671 2801 1875 2856 Valete.

988 2934 1205 2991 EPIST.
1246 2934 1382 2990 LXI.

764 3041 1077 3083 εγιιιιΑοηυε
1113 3044 1396 3085 NICOIACIII
1436 3045 1609 3086 FlLllS.

467 3116 615 3172 Felix
649 3120 869 3173 materia
910 3129 994 3173 est
1036 3121 1265 3174 suadere
1298 3122 1487 3175 otium.
1514 3120 1620 3177 Sed
1654 3122 1768 3177 hate
1789 3122 1985 3176 exhor-

393 3208 530 3263 tatio
570 3208 807 3264 animum
858 3211 939 3265 sui
965 3211 1102 3280 juris
1131 3212 1375 3281 requirit.
1406 3212 1516 3268 Nos
1544 3229 1719 3281 neque
1748 3213 1985 3270 residere

395 3303 596 3369 patitur
631 3303 910 3358 liventium
942 3305 1124 3372 factio,
1174 3320 1273 3359 nec
1320 3304 1413 3358 filii
1459 3305 1673 3374 juvenis
1723 3306 1989 3362 institutio

395 3394 613 3463 longum
645 3396 994 3464 peregrinari.
1028 3396 1203 3463 Quare
1234 3406 1290 3451 ut
1322 3412 1606 3465 possumus
1626 3439 1642 3464 ,
1690 3398 1850 3454 modo
1896 3400 1983 3454 ab«

394 3499 583 3539 scessu
607 3526 623 3549 ,
655 3486 815 3540 modo
846 3488 1022 3541 reditu
1048 3529 1063 3554 ,
1094 3491 1363 3543 variamus
1413 3490 1654 3545 locorum
1683 3490 1988 3545 distinctio~

395 3592 541 3630 nem.
573 3576 911 3631 Testimonio
940 3589 1021 3633 est
1054 3580 1167 3633 lizec
1204 3580 1433 3643 epistola
1459 3620 1476 3645 ,
1527 3582 1833 3636 suburbano
1863 3596 1990 3649 agro

394 3683 566 3735 nuper
596 3672 813 3733 emissa,
841 3685 999 3739 quam
1031 3671 1097 3725 de
1137 3671 1351 3726 Corano
1380 3683 1587 3737 nostro,
1620 3675 1663 3727 si
1712 3674 1843 3727 nihil
1877 3674 1987 3727 dis-

391 3762 569 3829 posita
602 3760 916 3825 turbaVerit,
954 3762 1056 3815 alia
1087 3773 1465 3830 consequetur.
1501 3764 1751 3820 Vestrum
1779 3777 1861 3820 est
1892 3766 1990 3819 ltu-

391 3850 629 3921 jusmodi
674 3852 929 3907 absentia:
982 3862 1180 3908 nostra:
1224 3856 1589 3910 conditionem
1644 3856 1835 3910 litteris
1884 3856 1991 3911 fre-

395 3941 687 4009 quentibus
713 3958 932 4013 augere,
965 3946 1007 3999 si
1036 3946 1240 4015 placet;
1276 3948 1487 4015 juvare,
1515 3948 1561 4003 si
1588 3948 1858 4017 displicet.
1888 3947 1990 4002 Va-

397 4038 524 4093 lete.

985 4108 1199 4166 EPIS’I‘.
1243 4110 1404 4166 LXII.

774 4216 1084 4257 εὶίωλοιιυε
1123 4218 1404 4258 NICOIIACIII
1444 4219 1618 4260 FILIIS.

471 4295 654 4365 Legati
697 4296 902 4351 ordinis
932 4298 1106 4352 nosui
1134 4311 1200 4353 ex
1231 4313 1328 4351 usu
1356 4298 1491 4352 actis
1518 4298 1763 4351 omnibus
1811 4311 1991 4353 rever.

399 4397 605 4445 terunt.
633 4388 763 4443 Nam
806 4398 861 4445 et
904 4391 1135 4445 tironum
1176 4392 1485 4461 conquievit
1532 4390 1777 4456 indictio,
1817 4402 1871 4445 et
1897 4406 1988 4444 ar-

399 4482 547 4551 genti
595 4482 749 4536 nobis
782 4483 914 4535 facta
946 4482 1112 4551 gratia
1137 4491 1243 4537 est.
1273 4482 1449 4551 Super
1476 4481 1779 4550 impetratis
1810 4492 1985 4537 tamen

400 4570 579 4625 adhuc
622 4582 871 4640 speratur
923 4574 1117 4627 oratio.
1168 4572 1319 4628 Nunc
1370 4573 1671 4628 domestica
1710 4582 1765 4629 et
1806 4575 1987 4628 animo

401 4673 587 4720 vestro
631 4666 803 4719 amica
846 4665 1151 4736 jungemus.
1199 4667 1319 4722 Stat
1362 4667 1638 4722 nobiscum
1668 4665 1986 4721 valetudinis

402 4756 628 4812 bonum.
644 4756 799 4825 Stepe
824 4758 1079 4813 urbanam
1102 4760 1575 4813 cammorationem
1601 4758 1842 4826 proximo
1866 4772 1987 4811 rure

400 4846 804 4917 distinguimus.
838 4848 961 4904 Sola
989 4863 1088 4903 nos
1118 4850 1280 4903 vestri
1309 4851 1551 4903 absentia
1596 4858 1852 4903 macerat.
1881 4847 1987 4902 Sed

403 4941 448 4995 si
500 4941 551 4995 in
594 4954 941 5011 conspectum
988 4951 1234 4997 nostrum
1281 4957 1509 5011 propeee
1559 4943 1842 5007 veneritis;
1892 4956 1991 4995 nos

402 5048 619 5102 quoque
654 5049 928 5088 recursum
961 5046 1196 5089 veStrum
1227 5036 1279 5089 in
1307 5035 1651 5104 Campaniam
1678 5049 1799 5089 cum
1842 5034 1989 5087 voltt-

408 5134 556 5194 ptate
581 5126 971 5180 eomitabimur.
1006 5126 1205 5180 Valete.

980 5258 1194 5315 EPIST.
1237 5257 1412 5313 LXIII.

784 5384 1086 5425 SYMIACIIUS
1126 5387 1406 5427 MCOMACUI
1448 5387 1620 5427 FILIIS.

482 5484 589 5539 Per
639 5484 908 5538 hominem
940 5500 1116 5538 meum
1165 5486 1366 5539 litteras
1413 5484 1685 5538 dederam.
1725 5482 1989 5537 Continuo

408 5576 582 5630 adfuit
613 5575 869 5629 Maximus
893 5616 908 5639 ,
937 5574 1025 5642 qui
1060 5577 1193 5627 alias
1219 5577 1508 5642 postularet
1547 5592 1560 5627 ;
1596 5590 1763 5645 quare
1791 5575 1989 5627 saluta-

408 5670 609 5720 tionem
647 5668 924 5735 geminare
956 5683 1060 5719 nou
1091 5668 1275 5735 piguit.
1312 5668 1571 5722 Prmterea
1602 5678 1778 5736 exegit
1807 5680 1992 5722 recens

408 5759 631 5813 nuntius
674 5772 834 5827 super
862 5760 1092 5812 adventu
1121 5760 1318 5812 domini
1350 5770 1399 5813 ct
1432 5760 1687 5829 principis
1717 5759 1904 5822 nostri,
1936 5769 1991 5811 nt

411 5866 506 5905 vos
529 5853 598 5905 de
627 5849 802 5905 reditu
831 5866 1258 5919 contemnerem,
1286 5867 1441 5918 quem
1466 5863 1733 5908 maturare
1763 5852 1987 5916 debetis,

2082 610 2299 678 publico
2328 610 2587 675 iterando,
2629 619 2930 679 pne-vertat.
2968 607 3169 663 Valete.

2656 700 2870 755 EPIST.
2914 700 3095 754 LXIV.

2456 806 2765 847 SHISIACIIL'S
2799 807 3081 847 NICOMAt‘III
3121 807 3291 845 FlllIS.

2156 890 2473 958 Purgatur-io
2517 888 2911 943 medicamento
2950 888 3124 942 alvum
3156 903 3412 942 vacuasse
3452 898 3501 941 te
3531 891 3666 943 seri-

2079 995 2262 1049 pseras
2289 1022 2301 1042 .
2330 991 2384 1033 ut
2429 980 2610 1035 fervor
2636 980 2910 1033 oculorum
2940 993 3060 1033 cum
3102 989 3296 1033 αιτιοι-ο
3323 995 3486 1035 onere
3512 982 3667 1036 dece-

2078 1076 2251 1131 deret.
2286 1076 2439 1132 Scire
2495 1075 2742 1144 postulo,
2798 1091 2863 1129 an
2920 1075 3172 1142 pra‘dicta
3226 1077 3433 1129 curatio
3478 1074 3665 1129 efficax

2080 1169 2259 1235 fuerit,
2287 1184 2385 1222 nec
2410 1168 2677 1236 subegerit
2702 1184 2857 1221 causa
2890 1168 3049 1223 etiam
3078 1168 3356 1236 sanguinis
3381 1169 3669 1222 emissione

2078 1278 2245 1318 venas
2273 1264 2465 1332 juvari.
2506 1264 2605 1316 Par
2654 1262 2880 1328 requirit
2921 1259 3134 1315 affectio
3161 1301 3175 1323 ,
3222 1272 3474 1327 quantam
3521 1263 3669 1315 vobis

2080 1354 2238 1407 fidem
2277 1353 2432 1407 faciat
2463 1353 2583 1408 ﬁlia:
2608 1367 2744 1409 mea:
2766 1354 2982 1416 sanitas,
3011 1362 3069 1405 ut
3099 1352 3182 1405 liis
3206 1366 3270 1406 ex
3294 1362 3417 1405 voto
3443 1353 3671 1419 cognitis

2080 1446 2501 1500 sollicitudinum
2553 1456 2707 1499 acuta
2759 1444 3045 1514 deponam.
3100 1443 3228 1497 Nam
3279 1444 3409 1497 milii
3456 1445 3526 1497 oh
3569 1444 3669 1496 alia

2081 1552 2294 1605 quoque
2313 1552 2458 1605 aegre
2486 1547 2571 1592 est
2600 1538 2782 1591 turbas
2813 1536 2995 1605 patriae
3021 1536 3296 1603 cogitanti,
3324 1551 3455 1605 quas
3487 1539 3671 1604 prteci-

2086 1646 2187 1697 pue
2233 1641 2449 1684 movent
2489 1631 2539 1682 in
2589 1644 2741 1682 nsum
2792 1629 3077 1682 militarem
3134 1630 3297 1693 petita
3336 1628 3572 1682 servitia.
3608 1628 3673 1682 Et

2084 1738 2182 1776 nos
2210 1723 2423 1790 quidem
2454 1722 2660 1777 crebris
2690 1721 2936 1789 precibus
2978 1720 3289 1785 obnitimur,
3321 1731 3374 1774 et
3410 1720 3550 1774 diem
3575 1719 3673 1773 du-

2085 1814 2261 1868 eiinus
2286 1813 2665 1882 supp'icando;
2688 1814 2905 1882 jamque
2934 1810 3001 1864 ad
3028 1813 3255 1879 pretium
3286 1812 3489 1879 argenti
3512 1812 3671 1879 quin-

2014 1884 2059 1943 Β
2087 1922 2189 1976 que
2234 1907 2489 1961 librarum
2535 1905 2726 1961 misera
2773 1904 3041 1958 oblatione
3083 1914 3394 1972 perventum
3425 1916 3530 1959 est.
3562 1904 3670 1959 Sed

2088 2014 2303 2063 vereor,
2354 2015 2424 2054 ne
2472 2014 2569 2053 nos
2600 1998 2820 2052 alterius
2850 1997 2925 2051 rei
2969 1996 3091 2066 fuga
3136 2006 3362 2065 utroque
3390 1998 3673 2063 despoliet.

2087 2094 2377 2148 Prasfectus
2420 2094 2629 2163 agendo
2676 2093 2891 2161 negotio
2937 2092 3151 2159 segnior
3179 2090 3356 2155 visus,
3389 2090 3675 2158 Lampadio

2085 2200 2401 2241 successore
2445 2192 2682 2239 mutatus
2711 2195 2828 2248 est,
2860 2182 3014 2250 cujus
3059 2181 3298 2235 moribus
3336 2181 3675 2236 crediderunt

2086 2280 2439 2348 impossibilia
2491 2280 2814 2347 promoveri.
2862 2278 3009 2331 Nunc
3060 2286 3204 2345 peto,
3236 2286 3293 2331 ut
3341 2292 3425 2330 me
3452 2278 3674 2329 anxium

2086 2372 2289 2440 majore
2315 2388 2463 2440 cura,
2512 2387 2631 2441 quae
2658 2386 2758 2425 vos
2790 2370 3029 2439 respicit,
3059 2369 3308 2423 elevetis.
3339 2368 3471 2422 Nam
3502 2368 3675 2420 adhuc

2085 2465 2381 2520 discrucior
2424 2466 2627 2519 incerto
2656 2478 2754 2532 per
2781 2477 2983 2515 moram
3013 2462 3235 2525 servuli,
3265 2462 3355 2529 qui
3384 2462 3582 2515 duilum
3610 2464 3674 2513 ait

2088 2572 2182 2611 vos
2228 2558 2299 2611 ob
2346 2557 2535 2613 eadem
2579 2554 2849 2612 noscenda
2894 2556 3088 2609 missus
3114 2598 3129 2622 ,
3162 2555 3391 2609 necdum
3431 2552 3673 2608 revertit.

2088 2650 2296 2705 Valete.

2672 2739 2890 2795 EI‘IS'I‘.
2935 2738 3091 2793 LXV.

2463 2848 2768 2888 εγωυεηυε
2808 2847 2961 2886 NICOM
2973 2846 3090 2885 MIHI
3131 2845 3303 2884 FILIIS.

2158 2924 2447 2982 Scribenda
2479 2940 2585 2979 non
2613 2926 2849 2987 desunt,
2895 2924 2989 2976 sed
3041 2924 3223 2975 horret
3275 2921 3485 2974 animus
3534 2920 3676 2985 loqui

2086 3020 2219 3072 dura
2251 3025 2569 3070 memoratu.
2602 3013 2773 3068 Video
2801 3022 2975 3069 tamen
3022 3013 3217 3065 famam
3247 3026 3423 3065 rerum
3453 3010 3673 3063 urbana.

2089 3127 2205 3164 rum
2238 3124 2572 3178 nequaquam
2606 3122 2762 3175 posse
2788 3106 3051 3169 cohiberi,
3097 3119 3236 3173 qute,
3284 3114 3343 3157 tit
3372 3104 3485 3158 ﬁeri
3513 3114 3677 3168 amat,

2092 3204 2146 3257 in
2175 3203 2345 3270 majus
2374 3200 2661 3270 praesentia
2695 3199 2984 3254 nuntiabit.
3014 3196 3068 3251 Id
3102 3213 3169 3251 ne
3198 3197 3425 3261 accidat,
3458 3193 3676 3250 Brevia-

2093 3296 2172 3351 rio
2199 3296 2381 3349 addito
2410 3293 2676 3349 noscenda
2706 3293 3061 3347 discrevimus
3099 3309 3111 3343 :
3159 3300 3217 3344 ut
3264 3305 3436 3359 neque
3465 3290 3676 3351 litterae.

2092 3401 2210 3454 qua:
2240 3387 2390 3438 vobis
2414 3384 2790 3439 salutationem
2817 3382 3018 3448 ferunt,
3061 3383 3129 3436 de
3155 3382 3399 3434 sollicitis
3429 3379 3676 3432 amaritu-

2091 3478 2272 3531 dinem
2325 3477 2577 3544 trahant,
2624 3484 2680 3530 et
2727 3474 3076 3529 nihilominus
3107 3486 3381 3526 rumorum
3416 3472 3679 3524 licentiam

2093 3572 2226 3625 iides
2254 3568 2556 3638 scriptionis
2585 3566 2855 3626 excludat.
2885 3565 2989 3621 Sed
3020 3565 3086 3620 dc
3118 3564 3201 3617 his
3231 3564 3505 3616 hactenus.
3535 3560 3685 3613 Filia:

2093 3678 2227 3716 ntere
2258 3660 2505 3716 valetudo
2533 3661 2747 3729 gravior
2777 3660 2905 3713 mihi
2942 3656 3156 3712 caeteris
3184 3663 3289 3718 est,
3320 3652 3512 3717 quibus
3544 3666 3685 3704 nunc

2090 3755 2302 3807 animus
2347 3767 2650 3822 asperatur.
2701 3752 2964 3820 Exspecto
3011 3749 3172 3817 igitur
3219 3755 3277 3799 ut
3331 3744 3431 3805 illi,
3464 3743 3571 3795 Deo
3599 3742 3677 3809 jn-

2093 3854 2248 3901 vante
2274 3887 2287 3909 ,
2340 3846 2403 3898 ad
2434 3846 2658 3899 salutem
2690 3857 2811 3899 esse
2855 3842 3033 3897 omnia
3088 3840 3369 3895 nuntietis.
3402 3836 3476 3890 De
3502 3851 3605 3903 qua
3636 3837 3682 3888 si

2090 3948 2216 3993 vuto
2248 3951 2369 4007 apta
2399 3954 2734 4007 compercro,
2769 3951 2890 4006 pars
2923 3937 3021 3990 ista
3061 3934 3236 3987 solatii
3267 3946 3518 3987 curarum
3545 3944 3681 3999 quo-

2091 4047 2195 4101 que
2220 4045 2460 4087 mearum
2493 4030 2696 4101 reliqua
2726 4027 3005 4094 mitigabit.
3044 4025 3252 4079 Valete.

2668 4120 2884 4175 EPIST.
2928 4116 3111 4173 LXVI.

2462 4226 2773 4267 εγιηιλςιιυε
2813 4224 3093 4264 NICOIIACIII
3135 4222 3308 4261 ινιιιις.

2162 4304 2353 4359 Paucis
2397 4318 2424 4356 a
2457 4302 2628 4371 patria
2656 4302 2844 4355 diebus
2872 4300 3137 4354 ahfuimus
3164 4338 3178 4363 ,
3228 4306 3283 4352 et
3328 4292 3679 4349 theatralibus

2090 4394 2229 4450 ludis
2261 4394 2489 4449 reditum
2525 4403 2763 4448 nostrum
2795 4390 3041 4460 suffragia
3073 4389 3268 4444 civium
3297 4398 3677 4456 poposcerunt.

2094 4485 2201 4539 Nos
2245 4494 2423 4540 tamen
2468 4488 2630 4538 etiam
2681 4497 2821 4537 nunc
2858 4482 3218 4537 suburbanum
3271 4479 3368 4533 via:
3412 4476 3681 4531 Ostiensis

2090 4577 2372 4630 incolimus
2399 4617 2415 4639 ,
2449 4588 2722 4629 recursum
2760 4575 3019 4639 tantisper
3070 4578 3361 4631 morantes,
3394 4584 3459 4623 ne
3490 4582 3675 4635 preces

2093 4674 2435 4735 exspectasse
2483 4666 2779 4719 videamur.
2813 4663 2963 4729 Quod
3013 4662 3058 4717 si
3107 4662 3281 4715 facere
3322 4675 3387 4715 ex
3417 4659 3681 4713 sententia

2097 4758 2369 4826 religionis
2402 4764 2504 4810 tua:
2536 4764 2691 4809 antea
2725 4755 3012 4809 voluissem
3040 4793 3055 4817 ,
3104 4763 3158 4807 et
3197 4754 3445 4805 vitassem
3480 4751 3683 4817 pericu-

2097 4847 2234 4909 losa,
2267 4861 2386 4914 qute
2419 4855 2538 4913 post
2566 4854 2748 4897 secuta
2781 4852 2928 4908 sunt,
2963 4852 3016 4898 et
3046 4847 3377 4910 exspectatio
3421 4843 3522 4895 mei
3565 4842 3681 4913 plus

2095 4940 2368 5005 dignitatis
2401 4936 2695 4991 habuisset.
2720 4936 2825 4989 Sed
2852 4952 2953 4989 una
2986 4936 3077 4989 fuit
3107 4936 3262 5004 hujus
3289 4936 3495 4989 consilii
3524 4936 3680 4999 ratio,

2097 5046 2167 5085 ne
2194 5030 2505 5099 quihusdam
2553 5028 2672 5081 loco
2703 5028 2885 5095 pulsus
2914 5027 3147 5089 viderer,
3188 5034 3244 5081 et
3271 5025 3570 5081 verecunda
3602 5026 3684 5079 di-

2096 5121 2297 5177 scessio
2327 5128 2560 5175 verteret
2604 5119 2657 5173 in
2706 5128 2884 5177 notam
2924 5118 3239 5172 timiditatis.
3276 5118 3351 5171 De
3382 5117 3563 5173 Siculo
3590 5133 3681 5170 ne-

2098 5213 2240 5281 gotio
2267 5222 2447 5265 vestro
2471 5212 2972 5265 Sanctustlomazon
3002 5224 3087 5263 me
3118 5223 3328 5277 quoque
3358 5209 3683 5263 assentiente

2101 5306 2391 5376 rescripsit.
2416 5304 2565 5358 Circa
2600 5319 2711 5358 rem
2742 5315 2977 5357 nostram
3001 5303 3232 5356 Siculam
3267 5300 3533 5355 turbidum
3565 5316 3682 5354 esse

2102 5398 2401 5453 Nectarium
2434 5396 2631 5451 indicio
2676 5403 2833 5449 erunt
2863 5396 3069 5456 Iitterm,
3102 5408 3233 5459 quas
3262 5409 3432 5459 nuper
3458 5393 3681 5446 Eusems

2106 5488 2270 5543 misit.
2296 5488 2426 5541 Peto
2457 5502 2617 5555 ergo,
2669 5498 2721 5539 ut
2752 5487 2912 5541 homo
2942 5499 3118 5538 rerum
3152 5484 3385 5547 nescius,
3414 5486 3500 5551 qui
3528 5483 3679 5538 cubi-

2099 5580 2221 5634 culo
2246 5581 2461 5634 clausus
2487 5579 2653 5631 utiutn
2681 5580 2844 5643 fovet,
2870 5575 3071 5643 scriptu
3110 5591 3136 5627 a
3167 5574 3317 5629 vobis
3348 5586 3683 5638 coerceatur.

2100 5686 2166 5725 ne
2196 5679 2316 5740 post
2343 5670 2409 5723 de
2435 5669 2629 5723 Euscio
2662 5668 2817 5721 aliter
2846 5667 3062 5729 sentiat,
3094 5666 3137 5718 si
3167 5665 3389 5718 validius
3414 5664 3558 5732 jllrlt)
3586 5682 3681 5717 no-

2100 5772 2205 5814 stra
2233 5758 2551 5813 defenderit.
2578 5758 2751 5826 Ipsam
2781 5755 3011 5809 hominis
3038 5753 3205 5808 nostri
3228 5756 3505 5821 epistolam
3536 5756 3675 5815 misi,

2104 5862 2159 5908 ut
2183 5852 2495 5908 tcntameuti
2523 5850 2861 5907 insolentiam
2888 5848 2955 5902 de
2988 5848 3101 5911 ejus
3125 5848 3360 5903 moribus
3383 5848 3675 5907 aestimetis,
