4218 6456
430 381 540 441 385

425 596 573 642 ctum
601 588 1047 644 deliberationem
1075 599 1379 657 sequestro.
1423 588 1560 654 Quid
1603 588 1705 657 ipsi
1745 589 1813 643 de
1842 588 2016 644 reditu

428 688 523 731 ant
548 677 837 732 suburbata
859 677 1285 733 commoratione
1309 678 1628 744 statueritis,
1662 686 1786 733 avet
1806 678 2018 733 animus

427 772 665 826 edoceri.
692 771 840 828 Vale.

959 842 1174 899 EPIST.
1218 842 1475 898 LXXVII.

789 946 1101 989 ενιιιοιιυιι
1138 948 1420 988 ΝΙΕΟΙΑΟΙΙΙ
1464 946 1634 987 FILIIS.

498 1024 761 1078 Anteveni
803 1026 1199 1093 inquisitionem
1221 1068 1238 1091 ,
1288 1042 1408 1080 eum
1439 1042 1537 1079 vos
1568 1026 1827 1079 sollicitos
1868 1024 2012 1090 fore,

427 1115 573 1184 quod
602 1130 774 1171 essem
798 1118 988 1171 morbo
1015 1128 1329 1182 attentatus,
1354 1117 1712 1172 adverterem.
1740 1118 1804 1171 Et
1828 1132 2015 1185 quim-

429 1210 515 1263 t‘is
559 1210 705 1264 ultro
752 1212 1062 1278 scripserim
1089 1212 1293 1265 doloris
1342 1213 1445 1265 mei
1492 1211 1714 1265 adversa
1748 1212 1952 1264 tenuari
1997 1226 2009 1262 :

423 1300 701 1354 abolendae
714 1311 890 1354 tainen
905 1302 1276 1355 sollicitudinis
1289 1315 1449 1354 causa
1467 1302 1608 1371 (qua!
1622 1303 1757 1369 apud
1773 1310 2014 1355 amantes

423 1408 638 1459 semper
669 1393 938 1449 incredula
961 1394 1068 1458 e~t)
1091 1409 1232 1448 nunc
1261 1408 1474 1462 quoque
1504 1394 1713 1457 nuntio,
1735 1395 1778 1445 si
1809 1392 2009 1446 dictum

424 1485 602 1539 nullus
619 1483 846 1539 fortunae
873 1486 1006 1540 livor
1023 1485 1321 1553 elfaseinet,
1341 1487 1394 1538 in
1426 1486 1768 1541 concordiam
1801 1498 2008 1538 mecum

422 1576 705 1630 sanitatem
738 1577 931 1631 redire.
964 1576 1071 1632 Sed
1104 1578 1339 1631 nondum
1377 1593 1593 1631 sensum
1625 1595 1802 1631 meum
1847 1592 2007 1646 pene-

422 1676 529 1720 trat
560 1667 841 1721 ammnitas
880 1667 1146 1723 littoralis.
1190 1667 1321 1723 Nam
1352 1678 1410 1723 ut
1452 1685 1514 1723 ex
1549 1669 1705 1740 longa
1738 1672 1902 1723 maris
1926 1670 2011 1738 ja-

428 1758 665 1812 ctatione
682 1759 893 1813 stabilis
915 1774 1133 1827 gressus
1163 1776 1287 1815 sero
1315 1772 1627 1830 reparatur:
1657 1763 1736 1817 sic
1764 1772 2007 1829 tempore

1631 381 1913 437 EPISTOL
1930 386 1956 435 λ
1969 385 2109 438 IiUM
2152 386 2349 439 LIBER
2402 387 2506 439 Vll.

428 511 534 562 que
562 496 682 551 ideo
709 494 919 550 itineris
947 494 1216 549 ulterioris
1242 493 1523 563 ambiguus
1555 508 1723 565 usque
1748 494 1813 548 ad
1844 494 2017 560 prole-
2045 500 2099 557 Α

3601 388 3716 445 386

2672 497 2884 551 lil’lS'f.
2932 498 3167 554 LXXIX.

2495 602 2799 641 SVIIACHUS
2837 604 3122 644 NICOIACHI
3165 605 3336 644 HUIS.

2194 697 2387 752 :Evuin
2416 707 2628 752 maneat
2660 699 2744 753 hic
2772 699 2906 768 dies,
2936 704 3025 766 qui
3058 711 3108 756 te
3142 703 3327 767 nobis,
3357 704 3461 757 lilia
3488 752 3501 769 ,
3533 707 3703 761 dedit.

2123 787 2273 843 lluuc
2296 804 2394 857 ego
2424 798 2478 842 et
2522 790 2729 857 gaudiis
2759 796 2971 859 mentis,
3000 805 3053 846 et
3086 792 3371 848 verborum
3412 794 3706 851 honor-bus

2120 894 2216 950 per
2245 882 2439 934 lllttliOS
2494 898 2752 936 annorum
2796 899 3044 938 recursus
3086 885 3359 940 vobiscum
3400 898 3528 956 opto
3563 890 3702 944 cele-

2122 974 2296 1036 brare,
2347 973 2578 1040 adjicere
2609 976 2772 1029 etiam
2821 976 2948 1029 milii
2982 977 3253 1046 ingravatu
3280 1017 3295 1044 ,
3352 978 3443 1031 tibi
3472 980 3702 1045 jucunda

2118 1071 2453 1121 munuscula.
2481 1068 2545 1123 Ut
2572 1084 2711 1124 nunc
2737 1070 2931 1124 lineam
2962 1071 3115 1133 misi;
3143 1074 3294 1139 cujus
3312 1082 3486 1142 potest
3504 1074 3705 1127 oblatio

2116 1160 2307 1227 exigua
2335 1177 2436 1213 non
2466 1161 2664 1225 videri,
2709 1163 2753 1216 si
2786 1165 2953 1233 magis
2994 1164 3096 1218 mei
3125 1164 3176 1217 in
3202 1180 3298 1218 vos
3324 1167 3510 1232 animi,
3541 1181 3699 1237 quam

2114 1254 2196 1306 sui
2232 1256 2384 1321 pretii
2416 1256 2774 1311 mslimatione
2806 1259 3085 1327 pendatnr.
3112 1259 3263 1315 \‘ale.

2671 1372 2881 1425 lul’lST.
2924 1373 3134 1428 LXXX.

2477 1478 2789 1519 S‘INACIIUS
2826 1481 3107 1521 NICOJIACIII
3150 1484 3320 1521 FILNS.

2181 1572 2421 1629 Natalem
2462 1575 2693 1630 domina:
2741 1577 2861 1633 lilia:
2909 1594 3074 1643 mere,
3106 1594 3263 1648 quem
3304 1597 3395 1648 per
3425 1597 3683 1637 annoruu.

2111 1680 2363 1722 recursus
2407 1680 2653 1735 optamus
2679 1684 2802 1723 esse
2827 1684 3205 1737 numerosum,
3233 1674 3505 1726 vobiscum
3532 1689 3689 1742 agere

2109 1768 2163 1813 et
2212 1759 2528 1829 participare
2568 1763 2896 1825 voluissent,
2938 1764 3039 1817 nisi
3090 1765 3366 1833 proposito
3411 1766 3696 1819 restitiss-t

419 1863 553 1917 opus
577 1859 678 1912 est,
703 1858 761 1904 ut
782 1852 908 1907 tanti
932 1852 1055 1905 ntali
1082 1852 1327 1906 decessio
1348 1854 1521 1906 locum
1545 1854 1702 1907 faciat
1722 1855 2000 1923 voluptati.
2036 1877 2079 1937 Β
2110 1851 2359 1905 imbrium
2399 1853 2751 1908 continuatio.
2784 1854 3076 1923 Fungiinur
3103 1867 3278 1910 tamen
3308 1856 3559 1923 religioso
3592 1857 3686 1908 lin-

421 1941 559 2009 lirgo
583 1956 758 2011 neque
780 1940 1078 1999 Formiana:
1103 1960 1233 2006 ora}.
1263 1959 1435 2014 neque
1475 1945 1843 2001 :trdiliCatiunis
1870 1960 2003 2001 mere

418 2034 681 2100 tantisper
698 2034 859 2089 ullam
881 2036 1036 2105 capio
1061 2035 1419 2090 dulcedinem.
1439 2037 1544 2093 Sed
1570 2040 1703 2102 haec,
1737 2047 1794 2092 ut
1818 2052 1996 2105 spero,

413 2127 594 2179 omnia
631 2141 754 2180 cum
786 2127 928 2183 bono
948 2127 1268 2182 valetudinis
1296 2140 1651 2192 revertentur,
1684 2145 1914 2199 moxque
1934 2129 2000 2183 ad

417 2218 655 2272 laetitiam
678 2220 846 2273 vestri
872 2220 1034 2273 animi
1063 2220 1203 2289 ston
1232 2235 1354 2273 meo
1392 2222 1783 2275 communicata
1815 2234 1998 2290 ρει-νεα

412 2308 581 2365 tiient.
618 2308 772 2366 Vale.

943 2380 1159 2437 EPIST.
1201 2380 1483 2437 LXXVIII.

780 2486 1090 2528 SYIIACIIUS
1127 2488 1412 2527 NICOMACIII
1455 2488 1627 2527 FILIIS.

482 2562 615 2618 Cum
641 2562 772 2617 milii
803 2581 935 2633 puer
959 2578 1133 2619 vester
1155 2582 1315 2618 unum
1338 2568 1618 2632 epistolam
1646 2566 1997 2625 reddidisset:

410 2666 472 2711 ut
499 2657 846 2712 rescriberem
880 2658 1149 2725 protinus,
1194 2668 1441 2726 tanquam
1472 2673 1593 2713 mox
1634 2660 1903 2714 rediturus
1931 2659 1997 2714 ad

410 2764 507 2803 vos
530 2749 789 2803 inetibuit.
821 2748 929 2803 Sed
958 2759 1010 2802 ut
1042 2749 1238 2815 didici,
1270 2752 1381 2818 ipse
1403 2751 1468 2803 ad
1500 2751 1753 2803 ulteriora
1777 2764 1999 2804 centen-

407 2841 567 2901 deos.
601 2838 814 2893 mimica
843 2854 972 2892 usus
1000 2847 1082 2893 est
1110 2839 1266 2893 tecbn
1286 2858 1323 2903 ι.
1352 2854 1457 2907 quo
1489 2843 1732 2909 paginam
1760 2850 1996 2895 nostram

407 2950 592 2992 eomes
631 2936 748 3006 ejus
785 2936 1036 2991 Rusticus
1071 2937 1402 3006 deportaret.
1446 2935 1536 2989 llle
1580 2934 1802 2988 alteram
1857 2948 1995 2987 nunc

406 3043 684 3099 regressus
705 3033 930 3098 accepit.
958 3029 1152 3086 Ridere
1174 3043 1268 3084 vos
1294 3029 1546 3093 arbitror,
1595 3026 1735 3098 quod
1763 3041 1862 3095 ego
1880 3041 1998 3081 ser-

405 3120 498 3174 vili
537 3120 974 3191 circumscriptus
1011 3124 1260 3190 stroplia,
1312 3134 1408 3188 pro
1436 3130 1583 3173 sorte
1619 3117 1847 3185 simplici
1895 3118 1993 3171 du-

406 3213 552 3281 plum
599 3212 879 3267 solverint.
927 3210 1059 3266 Nam
1100 3213 1326 3266 callidus
1354 3211 1604 3277 vernula,
1651 3208 1789 3279 quod
1825 3207 1991 3264 semel

406 3306 646 3374 pertulit,
680 3305 762 3359 bis
786 3304 1008 3373 recepit.
1044 3304 1328 3375 Pergeretn
1362 3302 1591 3369 longius,
1629 3302 1672 3355 si
1695 3301 1993 3370 adjicienda

403 3409 773 3466 suppeterent.
798 3398 905 3453 Vos
935 3399 989 3452 in
1013 3401 1307 3468 propinquo
1331 3398 1500 3461 urbis,
1525 3396 1821 3451 telebriore
1854 3394 1993 3449 fama

404 3506 589 3545 rerum
618 3491 796 3558 agitis,
817 3498 873 3543 et
897 3492 1012 3560 pari
1038 3489 1171 3544 otio.
1192 3487 1444 3543 Vestrum
1471 3496 1553 3541 est
1576 3486 1761 3556 procul
1794 3486 1995 3553 positos

402 3586 578 3641 ditare
604 3585 886 3654 comperti.
920 3583 1072 3637 Vale.

2105 1957 2239 1996 nere
2276 1943 2497 2011 jucundi
2548 1947 2883 2001 minutusculi:
2918 1957 3192 2014 petentes,
3231 1959 3289 2002 ut
3339 1950 3693 2015 susceptionis

2106 2034 2432 2104 benignitate
2454 2036 2741 2091 oblat‘onis
2769 2039 2985 2091 exilitas
3010 2052 3286 2107 augentur.
3333 2038 3483 2093 Vale.

2652 2171 2865 2230 EPIST.
2904 2170 3143 2227 LXXXI.

2470 2279 2778 2320 SYIIACHUS
2816 2280 3095 2319 ιιιεοιιΑοιιι
3138 2281 3310 2320 ι·ιι.ιιε.

2174 2375 2373 2430 Omnes
2395 2375 2459 2427 ad
2489 2390 2585 2429 nos
2617 2376 2839 2430 natalitii
2864 2376 3092 2429 convivii
3121 2377 3301 2444 copias
3327 2377 3689 2431 transtulistis.

2102 2467 2211 2523 Sed
2265 2483 2427 2522 unum
2477 2468 2679 2533 de'uit,
2728 2469 3012 2537 quominus
3064 2467 3130 2521 ad
3175 2477 3415 2521 nostrum
3456 2468 3691 2522 animum

2103 2561 2429 2615 redundaret
2479 2562 2635 2629 plena
2685 2559 2944 2614 festivitas
2996 2577 3005 2611 :
3053 2560 3195 2629 quod
3253 2575 3359 2612 non
3414 2560 3688 2614 vobiscum

2104 2654 2277 2722 petius
2333 2665 2526 2707 cuneta
2592 2654 3026 2721 consumpsimus
3082 2669 3095 2703 :
3145 2669 3369 2721 quorum
3422 2655 3691 2709 contuitus

2102 2755 2262 2813 atque
2284 2748 2561 2802 cemimus
2574 2750 2955 2800 commendare
2979 2762 3356 2815 nonnunquam
3373 2746 3510 2801 solet
3527 2748 3689 2799 etiam

2103 2854 2258 2907 parca
2280 2839 2545 2894 convivia.
2580 2841 2754 2907 Quare
2781 2849 2834 2894 et
2857 2840 3027 2903 vobis,
3051 2848 3106 2892 et
3136 2841 3403 2891 tommuni
3444 2840 3649 2907 pignori
3673 2881 3687 2904 ,

2100 2932 2253 3000 cujus
2298 2932 2594 2985 solemnem
2625 2932 2767 2985 diem
2796 2931 2976 2986 Sedula
3026 2930 3284 3000 religione
3325 2932 3639 2985 celebrastis
3666 2971 3683 2995 ,

2102 3024 2297 3078 uberes
2360 3036 2642 3092 preCamur
2695 3037 2904 3083 annos.
2958 3038 3229 3076 recursum
3262 3022 3313 3076 in
3362 3021 3476 3075 ba-c
3504 3025 3691 3077 eadem

2101 3114 2235 3170 festa
2252 3124 2626 3169 numerosum.
2654 3115 2817 3170 Decet
2847 3117 2989 3170 enim
3013 3116 3130 3184 pios
3155 3124 3403 3183 parentes
3427 3115 3689 3169 inotl’t-nsa

2099 3208 2342 3264 felicitas.
2389 3208 2552 3262 Nobis
2591 3208 2823 3277 Tyburis
2860 3223 2986 3260 aura
3048 3210 3342 3269 blanditur;
3374 3208 3468 3263 scd
3507 3221 3690 3262 contra

2100 3312 2383 3368 exasperat
2405 3300 2638 3354 animum
2663 3300 2802 3354 male
2822 3312 2969 3369 gesta
2995 3302 3129 3354 ratio
3160 3303 3477 3355 villicorum.
3504 3300 3688 3369 Neque

2101 3408 2230 3465 ager
2247 3394 2456 3448 cultura
2490 3394 2651 3458 nitet,
2682 3405 2737 3446 et
2770 3392 3036 3447 fructuum
3073 3409 3196 3458 pars
3225 3408 3414 3462 magna
3444 3393 3689 3453 debetur.

2104 3488 2341 3556 nihilque
2378 3487 2488 3554 jam
2536 3487 2750 3541 colonis
2779 3498 3028 3556 superest
3058 3485 3365 3541 Incultalum
3386 3525 3401 3550 ,
3429 3486 3572 3554 quod
3601 3497 3688 3541 aut

2105 3578 2295 3632 rationi
2327 3578 2641 3646 opituletur,
2673 3588 2764 3631 aut
2792 3578 2979 3631 cultui.
3012 3576 3161 3633 Vale.

1338 3895 1810 4003 LIBER
1904 3893 2088 4000 SE
2102 3894 2195 3997 P
2217 3893 2510 3998 TIM
2532 3893 2751 4001 US.

891 4079 1178 4135 EPISTOL
1194 4086 1219 4131 ι
1263 4079 1369 4134 ΡΜ
1382 4081 1425 4133 Μ
1438 4085 1471 4132 Α
1484 4120 1495 4132 .

779 4186 1087 4227 εἵιιιιλειιυδ
1127 4188 1404 4227 δῪΙΙΙΛΕΙΙΟ
1447 4189 1606 4227 ιιιω.

474 4289 642 4345 Sume
668 4283 850 4339 alacer
882 4281 1085 4348 paterni
1114 4287 1382 4337 sermonis
1410 4282 1728 4349 auspicium,
1756 4290 1813 4335 ct
1837 4281 1988 4334 dein-

400 4395 533 4449 ceps
553 4376 716 4434 olt'lcii
739 4375 923 4445 parilis
940 4376 991 4428 in
1013 4388 1112 4429 nos
1129 4387 1245 4430 esto
1261 4376 1563 4430 munificus.
1588 4374 1755 4429 Simul
1778 4375 1982 4441 accipe,

398 4471 542 4544 quod
570 4483 696 4529 voto
726 4480 818 4522 tuo
836 4468 1113 4537 congruit,
1141 4466 1311 4524 fasces
1341 4475 1588 4539 praetura
1616 4476 1752 4536 tuae,
1777 4467 1829 4520 in
1859 4481 1982 4521 eum

2732 4081 2944 4137 El’lST.
2991 4083 3076 4137 Ill.

2627 4188 2941 4229 SVIIMACIIUS
2986 4190 3150 4231 FlLlO.

2162 4280 2439 4337 Secundas
2465 4282 2530 4336 ad
2576 4284 2955 4337 amabilitatem
2985 4296 3127 4341 tuam
3178 4287 3383 4342 litteras
3409 4290 3593 4351 mitto,
3627 4303 3682 4346 ut

2086 4375 2155 4427 sit
2176 4375 2462 4429 assiduitas
2488 4378 2591 4429 mei
2621 4379 2884 4430 sermonis
2906 4378 3115 4443 utrique
3137 4380 3351 4432 solatio.
3376 4377 3456 4433 Tu
3474 4397 3685 4451 quoque

2086 4467 2321 4519 studium
2372 4481 2548 4519 meum
2578 4507 2593 4530 ,
2626 4468 2839 4537 quoties
2866 4467 3116 4525 dominus
3149 4482 3207 4523 et
3237 4472 3402 4526 frater
3423 4481 3551 4527 tuus
3594 4490 3680 4529 oc-

398 4528 600 4617 :intnntt
651 4560 882 4616 feliciter
910 4558 1283 4628 proferendos,
1313 4563 1397 4613 cui
1419 4561 1681 4615 advocata
1707 4558 1983 4613 numinum
2015 4528 2062 4588 θ
2090 4554 2338 4609 casiones
2391 4558 2686 4623 repererit,
2733 4559 2987 4612 aemulare
3020 4575 3036 4613 :
3067 4570 3121 4614 et
3146 4561 3292 4616 salus
3322 4571 3407 4615 tua
3441 4564 3569 4617 mihi
3597 4577 3679 4619 se-

399 4656 700 4716 volnotate,
731 4664 833 4719 ego
859 4664 1070 4719 Quemne
1098 4651 1254 4707 laetus
1288 4653 1553 4707 intersim.
1595 4652 1788 4723 Optato
1827 4649 1987 4721 igitur

397 4746 585 4800 ltetare
607 4759 892 4813 processu,
920 4753 976 4800 et
1018 4753 1336 4814 propagatos
1365 4742 1459 4797 tibi
1484 4757 1655 4796 annos
1678 4743 1799 4794 vita:
1825 4748 1985 4807 atque

398 4836 621 4891 honoris
651 4836 1007 4904 interpretare
1035 4853 1048 4887 :
1075 4835 1317 4905 longiora
1339 4834 1481 4888 enim
1506 4833 1661 4899 ﬁunt,
1688 4850 1808 4903 qua:
1833 4834 1975 4889 diffe-

396 4939 607 4981 runtur.
635 4927 741 4983 Nec
762 4928 977 4982 dubites
1006 4928 1217 4994 utrique
1246 4936 1488 4980 nostrum
1515 4928 1853 4995 prospexisse
1880 4929 1984 4979 lor-

394 5029 622 5084 tunam;
673 5030 732 5073 ut
775 5032 829 5075 et
880 5029 1003 5074 tuus
1042 5020 1384 5087 magistratus
1432 5020 1647 5089 juvetur
1698 5014 1980 5087 praesentia

396 5113 584 5180 patris,
612 5119 667 5166 et
698 5111 952 5168 festorum
985 5120 1198 5166 tuorum
1226 5112 1500 5180 voluptate
1528 5126 1710 5166 coram
1740 5111 1977 5165 delruir.

398 5204 547 5259 Vale.

1037 5294 1249 5352 EPIST.
1292 5294 1352 5348 ll.

937 5401 1242 5444 εγιιιιιειιιη
1282 5403 1439 5442 HLIO.

464 5477 567 5534 Ubi
596 5479 823 5547 primum
852 5480 1120 5536 scribendi
1149 5482 1276 5536 mibi
1308 5482 1373 5535 ad
1403 5496 1498 5537 vos
1525 5482 1731 5551 copiam
1758 5482 1980 5537 familia-

393 5571 470 5629 ris
513 5571 735 5642 ingessit
766 5574 1005 5641 occasio,
1027 5591 1132 5629 non
1156 5574 1335 5630 distuli
1367 5575 1689 5631 desiderium
1722 5578 1801 5633 tui
1843 5579 1977 5632 scri-

392 5664 575 5731 ptione
604 5667 788 5720 testari
813 5681 827 5717 :
856 5676 912 5719 nt
939 5666 1127 5720 salutis
1155 5682 1289 5722 mea:
1319 5678 1499 5722 certus
1530 5677 1671 5721 tuam
1704 5683 1892 5730 cures.
1924 5678 1980 5723 ct

393 5754 622 5811 subinde
649 5758 944 5814 absentiam
973 5774 1144 5813 metm
1187 5759 1442 5816 litterario
1472 5759 1741 5829 voluptitc
1769 5760 1976 5817 solt-ris.

394 5842 548 5903 Vale.

2088 4648 2370 4703 cnritatem
2402 4648 2596 4702 tribuat
2616 4690 2631 4713 ,
2657 4660 2708 4702 et
2732 4650 3054 4719 scriptorum
3104 4652 3410 4720 iucunditas
3444 4654 3678 4725 voluptt-

2089 4756 2217 4801 tem.
2248 4744 2395 4801 Vale.

2707 4838 2922 4894 EPIST.
2964 4838 3053 4894 IV.

2622 4947 2644 4982 θ
2656 4946 2935 4987 VIIACIIL‘S
2973 4948 3130 4988 FILIO.

2156 5022 2488 5077 Circensium
2543 5024 2870 5078 solemnitati
2928 5025 3227 5080 consularis
3279 5025 3671 5095 magnificentia

2085 5113 2366 5170 satisfecit.
2397 5114 2662 5168 Lndormn
2689 5114 2867 5169 adhuc
2886 5125 2941 5169 et
2969 5119 3206 5171 muneris
3227 5118 3674 5188 splendidissima-

2088 5208 2367 5262 immincut
2396 5207 2729 5272 functiones;
2756 5209 2948 5277 quibus
2978 5220 3104 5262 ante
3140 5210 3454 5265 Februarias
3478 5226 3670 5280 nonas,

2085 5308 2143 5351 ut
2195 5304 2496 5369 opinamur,
2553 5301 2812 5367 impletis,
2859 5303 2956 5358 iter
3006 5304 3071 5355 ad
3124 5316 3301 5360 nostra
3347 5304 3670 5375 relegemus.

2085 5391 2209 5447 Rrec
2231 5408 2295 5447 eo
2325 5393 2537 5455 scribo,
2587 5404 2643 5446 ut
2670 5393 2853 5447 laetitia
2882 5394 3225 5451 amabiliiatis
3266 5406 3367 5452 tum
3413 5410 3509 5467 spe
3556 5413 3669 5451 mc-

2086 5484 2216 5538 liut-c
2248 5493 2521 5551 pascatur.
2550 5483 2704 5540 Vale.

2722 5575 2935 5632 EPIST.
2966 5577 3031 5632 ν.

2627 5684 2933 5725 ειιιιιιειιυς
2965 5686 3123 5725 FILIO.

2154 5761 2331 5817 Credo
2354 5762 2486 5815 alias
2516 5762 2720 5816 litteras
2742 5778 2890 5818 meas
2912 5767 2965 5815 iu
2994 5779 3184 5821 manus
3206 5761 3545 5818 amaliilitatis
3571 5772 3673 5813 tum

2084 5864 2211 5911 ante
2266 5866 2536 5912 venturas.
2595 5854 2762 5926 llnjus
2816 5872 3045 5927 namque
3096 5858 3339 5928 cpistola:
3394 5857 3675 5925 portitores
