4218 6440
552 338 656 392 287

1732 331 1794 397 ρ.
1840 328 2185 386 AURELIUS
2228 328 2309 381 SY
2324 328 2362 381 il
2377 328 2673 384 MAGNUS.

3739 334 3849 387 283

549 448 695 504 lento
742 444 931 501 itinere
982 445 1154 499 mulos
1197 444 1421 499 reduces
1454 452 1865 511 prosequentur.
1922 442 2031 510 Ego
2064 449 2140 492 ta-
2173 446 2216 499 Α
2250 439 2390 493 tibus
2417 439 2630 507 scriptis
2653 441 2706 493 in
2734 440 2973 495 notitiam
3006 449 3149 495 tuam
3181 442 3429 497 similiter
3452 451 3696 509 ventura,
3725 460 3847 516 qua:

551 554 671 595 men
702 536 1045 594 salutationis
1069 550 1291 592 munere
1316 535 1588 590 abstinere
1616 550 1722 589 non
1757 533 1902 602 potui
1939 552 1951 585 :
1985 532 2145 585 malui

551 634 694 685 enim
726 630 1026 686 redundare
1053 627 1289 685 olticium
1320 643 1444 682 sero
1474 626 1791 696 perfectum,
1819 640 1977 695 quam
2005 624 2150 678 desio

548 726 832 781 deraretur
862 724 1144 779 omissum.
1171 722 1301 776 Tuas
1330 722 1671 775 amalnlitalis
1716 720 1942 773 necdum
1990 719 2148 773 ullam

552 814 835 885 epistolam
857 816 1082 882 sumpsi,
1106 828 1289 883 quatso
1311 822 1367 868 ut
1389 813 1544 882 hujus
1569 813 1658 867 tibi
1679 813 1917 867 muneris
1939 824 2147 865 sunnna

551 909 763 963 curatio
788 907 880 964 sit.
929 907 1004 962 Ex
1040 914 1136 961 tuo
1175 907 1318 959 enim
1361 905 1536 962 metiri
1567 906 1746 959 animo
1778 917 1933 974 pates
1955 944 1971 969 ,
2020 905 2146 974 quid

552 1000 837 1056 levaminis
883 998 1196 1055 absentibus
1235 997 1432 1053 tribuat
1476 996 1765 1051 assiduitas
1815 996 2147 1065 scriptionis.

552 1089 707 1148 Vale.

1178 1181 1387 1236 EPlST.
1431 1181 1520 1233 Vl.

1098 1288 1407 1328 δυνηθείης
1440 1288 1599 1327 ι-Ἰιιο.

620 1362 875 1419 Desidera
884 1376 964 1418 tas
978 1364 1575 1434 proximeamabilitatis
1589 1374 1692 1418 ture
1706 1363 1908 1419 litteras
1920 1361 2146 1431 sumpsi,

547 1457 744 1526 quibus
774 1457 1107 1511 indicabatur
1132 1464 1187 1512 et
1218 1455 1473 1511 sedulitas
1492 1456 1656 1511 animi
1678 1457 1773 1521 tui,
1807 1464 1863 1510 et
1884 1454 2152 1522 profectus

550 1550 774 1621 ingenii.
820 1550 947 1606 Sola
986 1550 1229 1619 epismlze
1275 1550 1512 1604 brevitas
1560 1564 1897 1619 nequaquam
1930 1560 2153 1617 paterno

550 1643 827 1700 desiderio
869 1644 1149 1700 satisfecit.
1188 1643 1342 1711 Quod
1375 1659 1440 1700 eo
1488 1644 1700 1709 scribo,
1747 1651 1804 1697 ut
1850 1643 2150 1711 intelligas,

558 1745 814 1805 quantum
854 1751 918 1791 ex
968 1750 1219 1792 sermone
1259 1747 1349 1789 tuo
1412 1735 1645 1805 ceperim
1694 1736 2011 1803 voluptatis,
2062 1736 2151 1804 qui

2252 534 2511 601 gaudeas.
2551 533 2702 588 Vale.

2873 603 3089 661 EPIST.
3134 604 3225 661 XI.

2786 711 3100 751 εγκιηωυε
3128 713 3287 753 ηιιο.

2320 788 2568 856 Assurgit
2622 787 2835 843 animus
2868 803 3059 858 mens,
3110 792 3323 860 quoties
3352 791 3701 847 amabilitatis
3746 800 3851 846 tua:

2250 895 2431 937 sermo
2454 883 2715 938 defertur.
2740 883 2872 937 Nam
2896 894 2951 939 et
2975 885 3217 940 sanitatis
3246 896 3349 940 tua:
3378 896 3630 956 apportat
3662 888 3848 951 fidem,

2248 986 2303 1029 et
2334 976 2633 1044 profecmnt
2664 977 2901 1031 ostendit
2940 978 3159 1047 ingenii.
3216 979 3411 1034 llortor
3440 981 3619 1050 igitur,
3670 990 3727 1036 nt
3760 998 3846 1037 mc

2252 1069 2555 1136 huiusmodi
2588 1071 2779 1138 linguae
2813 1070 3048 1126 ﬂosculis
3080 1071 3386 1140 frequenter
3412 1088 3685 1143 aspergas.
3732 1074 3843 1130 Nec

2253 1165 2413 1218 ullam
2451 1165 2804 1219 cessationem
2849 1165 2939 1218 tibi
2980 1164 3249 1230 vindices,
3280 1165 3405 1219 dum
3434 1168 3705 1232 aestimas,
3760 1182 3846 1222 me

2253 1255 2403 1311 brevi
2440 1257 2769 1309 adfuturum.
2810 1256 3055 1311 Planiora
3102 1257 3246 1311 enim
3294 1258 3456 1320 ﬁent,
3506 1268 3561 1313 et
3606 1256 3845 1312 faciliora

2252 1348 2435 1404 omnia
2476 1349 2543 1401 ad
2592 1348 3013 1413 recurrendum,
3055 1348 3103 1404 si
3128 1350 3338 1421 paginis
3384 1351 3489 1405 tuis
3530 1352 3848 1407 revertentis

2255 1443 2471 1495 animus
2499 1438 2773 1496 incitetur.
2809 1437 2959 1493 Vale.

2870 1532 3086 1589 EPIST.
3127 1533 3242 1588 ΧΠ.

2802 1640 3112 1680 ενιωλοηυε
3144 1641 3305 1681 ιηωο.

2328 1717 2574 1787 Magnum
2596 1717 2649 1770 in
2672 1717 2889 1771 modum
2909 1716 3221 1772 sollicitavit
3241 1732 3325 1773 me
3346 1718 3721 1788 inmqualitatis
3742 1728 3845 1776 tua:

549 1843 752 1899 quem,
768 1829 978 1897 copiam
1012 1828 1269 1885 ἀετυίεεο,
1294 1827 1424 1895 Quis
1452 1829 1594 1883 enim
1623 1836 1775 1897 ορίει
1797 1828 2131 1896 salientem,
2168 1816 2212 1875 Β
2240 1811 2458 1866 nuntius
2478 1852 2493 1873 ,
2521 1809 2645 1863 licet
2672 1809 2936 1864 securitas
2962 1810 3209 1865 sanitatis
3233 1809 3423 1865 iisdem
3465 1812 3658 1867 litteris
3690 1824 3839 1868 esset

554 1920 657 1976 nisi
710 1935 889 1976 rerum
936 1922 1244 1977 benarum?
1291 1922 1521 1977 Posdtac
1568 1923 1726 1991 igitur
1780 1922 2146 1991 indulgentius

550 2012 750 2081 scribe,
783 2014 874 2069 lux
901 2029 1037 2078 inea.
1070 2025 1128 2069 ut
1150 2015 1389 2084 pleniore
1430 2015 1553 2087 styli
1598 2020 1671 2071 tui
1713 2030 1939 2071 munere
1966 2016 2148 2081 legen-

554 2106 625 2161 tis
649 2107 862 2163 animus
891 2110 1190 2178 expleatur.

1168 2200 1385 2257 EPIST.
1432 2200 1539 2254 Vll.

1099 2309 1409 2349 εγιωλωιϋε
1440 2309 1599 2348 ειωο.

621 2386 865 2440 Accessit
888 2387 1303 2454 peregrinationi
1324 2399 1522 2441 misine
1546 2385 1688 2456 μιγεὶ-
1715 2401 1741 2440 r
1762 2383 1875 2439 dies
1897 2398 1962 2440 ex
1991 2398 2142 2440 com-

550 2476 996 2545 perendinatione
1022 2477 1294 2543 ludorum,
1324 2491 1459 2547 quos
1482 2479 1781 2559 pluviarum
1812 2477 2144 2531 interventus

551 2571 844 2623 retardant.
877 2569 984 2625 Sed
1017 2571 1159 2635 volo,
1189 2578 1245 2623 ut
1271 2568 1410 2624 hanc
1434 2568 1748 2625 dilationem
1779 2570 1970 2625 salutis
2008 2583 2142 2623 mea:

551 2668 733 2715 certus
776 2660 968 2715 leniter
1000 2661 1176 2723 feras,
1217 2671 1271 2715 et
1298 2661 1625 2716 desiderium
1659 2662 1774 2726 tui,
1819 2663 1960 2729 quod
2001 2660 2141 2730 apud

550 2766 638 2807 me
660 2754 857 2809 crescit
884 2768 948 2808 ex
982 2768 1154 2821 mora,
1182 2753 1307 2825 atyli
1339 2755 1651 2810 assiduitate
1675 2755 1891 2810 soleris.
1914 2753 2067 2809 Vale.

1156 2888 1374 2945 EPIST.
1404 2888 1540 2945 Vili.

1096 2994 1409 3037 SYIIACHUS
1439 2995 1603 3037 “UO.

620 3068 869 3139 Conﬁdo.
894 3072 1120 3130 solando
1146 3073 1327 3130 animo
1350 3084 1441 3128 tuo
1486 3074 1613 3146 styli
1639 3074 1746 3129 mei
1771 3073 2139 3130 assiduitatem

2246 1905 2517 1971 adjuncta.
2545 1902 2722 1968 Quare
2748 1901 2910 1955 animi
2948 1903 3190 1957 incertus
3219 1918 3541 1971 appropero,
3568 1918 3732 1960 orans
3755 1905 3839 1960 di-

2250 2010 2374 2048 v.na
2408 1993 2675 2060 przesidia,
2708 2004 2766 2046 ut
2801 2003 2853 2046 te
2882 2005 3186 2062 compotem
3216 1995 3368 2049 bonae
3397 1996 3749 2065 valetudinis,
3788 2008 3847 2053 et

2244 2088 2471 2156 epistola
2522 2100 2668 2147 mea,
2714 2092 2771 2139 et
2798 2099 3051 2142 recursus
3084 2088 3337 2141 inveniat.
3371 2088 3496 2144 llaec
3520 2089 3664 2143 enim
3724 2092 3832 2144 voti

2249 2180 2456 2250 paterni
2490 2179 2799 2247 impetratin
2849 2177 3041 2245 faciet,
3064 2191 3121 2235 ut
3148 2181 3371 2237 rediisse
3402 2182 3656 2240 delectet.
3691 2182 3839 2239 Vale.

2852 2312 3067 2369 EPIST.
3108 2312 3249 2370 Xiil.

2791 2420 3101 2462 SYHNACBUS
3136 2423 3299 2462 FILIO.

2318 2495 2425 2553 lter
2446 2512 2622 2554 meum
2656 2499 2810 2552 fama:
2841 2498 3071 2554 varietas
3093 2500 3403 2557 retardavit.
3439 2501 3572 2558 Nam
3600 2503 3726 2560 dum
3750 2523 3844 2561 cx-

2246 2590 2398 2657 ploro
2446 2600 2565 2653 tua,
2613 2600 2665 2645 et
2711 2591 3100 2661 longitudinem
3145 2590 3247 2647 vite
3293 2592 3501 2650 dierum
3563 2595 3844 2667 interposi-

2246 2682 2391 2738 tionc
2419 2684 2710 2754 distinguo,
2745 2684 2959 2738 laudent
2983 2693 3196 2739 sextum
3220 2685 3324 2740 cal.
3353 2686 3568 2741 Martias
3594 2676 3843 2743 Mediola-

2244 2790 2368 2828 num
2385 2774 2664 2843 pchiceui
2684 2776 2969 2845 longinqua
2986 2779 3228 2845 perveni.
3246 2777 3395 2832 Nunc
3409 2778 3647 2834 laborem
3664 2797 3842 2837 meum

2246 2864 2450 2921 domini
2490 2878 2541 2922 et
2576 2869 2834 2937 principis
2864 2870 3031 2923 nostri
3061 2870 3290 2926 blandus
3313 2886 3493 2926 sermo
3513 2874 3715 2928 solatus
3737 2884 3838 2930 est.

2248 2958 2423 3029 Spero
2444 2960 2605 3014 etiam
2631 2960 2953 3031 legationem
2978 2961 3125 3017 brevi
3155 2962 3211 3016 in
3239 2963 3483 3018 natitiam
3510 2963 3674 3018 divini
3698 2966 3841 3034 prin-

2250 3050 2386 3121 cipis
2414 3051 2785 3122 perferendam
2820 3069 2835 3106 :
2862 3052 3129 3122 siquidem
3159 3055 3242 3109 vir
3284 3062 3473 3110 cuncta
3507 3057 3800 3126 praecelsus
3822 3099 3842 3121 .

553 3180 713 3236 posse
739 3168 1006 3223 sufﬁcere.
1036 3168 1167 3224 Nam
1213 3170 1519 3225 recentibus
1541 3142 1771 3239 scriptis
1814 3169 1954 3227 hunc
2000 3170 2140 3225 addo

2246 3144 2330 3198 cui
2359 3142 2559 3214 primas
2588 3154 2768 3213 partes
2791 3159 2970 3201 causae
2999 3146 3227 3215 publica:
3254 3159 3441 3202 noster
3466 3149 3599 3202 crde
3623 3148 3840 3203 manda-

552 3274 857 3314 sermonem
876 3302 893 3328 ,
923 3260 1077 3328 cujus
1108 3262 1271 3317 lectio
1293 3260 1386 3316 tibi
1409 3276 1559 3331 spem
1603 3262 1806 3317 reditus
1850 3261 1956 3318 mei
1987 3261 2146 3333 'polli-

553 3354 793 3420 eebitur,
830 3354 876 3409 si
918 3357 1029 3410 fors
1058 3364 1382 3425 praesumpta
1420 3356 1723 3410 conﬁrmet.
1764 3354 1923 3409 Ratio
1963 3366 2142 3410 autem

556 3443 716 3513 hujus
734 3444 1110 3501 restimationis
1151 3448 1203 3501 in
1234 3454 1422 3516 aperto
1443 3456 1526 3501 est
1555 3462 1570 3500 :
1607 3446 1730 3516 quia
1763 3455 1881 3515 post
1900 3446 2144 3516 magnifi-

548 3553 667 3591 cam
712 3537 959 3593 ludorum
1010 3540 1373 3595 consularium
1419 3538 1751 3596 functiOnem
1805 3541 1918 3595 sola
1966 3541 2143 3596 adhuc

546 3648 727 3687 arena:
748 3642 917 3690 restat
937 3634 1121 3689 editio.
1142 3634 1376 3688 Mutatur
1390 3634 1549 3704 igitur
1564 3634 1777 3688 animus
1792 3634 1844 3687 in
1863 3633 2138 3703 gaudium,

545 3732 601 3779 et
625 3724 878 3795 adeptum
907 3740 1032 3782 esse
1062 3735 1113 3782 te
1137 3725 1321 3792 crede,
1359 3724 1501 3795 quod
1528 3725 1800 3794 possibilis
1824 3723 2135 3794 conjectura

546 3814 835 3885 promittit.
869 3814 1021 3873 Vale.

1173 3906 1388 3963 EPIST.
1422 3906 1518 3962 iX.

1088 4016 1397 4058 SYMIACIIUS
1426 4015 1588 4057 FILIO.

618 4093 924 4150 Scintillare
970 4095 1306 4149 acuminibus
1348 4102 1509 4163 atque
1550 4094 1835 4150 sententiis
1880 4094 2141 4164 epistolas

546 4192 663 4238 tuas
676 4184 883 4255 gaudeo
908 4202 921 4237 :
944 4183 1101 4240 decet
1126 4186 1268 4240 enim
1294 4185 1437 4255 loqui
1462 4185 1820 4241 exsultantius
1839 4186 2137 4255 juveniletn

545 4275 803 4331 calorem.
838 4275 942 4332 Sed
966 4277 1108 4341 volo,
1141 4287 1197 4330 ut
1220 4277 1272 4330 in
1292 4277 1413 4331 aliis
1438 4277 1678 4331 materiis
1700 4276 1901 4331 aculeis
1929 4278 2134 4332 oratio-

552 4372 636 4425 nis
677 4373 844 4427 utaris
875 4390 887 4425 :
918 4372 1042 4427 huic
1066 4384 1248 4429 autem
1293 4372 1480 4442 generi
1517 4372 1827 4443 scriptionis
1869 4386 2137 4429 maturum

552 4466 756 4535 aliquid
784 4478 837 4521 et
865 4471 1131 4522 cornicum
1164 4468 1395 4523 misceas
1429 4484 1442 4520 :
1471 4466 1614 4535 quod
1642 4468 1736 4522 tibi
1766 4477 1824 4522 et
1864 4469 2137 4524 rhetorem

558 4565 706 4610 tuum
733 4558 896 4613 credo
932 4560 1240 4627 praecipere.
1271 4558 1401 4614 Nam
1432 4567 1489 4614 ut
1522 4557 1576 4613 in
1606 4560 1801 4614 vestitu
1835 4560 2136 4629 hominum,
2166 4565 2217 4626 ι)

551 4658 860 4720 caeteroqne
904 4652 1025 4706 vitae
1054 4653 1225 4719 cultu,
1251 4654 1371 4707 loco
1400 4666 1463 4709 ac
1506 4654 1734 4723 tempori
1764 4662 1886 4722 apta
1918 4668 2140 4709 sunmu-

550 4756 638 4798 tur
667 4762 681 4801 :
712 4746 781 4799 ita
829 4746 1160 4818 ingeniorum
1207 4749 1435 4803 varietas
1465 4750 1517 4803 in
1546 4747 1895 4804 familiaribus
1923 4750 2141 4818 scriptis

551 4836 924 4906 negligentiam
950 4838 1232 4905 quamdam
1261 4839 1428 4895 debet
1452 4838 1682 4905 imitari,
1733 4839 1787 4894 in
1837 4840 2144 4896 forensibus

557 4944 683 4983 vero
703 4940 923 4999 quatere
953 4947 1099 4987 arma
1127 4932 1413 4989 facundiae.
1438 4933 1544 4990 Sed
1575 4933 1643 4988 de
1665 4936 1749 4988 bis
1771 4948 1878 4989 non
1898 4916 1899 4919 η
1917 4934 2006 4990 ibo
2030 4935 2145 4990 lon-

550 5020 689 5089 gius.
721 5020 890 5092 Perge
912 5024 1146 5091 interim,
1171 5036 1354 5094 quote
1376 5026 1551 5081 aetatis
1573 5025 1826 5094 impetus,
1854 5033 1910 5083 et
1934 5036 2144 5084 natura

552 5111 714 5166 ardor
757 5114 1002 5181 impellit.
1047 5116 1143 5170 Mei
1176 5117 1282 5172 voti
1310 5125 1472 5187 caput
1504 5126 1623 5182 est,
1660 5118 1795 5174 bene
1842 5118 2049 5187 valeas,
2092 5128 2149 5175 et

551 5218 710 5275 supra
736 5221 904 5262 annos
934 5214 1054 5262 tuos
1086 5209 1380 5264 litterarum
1410 5208 1535 5264 dote
1558 5210 1813 5266 ditescas.
1847 5208 1996 5266 Vale.

1181 5342 1397 5400 EI’lST.
1438 5344 1507 5399 X.

1093 5451 1401 5493 εγιεμιιευυε
1430 5454 1589 5495 ῖιωο.

633 5522 819 5579 Amico
851 5536 1035 5582 nostro
1064 5528 1237 5581 Annio
1261 5528 1462 5582 cursim
1505 5528 1847 5598 prattereunti
1893 5526 2039 5596 potui
2066 5541 2154 5583 so-

558 5622 662 5677 lant
696 5620 987 5676 dictionem
1035 5620 1221 5674 Salutis
1254 5621 1563 5690 iniungere;
1594 5624 1687 5677 sed
1717 5622 1902 5676 debuit
1945 5621 2038 5674 tibi
2066 5635 2155 5675 sa-

557 5717 736 5769 nitatis
762 5730 895 5770 mete
928 5716 1084 5769 fidem
1121 5714 1300 5769 facere
1340 5713 1509 5768 lectio
1538 5713 1858 5769 litterarum.
1900 5713 2028 5769 Esto
2057 5711 2153 5780 igi-

557 5821 637 5863 tur
658 5812 834 5866 anittto
864 5807 1069 5865 iustiore
1117 5828 1127 5862 :
1161 5817 1214 5864 et
1240 5822 1418 5871 spera,
1452 5808 1616 5866 decus
1646 5824 1845 5869 meum,
1898 5808 2151 5869 frequen-

2244 3234 2319 3288 vit
2344 3248 2465 3289 mox
2494 3249 2615 3287 cum
2649 3234 2910 3306 praesidiis
2936 3235 3283 3293 validissimis
3312 3239 3497 3293 adfore
3536 3240 3841 3293 nuntiatur.

2242 3324 2437 3381 Vestro
2488 3325 2702 3379 silentio
2753 3326 3097 3381 vehementer
3134 3327 3377 3383 oli‘endor
3419 3347 3430 3382 :
3483 3337 3645 3398 atque
3721 3329 3846 3386 ideo

2246 3427 2398 3487 peto,
2450 3429 2508 3472 nt
2536 3419 2981 3488 peregrinationis
3019 3434 3153 3476 metu
3194 3420 3505 3490 patientiam
3526 3420 3721 3477 crebro
3757 3421 3840 3491 ius

2243 3511 2383 3566 vctis
2428 3510 2613 3565 allata.
2661 3509 2813 3565 Vale.

2856 3580 3071 3637 EPIST.
3114 3581 3255 3639 XIV.

2806 3690 3119 3731 εῖυκλοιιυε
3152 3690 3314 3731 “UO.

2312 3765 2446 3821 Cum
2493 3769 2758 3822 veredarii
2805 3769 3019 3823 deesset
3068 3768 3323 3833 occasio,
3377 3769 3583 3835 privato
3629 3766 3833 3822 homini

2243 3858 2516 3913 reddenda
2566 3859 2766 3928 scripta
2817 3860 3081 3914 commisi.
3138 3860 3288 3915 littttc
3329 3860 3397 3914 ad
3437 3874 3531 3914 vos
3610 3862 3845 3916 arbitror

2240 3962 2366 4004 sero
2386 3960 2687 4004 venturum.
2716 3950 3002 4019 Utriusque
3029 3950 3222 4006 litteris
3242 3949 3427 4005 eadem
3479 3954 3840 4016 continentur,

2240 4041 2383 4111 quod
2408 4050 2619 4096 sextum
2642 4043 2745 4096 cal.
2773 4042 2985 4097 Martias
3017 4041 3375 4097 Mediolanum
3398 4044 3567 4097 multo
3590 4043 3836 4101 anfractu

2239 4134 2636 4189 circumvectus
2673 4135 3014 4198 intraverim,
3058 4143 3451 4202 veneratusque
3487 4135 3760 4190 dominum
3789 4145 3842 4192 et

2242 4228 2537 4298 principem
2565 4228 2999 4296 nostrum,cujus
3023 4242 3205 4285 sermo
3233 4228 3442 4284 itineris
3471 4231 3575 4283 mei
3605 4229 3844 4285 laborem

2241 4323 2629 4392 eumpensavit.
2688 4323 2745 4376 In
2806 4322 3155 4391 prmsentiam
3213 4323 3310 4376 viri
3355 4333 3549 4377 cuncta
3601 4320 3844 4391 pratcelsi

2241 4414 2453 4471 comitis
2494 4414 2696 4485 agenda
2724 4414 2964 4482 produco
2995 4431 3010 4480 ;
3042 4429 3201 4482 quem
3231 4429 3355 4469 mox
3380 4410 3543 4479 {Deo
3585 4414 3839 4485 juvante,

2241 4507 2425 4563 adfore
2453 4506 2760 4562 nuntiorum
2792 4506 3075 4562 confirmat
3096 4508 3347 4562 assertio.
3373 4508 3525 4562 Nune
3570 4516 3676 4562 tua:
3697 4522 3843 4563 curat

2244 4600 2336 4664 sit,
2362 4599 2527 4655 decus
2563 4608 2827 4661 nostrum,
2872 4598 3323 4669 peregrinationis
3357 4613 3492 4655 mete
3521 4614 3677 4655 curas
3703 4596 3840 4671 styli

2246 4691 2567 4746 assiduitate
2595 4691 2779 4745 solari.
2808 4690 2958 4745 Vale.

2855 4779 3077 4836 EPIST.
3120 4780 3239 4839 XV.

2777 4888 3091 4928 ενωιλευυε
3137 4889 3297 4929 ειωο.

2323 4966 2589 5023 Amicitiae
2628 4974 2829 5022 nostrae
2869 4968 3255 5037 contemplatio
3296 4982 3449 5038 spem
3483 4966 3612 5020 ntihi
3643 4969 3841 5019 adven-

2251 5071 2338 5116 tus
2369 5062 2445 5116 tui
2478 5062 2697 5116 fecerat.
2734 5061 2905 5130 Prope
2933 5069 3015 5115 est
3045 5068 3103 5114 ut
3131 5074 3345 5115 errasse
3371 5078 3456 5115 me
3484 5063 3726 5124 credam,
3750 5061 3841 5129 qui

2250 5164 2302 5210 te
2333 5155 2547 5225 sperati
2580 5157 2630 5209 in
2662 5163 3013 5223 conspectum
3044 5155 3283 5225 parentis
3323 5167 3513 5224 sponte
3540 5164 3837 5213 venturum.

2247 5248 2470 5314 Quando
2493 5247 2655 5319 igitur
2674 5246 2793 5302 sine
2822 5247 3021 5302 ambitu
3055 5258 3238 5302 nostro
3266 5258 3411 5302 recte
3436 5247 3613 5301 facere
3642 5248 3842 5312 nescis,

2247 5350 2433 5397 oratus
2462 5357 2783 5411 appropera.
2822 5342 2884 5396 Et
2911 5340 2956 5395 si
2984 5350 3037 5396 te
3062 5340 3351 5410 superbum
3381 5341 3561 5412 "fybur
3586 5342 3840 5407 explevit,

2260 5434 2616 5491 Laurentibus
2654 5436 2817 5504 sylvis
2855 5448 3066 5488 animus
3105 5441 3417 5498 commuta;
3466 5448 3565 5487 nec
3608 5435 3843 5488 verearis

2258 5529 2400 5582 ruris
2428 5527 2631 5581 horridi
2659 5525 3146 5580 denuntiationem.
3193 5526 3250 5579 lu
3282 5526 3453 5579 oculis
3484 5534 3565 5579 est
3595 5526 3840 5578 venanti-

2261 5618 2360 5674 bus
2384 5633 2570 5673 mare:
2604 5619 2802 5673 celebri
2833 5618 3027 5671 itinere
3049 5616 3172 5670 villa
3202 5616 3611 5686 pl‘a’slrittgilttr.
3647 5616 3701 5669 in
3731 5616 3841 5681 ipsa

2260 5713 2367 5767 itur
2396 5710 2655 5776 ferarum,
2686 5710 2905 5775 cubilia,
2939 5709 3099 5775 plano
3129 5722 3192 5761 ac
3220 5710 3399 5775 patulo
3432 5722 3673 5761 accessu.
3730 5706 3839 5763 Etsi

2261 5806 2371 5861 haec
2395 5804 2665 5869 abessent,
2691 5803 2917 5858 anteiret
2946 5799 3197 5855 nimirum
3228 5817 3253 5854 s
3279 5816 3408 5855 't‘lllt)
3440 5799 3572 5853 inter
3602 5815 3696 5853 nos
3729 5815 3840 5852 rntt~
