4218 6446
410 361 516 416 289

1612 345 2097 405 EPISTULARUM
2140 345 2340 400 LIBER
2382 346 2494 402 VII.

3578 350 3685 406 290

412 482 557 537 tuus,
587 474 641 525 et
680 469 976 524 litterarum
1009 466 1245 522 liberalis
1273 462 1522 527 collatio,
1554 460 1874 515 Tarentinas
1900 467 1992 510 aut
2021 459 2071 517 Α
2104 470 2341 510 mensam
2368 454 2692 513 succinxerit
2720 456 2911 513 modus
2934 456 3301 526 voluntarius;
3335 468 3426 515 aut
3451 475 3684 532 unquam

409 564 618 620 Siculas
640 562 959 630 voluptates.
995 559 1171 627 Quare
1191 559 1235 613 si
1261 566 1315 611 tu
1339 569 1549 626 quoque
1572 552 1695 608 huic
1715 553 1998 607 sententia:

411 670 626 711 manum
667 654 919 725 porrigis,
956 652 1096 706 adde
1136 659 1187 706 te
1226 649 1598 704 rusticantium
1640 658 1897 708 numero;
1942 651 2001 697 et

412 748 679 817 pauliSper
700 742 935 801 Catones
960 754 1119 814 atque
1145 742 1339 796 Atilius
1366 739 1645 805 aemulare,
1670 750 1804 808 quos
1823 734 1997 791 vomis

410 852 465 896 et
493 840 625 896 stiva
654 838 721 893 ad
749 838 1059 894 consulares
1085 835 1231 890 misit
1256 847 1500 888 secures.
1530 831 1676 886 Vale.

1002 969 1224 1025 EPIST.
1264 967 1405 1024 XVI.

904 1076 1212 1118 εγιυλοωυε
1262 1074 1494 1116 ΑτΤΛιΟ.

485 1165 667 1221 Vicem
697 1162 966 1220 sermonis
1005 1161 1111 1217 mei
1141 1159 1479 1216 desiderasse
1520 1166 1572 1211 te
1611 1151 1857 1222 gaudeo:
1900 1149 1998 1207 sed

411 1259 638 1316 amolior
668 1257 923 1313 invidiam
958 1252 1317 1326 negligentiae.
1354 1251 1543 1306 Parata
1568 1248 1712 1304 enim
1734 1240 1996 1315 responsa

409 1352 650 1411 deseruit
679 1350 987 1408 tabellarius
1018 1358 1162 1414 tuus,
1188 1345 1425 1413 excitus,
1459 1354 1516 1399 ut
1545 1340 1708 1397 fando
1733 1338 1994 1406 comperi,

410 1443 733 1501 valetudinis
776 1452 881 1498 tute
923 1439 1110 1497 dubio.
1174 1434 1439 1508 Agnoscis
1490 1444 1686 1503 nempe
1734 1427 1998 1485 infucatas

410 1551 556 1602 esse,
585 1550 685 1592 nec
711 1549 778 1591 ex
806 1534 916 1588 alto
941 1531 1080 1587 trahi
1108 1528 1424 1586 cessationis
1461 1540 1596 1580 meae
1622 1536 1830 1578 causas.
1881 1521 1997 1575 Non

412 1632 503 1686 ibo
531 1627 763 1699 longius,
796 1626 921 1695 quia
961 1623 1140 1679 brevis
1169 1631 1254 1678 est
1281 1620 1510 1677 assertio
1537 1615 1798 1672 veritatis.
1848 1614 1999 1670 Nunc

411 1722 698 1778 sanitatem
746 1719 840 1774 tibi
886 1717 1146 1789 gratulor,
1190 1729 1293 1785 qua
1345 1720 1465 1782 post
1518 1709 1742 1764 nimium
1794 1717 1997 1763 metum

2103 550 2349 604 Formias
2411 549 2588 607 vicina
2653 550 2788 606 urbe
2817 590 2835 618 ,
2907 552 3281 623 longinquiore
3340 556 3681 610 mutaverim.

2104 643 2350 698 Etiamne
2379 644 2663 711 explorare
2692 653 2744 698 te
2769 642 2850 697 fas
2876 641 3003 710 fuit,
3045 644 3170 713 quid
3213 647 3397 715 procul
3434 645 3504 700 ab
3542 647 3686 701 arbi-

2100 737 2200 790 tris
2239 736 2538 791 sttttliurum
2578 750 2822 790 meorum
2855 750 2982 791 cura
3014 734 3305 793 contulerit
3335 737 3386 790 in
3417 736 3685 808 paginas?

2103 827 2366 883 Utrumne
2413 842 2500 881 me
2548 837 2826 896 operatum
2880 827 3060 893 ceris,
3112 837 3317 883 stantes
3370 828 3684 900 plerumque

2099 918 2242 974 oculi
2272 928 2325 971 et
2364 917 2583 986 palloris
2612 917 2763 987 signa
2790 916 3135 972 detexcrint?
3181 917 3588 987 Exploratorem
3630 929 3684 977 te

2097 1011 2266 1081 stylus
2293 1024 2444 1066 meus
2470 1011 2689 1079 patitur.
2723 1010 2891 1065 Duces
2917 1010 3120 1065 amicos
3148 1011 3513 1080 suspicionum
3540 1014 3678 1079 vias,

2098 1112 2152 1161 et
2181 1103 2225 1159 si
2255 1101 2359 1157 dici
2395 1112 2589 1171 potest,
2621 1101 2787 1156 odore
2813 1110 2973 1171 atque
3000 1101 3239 1172 vestigiis
3266 1102 3465 1172 scripta
3496 1112 3682 1158 nostra

2099 1194 2354 1251 venaris?
2383 1193 2534 1247 Nunc
2564 1208 2665 1263 ego
2690 1190 2829 1247 scire
2858 1192 3088 1262 postulo,
3117 1192 3243 1260 quid
3275 1193 3327 1248 in
3355 1193 3684 1265 Tyburtibus

2100 1284 2356 1358 pomariis
2380 1285 2676 1339 litterarum
2699 1284 2879 1352 operis
2899 1298 3176 1339 exerceas.
3211 1284 3395 1341 Solum
3418 1284 3518 1339 hoc
3539 1284 3679 1340 fama

2096 1382 2306 1446 attulit;
2354 1379 2601 1434 balneum
2645 1376 2736 1432 tibi
2780 1391 2950 1445 nuper
2977 1385 3347 1446 exstructum,
3390 1375 3479 1432 cui
3521 1377 3684 1432 torris

2099 1487 2236 1528 unus
2278 1471 2343 1524 ad
2381 1470 2511 1539 justi
2534 1468 2726 1523 caloris
2757 1467 3006 1538 pabulum
3045 1468 3361 1524 satisfacere
3410 1478 3681 1524 narratur.

2101 1564 2395 1620 Lectitasse
2423 1571 2601 1616 autem
2640 1568 2693 1615 te
2732 1560 2783 1614 iu
2825 1560 2991 1614 multo
3031 1560 3144 1613 otio
3184 1559 3462 1629 utriusque
3488 1558 3685 1629 lingua

2098 1664 2376 1714 auctores.
2420 1654 2534 1723 ipse
2564 1651 2722 1708 index
2758 1651 2925 1707 fuisti.
2978 1650 3090 1721 Ego
3130 1661 3308 1705 tamen
3355 1667 3460 1707 non
3501 1668 3687 1721 quaero

2101 1765 2168 1805 an
2207 1748 2409 1821 aliquid
2452 1747 2613 1804 etiam
2658 1746 2960 1816 scripseris.
3015 1746 3402 1801 Animadverto
3444 1746 3588 1801 enim
3631 1757 3688 1802 te

410 1832 480 1872 eo
516 1815 627 1872 uita
717 1811 943 1868 multum
1033 1808 1174 1863 audii
1232 1807 1284 1861 in
1339 1816 1557 1875 pectore
1611 1816 1734 1857 meo
1786 1799 1998 1854 diluxit.
2102 1799 2168 1805 ””
2208 1799 2409 1854 ἶ”τ“”
2459 1799 2612 1854 ς
3018 1799 3075 1851 κς
3129 1799 3133 1800 ί
3455 1799 3468 1801 τ
3522 1799 3525 1800 ν
3576 1799 3594 1850 κ.
3663 1799 3683 1802 ν

414 1909 433 1915 -
568 1907 579 1915 -
644 1854 659 1879 ’
772 1913 778 1915 Α
998 1826 1037 1912 8-
1463 1902 1667 1915 .-η---μ
1700 1891 1996 1915 ις..-,,,,,,,,
2034 1831 2077 1889 Β
2103 1844 2273 1915 gloria
2303 1852 2649 1899 conscientiae
2684 1855 2886 1910 proprtt
2915 1853 3092 1909 Opem
3117 1853 3423 1904 accensum,
3454 1838 3688 1893 vnlutsse

414 1906 673 1963 Indicium
695 1913 877 1959 autem
900 1900 1213 1972 respirantis
1233 1896 1432 1968 vigoris
1463 1902 1670 1950 tuarum
1700 1891 1997 1947 litterarum

413 1998 718 2071 iucunditas
748 1995 1001 2066 pra-tulit.
1047 1992 1194 2047 Petis
1222 2002 1454 2055 namque
1482 1985 1548 2041 ad
1577 1983 2001 2040 confirmandam

414 2091 773 2148 valetudinem
803 2087 928 2159 styli
958 2086 1059 2141 mei
1090 2083 1325 2139 remedia
1358 2078 1784 2135 subministrem.
1828 2073 2004 2130 Festi-

414 2190 554 2242 vitas
576 2186 677 2241 ista
699 2184 893 2239 Baiana
914 2192 1016 2236 est.
1045 2178 1234 2233 Nimiis
1255 2176 1460 2231 salibus
1492 2185 1543 2228 te
1569 2172 1716 2226 sinus
1739 2169 2001 2225 Lucrinus

415 2282 620 2338 infecit.
652 2279 818 2335 Estne
850 2273 1048 2343 aliquid
1080 2273 1132 2326 in
1157 2269 1336 2326 verbis
1358 2268 1516 2330 meis,
1540 2264 1681 2336 quod
1704 2278 1864 2320 aures
1886 2273 2003 2317 tuas

413 2371 683 2445 sospitet?
721 2368 861 2441 quod
907 2366 1228 2423 medicinam
1268 2362 1517 2418 sensibus
1559 2357 1765 2413 faciat?
1805 2354 2001 2420 Credo,

414 2466 719 2525 consentio.
746 2462 877 2521 Nam
910 2461 1225 2533 plerumque
1249 2470 1430 2512 amara
1463 2455 1651 2509 hausta
1680 2450 1745 2507 ad
1775 2451 2002 2505 salutem

416 2560 632 2625 valent,
673 2566 730 2615 et
774 2555 952 2613 succis
996 2553 1239 2610 tristibus
1288 2549 1481 2606 affecta
1512 2545 1846 2603 refoventur.
1896 2542 2003 2599 Sed

418 2652 642 2709 nimium
673 2658 933 2721 quantum
964 2659 1158 2700 avarus
1187 2658 1265 2708 es,
1305 2642 1395 2712 qui
1425 2638 1680 2696 Flaviano
1715 2650 1838 2692 meo
1868 2650 2003 2705 prae-

418 2757 571 2804 sente
597 2744 883 2814 quidquam
913 2738 1175 2811 requiris;
1218 2737 1271 2791 in
1302 2751 1408 2805 quo
1436 2742 1581 2789 tanta
1622 2746 1800 2788 rerum
1833 2730 2003 2784 bona-

426 2852 547 2892 rum
577 2834 920 2890 delinimenta
965 2838 1125 2896 sunt,
1173 2836 1230 2881 ut
1269 2825 1398 2880 mihi
1426 2824 1578 2894 quasi
1617 2821 1754 2891 apud
1795 2821 2004 2875 sirenas

418 2938 513 2981 aut
541 2924 877 2995 LotOphagos
909 2918 1132 2975 haesisse
1159 2916 1410 2973 videaris.
1463 2917 1639 2982 Atque
1675 2913 1874 2967 utinam
1913 2925 2003 2967 ve-

418 3027 535 3072 stro
560 3016 670 3070 otio
695 3014 973 3085 jungerer.
1023 3010 1149 3065 Plus
1177 3008 1245 3064 de
1273 3008 1429 3063 vobis
1457 3020 1734 3075 carpercm
1777 3002 2006 3058 salubri-

420 3111 581 3176 tatis,
625 3124 784 3179 quam
826 3116 882 3160 tu
923 3103 1233 3168 desideras,
1283 3100 1374 3171 qui
1416 3116 1446 3155 a
1488 3114 1574 3155 me
1614 3099 1754 3153 solas
1800 3098 2004 3153 litteras

421 3200 734 3273 poposcisti.
766 3198 913 3253 Vale.

1004 3287 1219 3346 EPIST.
1261 3287 1422 3343 XVII.

917 3396 1224 3439 δγκκλουυε
1274 3395 1499 3436 ΑττΑιο.

491 3478 585 3535 Nm
610 3491 711 3548 ego
737 3475 929 3531 frustra
972 3476 1227 3530 hactenus
1266 3474 1436 3541 tacui,
1482 3474 1610 3530 dum
1662 3483 1711 3529 te
1758 3470 2002 3543 promissi

421 3582 600 3627 certus
646 3570 915 3639 opperior.
966 3567 1206 3623 Tandem
1256 3567 1588 3624 redeundum
1638 3566 1767 3621 mihi
1810 3576 1894 3622 est
1937 3565 2004 3620 ad

421 3672 676 3718 consueta
705 3662 915 3728 solatia,
945 3662 1223 3717 meliorum
1253 3661 1648 3731 desperatione.
1687 3662 1749 3716 Et
1776 3660 2008 3715 fortasse

423 3770 713 3812 succenses
739 3754 995 3809 diuturno
1021 3754 1236 3809 silentio
1267 3769 1408 3808 meo.
1454 3752 1509 3807 Id
1540 3768 1667 3807 vero
1694 3754 1852 3807 etiam
1882 3751 2009 3807 reli-

423 3865 589 3919 quttm
619 3860 722 3916 est,
761 3859 822 3903 ut
858 3849 1039 3903 irritus
1073 3849 1187 3917 spei
1216 3848 1572 3904 cunctationis
1607 3862 1869 3903 arcessar.
1914 3846 2009 3901 Est

426 3941 585 4010 igitur
608 3941 681 3995 tui
698 3938 836 4009 juris
857 3954 1017 4007 super
1039 3938 1297 3994 ordiendo
1323 3939 1511 3994 itinere
1537 3946 1682 3992 stare
1708 3936 2004 4005 promissis.

426 4034 513 4088 Me
537 4042 847 4088 contentum
875 4032 1000 4102 styli
1029 4032 1297 4087 levamine
1328 4047 1431 4086 non
1460 4032 1681 4101 pigebit.
1728 4032 1839 4085 lloc
1861 4040 2010 4087 certe

425 4125 723 4181 officiorum
754 4124 1101 4190 commercio,
1131 4135 1225 4179 aut
1249 4124 1487 4189 solabor,
1526 4122 1668 4194 quod
1700 4137 1805 4178 non
1831 4122 2005 4185 venis,

425 4230 520 4273 aut
544 4215 808 4282 merebor,
839 4216 980 4289 quod
1011 4217 1213 4272 venias.
1246 4216 1389 4271 Vale.

1000 4328 1216 4385 EPIST.
1248 4328 1433 4385 XVIII.

930 4437 1236 4477 SYHIACHUS
1275 4436 1507 4478 ATTALO.

503 4536 750 4592 Proxime
769 4535 837 4591 de
858 4534 1143 4590 Formiano
1170 4535 1288 4589 sinu
1318 4547 1593 4603 regressus
1622 4533 1673 4586 in
1704 4531 1869 4586 larem
1891 4528 2011 4585 Cte-

430 4631 585 4694 lium,
616 4628 776 4683 domo
800 4628 910 4697 jam
940 4626 1029 4681 diu
1063 4637 1113 4681 te
1144 4627 1335 4681 abesse
1360 4626 1619 4693 comperi.
1669 4623 1856 4677 Datum
1888 4635 2007 4675 mox

432 4721 707 4792 negotium
768 4730 854 4775 est
902 4718 1201 4787 TlteOpiiilo
1239 4716 1510 4772 communi
1553 4716 1727 4770 amico
1780 4723 1835 4771 et
1872 4726 2015 4767 nunc

432 4810 638 4867 itineris
681 4810 787 4865 mei
828 4810 998 4874 socio,
1041 4819 1099 4864 ut
1135 4819 1191 4866 et
1229 4808 1294 4863 ad
1336 4818 1388 4863 te
1426 4810 1479 4862 in
1522 4807 1789 4878 Tyburem
1826 4820 2012 4875 agrum

431 4903 637 4957 reditus
673 4902 778 4957 mei
822 4900 1039 4956 nuntius
1077 4910 1341 4971 pergeret,
1387 4909 1441 4955 et
1479 4898 1814 4953 salutationis
1850 4897 2013 4951 verba

432 4993 685 5048 deferret.
738 4993 889 5048 lluoc
926 5000 1013 5058 tu,
1054 5002 1115 5046 ut
1154 5006 1214 5047 es
1254 4992 1497 5046 curiosus
1534 5004 1713 5044 rerum
1745 5002 2010 5053 mearmn,

434 5088 583 5156 quasi
628 5087 801 5155 aliqua
846 5085 938 5141 tibi
985 5085 1040 5139 in
1080 5101 1179 5139 nos
1221 5086 1439 5141 decreto
1486 5083 1697 5153 publico
1740 5081 2015 5151 inquisitio

434 5192 578 5234 esset
607 5180 837 5245 tributa,
870 5179 1133 5235 versando
1164 5180 1337 5247 palam
1375 5178 1555 5233 facere
1598 5177 1850 5246 coegisti,
1896 5190 2015 5243 qua:

438 5273 569 5329 furis
595 5288 889 5343 gesseram.
931 5272 1061 5327 Nam
1091 5273 1193 5328 hoc
1220 5272 1482 5328 confessa:
1510 5280 1635 5326 sunt
1668 5271 1857 5325 litterae
1887 5278 2011 5333 tum,

436 5380 571 5435 quas
600 5366 737 5420 idem
767 5368 845 5420 vir
870 5368 1101 5433 Optimus
1126 5364 1457 5434 Theophilus
1483 5364 1797 5433 reportavit.
1832 5361 2019 5417 Fuerit

440 5456 780 5527 benignitatis
820 5464 924 5510 tua).
965 5464 1176 5510 actuum
1222 5470 1461 5511 meorum
1495 5454 1701 5524 fastigia
1747 5463 1800 5509 et
1843 5454 2014 5522 capita

438 5548 777 5620 disquirere;
827 5557 1003 5602 utrum
1044 5563 1117 5603 crt
1137 5546 1230 5603 bra
1261 5548 1488 5603 vectatio
1526 5548 1697 5615 campi
1746 5559 1809 5598 ac
1855 5542 2017 5598 maris

442 5642 798 5699 valetudinem
850 5656 1021 5696 meam
1064 5639 1298 5710 juvcrit;
1350 5654 1418 5692 an
1469 5638 1605 5693 ullus
1650 5636 1789 5705 agris
1821 5635 2018 5689 nostris

442 5736 645 5792 cultus.
697 5735 903 5789 aedibus
947 5735 1108 5798 nitor,
1160 5734 1337 5803 pecori
1390 5734 1641 5787 numerus
1690 5728 2013 5791 accesserit;

443 5827 567 5896 qttid
599 5826 862 5881 aflluxerit
894 5841 922 5881 e
944 5825 1109 5880 lilium
1141 5825 1446 5893 copiarum;
1480 5834 1652 5879 utrum
1679 5836 1780 5877 cun
1813 5821 2015 5877 ularcm

2102 1951 2450 2007 cognoscere,
2484 1951 2551 1990 an
2580 1947 2682 2003 ego
2708 1947 2923 2003 quoque
2950 1933 3091 1987 idem
3135 1932 3377 1987 fecerim.
3427 1930 3534 1987 Sed
3571 1931 3685 2001 jam

2101 2029 2320 2085 omissis
2347 2027 2593 2096 epistolis
2618 2024 2780 2081 velim
2813 2025 3043 2081 redeas:
3085 2024 3186 2077 nisi
3218 2024 3356 2078 forte
3394 2023 3471 2079 tui
3509 2022 3687 2079 balnei

2103 2122 2284 2177 brevis
2331 2127 2577 2188 sumptus
2626 2116 2903 2181 hortatur,
2957 2132 3025 2171 ne
3072 2114 3291 2171 deseras
3340 2114 3689 2185 patrimonia

2102 2210 2566 2271 consuetudinem.
2598 2208 2751 2265 Vale.

2694 2299 2912 2357 EPIST.
2957 2296 3097 2355 XIX.

2596 2406 2906 2448 SYHIACBUS
2952 2406 3188 2447 ΑττΑιο.

2176 2488 2292 2543 Duo
2321 2486 2521 2555 pariter
2547 2483 2835 2541 commissa
2862 2482 2915 2537 in
2940 2482 3231 2537 amicitiam
3262 2481 3556 2540 redemisti.
3588 2483 3686 2539 Diu

2103 2579 2343 2651 epistolae
2370 2587 2472 2633 tua:
2498 2577 2702 2632 salibus
2727 2574 2996 2641 abfue'ras,
3028 2574 3158 2628 nihil
3187 2574 3482 2645 scripseras
3510 2592 3524 2629 :
3564 2576 3687 2644 quis

2101 2670 2333 2728 Colchus
2361 2680 2452 2725 aut
2478 2667 2771 2723 Thessalus
2802 2676 2959 2720 cantu
2990 2674 3085 2721 aut
3114 2680 3272 2719 manu
3308 2666 3403 2720 has
3432 2665 3687 2722 offensio-

2104 2782 2199 2820 nes
2229 2762 2503 2818 levasset?
2550 2761 2689 2830 Ergo
2718 2758 2787 2814 ob
2815 2757 3056 2825 epistolae
3081 2756 3491 2812 delinimentum
3519 2760 3688 2813 venia:

2106 2858 2333 2928 pretium
2358 2855 2518 2910 feres.
2558 2853 2688 2908 Sino
2711 2859 2770 2905 ut
2790 2849 2946 2905 amici
2973 2849 3047 2904 tui
3074 2851 3307 2919 nuptiale
3328 2848 3520 2905 festum
3543 2866 3689 2906 cura:

2106 2965 2310 3007 vacuus
2330 2962 2608 3015 exerceas,
2631 2956 2685 3001 ct
2706 2943 2892 2999 urbem
2916 2945 3231 3015 Tyburtem,
3255 2960 3374 3013 qua:
3396 2959 3565 3013 nuper
3592 2944 3687 2998 tibi

2106 3044 2249 3100 faces
2280 3042 2533 3111 prtetulit,
2573 3053 2913 3095 communem
2945 3036 3138 3092 Iunoni
3177 3046 3232 3092 et
3264 3037 3473 3091 llerculi
3501 3036 3688 3092 facias.

2108 3135 2435 3198 Iteverteris,
2464 3142 2523 3188 ut
2548 3146 2726 3198 spero,
2776 3138 2899 3198 post
2927 3127 3129 3197 repotia
3159 3128 3211 3182 in
3238 3127 3468 3184 Coelium
3497 3128 3690 3185 larc'm.

2029 3201 2078 3264 ο
2108 3231 2200 3285 Vel
2238 3230 2282 3284 si
2314 3227 2487 3282 adhuc
2512 3227 2664 3295 juvat
2689 3222 2905 3278 :estivos
2933 3222 3049 3276 dies
3078 3221 3128 3274 in
3165 3218 3421 3290 pomariis
3448 3220 3553 3274 tuis
3582 3219 3686 3275 du-

2103 3337 2264 3386 cere;
2314 3321 2509 3377 iterum
2541 3317 2639 3373 tibi
2679 3316 2974 3383 indignatio
3003 3328 3121 3369 mea
3151 3313 3447 3369 litterarum
3478 3322 3692 3370 tuarum

2107 3415 2269 3471 melle
2297 3411 2555 3484 placanda
2582 3417 2685 3465 est.
2713 3407 2865 3463 Vale.

2715 3498 2936 3557 EPIST.
2974 3497 3093 3554 XX.

2606 3607 2919 3649 εϊιιλεευς
2956 3605 3185 3646 Αττιιο.

2183 3690 2315 3745 Villa
2341 3686 2594 3761 Tyburis,
2638 3702 2758 3756 qua:
2802 3684 3048 3755 proxime
3093 3682 3147 3740 in
3193 3683 3283 3751 jua
3327 3691 3475 3738 tuum
3506 3682 3688 3745 venit,

2109 3784 2330 3852 majoris
2361 3780 2556 3851 ingenii
2608 3777 3011 3848 praedicatorem
3056 3775 3302 3845 requirit.
3355 3773 3470 3842 Ego
3510 3784 3688 3830 tamen

2110 3877 2304 3948 linguas
2350 3872 2621 3941 modicus,
2672 3879 2730 3925 ut
2773 3879 2991 3939 potero,
3040 3868 3217 3924 verbis
3263 3869 3523 3924 honorem
3570 3868 3693 3924 loco

2112 3969 2323 4023 faciam.
2354 3965 2491 4033 Quid
2515 3964 2603 4019 hie
2624 3965 2675 4017 in
2701 3962 2872 4030 positu
2893 3960 3086 4015 aedium
3106 3958 3401 4015 venuStatis
3426 3960 3540 4015 est!
3569 3959 3693 4030 quis

2111 4063 2246 4117 situs
2270 4060 2282 4113 !
2323 4065 2553 4128 quantus
2577 4071 2639 4111 ex
2670 4055 2816 4110 edito
2845 4055 2951 4109 late
2988 4054 3039 4107 in
3068 4053 3227 4120 plana
3252 4056 3482 4121 jactatus
3507 4050 3693 4107 oculo-

2113 4156 2270 4210 rum!
2316 4152 2681 4221 Frcquentare
2710 4150 2808 4203 has
2845 4146 3003 4203 sedes
3031 4145 3424 4201 Orchomenias
3460 4145 3689 4201 dixerim

2112 4247 2274 4313 deas,
2317 4255 2478 4314 atque
2505 4256 2598 4297 eas
2637 4240 2826 4296 sedqu
2863 4238 3109 4303 adnisas,
3154 4246 3211 4292 ut
3254 4246 3305 4291 te
3345 4235 3695 4292 conciliarent

2114 4337 2320 4393 :edibus
2350 4336 2463 4391 suis
2489 4334 2784 4390 dominum.
2819 4332 2988 4400 Perge
3018 4330 3178 4400 igitur
3204 4336 3261 4383 ut
3286 4327 3436 4393 facis,
3460 4338 3516 4384 et
3540 4329 3695 4383 victis

2116 4445 2231 4486 τι)νο
2263 4428 2425 4484 redde
2466 4426 2778 4482 novitatem.
2832 4423 2998 4480 Multo
3043 4422 3144 4477 huc
3187 4421 3328 4477 factu
3372 4421 3691 4491 promptius,

2115 4537 2276 4593 quam
2301 4519 2440 4591 quod
2473 4519 2759 4574 Hesiodum
2790 4516 2970 4571 ferunt
3010 4514 3183 4584 posito
3223 4512 3376 4568 senio
3415 4510 3470 4566 in
3495 4511 3694 4567 virides

2117 4627 2285 4667 annos
2315 4611 2560 4666 rediisse.
2610 4607 2817 4663 Interea
2847 4606 3117 4677 gratulare
3148 4604 3302 4659 nobis
3328 4603 3521 4658 bonam
3550 4603 3697 4658 valc-

2118 4707 2381 4767 tudinem;
2414 4719 2532 4774 qua:
2558 4710 2618 4757 ut
2644 4701 2736 4755 tibi
2764 4712 2980 4770 quoque
3008 4697 3221 4767 longum
3251 4695 3530 4763 secundet,
3557 4695 3698 4750 inter

2117 4800 2323 4871 fastigia
2352 4808 2435 4854 est
2459 4806 2704 4852 velorum
2735 4806 2996 4849 meorum.
3027 4790 3176 4846 Vale.

2714 4884 2923 4942 EPIST.
2967 4882 3109 4939 XXI.

2614 4992 2917 5036 SVMHACHUS
2966 4990 3196 5032 ATTLLO.

2196 5079 2481 5147 Postquam
2515 5075 2643 5128 mihi
2687 5074 2892 5128 litteras
2922 5080 3040 5125 tuas
3069 5067 3351 5125 rbedarius
3389 5081 3539 5122 mctts
3570 5066 3693 5122 red.

2120 5173 2284 5238 didit,
2333 5179 2388 5225 et
2434 5168 2682 5223 salutatio
2726 5181 2790 5220 ex
2836 5164 3027 5220 itinere
3056 5170 3264 5233 portata
3300 5160 3694 5216 observantiam

2123 5274 2356 5319 nostram
2386 5261 2551 5315 solvit
2577 5260 2858 5329 religione;
2892 5255 3047 5310 datus
3073 5262 3159 5310 est
3185 5252 3313 5309 mihi
3340 5252 3540 5321 aditus,
3577 5267 3698 5307 crc-

2122 5359 2221 5413 bro
2240 5357 2364 5411 dum
2386 5354 2587 5422 aberis,
2606 5360 2779 5406 tecum
2805 5347 3079 5417 loquendi.
3104 5347 3279 5414 Quare
3300 5346 3365 5400 ab
3386 5344 3470 5398 his
3489 5342 3695 5408 ordior,

2121 5467 2240 5521 qua:
2266 5450 2317 5503 in
2348 5458 2473 5503 voto
2502 5456 2592 5500 tuo
2622 5444 2789 5517 prima
2820 5450 2963 5496 sunt.
3012 5440 3178 5495 Deum
3208 5451 3359 5510 pace,
3391 5452 3506 5493 mea
3536 5445 3697 5507 atque

2120 5541 2259 5597 unici
2312 5539 2386 5594 tui
2434 5538 2636 5593 sanitas
2682 5538 2842 5604 viget.
2899 5532 3144 5589 Urbanas
3192 5530 3378 5585 turbas
3414 5528 3694 5591 Vaticano,

2119 5633 2172 5687 iu
2204 5638 2459 5702 quantum
2488 5630 2631 5693 licet,
2660 5642 2782 5682 rure
2809 5625 3041 5680 declino.
3087 5624 3151 5679 Et
3182 5632 3382 5683 tamen,
3411 5620 3455 5674 si
3483 5618 3697 5688 quando

2120 5725 2172 5779 in
2220 5732 2416 5779 cretum
2462 5735 2737 5785 vocamur,
2791 5716 2857 5772 ad
2901 5715 3215 5785 obsequium
3246 5712 3457 5768 concilii
3500 5711 3695 5780 pltItIit'i

2121 5816 2317 5884 pedem
2349 5814 2547 5871 refero.
2595 5811 2718 5869 Scio
2754 5819 2805 5865 te
2837 5806 2967 5863 nihil
2998 5806 3227 5874 amplius
3256 5805 3323 5860 de
3354 5802 3507 5859 nobis
3538 5801 3692 5855 velle.
