4218 6436
477 306 574 362 2m

1636 299 1698 368 Q.
1746 297 2089 356 AUREIJL’S
2130 299 2572 360 svunacuus.

3642 311 3750 366 292

483 416 829 476 l‘antmndem
859 425 1178 482 pernoscere
1207 425 1383 466 rerum
1413 420 1624 464 tuarum
1653 410 1905 466 desiderii
1935 425 2055 466 mo-
2087 415 2134 470 Α
2163 411 2410 479 quiescit.
2443 412 2595 478 Quod
2625 412 2840 484 quidem
2871 414 2988 471 ﬁeri
3017 425 3268 486 oportere
3297 416 3614 483 consentio;
3655 424 3748 475 sed

479 525 565 568 tus
589 513 840 581 postulat.
876 504 1025 560 Vale.

1057 573 1272 628 EPIST.
1315 572 1481 628 XXII.

964 680 1278 719 SYIIACIIUI
1326 679 1559 720 ATTALO.

549 763 729 834 Longa
773 775 863 817 me
907 759 1230 816 deliberatio
1275 758 1490 822 babuit,
1542 773 1611 812 an
1657 757 1752 810 tibi
1804 757 2062 811 honorem

481 859 654 911 facere
673 855 776 910 sub
791 854 936 924 justa
961 851 1165 908 reditus
1187 851 1347 906 vestri
1369 851 1769 918 exspectatione
1783 849 2062 902 deberem.

485 949 721 1002 Verebar
756 947 922 1008 enim,
966 961 1035 998 ne
1067 944 1341 999 festinatio
1375 956 1458 993 tua
1489 943 1692 996 solatiis
1717 942 1889 994 obviis
1918 939 2065 994 frau-

479 1050 715 1111 geretur.
767 1038 872 1094 Sed
915 1037 1018 1091 hoc
1057 1036 1364 1102 ambiguum
1409 1035 1571 1089 solvit
1609 1035 1746 1087 ratio
1773 1034 2061 1098 contraria,

480 1151 598 1203 qua:
625 1149 774 1203 spem
805 1133 973 1194 dedit,
1002 1131 1098 1184 ltas
1124 1131 1329 1183 litteras
1366 1129 1657 1183 revertenti
1697 1127 2062 1189 stimulorum,

483 1242 588 1281 uou
613 1229 883 1279 frenorum
906 1223 1075 1278 instar
1097 1224 1324 1276 futuras.
1376 1221 1441 1275 Et
1462 1222 1707 1274 Consulto
1730 1218 1920 1273 affecto
1944 1220 2066 1272 bre-

483 1319 720 1380 vitatem,
750 1316 918 1370 solam
950 1313 1040 1368 tibi
1072 1312 1361 1383 pra-ferens
1393 1312 1684 1366 dietinnem
1716 1311 1906 1364 salutis
1949 1326 1965 1365 :
2011 1319 2069 1363 ut

483 1407 768 1463 verborum
811 1421 1053 1460 meorum
1085 1404 1311 1469 exiguus
1344 1403 1565 1456 haustus
1603 1401 1874 1455 efﬁcacior
1901 1401 1973 1455 sit
2001 1399 2068 1454 ad

482 1500 872 1558 sollicitandam
900 1499 1068 1561 sitim,
1093 1514 1252 1564 quam
1281 1495 1622 1564 explendam.
1659 1495 1805 1550 Vale.

1053 1629 1266 1687 EI‘IST.
1312 1629 1499 1684 XXIII.

975 1737 1288 1777 SVIHIACIIL'S
1330 1738 1465 1774 ΑΤΤΔ
1477 1733 1562 1774 ιο.

2167 522 2273 559 ιιιιιι
2300 515 2560 569 eatenus,
2612 517 2672 562 ut
2712 509 3042 576 pontiﬁcium
3075 519 3224 566 unum
3257 512 3308 566 in
3337 512 3532 569 danma
3565 527 3749 570 nostra

2167 599 2474 666 protendas.
2521 601 2787 657 Parumne
2813 611 2919 671 est,
2947 604 3088 670 quod
3120 604 3235 674 ipse
3262 619 3417 675 atque
3438 605 3752 663 desideran-

2163 691 2266 746 dus
2294 693 2624 748 consortium
2655 709 2831 749 meum
2859 694 3090 762 deseris,
3116 704 3172 751 et
3201 697 3410 754 Invides
3439 700 3595 754 nobis
3621 716 3752 756 exo-

2168 787 2522 854 ptatissimam
2567 787 2933 844 societatem?
2989 789 3215 858 Insuper
3261 790 3492 846 alterum
3541 807 3752 864 quoque

2166 879 2466 934 delenilieis
2495 882 2696 935 amoris
2725 883 2931 935 artibus
2973 881 3206 948 retines;
3249 883 3417 938 credo
3455 886 3750 954 conjiciens

2166 976 2591 1029 acceleraturuui
2612 991 2734 1030 esse
2759 991 2846 1031 tne
2869 976 3120 1042 reditum,
3148 979 3194 1032 si
3225 993 3452 1046 utroque
3473 979 3749 1036 destituar.

2168 1069 2236 1122 At
2265 1083 2366 1138 ego
2393 1068 2655 1122 denuntio
2696 1083 2832 1137 opus
2873 1084 2996 1125 esse
3041 1070 3329 1137 monitore,
3376 1072 3471 1142 qui
3517 1073 3751 1128 retrahat

2171 1164 2500 1230 haerentem.
2528 1163 2681 1228 Nam,
2715 1172 2773 1218 ut
2801 1163 2928 1232 scis,
2960 1180 3078 1220 amo
3107 1166 3301 1233 otium,
3334 1180 3525 1235 pascor
3551 1169 3750 1238 quiete.

2168 1257 2382 1312 lustruo
2411 1261 2586 1328 itaque
2629 1269 2680 1314 te
2719 1259 3005 1314 adversum
3039 1262 3412 1319 lentitudineln
3441 1278 3658 1320 meam:
3706 1265 3750 1320 si

2169 1350 2406 1404 absentis
2428 1351 2584 1405 amici
2605 1350 2717 1420 jam
2739 1352 3017 1408 desideras
3042 1354 3298 1422 reditum,
3327 1364 3514 1426 patere
3533 1354 3751 1413 brevem

2172 1442 2454 1510 praesentis
2478 1457 2791 1498 excursum.
2819 1443 2969 1500 Vale.

2708 1539 2922 1594 EPIST.
2967 1539 3203 1598 XXVIII.

2633 1647 2938 1689 svnnacuus
2975 1649 3294 1690 Hacanosto.
3686 1702 3693 1707 I

2247 1721 2394 1777 Licet
2418 1724 2748 1793 gravissimis
2769 1725 3007 1781 febribus
3030 1727 3340 1796 impedirer,
3366 1743 3469 1782 non
3493 1727 3636 1796 potui
3660 1725 3755 1782 de-

555 1814 852 1886 Requiruut
882 1829 989 1877 me,
1020 1814 1206 1878 credo,
1237 1813 1378 1865 omili
1412 1813 1485 1865 tui
1512 1832 1524 1864 :
1568 1827 1719 1866 tuens
1746 1811 1934 1867 adesse
1963 1829 2066 1866 non
2101 1793 2147 1854 Β
2176 1833 2369 1884 negare
2407 1816 2500 1871 tibi
2539 1816 3000 1874 banorilicentiam
3029 1822 3350 1886 litterarum,
3385 1838 3452 1877 ne
3481 1821 3756 1894 religionis

483 1907 716 1962 dubitet.
771 1907 978 1960 Mecum
1029 1907 1174 1958 enim
1225 1905 1500 1974 diligentia
1555 1908 1627 1958 tui
1676 1912 2066 1974 peregrinatur,

484 2009 761 2070 totumque
791 2000 953 2052 animi
995 1998 1276 2053 ali'ertione
1317 1997 1657 2052 circumfero.
1708 1997 2068 2053 Nihilominus

480 2106 708 2148 exerceo
727 2092 868 2161 ston
888 2089 1137 2144 amicitia:
1162 2091 1508 2158 voluptatem.
1539 2089 1690 2154 Quod
1712 2092 1756 2142 si
1781 2101 1834 2143 tu
1857 2105 2069 2159 quoque

483 2185 711 2240 invicem
740 2184 954 2248 feceris,
981 2185 1195 2237 eveniet
1227 2195 1279 2235 ιιι
1315 2185 1527 2252 longum
1558 2187 1702 2235 lruar
1731 2183 1824 2236 otii
1853 2196 2069 2250 posses-

482 2278 666 2340 sione;
710 2276 833 2347 quia
866 2292 972 2330 non
1003 2278 1220 2344 negabis
1259 2278 1401 2344 quod
1449 2292 1534 2330 me
1581 2276 1745 2344 possit
1773 2273 2062 2330 abducere.

486 2367 638 2424 Vale.

1051 2437 1263 2491 EPIS'I'.
1309 2437 1493 2490 XXIV.

975 2543 1278 2582 δι’λιιιιιωιυε
1333 2543 1566 2581 Αἰτιιιο.

550 2621 631 2677 Ad
660 2620 1061 2690 Neapolitanam
1094 2633 1377 2685 provectus
1403 2633 1574 2682 oram,
1601 2618 1810 2672 litteras
1835 2618 2062 2685 sumpsi,

477 2716 672 2786 quibus
699 2730 798 2768 nos
823 2713 876 2766 in
902 2714 1191 2766 adventum
1223 2723 1367 2764 tuum
1402 2711 1540 2764 Baiis
1569 2712 1809 2765 residere
1830 2711 2063 2781 iussisti.

478 2805 766 2862 Asserebat
789 2806 1022 2873 perlator
1038 2804 1281 2872 epistolte
1301 2802 1582 2858 iunninerc
1603 2818 1892 2857 excursum
1917 2816 2064 2858 tuum

476 2895 712 2949 calcibus
736 2895 869 2948 suis.
901 2893 1039 2960 Quid
1069 2892 1321 2956 facerem,
1350 2908 1472 2947 cum
1503 2909 1588 2949 me
1617 2909 1717 2948 uec
1749 2896 1893 2950 locus
1923 2895 2065 2950 idem

479 2987 726 3043 teneret?
756 2988 1070 3057 Expeditius
1102 2989 1272 3040 visum
1307 2998 1389 3042 est
1420 2999 1478 3042 ut
1506 3002 1534 3040 a
1565 2997 1615 3042 te
1643 2987 1817 3057 potius
1841 2992 2064 3059 gratiam

476 3080 822 3136 continuandi
877 3081 944 3134 ad
996 3093 1092 3134 vos
1150 3082 1356 3136 itineris
1412 3097 1776 3152 posceremus.
1848 3084 2066 3139 Amicos

475 3173 651 3237 enim,
681 3187 788 3227 non
820 3171 974 3225 Baias
1001 3172 1351 3237 desiderasti;
1398 3173 1498 3229 nisi
1541 3175 1677 3232 forte
1717 3179 1805 3231 illo
1836 3178 2059 3235 luxuriae
2085 3173 2134 3238 C

477 3268 598 3321 sinu
643 3265 892 3319 traheris.
940 3264 1330 3321 Comitabimnr
1379 3279 1461 3335 te,
1511 3268 1556 3323 si
1601 3284 1668 3323 eo
1717 3270 1893 3326 redire
1944 3285 2059 3325 rna-

479 3357 677 3412 Iueris:
711 3357 956 3426 quamvis
998 3357 1233 3426 regionis
1275 3359 1428 3412 istius
1463 3359 1656 3414 carlqu
1704 3361 1972 3416 salubrius
2005 3372 2059 3416 et

477 3464 633 3519 pares
661 3449 830 3517 Cupite
858 3451 986 3502 siut.
1038 3447 1151 3502 Erit
1189 3451 1336 3519 optio
1369 3460 1477 3516 tua,
1511 3451 1792 3506 intendere
1819 3451 1949 3517 iter,
1992 3469 2059 3507 an

477 3542 717 3612 relegere
744 3541 1056 3596 debeamus.
1092 3542 1168 3596 Ad
1195 3543 1562 3600 defensionem
1598 3562 1771 3601 meam
1801 3549 2056 3617 peitiuet,

474 3652 542 3688 eo
566 3637 881 3688 redeuntem
913 3642 965 3689 te
992 3637 1179 3702 sequi,
1223 3637 1310 3691 ubi
1339 3636 1716 3692 adventantem
1743 3653 2060 3709 exspectare

476 3743 584 3784 non
609 3725 780 3796 pomi.
814 3727 960 3784 Vale.

1049 3797 1263 3855 EPIST.
1319 3799 1485 3856 XXV.

969 3908 1276 3952 SVIIACIIUB
1314 3912 1552 3954 ATTALO.

541 3987 598 4041 Si
624 3986 998 4058 respondisses
1023 3987 1264 4055 epistola:
1295 4005 1449 4054 meae,
1481 3990 1712 4044 levasses
1740 4006 1908 4047 onere
1936 4007 2060 4047 eon-

470 4080 752 4136 scientiam
790 4087 976 4135 tuam:
1016 4095 1158 4136 nunc
1186 4093 1423 4136 nostram
1456 4083 1822 4137 taciturnitate
1849 4083 2055 4153 juvisti.

473 4173 714 4240 Repensa
743 4172 888 4228 enim
914 4173 1089 4228 ofﬁcia
1118 4175 1356 4230 laetitiam
1388 4177 1514 4230 milii
1548 4185 1835 4244 praestant,
1866 4189 2056 4247 negata

471 4265 769 4321 victoriam.
817 4264 884 4318 Et
911 4264 1025 4320 scio
1055 4281 1120 4319 ex
1150 4266 1443 4322 abundanti
1473 4282 1629 4334 posse
1661 4267 1872 4332 facere,
1915 4271 2057 4338 quod

471 4371 567 4408 nos
596 4358 766 4411 multo
791 4355 989 4410 sudore
1013 4357 1366 4428 tlcstriugitis.
1402 4359 1508 4414 Sed
1533 4360 1657 4428 quia
1684 4360 1890 4414 invides
1918 4363 2053 4414 bona

473 4454 627 4502 verba
675 4449 996 4513 lectoribus;
1045 4465 1112 4503 ne
1159 4451 1264 4504 vim
1298 4451 1473 4506 facere
1508 4453 1791 4508 existimer
1817 4455 2055 4509 avaritia:

471 4547 593 4600 tuas,
622 4536 963 4606 diSpendium
996 4555 1174 4592 meum
1201 4539 1426 4595 devoro.
1460 4541 1604 4596 Vale.

1038 4678 1252 4733 EPIST.
1289 4679 1479 4735 XXVI.

923 4785 1236 4825 SVDIIIAIIIIIJS
1275 4789 1593 4829 ιιιλεευοθειο.

540 4864 724 4920 Autleo
747 4873 797 4917 te
821 4863 872 4916 in
897 4879 1083 4932 agrum
1108 4865 1422 4920 Laviuatum
1448 4885 1624 4922 tui-um
1650 4882 1769 4936 post
1790 4870 2056 4944 Tyburtes

469 4973 658 5027 rngarc
685 4956 947 5012 delicias:
995 4972 1093 5010 nec
1136 4975 1253 5011 sum
1297 4959 1530 5028 religi-tsi
1569 4962 1821 5016 desiderii
1862 4965 2052 5029 longus

470 5058 734 5118 precator.
791 5049 863 5102 Ea
893 5049 1088 5117 quippe
1123 5052 1260 5102 inter
1289 5053 1492 5105 amicos
1537 5054 1851 5121 petitionum
1892 5055 2056 5113 debet

469 5158 585 5194 eam
617 5139 875 5202 conditio,
903 5151 959 5193 ut
985 5143 1369 5210 praestantibus
1400 5159 1566 5212 prona
1596 5146 1901 5216 videantur,
1935 5165 2055 5218 qua:

469 5241 590 5284 sunt
619 5247 807 5302 magna
839 5231 1207 5300 poscentibus.
1247 5234 1390 5286 \ale.

1029 5365 1240 5421 ICPIS'I‘.
1286 5368 1322 5420 λ
1338 5367 1375 5420 X
1390 5368 1495 5422 VII.

933 5476 1236 5522 svuuacutis
1278 5477 1594 5517 ιιιιεευιιθειυ.

539 5572 690 5626 Soles
713 5572 1005 5637 afﬁrmare,
1027 5571 1168 5640 quod
1193 5589 1278 5627 tne
1302 5575 1396 5628 tibi
1421 5575 1698 5645 praeferas.
1731 5579 1925 5638 Posset
1953 5585 2055 5641 ltoc

468 5679 584 5721 esse
614 5666 887 5732 credibile,
914 5666 959 5720 si
986 5667 1152 5720 ﬁlium
1181 5681 1356 5722 mcum
1390 5671 1625 5726 Attalum
1653 5673 1719 5727 ad
1749 5689 1849 5729 nos
1871 5682 2057 5735 venire

471 5756 749 5826 patereris.
800 5757 855 5811 In
905 5769 995 5812 tuo
1041 5758 1182 5812 enim
1239 5759 1354 5828 jure
1401 5774 1503 5828 est,
1559 5766 1662 5818 tuis
1705 5769 1924 5824 monitis
1961 5785 2052 5827 ac-

2085 4551 2136 4611 1⁵)

2174 1909 2446 1978 negligens
2474 1909 2763 1976 judicnrer.
2814 1910 2926 1967 Nec
2969 1921 3148 1968 tamen
3193 1915 3246 1968 in
3291 1914 3511 1969 multaut
3558 1916 3754 1971 seriem

2174 2016 2472 2070 propagare
2503 2002 2707 2057 litteras
2734 2003 2874 2059 valui
2900 2021 2917 2059 :
2947 2021 3172 2075 quarum
3198 2007 3434 2064 brevitas
3459 2008 3752 2077 inculpabi-

2174 2095 2240 2148 Iis
2264 2105 2367 2156 cst,
2397 2110 2518 2148 cum
2545 2109 2611 2150 ex
2654 2095 2847 2161 injuria
2877 2096 3220 2164 valetudinis,
3251 2114 3356 2155 non
3382 2113 3451 2155 ex
3480 2099 3755 2158 voluntate

2169 2187 2482 2242 descendat.
2520 2186 2670 2243 Vale.

2739 2280 2957 2339 EPIST.
3001 2281 3195 2338 XXIX.

2619 2385 2755 2425 SVII
2765 2387 2926 2426 ACIIUS
2965 2387 3286 2429 ιιΑεευοΜο.

2241 2460 2425 2531 Neque
2452 2463 2628 2516 fratris
2658 2467 2826 2518 nostri
2845 2463 2904 2518 V.
2931 2463 2996 2520 C.
3027 2464 3292 2520 Procliani
3319 2465 3580 2536 profectio
3600 2482 3752 2536 passa

2169 2563 2252 2607 est
2283 2564 2337 2606 ut
2368 2554 2617 2616 silerem,
2643 2570 2816 2625 neque
2844 2568 3024 2612 nostra
3054 2556 3179 2611 sivit
3204 2559 3415 2613 affectio
3465 2568 3522 2612 ut
3558 2559 3751 2615 ofﬁciis

2171 2659 2548 2716 temperarem.
2575 2647 2720 2716 Cape
2750 2649 2912 2719 igitur
2938 2649 3177 2706 debitum
3211 2667 3405 2707 munus
3430 2652 3670 2723 alloquii.
3701 2662 3754 2709 et

2173 2751 2230 2792 ut
2260 2754 2344 2793 me
2373 2737 2535 2792 facias
2565 2741 2978 2808 promptiorem,
3020 2742 3388 2812 impertienda:
3415 2744 3753 2800 salutationis

2167 2847 2384 2901 operam
2415 2831 2724 2902 frequenter
2752 2849 2971 2905 ttsurpa.
3005 2835 3158 2891 Vale.

2747 2947 2961 3004 EPIST.
3005 2947 3172 3004 XXX.

2687 3057 2744 3094 εν
2754 3057 2996 3096 ιιιιλωιιῖε
3035 3058 3247 3098 ATTICO.

2245 3133 2336 3188 Est
2359 3132 2576 3202 quide
2617 3133 2744 3187 milii
2779 3135 2918 3188 ruris
2949 3135 3116 3189 otium
3147 3137 3402 3205 volnp'ati
3434 3136 3566 3194 :sed
3607 3138 3749 3194 anti-

2165 3225 2405 3296 quiorem
2425 3224 2608 3294 judico
2645 3225 2717 3279 tui
2759 3225 3084 3280 voluntatem
3107 3245 3122 3282 :
3143 3242 3308 3298 quare
3335 3228 3526 3282 officiis
3556 3244 3750 3284 consu-

2166 3318 2397 3378 laribus,
2441 3317 2487 3370 si
2533 3315 2646 3371 fors
2689 3316 2890 3372 dictum
2918 3317 3085 3388 juvet,
3127 3327 3397 3390 spectator
3434 3330 3490 3375 et
3525 3321 3749 3376 conviva

2165 3426 2269 3464 non
2295 3416 2475 3465 deero.
2512 3409 2660 3466 Vale.

2725 3481 2940 3538 EPIST.
2983 3481 3174 3539 XXXI.

2677 3589 2989 3630 ετιιιηωιυε
3025 3592 3243 3633 ATTICO.

2235 3662 2534 3720 Retrahere
2560 3680 2658 3719 nos
2695 3682 2727 3720 e
2754 3669 3056 3735 Campania:
3099 3670 3303 3739 gremio
3336 3670 3589 3745 Tyburtis
3633 3675 3747 3743 agri

2163 3757 2410 3810 laudibus
2453 3759 2657 3812 studes.
2707 3761 2800 3813 Est
2847 3759 2955 3825 ille,
3003 3771 3059 3814 ut
3096 3763 3378 3830 praedicas,
3424 3765 3476 3820 in
3503 3774 3597 3821 tuo
3623 3782 3748 3821 rore

2161 3847 2359 3902 densus
2385 3853 2677 3918 cupressis,
2710 3863 2760 3907 et
2801 3853 3026 3908 fnntimn
3056 3855 3255 3923 largus,
3284 3869 3337 3912 et
3363 3869 3619 3914 montano
3642 3861 3747 3915 situ

2162 3939 2406 4011 frigidus.
2455 3943 2648 3998 Essent
2692 3947 2805 4001 lure
2846 3948 2974 4002 milii
3003 3949 3377 4016 desideranda,
3427 3952 3470 4009 si
3503 3963 3554 4008 te
3598 3968 3747 4008 mora

2165 4033 2416 4088 uberiore
2445 4034 2762 4091 tenuissent.
2791 4039 2936 4091 Nunc
2961 4053 3242 4110 properato
3260 4043 3313 4096 in
3341 4045 3526 4099 urbem
3544 4045 3745 4111 reditu,

2162 4126 2527 4194 nescioquam
2567 4130 2695 4181 milii
2735 4131 2954 4184 fastiditi
2985 4133 3083 4186 loci
3126 4135 3487 4203 suspicionem
3529 4136 3745 4194 dedisti.

2163 4217 2369 4272 llabcnt
2396 4220 2538 4274 enim
2571 4236 2716 4286 saepe
2745 4223 3048 4294 voluptates
3072 4231 3388 4284 satietatem.
3419 4228 3571 4298 Quod
3600 4230 3644 4284 si
3675 4231 3746 4286 ita

2160 4318 2264 4372 est,
2294 4310 2623 4366 satisfactum
2655 4313 2884 4370 Formiis
2912 4328 3060 4384 puto,
3091 4319 3281 4386 quibus
3307 4321 3744 4386 renuutiaveras;

2159 4418 2279 4458 cum
2309 4404 2400 4459 tibi
2426 4405 2584 4460 etiam
2615 4408 2830 4477 prazlata
2859 4410 3195 4480 displiceant.
3231 4411 3384 4467 Vale.

2718 4542 2930 4598 EPIST.
2971 4543 3188 4598 XXXlI.

2675 4648 2982 4690 SVIIIACIIIIS
3021 4652 3237 4692 Αττιοο.

2235 4723 2493 4795 llelegere
2532 4727 2634 4783 iter
2677 4741 2730 4782 et
2771 4732 2822 4784 in
2865 4742 3210 4801 conspectum
3256 4745 3492 4792 vestrum
3532 4739 3746 4796 tandem

2159 4815 2336 4870 redire
2361 4817 2702 4887 meditamur,
2741 4821 2863 4876 licet
2895 4823 2988 4880 ﬁlii
3020 4828 3188 4882 nostri
3220 4829 3411 4885 virium
3438 4834 3584 4887 vacui
3615 4834 3746 4899 sint,

2159 4919 2213 4962 et
2239 4923 2326 4963 me
2349 4908 2576 4965 febrimn
2604 4929 2740 4968 noxa
2770 4920 3083 4986 tentaverit;
3109 4925 3378 4978 minuetur
3399 4936 3576 4981 tamen
3599 4925 3749 4982 labor

2164 5001 2458 5057 intervallis
2480 5003 2731 5059 brevibus
2755 5014 3114 5065 mansionum.
3157 5012 3330 5082 Spero
3360 5015 3598 5071 locorum
3630 5034 3747 5073 ntu-

2164 5092 2364 5146 tatione
2411 5109 2786 5161 proco-surum
2829 5101 3029 5172 aliqud
3073 5108 3288 5174 optatis.
3338 5109 3531 5163 Curam
3574 5111 3626 5165 in
3661 5127 3748 5167 me

2163 5183 2451 5251 diligentiae
2479 5196 2583 5242 tua:
2606 5203 2704 5244 usu
2734 5193 3008 5260 probatam
3030 5214 3275 5254 crescere
3295 5199 3346 5254 iu
3369 5199 3484 5256 dies
3506 5203 3746 5271 gaudeo:

2165 5274 2247 5328 cui
2277 5275 2520 5344 impense
2554 5279 2731 5336 verbis
2756 5286 2956 5352 gratias
2982 5301 3217 5358 agerem,
3237 5291 3279 5344 si
3309 5291 3361 5346 id
3380 5293 3551 5347 laudis
3575 5299 3751 5363 potius

2166 5365 2520 5436 affectatione,
2553 5386 2712 5440 quam
2736 5376 2944 5430 sincera
2979 5381 3174 5448 pietate
3201 5380 3428 5440 faceres.
3462 5384 3613 5442 Vale.

2707 5508 2923 5565 EI‘IS’I‘.
2967 5511 3208 5570 XXXIII.

2669 5617 2976 5660 SVIIACHUS
3014 5622 3210 5662 ATTICO

2239 5685 2493 5746 Proxime
2524 5691 2775 5749 indicium
2803 5697 2993 5754 salutis
3020 5717 3154 5756 mea:
3203 5705 3441 5772 pra3tuli;
3490 5719 3588 5760 nec
3617 5704 3746 5760 dum

2164 5781 2306 5850 quod
2337 5783 2561 5841 invicem
2586 5785 2654 5841 de
2684 5792 2954 5860 prosperis
2999 5795 3102 5848 tuis
3131 5793 3384 5865 legerent,
3437 5799 3743 5856 reddidisti.
