4218 6444
528 318 633 372 995

1691 316 1751 380 Q.
1796 313 2142 370 AUBEIJUS
2183 312 2625 370 St'ttMACtllIS.

3709 312 3817 368 296

525 429 783 500 voluptati
833 442 952 484 esse
995 428 1276 484 testabitur
1319 426 1481 482 offit-ii
1532 427 1826 482 :emulatiu.
1871 426 2024 492 Quod
2067 425 2113 480 si
2142 429 2190 488 Α
2220 425 2442 479 domino
2480 435 2540 480 et
2582 425 2691 480 lilio
2741 440 2862 480 meo
2905 423 3180 491 Flaviano,
3210 440 3369 494 quem
3413 429 3670 498 prosequi
3713 425 3818 482 hoc

525 521 686 577 etiam
735 521 981 590 portitori
1035 523 1264 575 troctum
1324 520 1609 589 patrocinii
1661 519 1734 574 tui
1782 534 1964 574 sermo
2015 519 2117 572 iste

523 615 862 681 qumsiverit;
897 615 1258 683 praecedentis
1288 615 1486 668 silentii
1513 615 1782 668 accusabo
1810 611 2115 682 dispendia.

521 706 798 762 Constabit
827 706 994 772 enim,
1044 708 1290 776 pluribus
1331 721 1417 762 me
1465 708 1706 777 potuisse
1733 707 2037 774 consulere,
2068 704 2115 761 si

522 810 576 854 te
598 799 796 870 alloqui
828 813 953 856 ante
977 802 1286 870 cccpissetn.
1327 799 1475 854 Vale.

1097 937 1313 992 EPIST.
1356 935 1540 990 XLlll.

1050 1043 1359 1084 ενιιιηεηυε
1400 1043 1578 1084 που).

588 1121 721 1176 Cum
754 1123 863 1176 ruri
897 1135 1136 1192 agerem,
1187 1123 1437 1177 libertate
1475 1121 1602 1178 caeli
1646 1135 1894 1191 gressum
1937 1120 2113 1176 refor-

521 1229 692 1279 matis,
743 1215 899 1284 cujus
927 1229 1014 1269 me
1055 1229 1184 1269 usus
1211 1222 1334 1283 post
1365 1214 1609 1269 dolorem
1639 1221 1911 1280 moratur;
1961 1214 2114 1268 fami-

523 1313 838 1366 liarissimus
878 1325 1028 1367 meus
1084 1309 1347 1366 ordiendo
1396 1309 1575 1365 itineri
1621 1319 1839 1379 paratus
1882 1307 2007 1362 fecit
2044 1307 2112 1362 ad

521 1405 865 1462 scribendum
912 1405 990 1459 sui
1033 1406 1264 1474 copiam.
1299 1404 1454 1460 Illico
1488 1402 1717 1458 amicam
1767 1402 1948 1457 studio
1991 1416 2113 1456 meo

520 1501 800 1569 amplexus
825 1502 1280 1563 communionem,
1308 1499 1504 1567 scripta
1525 1514 1630 1554 non
1660 1497 1842 1553 distuli
1875 1514 1889 1550 :
1916 1513 2037 1566 quae
2059 1507 2112 1552 ct

522 1591 659 1646 inter
690 1605 788 1644 nos
816 1598 1079 1659 augerent
1105 1592 1492 1647 commercium
1535 1589 1832 1660 religionis,
1877 1600 1932 1645 et
1961 1605 2114 1646 com-

523 1682 722 1735 meanti
753 1682 979 1750 primum
1017 1681 1158 1750 apud
1199 1689 1251 1735 te
1279 1681 1483 1736 notitias
1520 1682 1682 1737 limen
1714 1682 2006 1752 aperirent.
2053 1682 2110 1739 Si

2223 517 2424 574 viatico
2452 517 2625 572 debeo
2645 559 2662 584 ,
2691 531 2792 572 nec
2821 517 3018 587 aliquid
3047 519 3339 588 adjungere
3367 533 3385 578 :
3413 518 3536 588 quia
3567 528 3655 572 tua
3687 533 3816 588 erga

2219 624 2344 666 eum
2375 611 2653 682 diligentia
2697 626 2802 666 non
2841 611 3033 678 recipit
3067 623 3439 680 augmentum.
3488 612 3620 669 Volo
3656 611 3818 682 igitur

2220 705 2457 771 noveris,
2505 721 2612 760 non
2640 719 2760 760 esse
2807 703 3027 770 faStidii,
3071 705 3214 775 quod
3241 719 3400 775 quam
3429 704 3709 760 minimum
3742 704 3812 760 de

2219 811 2288 852 eo
2317 795 2624 860 scribimus,
2650 799 2746 852 sed
2783 795 3085 852 securitatis
3111 797 3181 852 de
3209 808 3297 850 ttta
3339 805 3520 853 mente
3549 810 3814 866 pransum-

2218 899 2347 958 ptaz.
2381 888 2526 942 Talis
2554 887 2756 958 jugiter
2785 888 2838 942 in
2881 903 3003 942 eum
3048 903 3171 944 esse
3209 889 3455 956 dignare,
3504 887 3718 958 qualem
3760 896 3817 944 te

2219 990 2372 1038 vetus
2403 981 2642 1036 amicitia
2668 981 2954 1051 pollicetur
2977 997 2991 1034 :
3019 983 3104 1036 cui
3136 980 3319 1051 adjicit
3347 981 3421 1036 tui
3444 981 3668 1036 honoris
3692 995 3816 1051 gra-

2217 1075 2341 1138 dus,
2361 1082 2419 1129 ut
2444 1089 2563 1144 qua:
2576 1088 2676 1145 pro
2701 1087 2767 1130 eo
2792 1073 2930 1128 velle
2950 1073 3139 1141 debes,
3156 1087 3314 1143 posse
3339 1087 3446 1129 non
3459 1085 3643 1143 neges.
3662 1071 3812 1127 Vale.

2773 1209 2921 1266 EPIS
2937 1210 2988 1266 Γ.
3032 1209 3264 1265 XLVIII.

2741 1315 3058 1357 SYIIACHUS
3098 1317 3276 1358 DECIO.

2290 1394 2498 1451 Favore
2529 1405 2620 1450 tuo
2645 1394 2840 1450 factum
2891 1406 2993 1463 est,
3028 1395 3446 1450 utevectionum
3491 1393 3814 1451 adminicula

2213 1503 2580 1552 sumeremus,
2632 1489 2824 1557 quibus
2877 1487 3170 1542 familiares
3221 1487 3325 1542 mei
3374 1485 3608 1555 emptori
3647 1502 3816 1556 equas

2211 1577 2440 1634 Curules
2467 1580 2536 1635 atl
2566 1580 2878 1647 IIiSpaniatn
2919 1592 3310 1634 commearent.
3341 1584 3536 1645 Quaeso
3567 1579 3732 1649 igitur
3763 1582 3816 1635 in

2215 1691 2328 1730 rem
2357 1677 2550 1730 missos
2573 1691 2694 1729 mox
2723 1677 2949 1730 transire
2975 1675 3295 1744 praecipias;
3322 1676 3465 1746 quod
3492 1676 3652 1746 longo
3683 1687 3818 1730 tem-

523 1773 827 1842 probabiles
857 1772 1017 1842 lmjus
1037 1773 1280 1841 epistolae
1309 1787 1500 1828 causas
1533 1783 1713 1843 putas,
1744 1773 1874 1828 mihi
1897 1787 2108 1830 sermu-
2142 1807 2188 1866 Β
2219 1780 2346 1834 pore
2373 1780 2509 1836 opus
2534 1775 2636 1826 est.
2664 1776 2720 1820 υι
2757 1765 2826 1821 tle
2852 1766 3073 1837 singulis
3090 1767 3382 1834 provinciis
3409 1767 3643 1836 optimos
3659 1782 3822 1838 quos-

525 1868 606 1920 nis
633 1867 710 1921 tui
741 1869 933 1936 gratia,
964 1866 1041 1920 illi
1064 1866 1267 1922 amoris
1296 1866 1500 1923 fructus
1527 1865 1758 1922 eveniat.
1786 1865 1940 1922 Vale.

1106 2002 1320 2058 EPIST.
1363 2002 1550 2059 XLIV.

1048 2110 1074 2148 ε
1084 2109 1359 2150 νιιιιλωιυε
1401 2110 1578 2149 οεαιο.

596 2189 931 2244 Remuneror
968 2187 1100 2241 mibi
1136 2187 1334 2242 dictam
1380 2201 1412 2240 a
1452 2197 1504 2243 te
1553 2187 1820 2254 salutem,
1872 2187 2118 2258 quamvis

524 2281 716 2336 diebus
747 2280 1006 2350 proximis
1038 2280 1182 2334 ultro
1207 2279 1498 2335 amicitiam
1519 2281 1643 2350 styli
1678 2295 1841 2349 opere
1866 2279 2118 2351 frequen~

526 2374 746 2428 laverim
777 2390 788 2425 :
814 2388 934 2442 quae
961 2372 1407 2428 commemoratio
1435 2387 1544 2428 non
1587 2375 1881 2442 exprobrat
1915 2373 2113 2428 officia.

525 2467 693 2536 tlujus
720 2467 864 2522 enim
891 2466 1181 2536 diligentiae
1212 2467 1488 2536 voluptate
1515 2468 1728 2522 animus
1757 2482 1910 2522 meus
1941 2468 2114 2534 pasci-

523 2571 630 2614 tur.
664 2560 753 2614 Est
784 2561 941 2628 igitur
965 2568 1052 2612 tua
1083 2559 1254 2630 optio,
1285 2573 1350 2612 an
1378 2559 1430 2614 in
1469 2577 1554 2613 nte
1581 2561 1713 2615 velis
1738 2575 1882 2630 saepe
1911 2561 2118 2613 littera-

521 2665 639 2704 rum
679 2665 802 2706 esse
847 2651 1152 2716 muniﬁcus,
1202 2651 1344 2718 quod
1393 2651 1609 2718 quidem
1659 2655 1892 2706 maxime
1929 2651 2111 2720 cupio.

520 2743 626 2799 Sed
659 2744 704 2798 si
747 2743 962 2810 quando
1005 2743 1162 2797 nobis
1213 2741 1418 2797 fructus
1466 2748 1566 2798 iste
1614 2742 1877 2806 defuerit;
1924 2744 2112 2798 eadem

525 2834 654 2888 mibi
683 2833 876 2904 gaudia
905 2845 1080 2889 tecum
1108 2833 1363 2903 loquendi
1395 2848 1576 2889 sermo
1606 2848 1792 2890 noster
1816 2834 2112 2908 praestabit.

529 2925 676 2980 Vale.

1107 3018 1322 3074 EPIST.
1364 3018 1526 3075 XLV.

1046 3126 1361 3167 δγκιιλωιυε
1401 3128 1572 3167 υεοιο.

2218 1875 2323 1924 que
2348 1872 2602 1929 excerpat
2629 1859 2841 1923 electio,
2875 1869 2930 1912 et
2976 1861 3241 1914 morosior
3289 1858 3497 1913 cautela
3538 1858 3818 1930 perducat.

2219 1953 2484 2008 Prteterea
2508 1953 2601 2008 tibi
2631 1954 2858 2007 validius
2885 1953 3237 2024 obligabor,si
3269 1953 3479 2008 duobus
3503 1951 3625 2008 aliis
3657 1968 3813 2006 vere-

2225 2045 2310 2100 dis
2338 2045 2652 2100 eorumdem
2685 2044 2789 2098 iter
2808 2046 3012 2113 juveris
3045 2061 3058 2097 :
3086 2043 3394 2100 dividentur
3416 2044 3561 2098 enim
3588 2042 3819 2113 singuli,

2224 2147 2368 2193 utex
2400 2137 2630 2192 diversis
2655 2136 2946 2206 provinciis
2975 2136 3280 2194 cdeciment
3305 2137 3574 2193 Iectiorrs.
3605 2135 3717 2190 Erit
3743 2136 3817 2188 tui

2220 2229 2496 2296 beneficii,
2532 2238 2654 2298 post
2683 2228 2947 2283 illustrem
2974 2239 3026 2282 et
3060 2229 3615 2299 pracclleutissimum
3648 2227 3821 2282 virum

2218 2321 2498 2388 comitem,
2525 2319 2782 2390 quidquid
2811 2319 2992 2375 domui
3025 2328 3224 2376 nostra:
3265 2320 3516 2392 prattoria
3567 2317 3664 2374 ﬁlii
3712 2319 3820 2374 mei

2217 2412 2383 2469 editio
2415 2412 2722 2483 splendoris
2747 2411 3032 2479 adjecerit.
3067 2411 3219 2469 Vale.

2787 2547 3008 2604 EPIST.
3050 2548 3242 2607 XLIX.

2755 2653 3072 2694 SYMIACIIUS
3112 2655 3292 2696 οιειο.

2290 2733 2642 2793 Certissir’nus
2669 2745 2858 2791 contra
2889 2752 3080 2792 omnes
3107 2739 3373 2807 procellas
3397 2739 3561 2793 animi
3585 2742 3661 2795 tui
3692 2753 3819 2810 pero

2218 2837 2305 2883 tus
2331 2840 2450 2894 est;
2506 2829 2630 2884 ideo
2659 2829 2725 2882 ad
2778 2838 2832 2884 te
2882 2832 3088 2886 sororis
3129 2845 3265 2888 mete
3319 2831 3458 2887 ﬁlius
3485 2833 3601 2902 spei
3645 2843 3822 2888 certus

2219 2926 2468 2977 accttrrit.
2525 2921 2732 2991 Negotii
2785 2931 2962 2976 autent
3008 2937 3178 2993 genus
3222 2923 3291 2977 de
3335 2923 3670 2980 humanitate
3706 2939 3813 2978 sas-

2214 3013 2320 3066 culi
2346 3022 2619 3081 exspectat
2647 3013 2927 3077 auxilium,
2955 3015 3110 3083 cujus
3137 3013 3367 3081 quat-tas
3398 3015 3686 3070 virtutibus
3705 3019 3815 3070 tuis

2219 3118 2442 3172 precum
2492 3103 2717 3158 lectione
2759 3107 3044 3172 pandetur.
3095 3105 3236 3174 Ergo
3281 3106 3519 3174 prolixus
3547 3121 3670 3162 esse
3704 3122 3810 3163 non

591 3204 707 3262 Una
730 3204 844 3260 haec
869 3205 953 3258 via
981 3213 1066 3260 est
1090 3221 1194 3276 qua
1229 3208 1465 3261 maxime
1493 3205 1700 3261 civibus
1739 3221 1803 3261 ac
1833 3205 2114 3263 familiari-
2139 3186 2186 3250 C
2218 3198 2389 3254 debeo
2417 3207 2698 3253 enarrator
2726 3197 2935 3266 iniuriae
2955 3241 2971 3265 ν
3022 3213 3144 3254 cum
3172 3199 3370 3254 seriem
3401 3199 3659 3256 desiderii
3681 3199 3814 3256 ﬁdes

522 3298 622 3353 bus
649 3298 787 3353 meis
814 3299 1037 3367 prosim,
1081 3298 1130 3352 si
1169 3313 1266 3354 eos
1310 3299 1364 3354 in
1400 3301 1710 3355 clientelam
1748 3309 1915 3378 tuam,
1959 3299 2112 3369 quasi

521 3401 860 3460 mystagegus
879 3390 1147 3445 inducam.
1170 3389 1321 3460 Quod
1345 3397 1487 3448 nunc
1511 3407 1606 3463 pro
1631 3393 1932 3449 Gaudentio
1950 3393 2109 3460 facio,

519 3485 635 3535 viro
663 3481 878 3552 generis
903 3484 1159 3538 senatorii
1190 3501 1202 3535 :
1241 3484 1394 3552 cujus
1423 3485 1768 3554 modestiam,
1817 3486 1863 3541 si
1887 3488 2110 3556 propius

523 3577 840 3642 inspexeris,
891 3574 1158 3640 repereris
1191 3576 1355 3630 claris
1399 3577 1667 3633 natalibus
1708 3593 1918 3646 parem.
1947 3579 2114 3648 Igitur

525 3668 576 3720 in
601 3668 857 3736 obsequia
889 3675 976 3722 tua
1010 3669 1380 3724 incunctanter
1417 3680 1688 3740 receptus,
1736 3680 1862 3726 ante
1892 3674 2107 3742 plenam

519 3760 600 3811 sui
633 3759 908 3824 ﬁduciam,
935 3776 1094 3829 quam
1128 3777 1250 3816 mox
1273 3762 1354 3816 illi
1385 3775 1595 3817 morum
1624 3764 1902 3833 praestabit
1931 3765 2107 3833 inspe-

515 3852 643 3919 ctio,
679 3854 943 3923 intelngat
962 3855 1032 3912 tie
1051 3870 1112 3911 se
1144 3856 1454 3912 testimonio
1485 3871 1608 3912 meo
1633 3858 1921 3914 creditum.
1960 3857 2106 3914 Vale.

1091 3967 1310 4023 EPIST.
1353 3967 1539 4024 XLVI.

1053 4075 1358 4117 SYRIACIIUS
1397 4075 1577 4118 DECIO.

586 4171 884 4243 Singularis
912 4173 1074 4227 animi
1103 4174 1174 4228 ttti
1215 4174 1430 4229 bonitas
1459 4188 1606 4244 saepe
1635 4185 1791 4230 vocat
1833 4175 1899 4230 ad
1931 4174 2104 4246 justas

516 4265 801 4331 petitiones
843 4264 1093 4320 ﬁduciam
1132 4281 1329 4320 meam.
1363 4266 1480 4322 Non
1510 4275 1596 4322 est
1626 4267 1788 4338 igitur
1826 4283 2106 4323 commen-

514 4355 790 4409 dationum
816 4356 1163 4411 familiarium
1188 4359 1421 4413 verenda
1451 4361 1820 4427 reprehensio,
1845 4375 1966 4415 cum
1989 4361 2108 4430 ipse

516 4449 580 4502 ad
630 4450 730 4503 hoc
759 4464 845 4504 me
869 4451 1105 4504 studium
1139 4450 1247 4504 voti
1296 4451 1620 4523 benignitate
1659 4453 1934 4510 sollicites.
1970 4453 2106 4522 Spes

511 4555 641 4609 ergo
666 4551 810 4594 certa
829 4550 936 4602 est.
977 4551 1158 4610 gratas
1200 4543 1293 4597 tibi
1338 4541 1451 4597 fore
1479 4544 1692 4600 litteras
1717 4546 1912 4614 quibus
1937 4561 2101 4601 orna-

515 4633 775 4686 tiSsimum
821 4634 990 4686 virum
1018 4633 1353 4688 Desiderium
1384 4645 1621 4692 veterem
1653 4638 1883 4692 amicum
1922 4654 2100 4694 meum

515 4738 826 4793 prosequor.
863 4723 1166 4779 Domestica
1199 4725 1322 4780 huic
1353 4742 1512 4780 causa
1555 4729 1834 4796 rumpendi
1879 4731 1972 4784 Otii
2005 4729 2099 4784 ad-

512 4817 680 4874 movit
706 4818 1100 4872 necvssitatem.
1123 4819 1258 4872 Eam
1290 4818 1445 4873 facile
1467 4819 1730 4888 jacturam
1755 4821 2099 4879 dissimulare

513 4907 790 4974 potuisset,
843 4909 883 4959 si
933 4908 1241 4963 admitteret
1284 4924 1532 4978 magnttnt
1582 4912 1818 4965 animum
1871 4925 2097 4984 angusm

511 5002 745 5056 fortuna.
792 5002 868 5055 Ex
915 5003 1031 5072 ipso
1079 5003 1240 5058 latius
1286 5003 1495 5067 audies,
1545 5006 1802 5075 quidquid
1851 5007 2095 5075 episwlte

512 5094 747 5147 brevitas
773 5102 985 5149 recusat
1015 5094 1322 5150 absolvere.
1362 5095 1487 5149 Mihi
1519 5097 1648 5151 satis
1677 5106 1783 5164 est,
1817 5113 1911 5164 pro
1946 5113 2011 5153 eo
2039 5097 2094 5152 in

511 5187 818 5238 universum
839 5198 1049 5254 rogare.
1075 5184 1321 5253 Suscipe,
1349 5199 1467 5254 oro,
1491 5185 1858 5242 benefaciendi
1882 5189 2098 5257 provin-

509 5293 664 5337 (nam,
684 5292 801 5345 qua:
827 5277 1100 5331 hominum
1126 5281 1314 5333 merita
1340 5278 1448 5334 Deo
1463 5280 1716 5348 applicat,
1737 5279 2096 5352 clarioresque

511 5377 544 5421 ti
563 5381 711 5424 nctus
742 5387 803 5426 ex
845 5370 999 5438 hujus
1027 5374 1311 5426 commodo
1339 5387 1493 5438 cape.
1520 5373 1645 5428 Mihi
1674 5374 1816 5428 enim
1851 5374 2094 5431 videntur

511 5465 764 5520 beneﬁcia
795 5467 915 5535 plus
940 5469 1187 5521 conferre
1219 5469 1516 5536 prtestanti.
1555 5466 1703 5523 Vale.

1067 5581 1281 5636 EI’IST.
1325 5580 1534 5635 XLVII.

1038 5687 1094 5724 δι’
1106 5689 1345 5729 “MAGNUS
1388 5690 1562 5728 DLCIO.

579 5786 682 5838 Nec
709 5785 977 5840 abstinere
1009 5783 1199 5839 litteris
1230 5800 1449 5853 possunt
1483 5783 1857 5855 proﬁciscentc
1903 5786 1966 5841 ad
1998 5801 2092 5844 vos

2219 3292 2629 3363 supplicationis
2653 3301 2910 3360 exponat.
2935 3293 3041 3348 Has
3071 3303 3250 3350 autem
3300 3293 3447 3349 solas
3477 3303 3660 3364 partes
3683 3294 3815 3350 mibi

2218 3387 2446 3458 injungit
2469 3387 2700 3459 affectio,
2729 3395 2788 3443 ut
2814 3402 2910 3458 pro
2929 3387 3159 3458 conjuge
3199 3387 3439 3458 pignoris
3482 3389 3611 3453 mei,
3658 3388 3815 3457 cujus

2218 3480 2515 3549 paupertati
2544 3481 2724 3552 gravis
2754 3489 2974 3550 paratur
3011 3480 3200 3545 ruina,
3227 3477 3541 3550 sutiragium
3568 3478 3646 3535 tui
3668 3477 3817 3535 favo-

2217 3571 2291 3625 ris
2312 3585 2468 3627 exam
2481 3569 2644 3626 biam.
2682 3570 2829 3626 Vale.

2835 3660 3050 3719 EPIST.
3105 3661 3168 3717 L.

2747 3768 3061 3810 SYIIIACHUS
3100 3767 3278 3808 DECIO.

2284 3847 2474 3902 Gaudii
2505 3846 2573 3901 de
2603 3855 2657 3903 te
2692 3851 2794 3901 mei
2837 3861 2938 3902 nec
2965 3846 3078 3915 ipse
3107 3854 3406 3901 ostentator
3439 3860 3566 3904 esse
3593 3861 3692 3920 per
3717 3862 3816 3904 ve-

2212 3941 2521 3996 recundiam
2550 3955 2799 4010 possum,
2836 3955 2935 3995 nec
2965 3947 3155 3996 testem
3187 3941 3412 3995 alterum
3441 3943 3568 3996 cito.
3601 3940 3814 3998 Sufﬁcit

2211 4033 2382 4099 enim,
2415 4035 2559 4104 quod
2604 4048 2842 4089 amorem
2892 4047 3072 4088 meum
3111 4032 3181 4088 de
3221 4042 3308 4087 tua
3352 4043 3533 4090 mente
3583 4034 3810 4090 metiris.

2212 4125 2392 4180 Debeo
2422 4114 2604 4181 tamen
2634 4125 2877 4180 laetitiam
2908 4124 3175 4190 conﬁteri,
3208 4141 3330 4196 qua:
3355 4126 3688 4194 praefectum
3718 4128 3814 4182 ba-

2211 4217 2378 4274 benas
2420 4220 2486 4274 ad
2521 4219 2714 4273 bonam
2748 4217 3026 4273 transtulit
3055 4217 3410 4274 voluntatem.
3454 4220 3662 4274 Interea
3699 4235 3806 4275 non

2212 4311 2422 4366 minore
2442 4310 2658 4365 abundo
2681 4311 2890 4376 laetitia,
2921 4310 3066 4380 quod
3101 4309 3306 4365 domini
3339 4320 3394 4368 et
3427 4310 3519 4366 ﬁlii
3546 4311 3654 4366 mei
3686 4312 3810 4366 Fla-

2210 4404 2350 4457 viani
2384 4404 2626 4472 prolixus
2655 4403 2710 4458 in
2742 4401 3034 4475 judicando
3082 4404 3235 4458 labor
3262 4413 3443 4472 eptata
3473 4404 3653 4476 quiete
3679 4417 3808 4476 per-

2211 4493 2313 4549 frui
2341 4494 2554 4550 meruit.
2585 4493 2769 4564 Neque
2793 4492 2938 4550 enim
2967 4503 3019 4549 te
3059 4491 3263 4550 differri
3302 4493 3395 4550 diu
3436 4495 3504 4550 ab
3537 4496 3641 4551 hoc
3669 4507 3808 4564 prm-

2134 4576 2184 4636 D
2208 4589 2318 4642 mio
2343 4601 2440 4655 par
2468 4585 2586 4654 fuit,
2619 4601 2793 4657 neque
2833 4587 2980 4640 illum
3007 4585 3075 4640 ab
3103 4587 3215 4641 otio
3240 4586 3522 4642 retardari.
3575 4588 3685 4643 Hoc
3733 4603 3803 4644 eo

2207 4677 2404 4742 scribo,
2432 4687 2490 4732 ut
2518 4677 2733 4732 noveris
2772 4692 2874 4733 nos
2913 4692 3011 4747 pro
3041 4687 3135 4732 tuo
3173 4678 3378 4738 honore
3412 4695 3574 4751 agere
3600 4692 3806 4735 a-terno

2206 4773 2431 4844 principi
2459 4773 2683 4844 gratias,
2715 4782 2770 4826 et
2806 4782 2860 4828 te
2890 4772 3030 4828 idem
3075 4772 3254 4829 facere
3283 4789 3380 4843 pro
3427 4775 3570 4832 illius
3597 4775 3806 4830 securi-

2202 4876 2310 4924 tate
2340 4867 2560 4925 debere.
2609 4869 2818 4924 Interea
2863 4882 3071 4938 quaeso,
3102 4879 3160 4922 ut
3190 4867 3244 4922 in
3273 4869 3519 4938 epistolis
3551 4868 3801 4938 frequen—

2213 4963 2391 5016 tandis
2420 4976 2624 5016 morem
2658 4971 2804 5016 tuum
2834 4970 3040 5029 teneas,
3073 4977 3172 5016 nec
3192 4963 3412 5032 privatis
3429 4962 3622 5020 ofﬁciis
3648 4974 3800 5022 actus

2201 5055 2443 5123 publicos
2473 5053 2686 5108 obstare
2712 5055 2970 5108 causeris.
3004 5053 3135 5107 Nam
3175 5054 3473 5125 ntultijugis
3501 5057 3800 5111 necessita-

2207 5147 2350 5201 tibus
2382 5161 2474 5214 par
2510 5143 2654 5199 fuisti
2689 5163 2701 5198 :
2750 5145 3064 5216 nullumque
3103 5147 3451 5217 experientia
3487 5163 3657 5217 genus
3685 5160 3798 5217 est,

2204 5237 2359 5308 cujus
2383 5237 2692 5308 magnitudo
2722 5237 2806 5293 vel
2834 5239 3043 5293 novitas
3063 5248 3114 5294 te
3143 5239 3313 5307 possit
3350 5256 3380 5297 ι
3412 5242 3640 5313 negetiis
3660 5241 3796 5296 ami-

2205 5333 2349 5386 citiae
2377 5331 2576 5387 debitis
2617 5345 2867 5386 avocare.
2902 5331 3052 5385 Vale.

2821 5423 3036 5476 lil'lS'l‘.
3081 5423 3160 5476 LI.

2732 5531 3042 5570 SYMMACIIUS
3085 5531 3260 5571 BECIO.

2272 5605 2512 5661 Habeant
2540 5605 2781 5662 fortassis
2808 5607 2927 5661 alia:
2947 5610 3442 5665 commendationes
3465 5625 3600 5665 mea:
3629 5610 3791 5664 inter-

2201 5697 2556 5765 pretationem
2615 5698 3014 5768 benignitatis:
3069 5701 3168 5754 ista
3213 5701 3400 5770 judicii
3455 5711 3560 5756 cst.
3615 5702 3792 5756 Trade

2199 5788 2340 5844 enim
2388 5801 2572 5846 sancto
2618 5791 2820 5862 pectori
2876 5801 2966 5849 tuo
3005 5791 3220 5851 fratrem
3274 5809 3451 5851 meum
3490 5797 3790 5862 Severum,
