4218 6484
406 369 509 426 9.97

1582 356 2063 417 EPISTULABL‘M
2102 362 2300 409 unus
2334 365 2438 407 vn.

3575 347 3680 404 298

407 482 713 549 episcopum
760 483 997 537 omnium
1046 491 1310 539 sectarum
1358 478 1698 535 attcstatione
1750 472 1986 528 laudabi-
2016 475 2064 530 Λ
2095 468 2264 536 culpat
2294 475 2384 521 aut
2413 464 2610 521 erroris
2639 463 2882 526 incurrit,
2903 473 3086 519 contra
3121 465 3260 518 illius
3281 465 3529 518 meritum
3557 481 3677 518 ειυς.»

406 572 511 628 lein
547 591 560 626 :
591 575 658 628 de
683 590 790 641 quo
815 577 962 645 plura
999 591 1084 630 me
1109 575 1310 640 dicere,
1341 582 1397 628 et
1421 571 1723 642 desperatio
1750 567 1992 639 aequandi

411 667 687 729 meriti.et
717 666 885 736 ipsius
911 666 1082 738 pudor
1129 681 1233 721 non
1287 664 1436 720 sinit.
1496 661 1759 718 l’raztcrea
1811 659 1986 726 testis,

407 769 511 810 non
544 756 834 812 laudatoris
865 767 1041 828 partes
1081 755 1294 827 recepi;
1325 756 1418 810 tibi
1470 766 1752 809 reservms
1783 764 1990 804 morum

404 847 522 916 ejus
563 847 971 918 inspectionem.
1009 849 1178 917 Quem
1217 862 1338 904 cum
1385 848 1594 917 penitus
1625 843 1945 914 expcndcris
1973 883 1988 906 ,

405 939 648 1007 reperies
675 952 762 995 me
790 940 1022 996 cessisse
1048 943 1226 1009 potius
1254 938 1371 1009 ejus
1411 937 1676 1006 laudibus,
1706 948 1866 1007 quam
1897 947 1991 1004 per

407 1030 784 1103 negligentiam
811 1031 1066 1089 defuisse.
1101 1031 1256 1087 Vale.

1011 1121 1226 1180 EPIST.
1281 1121 1386 1178 ιιι.

937 1229 1248 1272 ειηιιιειιυε
1285 1229 1461 1270 υεειο.

477 1306 610 1374 Quid
642 1305 738 1364 tibi
777 1321 876 1377 pro
902 1316 1043 1362 tanta
1087 1309 1140 1362 in
1169 1321 1254 1362 me
1282 1320 1538 1377 meosque
1588 1320 1715 1360 cura
1769 1301 1989 1371 dignum

405 1401 735 1470 rependam?
763 1401 946 1456 Officia
993 1411 1081 1456 tua
1112 1415 1298 1458 revera
1327 1416 1542 1471 mquare
1580 1416 1685 1453 non
1725 1411 1940 1466 possum
1975 1414 1987 1449 ε

405 1493 645 1562 spondeo
673 1501 872 1559 tamen,
909 1507 1180 1563 nunquam
1232 1507 1320 1549 me
1365 1491 1507 1547 cultu
1537 1491 1731 1546 mentis
1767 1497 1821 1543 et
1863 1486 1994 1542 alle-

404 1588 584 1642 ctione
606 1601 904 1643 cessurum.
935 1586 1046 1643 Nec
1068 1587 1282 1658 ambigo
1309 1587 1470 1643 etiam
1495 1595 1547 1642 te
1570 1601 1666 1655 pro
1694 1582 1992 1639 benefactis

405 1678 572 1733 solam
612 1677 738 1733 boni
767 1679 930 1733 animi
956 1678 1259 1734 mercedem
1287 1687 1623 1748 exSpectare.
1655 1676 1761 1732 Sed
1804 1677 1856 1729 in
1886 1675 1987 1730 hac

404 1770 792 1825 contestatione
829 1771 1016 1840 gratiae
1042 1771 1241 1826 morari
1271 1785 1359 1826 me
1405 1772 1615 1840 longius
1660 1768 1830 1837 pudor
1871 1778 1991 1822 tuus

2097 559 2336 630 digneris
2366 560 2666 614 interventu
2702 559 2963 612 relaxare.
2993 556 3141 610 Vale.

2676 646 2899 702 EPIST.
2939 645 3095 701 LVll.

2616 752 2924 794 BYIIACIIUS
2964 754 3138 793 DECIO.

2168 831 2232 885 Et
2265 831 2475 887 virtutis
2504 839 2557 888 et
2589 832 2845 902 pr0positi
2869 833 2942 889 tui
2973 841 3078 898 est,
3102 833 3270 887 bonos
3291 846 3530 902 quosque
3559 848 3678 887 sns-

2093 922 2275 989 cipere
2302 941 2315 976 :
2348 923 2488 978 inter
2524 938 2658 994 quos
2697 924 3000 980 Alexander
3032 925 3481 993 contemplatione
3513 923 3678 979 bono.

2092 1013 2248 1065 statis
2271 1012 2391 1080 jure
2414 1023 2682 1068 censetur.
2715 1013 2866 1069 llunc
2892 1020 2947 1068 et
2984 1014 3036 1068 in
3079 1011 3445 1083 adjumentum
3485 1016 3590 1081 sui,
3624 1025 3677 1068 ιιι

2092 1102 2291 1157 amoris
2322 1104 2374 1157 in
2407 1113 2457 1158 te
2506 1107 2611 1159 mei
2651 1107 2840 1171 gratia,
2888 1104 3232 1160 familiaribus
3264 1105 3455 1161 litteris
3494 1120 3676 1170 prose-

2093 1204 2270 1260 cutus,
2302 1195 2573 1263 impendio
2600 1197 2882 1264 deprecor,
2912 1207 2970 1251 ut
2999 1198 3071 1250 illi
3116 1197 3350 1253 favorem
3379 1212 3674 1268 congruum

2094 1286 2316 1354 tribuas,
2347 1289 2475 1343 milii
2498 1289 2915 1345 vicissitudinem
2942 1305 3206 1346 sermonis
3228 1292 3496 1348 exsolvas.
3523 1287 3672 1347 Vale.

2660 1380 2876 1437 ειηδτ.
2917 1377 3098 1436 LVIII.

2640 1487 2950 1529 εγιιιιιιῑιιυε
2988 1488 3164 1529 υεσιο.

2164 1563 2306 1620 Duas
2332 1563 2692 1621 oratiunculas
2721 1577 2870 1619 meas
2894 1579 3066 1634 nuper
3089 1566 3281 1629 editas,
3331 1559 3400 1621 ad
3440 1564 3668 1620 illustres

2093 1654 2256 1724 viros,
2289 1657 2538 1712 virtutum
2575 1669 2632 1714 et
2684 1655 2981 1713 litterarum
3036 1659 3336 1713 sacerdotio
3381 1661 3668 1728 praeditos.

2097 1747 2329 1804 Felicem
2357 1759 2412 1804 et
2457 1750 2769 1805 Minervium
2811 1750 2954 1805 misi.
3003 1748 3201 1805 llarum
3252 1753 3410 1804 etiam
3468 1759 3521 1805 te
3551 1791 3567 1814 ,
3617 1763 3670 1806 nt

406 1876 511 1914 non
534 1859 659 1915 sinit
685 1878 699 1915 :
728 1838 915 1917 δεδιξτὶ
940 1862 1082 1917 enim
1098 1862 1306 1932 jndicas
1336 1838 1583 1918 amicitia:
1613 1869 1811 1918 nostra!
1839 1860 1990 1932 quid-

2096 1847 2360 1894 amantem
2388 1839 2516 1910 mei,
2558 1840 2606 1896 si
2653 1839 3011 1897 mediocribus
3058 1841 3281 1910 ingeniis
3305 1857 3411 1896 non
3438 1841 3669 1896 offendo.

405 1951 530 2021 quid
556 1967 655 2028 ego
682 1953 845 2009 credo
882 1955 1149 2024 preStari.
1177 1953 1325 2010 Vale.

996 2044 1215 2101 EPIST.
1267 2045 1396 2100 Llll.

937 2150 1074 2190 εἵη
1084 2152 1248 2192 ιιςιιυε
1289 2151 1461 2192 υεοιο.

480 2224 647 2279 Parva
676 2231 758 2280 cst
785 2227 1178 2282 commendatio
1206 2228 1526 2298 scriptorum
1572 2243 1834 2294 meorum,
1866 2244 1988 2284 cum

408 2314 696 2370 Eusebium
717 2315 1034 2372 familiarem
1057 2317 1163 2370 vita
1187 2316 1465 2381 innocens,
1496 2329 1551 2372 et
1577 2332 1778 2373 annosa
1805 2319 1993 2374 militia

406 2407 560 2461 bonis
581 2407 877 2478 quibusque
895 2408 1163 2464 conciliet.
1193 2407 1304 2464 Suo
1348 2408 1508 2479 igitur
1540 2409 1798 2478 prmditus
1829 2412 1965 2466 meri

408 2507 492 2558 ιο.
528 2499 889 2555 testimonium
920 2514 1018 2570 pro
1059 2508 1111 2556 te
1139 2516 1340 2569 meum,
1375 2517 1482 2557 non
1513 2502 1770 2557 ambitum
1802 2515 1958 2574 postu

407 2589 555 2644 lavit.
581 2589 648 2645 Et
677 2599 855 2646 tamen
881 2591 1154 2650 abstinere
1178 2609 1283 2649 non
1309 2593 1480 2649 debeo
1510 2595 1596 2649 tali
1625 2610 1823 2664 genere
1851 2597 1992 2652 litte-

413 2699 590 2739 rarum
617 2725 633 2749 ,
660 2684 828 2756 magis
856 2696 914 2740 ut
935 2685 1057 2742 fidei
1087 2687 1430 2754 satisfaciam,
1457 2703 1613 2758 quam
1641 2700 1696 2742 ut
1726 2689 1992 2745 labantem

408 2775 796 2844 gratilicatioue
838 2788 1157 2835 sustentem.
1199 2778 1326 2835 Haac
1371 2779 1532 2850 igitur
1559 2779 1828 2850 petitionis
1859 2794 1992 2836 me.e

408 2879 617 2921 summa
648 2876 750 2933 est,
779 2875 836 2921 ut
861 2870 912 2923 in
945 2872 1200 2937 praeclaro
1233 2881 1449 2939 pectore
1480 2883 1570 2928 tuo
1597 2870 1822 2930 formam
1849 2873 1989 2929 circa

409 2973 470 3016 se
499 2961 784 3017 voluntatis
809 2976 944 3019 mea).
966 2963 1224 3019 inveniat.
1253 2964 1403 3020 Vale.

1005 3054 1220 3112 EPIST.
1259 3054 1394 3112 LIV.

926 3159 1237 3203 δῖιιιειιυε
1287 3162 1462 3204 υεοιο.

2095 1932 2193 1998 ris,
2233 1940 2362 2001 opto
2387 1948 2507 1989 esse
2552 1934 2832 1991 lectorem.
2880 1935 2986 2005 lpsi
3023 1934 3310 1990 voluminis
3346 1935 3553 2004 copiam
3599 1935 3672 1989 fa-

2095 2024 2255 2080 eient.
2286 2026 2359 2080 Ita
2398 2027 2540 2083 enim
2589 2027 2827 2084 studiose
2873 2027 3067 2083 famam
3110 2041 3282 2083 meam
3323 2031 3586 2096 nutriunt,
3619 2038 3672 2083 ut

2091 2116 2338 2188 sull’ragia
2373 2120 2634 2176 bonorum
2667 2119 2797 2175 mihi
2828 2119 3070 2175 nesciant
3108 2120 3361 2176 invidere.
3399 2120 3548 2176 Valo.

2679 2211 2896 2266 EPIST.
2948 2208 3086 2267 LIX.

2627 2322 2935 2363 SYIHACIIUS
2977 2323 3154 2362 DECIO.

2162 2396 2357 2454 Sacras
2388 2399 2518 2456 mihi
2542 2399 2744 2455 litteras
2772 2400 2943 2455 Julius
2963 2416 3129 2470 agens
3153 2401 3205 2454 in
3230 2399 3386 2455 rebus
3407 2400 3669 2455 exhibuit.

2095 2488 2469 2562 leopardorum
2508 2493 2925 2550 munificentiam
2953 2495 3313 2550 continentes.
3348 2493 3492 2549 Idem
3526 2503 3667 2548 tuam

2091 2584 2451 2641 desideratam
2485 2587 2640 2642 nobis
2681 2588 2926 2657 paginam
2968 2586 3126 2641 simul
3159 2586 3396 2640 tradidit.
3427 2585 3670 2655 Principe

2094 2677 2253 2748 igitur
2274 2678 2392 2734 loco
2409 2678 2744 2734 salutationis
2769 2679 2861 2734 tibi
2886 2679 3037 2734 solvo
3057 2679 3434 2734 reverentiam.
3466 2678 3669 2734 Deblnc

2093 2768 2325 2837 postulo,
2361 2777 2419 2822 ut
2438 2783 2534 2838 pro
2564 2783 2650 2824 me
2678 2770 2878 2839 gratias
2920 2784 3044 2838 agas
3069 2771 3260 2825 votiva:
3286 2769 3544 2838 largitatis
3583 2779 3670 2823 au-

2091 2858 2418 2930 elori:qua:
2466 2860 2754 2931 jucundior
2798 2862 2922 2926 erit,
2972 2864 3015 2915 si
3043 2862 3094 2915 ei
3143 2858 3668 2915 commendationem

2091 2954 2398 3023 prosecutio
2430 2965 2727 3025 opportuna
2761 2953 3068 3024 prastiterit
3097 2971 3111 3008 :
3140 2963 3194 3009 et
3222 2954 3360 3024 quod
3405 2968 3668 3009 verecun-

2092 3048 2178 3102 dia
2210 3063 2328 3103 mea
2371 3049 2459 3104 vix
2512 3049 2736 3118 implere
2787 3050 3070 3118 potuisset,
3111 3050 3222 3102 oris
3264 3049 3339 3102 tui
3388 3044 3671 3103 affabilitas

2093 3150 2440 3212 exsequatur.
2509 3145 2681 3212 Spero
2729 3143 2873 3197 enim
2930 3156 2996 3196 ex
3040 3156 3287 3196 mensura
3337 3141 3669 3208 affectionis,

480 3231 552 3289 Ut
574 3247 634 3290 es
658 3232 829 3290 solers
858 3237 1094 3291 omnium
1125 3250 1324 3298 rerum,
1365 3238 1473 3292 scis
1510 3248 1765 3306 quantum
1795 3240 1990 3308 legatio
2015 3207 2063 3273 ο
2093 3207 2257 3304 quam
2307 3235 2373 3289 de
2414 3243 2468 3289 te
2513 3207 2763 3300 mereor,
2813 3235 2954 3305 quod
3006 3234 3428 3289 cumulatissime
3473 3235 3671 3303 possim

411 3325 785 3381 sollicitudinis
831 3325 1044 3394 habeat,
1081 3339 1338 3397 quantum
1372 3331 1729 3399 peregrinatio
1756 3330 1992 3386 difﬁcul-

413 3415 538 3471 tatis
575 3417 936 3473 circumferat.
984 3418 1111 3474 llzec
1153 3418 1370 3476 domino
1397 3430 1450 3476 et
1497 3421 1607 3474 filio
1653 3437 1775 3476 meo
1816 3423 1994 3478 Attalo

413 3517 630 3564 senatus
654 3508 919 3565 desideria
941 3511 1306 3582 prosequenti,
1333 3525 1485 3566 amor
1515 3524 1634 3566 tuus
1658 3514 1791 3568 levia
1809 3524 1861 3569 et
1884 3523 1993 3569 tuta

415 3600 705 3669 praastabit.
753 3599 975 3669 Suscipe
1021 3601 1180 3671 igitur
1227 3611 1408 3671 partes
1445 3602 1784 3671 benignitatis
1812 3614 1867 3660 et
1898 3622 1992 3676 pe.

416 3690 588 3745 titioni
620 3708 754 3748 mea:
783 3691 1012 3762 debitas,
1029 3703 1084 3750 et
1109 3704 1200 3750 tuo
1221 3695 1433 3765 ingenio
1456 3709 1833 3768 congruentes.
1853 3698 1995 3754 Satis

417 3785 598 3838 Attalo
625 3785 911 3854 videbitur,
950 3785 1187 3857 quisquis
1225 3787 1332 3844 erit
1356 3799 1578 3847 eventus
1596 3791 1778 3858 officii,
1809 3806 1993 3848 curam

419 3889 516 3946 pro
537 3889 596 3932 sc
621 3875 882 3935 meruisse
909 3879 1153 3950 potioris.
1182 3878 1333 3937 Vale.

1017 3969 1235 4027 EPIST.
1285 3972 1395 4029 LV.

936 4077 1247 4121 εγιιιριειιυι
1281 4077 1459 4122 υκωο.

489 4152 645 4223 εκριε
669 4169 785 4219 nos,
813 4163 872 4210 ut
899 4157 1175 4223 condecet,
1206 4157 1398 4214 litteris
1423 4161 1737 4215 muneraris.
1768 4161 1990 4219 Obsole-

421 4261 572 4300 scere
594 4246 738 4302 enim
761 4251 986 4316 quadam
1010 4249 1208 4304 silentii
1237 4252 1480 4321 rubigine
1505 4253 1802 4307 animorum
1821 4253 1994 4310 foedus

422 4340 711 4393 existimas.
768 4338 953 4394 Facias
985 4338 1219 4396 officium
1264 4345 1534 4412 germanis
1564 4347 1752 4400 studiis
1778 4349 1995 4402 animis-

422 4445 524 4499 que
544 4431 891 4488 conveniens.
929 4431 1030 4485 Pro
1056 4447 1158 4501 qua
1201 4448 1260 4489 re
1287 4433 1455 4488 vicem
1489 4436 1582 4489 tibi
1619 4439 1880 4491 sermonis
1912 4456 1996 4492 re-

421 4523 560 4577 ferre
587 4540 690 4575 non
719 4523 926 4576 distuli.
959 4523 1121 4594 Cujus
1141 4539 1206 4580 ea
1229 4525 1428 4580 solutio
1449 4536 1552 4591 est,
1582 4537 1641 4583 ut
1674 4544 1757 4584 me
1782 4529 1992 4585 all‘ectni

2096 3326 2512 3398 magnitudinem
2543 3335 2739 3382 nostra
2771 3325 3142 3397 gratulationis
3182 3326 3425 3396 implere.
3451 3326 3600 3383 Vale.

2695 3402 2912 3473 erlsr.
2961 3417 3073 3472 Lx.

2605 3528 2918 3570 δηιιιιιειίσε
2977 3527 3152 3566 DECIO.

2166 3601 2432 3659 Onerabat
2463 3605 2836 3660 verecundiam
2877 3620 3074 3669 meam,
3100 3604 3240 3674 quod
3269 3605 3412 3672 prior
3441 3605 3669 3675 scripse-

2097 3708 2204 3750 ras.
2233 3695 2501 3750 Continuo
2525 3697 2687 3750 altera
2733 3695 2956 3764 epistola
2989 3703 3080 3750 tua
3112 3705 3342 3766 gravata:
3379 3696 3539 3752 fronti
3569 3700 3669 3752 dn.

2098 3786 2219 3857 plex
2246 3786 2398 3842 fenus
2432 3787 2702 3857 imposuit.
2749 3787 3020 3852 Formido,
3054 3789 3195 3857 quod
3222 3791 3399 3859 cupio,
3429 3805 3496 3846 ne
3543 3793 3671 3845 mibi

2096 3886 2222 3932 ante
2267 3877 2585 3934 solutionem
2616 3879 2842 3932 duorum
2898 3890 3264 3934 contractuum
3312 3881 3500 3937 tertius
3547 3897 3577 3935 a
3621 3893 3672 3936 lt:

2097 3986 2278 4028 sermo
2308 3972 2590 4029 tribuatur.
2623 3971 2796 4027 liabet
2834 3973 3031 4042 quippe
3063 3975 3198 4028 hanc
3247 3973 3635 4043 impatientiam
3658 4021 3672 4041 ,

2097 4079 2216 4134 qua:
2246 4065 2298 4119 in
2334 4073 2385 4120 te
2413 4064 2596 4134 pollet,
2628 4065 2738 4119 oris
2764 4063 3000 4130 ubertas,
3034 4074 3091 4120 ut
3134 4065 3476 4121 intervallum
3509 4069 3669 4123 vicis-

2097 4153 2312 4211 situdini
2340 4162 2516 4226 neget,
2559 4163 2613 4209 et
2635 4152 2808 4210 officia
2843 4154 3076 4208 nondum
3106 4167 3444 4223 compensata
3473 4172 3673 4228 prteri-

2101 4247 2228 4302 niat.
2269 4245 2381 4302 Una
2425 4247 2584 4317 igitur
2611 4246 2678 4301 ad
2709 4245 3124 4302 satisfactionem
3171 4249 3254 4304 via
3305 4261 3588 4320 superest;
3618 4266 3672 4306 ut

2101 4341 2356 4411 imparem
2387 4356 2474 4397 me
2509 4342 2649 4411 stylo
2699 4339 2893 4404 fatear,
2943 4341 3185 4411 quamvis
3232 4342 3376 4397 cultu
3423 4346 3673 4401 amicitia:

2100 4451 2281 4507 parem
2331 4451 2436 4489 non
2476 4449 2685 4504 negem.
2735 4433 2845 4489 Nec
2881 4439 3263 4490 contumaciter
3307 4435 3422 4490 fieri
3473 4447 3670 4506 putes,

2099 4525 2244 4597 quod
2292 4525 2386 4583 tibi
2431 4520 2598 4581 animi
2639 4524 2741 4580 mei
2780 4523 3106 4594 diligentiam
3157 4525 3397 4581 confero.
3427 4528 3672 4597 Alioquin

423 4626 514 4668 tuo
537 4616 693 4669 etiam
721 4632 862 4670 nunc
895 4591 1122 4672 sentiam
1152 4618 1470 4676 debitorem.
1493 4622 1682 4676 Omnia
1726 4623 1870 4678 cnim
1919 4622 1996 4676 fa.
2027 4591 2073 4651 θ
2099 4591 2294 4675 frustra
2321 4635 2351 4673 a
2380 4628 2430 4675 te
2455 4617 2667 4688 diligor,
2693 4616 2792 4672 nisi
2817 4616 3109 4672 affectione
3128 4619 3303 4672 saltim
3328 4632 3425 4674 nos
3455 4621 3673 4689 patiaris

421 4710 510 4762 cili
544 4709 930 4774 vicissitudine,
953 4719 1004 4764 et
1036 4711 1476 4780 compensatione
1507 4714 1818 4770 redduntur.
1855 4713 1995 4770 Cno-

424 4810 621 4854 tractus
651 4815 778 4855 vero
806 4802 1051 4857 amicitia:
1072 4814 1128 4858 et
1154 4804 1424 4874 religionis
1460 4816 1693 4861 aternus
1721 4818 1822 4862 εει.
1846 4806 1994 4874 Vale,

421 4904 472 4946 et
497 4893 561 4946 ad
587 4894 924 4948 scribendum
950 4895 1174 4965 diligens
1188 4912 1309 4954 esse
1324 4912 1626 4968 persevera.
1655 4897 1762 4956 Nos
1791 4901 1996 4956 littera-

419 5002 539 5040 rum
561 4987 748 5040 solatia
774 5003 1142 5058 suggeremus,
1165 4992 1358 5059 quibus
1383 5001 1475 5047 aut
1498 4993 1735 5047 animum
1759 4997 1996 5052 mulccas

419 5091 732 5151 occupatus,
764 5092 857 5135 aut
883 5082 1051 5135 vicem
1085 5081 1288 5138 referas
1315 5085 1543 5140 otiosus.
1580 5085 1726 5142 Vale.

1018 5173 1229 5229 EPIST.
1272 5174 1407 5230 LVI.

943 5278 1242 5318 ευιιιιιῖιιυε
1284 5280 1456 5320 οεοιο.

494 5351 602 5407 Tua
621 5363 772 5407 vetus
798 5354 1094 5406 humanitas
1109 5369 1204 5409 n0s
1220 5359 1462 5408 hortatur
1483 5371 1637 5425 opem
1655 5357 1996 5426 poscentibus

419 5463 526 5502 non
553 5461 764 5516 negare.
788 5445 1178 5500 l‘ro'l‘liendulo
1199 5456 1374 5500 autem
1403 5449 1668 5502 scribendi
1697 5449 1823 5503 mihi
1848 5450 1909 5501 :nd
1940 5459 1991 5504 tc

415 5553 576 5594 causa
601 5539 915 5608 propensior
945 5548 1048 5601 est,
1078 5554 1198 5592 cum
1224 5539 1291 5593 sit
1314 5540 1533 5594 colonus
1563 5555 1812 5609 agrorum
1842 5555 1989 5595 meo-

415 5648 560 5698 rum,
585 5643 741 5702 atque
759 5633 833 5686 illi
860 5632 1036 5686 debita
1060 5633 1248 5700 magis.
1272 5647 1428 5702 quam
1453 5634 1691 5700 precaria
1707 5649 1835 5686 cura
1855 5649 1988 5700 prae.

413 5737 605 5786 stetur.
629 5727 791 5783 Serva
819 5728 974 5796 igitur
995 5726 1431 5780 consuetudinem
1463 5734 1627 5792 tuam,
1662 5737 1709 5780 et
1743 5727 1988 5793 pret-ibus

418 5823 576 5885 nit-is,
599 5827 654 5871 ut
691 5833 804 5872 mus
832 5825 955 5869 tuus
982 5816 1260 5882 promittit,
1309 5816 1577 5875 inflectere
1605 5835 1615 5870 ε
1652 5827 1707 5870 ιιι
1735 5817 1986 5888 quidquid

703 5913 964 5974 Parnon.
1014 5908 1240 5972 XVIII.

2097 4710 2408 4781 comparari.
2465 4710 2642 4778 Quare
2699 4716 2819 4778 post
2875 4707 3013 4763 hanc
3067 4709 3450 4777 professionem
3499 4728 3671 4766 meam

2097 4804 2324 4859 laudatae
2357 4802 2614 4858 facundiae
2661 4801 2859 4856 donum
2909 4801 3185 4872 frequenta
3217 4819 3231 4855 :
3267 4818 3374 4868 me,
3401 4805 3445 4859 si
3501 4806 3671 4859 rarior

2097 4895 2280 4962 fuero,
2313 4902 2583 4951 memento
2609 4894 2854 4953 cessisse.
2886 4892 2968 4946 An
3011 4907 3113 4962 ego
3139 4892 3396 4947 adversus
3416 4894 3670 4964 judicium

2099 4988 2365 5058 publicum
2413 5001 2697 5056 provocem
2749 4985 2964 5055 scriptis
3018 4985 3360 5054 epistolarum
3406 4989 3670 5052 regiarum

2100 5079 2444 5150 magistrum?
2469 5077 2720 5134 Nostrum
2751 5085 2852 5144 est,
2878 5077 3172 5147 pastorales
3197 5079 3382 5133 inflare
3403 5081 3669 5145 calamos;

2101 5181 2248 5227 tuum
2288 5171 2456 5226 sacris
2500 5171 2643 5226 tibiis
2685 5184 2902 5225 carmen
2956 5168 3189 5225 incincre
3231 5187 3243 5222 :
3290 5186 3387 5225 nos
3422 5173 3667 5227 obtundit

2098 5266 2283 5328 Otium,
2318 5273 2368 5318 te
2396 5278 2521 5317 usus
2548 5272 2781 5318 exercet.
2809 5260 2918 5316 Nisi
2948 5259 3084 5315 forte
3110 5261 3244 5315 hanc
3286 5272 3519 5317 nostram
3562 5284 3608 5332 pi
3627 5285 3664 5318 l-

2099 5369 2234 5411 vatte
2263 5356 2382 5410 vita
2409 5355 2738 5409 vacationem
2762 5353 2929 5423 magis
2953 5363 3303 5422 opportunam
3330 5353 3662 5421 frequentati-

2096 5449 2180 5503 dis
2209 5448 2399 5502 litteris
2431 5458 2602 5516 putas.
2639 5444 2793 5499 Vides
2826 5459 2933 5499 non
2962 5445 3147 5499 eodem
3177 5456 3322 5500 motu
3354 5446 3571 5499 flumina
3602 5451 3667 5500 de

2092 5550 2282 5608 stagno
2312 5554 2549 5608 serpere,
2579 5547 2632 5592 et
2651 5537 2717 5591 de
2747 5536 2889 5592 fonte
2914 5550 3214 5606 properare.
3248 5538 3416 5592 Omne
3443 5543 3580 5606 quod
3614 5540 3666 5593 in

2094 5646 2252 5684 cursu
2282 5640 2383 5691 est,
2413 5632 2573 5698 viget.
2606 5627 2949 5682 Continuatio
2974 5627 3341 5695 experientim,
3373 5629 3513 5681 vircs
3542 5644 3665 5681 suas

2095 5733 2331 5776 renovat.
2363 5721 2637 5774 Sublatum
2671 5719 2762 5771 tibi
2792 5727 2893 5779 est.
2927 5719 3066 5786 quod
3111 5718 3431 5776 respondere
3466 5724 3660 5788 potuis-

2094 5830 2195 5869 scs.
2236 5811 2337 5868 Fac
2362 5813 2635 5882 deinceps,
2665 5811 2751 5880 qui
2786 5811 2928 5865 vales
2957 5810 3222 5866 scribendi
3251 5811 3398 5876 copia
3419 5854 3432 5872 ,
3468 5823 3524 5864 ut
3554 5821 3667 5864 tan-

3358 5903 3430 5962 10
