4218 6446
529 335 635 392 999

1694 313 1756 379 Q.
1801 303 2141 364 AURELIUS
2182 298 2619 361 SYIIMACIIIJS.

3683 288 3784 348 500

534 457 646 500 tum
676 438 805 498 mihi
833 436 1014 492 all'erat
1063 426 1327 486 facultatis
1371 423 1671 493 exemplum
1719 430 1894 486 tuum,
1943 416 2416 490 quan-Asidialis
2465 414 2801 484 improbitas.
2854 409 3011 481 Saepe
3059 409 3124 463 ad
3181 414 3446 463 rectorem
3499 402 3786 473 provincia:

531 551 644 595 tum
683 532 949 606 ingenium
979 541 1156 583 meum
1188 538 1294 578 non
1320 520 1488 577 dedit.
1527 517 1675 572 Vale.

1109 612 1328 674 EPIST.
1388 609 1522 668 LII.

1006 722 1312 771 εγκθιιωως
1365 720 1633 762 ητῐιιειο.

605 812 1052 873 Denurttiaveram
1075 799 1214 874 quod
1242 799 1414 857 rarior
1443 799 1494 853 in
1520 794 1806 852 scribendo
1832 800 2004 847 essem
2027 788 2108 844 fu-

533 921 704 964 turus.
732 899 870 972 Quid
896 897 1146 955 amicitia
1172 892 1382 955 faciam,
1418 901 1536 958 qua:
1561 887 1728 956 cogit,
1757 892 1814 940 ut
1835 880 2110 938 mentiar!

531 997 743 1056 nescivi
773 1011 803 1050 a
829 990 1136 1064 proposito:
1161 979 1257 1041 sed
1286 983 1450 1039 credo
1476 992 1528 1036 te
1558 976 1862 1050 huiusmodi
1885 974 2114 1045 probare

532 1091 821 1146 fallaciam.
857 1085 1009 1142 Nunc
1043 1080 1202 1137 velim
1248 1078 1448 1147 COgites
1490 1089 1649 1145 quam
1699 1073 1950 1140 frequens
1993 1079 2115 1121 esse

531 1181 751 1246 debeas,
783 1179 873 1248 qui
898 1175 1013 1246 spei
1048 1172 1276 1242 amplius
1304 1168 1566 1225 obtulisti.
1611 1167 1694 1222 Au
1741 1179 1847 1218 non
1893 1161 2040 1231 prior
2063 1159 2114 1212 in

534 1291 619 1330 me
641 1271 905 1343 iaculatus
931 1282 991 1324 es
1029 1266 1139 1321 oris
1181 1263 1256 1318 tui
1286 1259 1550 1316 munera?
1588 1257 1797 1324 Quibus
1825 1269 1923 1324 ego
1949 1252 2116 1308 veluti

536 1369 756 1425 herbam
787 1365 1093 1435 porrigens,
1129 1374 1252 1415 cum
1283 1357 1454 1413 venia:
1501 1352 1759 1422 petitione
1791 1346 2114 1417 respondeo.

533 1462 746 1517 Ilaneas
774 1473 870 1514 oro
917 1453 1215 1526 promissis,
1239 1458 1294 1504 et
1329 1459 1626 1518 carptorum
1657 1454 1867 1498 tuorum
1890 1438 2116 1509 diligen-

533 1559 659 1610 tiam
701 1563 904 1609 teneas.
934 1547 1116 1603 Fidem
1167 1557 1309 1600 tuam
1330 1539 1610 1604 convenio,
1639 1538 1728 1608 qui
1761 1549 1848 1590 me
1875 1545 2013 1605 pene
2041 1532 2118 1600 ia-

532 1651 662 1703 t-tito
687 1645 987 1702 mentitum.
1024 1639 1173 1695 Vale.

1095 1725 1311 1786 EPIST.
1371 1721 1529 1782 LXII.

1010 1835 1322 1879 ιῚΙΙΙΑΕΙΙυῧ
1374 1828 1620 1874 PATRICIO
1637 1859 1648 1868 .

603 1919 728 1978 Ideo
753 1916 984 1975 amicitia
1010 1919 1317 1983 comparata
1340 1919 1440 1973 est,
1493 1910 1552 1961 ut
1579 1903 1882 1960 officiorum
1905 1893 2116 1954 Via'bus

541 2023 721 2070 mutua
761 2009 1090 2082 gubernetur
1135 2000 1356 2058 utilitas.
1402 2000 1462 2055 lu
1495 2012 1605 2054 rem
1639 2000 1957 2067 praesentem
1992 1999 2118 2060 ape-

536 2119 648 2166 ctat
673 2107 895 2177 praefata
939 2099 1227 2159 sententia.
1269 2096 1546 2153 Przesumo
1575 2102 1805 2158 namque
1828 2084 2119 2143 evimltat‘is

536 2216 642 2258 tua:
668 2176 844 2256 studio
891 2193 1337 2266 supplicationem
1388 2188 1571 2242 fratris
1617 2182 1722 2238 mei
1777 2176 2075 2236 Callistiani
2102 2216 2116 2239 ,

533 2307 692 2366 a'quc
719 2292 836 2363 eius
862 2287 1063 2353 uxoris,
1086 2292 1362 2341 exsortem
1401 2277 1538 2335 sacri
1581 2273 1827 2330 beneficii
1850 2285 1954 2326 non
1980 2269 2121 2324 futu-

535 2363 649 2442 ram
675 2405 688 2448 ;
716 2387 800 2440 cui
832 2392 886 2439 et
911 2378 1138 2448 aequitas
1177 2374 1448 2438 desiderii,
1473 2381 1528 2426 et
1555 2371 1749 2424 usitata
1781 2363 2116 2434 impetratio-

542 2478 626 2534 nis
679 2475 848 2530 forma
895 2469 1150 2541 sull‘ragio
1193 2475 1295 2523 est.
1324 2465 1548 2532 Quando
1581 2462 1740 2531 igitur
1784 2457 1915 2512 nihil
1945 2457 2124 2511 obstat

535 2573 739 2636 oratis,
791 2567 1017 2624 admove
1056 2561 1307 2634 iuvandis
1363 2558 1614 2626 precibus
1664 2550 2117 2608 benevolentiam.

534 2666 664 2732 Quae
693 2677 815 2717 cum
862 2657 958 2714 tibi
1001 2658 1183 2711 innata
1232 2650 1330 2717 sit,
1360 2647 1590 2705 remittit
1631 2644 1760 2699 mihi
1797 2637 2122 2712 deprecandi

535 2759 795 2812 laborem.
824 2751 957 2806 Nam
987 2763 1123 2820 pene
1163 2745 1416 2816 iniuriam
1457 2740 1585 2796 facit
1631 2733 1943 2805 benignitati
1977 2773 1991 2796 ,
2031 2732 2122 2802 qui

535 2850 689 2905 airxie
718 2848 869 2918 pezit,
902 2843 1043 2914 quod
1075 2837 1378 2911 prarstantis
1423 2844 1611 2890 natura
1657 2838 1852 2898 Sponte
1890 2826 2121 2897 promit-

537 2946 622 2998 tit.
664 2941 813 2996 Vale.

1098 3003 1310 3061 EPIS'I'.
1367 3000 1543 3055 LXIII.

1008 3109 1314 3152 SVIIIMCIIUS
1366 3106 1464 3146 ru
1476 3104 1637 3144 nmo.

2211 508 2384 564 delata
2415 507 2748 577 querimonia
2780 505 2927 576 parvi
2972 503 3150 556 habita
3178 508 3262 553 est
3292 513 3386 568 per
3417 496 3678 566 ignaviam
3703 496 3785 561 iu-

2207 601 2456 657 dicantis.
2501 598 2662 669 Ergo,
2693 597 2943 668 quoniam
2973 593 3208 650 remedia
3257 591 3465 644 minora
3509 602 3615 642 non
3659 601 3784 655 pro-

2210 703 2336 752 sunt
2354 737 2370 759 ,
2395 694 2460 748 ad
2491 694 2695 764 majora
2719 689 3070 760 confugimus.
3102 686 3266 742 Feras
3289 697 3482 754 opem,
3505 694 3689 751 quasso
3707 689 3782 744 te,

2212 803 2280 844 ne
2304 802 2392 843 res
2417 796 2498 844 tot
2526 787 2738 857 injuriis
2765 785 3022 840 exhausta
3049 779 3382 836 succumbat.
3411 775 3581 831 Debes
3608 773 3712 827 hoc
3731 784 3786 825 et

2207 890 2319 934 tua:
2359 877 2536 946 fama,
2558 888 2618 933 et
2639 877 2890 932 amicitiae
2927 887 3092 937 mea;
3133 879 3192 926 ut
3235 866 3576 940 peculiariter
3599 866 3789 936 iuvare

2209 971 2450 1042 digneris
2470 971 2730 1042 iustitiam
2752 965 3024 1040 postulati.
3046 966 3197 1022 Vale.

2771 1082 2987 1138 EPIST.
3033 1079 3239 1135 LXVII.

2730 1187 3042 1230 ετιιισῐιω
3081 1186 3274 1226 Αιινιο.

2285 1271 2387 1339 Qui
2417 1279 2600 1341 sperat
2625 1268 2770 1326 brevi
2797 1283 2858 1324 se
2887 1277 3170 1322 venturum
3197 1265 3255 1320 in
3285 1269 3629 1331 conspectum
3658 1259 3790 1311 ami-

2217 1378 2434 1432 corum,
2478 1364 2618 1418 solet
2643 1360 2940 1416 scribendis
2977 1354 3222 1428 epistolis
3251 1355 3540 1410 abstinere.
3581 1351 3710 1406 Mihi
3736 1357 3790 1402 et

2219 1456 2306 1511 illa
2339 1470 2485 1525 spes,
2521 1453 2728 1508 visendi
2769 1462 2844 1517 te,
2878 1450 3090 1520 integra
3130 1457 3248 1514 est,
3291 1455 3345 1501 et
3373 1443 3643 1499 fastidium
3684 1454 3793 1495 non

2218 1557 2368 1604 creat
2403 1546 2646 1603 litterarii
2685 1557 2813 1600 usus
2855 1541 3040 1598 ofﬁcii.
3071 1539 3301 1596 Celebre
3338 1539 3498 1607 igitur
3533 1536 3794 1589 horrorem

2220 1653 2368 1699 tuum
2395 1640 2569 1696 salute
2592 1637 2849 1702 dicenda,
2878 1648 2978 1690 nec
3008 1633 3220 1689 interim
3249 1644 3412 1701 posco
3440 1627 3754 1695 rescriptum
3779 1640 3793 1674 :

2222 1734 2345 1805 quia
2376 1731 2548 1787 faenus
2580 1731 2702 1800 styli
2733 1728 2839 1784 mei
2864 1723 3172 1782 fabularum
3202 1735 3424 1779 munere
3458 1734 3524 1774 es
3556 1716 3797 1788 prosim

2143 1795 2192 1858 Β
2221 1795 2551 1898 repensabis.
2584 1795 2733 1878 vate.

2775 1889 2991 1948 EPIS’I‘.
3034 1885 3267 1945 LXVIII.

2722 1993 3029 2038 SYIIACIIIJI
3063 1993 3296 2035 Αιιιιωο.

2287 2079 2531 2152 Intelligo
2552 2077 2878 2148 diligentiam
2895 2115 2911 2140 ,
2935 2088 3096 2144 quam
3129 2079 3331 2127 sancta:
3359 2064 3541 2122 domui
3574 2075 3683 2119 tuae
3707 2063 3799 2118 de-

2221 2177 2358 2244 fero,
2391 2172 2611 2230 nimium
2644 2169 2738 2225 tibi
2779 2181 2900 2226 esse
2937 2172 3293 2234 compertam.
3324 2161 3457 2215 llinc
3496 2165 3612 2219 est,
3655 2154 3798 2223 quod

2222 2285 2432 2326 mecum
2464 2269 2586 2324 laeta
2621 2262 3007 2327 communica,
3038 2268 3098 2315 et
3124 2257 3356 2314 domina
3384 2269 3448 2309 ac
3494 2252 3620 2307 tilia
3663 2265 3796 2304 mea:

2219 2361 2578 2418 valetudinem
2609 2358 2748 2428 ston
2776 2356 2980 2409 indicas
3013 2354 3065 2408 in
3097 2365 3247 2419 spem
3283 2347 3462 2404 redire
3491 2344 3794 2400 maiorem.

2225 2457 2337 2524 Ago
2365 2453 2523 2523 igitur
2548 2450 2744 2504 uberes
2772 2447 2990 2514 gratias,
3023 2456 3076 2497 et
3106 2443 3244 2497 Deos
3275 2453 3486 2510 precor,
3507 2446 3569 2490 ut
3599 2445 3686 2491 tua
3717 2448 3801 2488 se-

2222 2545 2394 2600 cunda
2425 2539 2726 2611 proficiant.
2755 2536 2920 2592 Nobis
2952 2535 3156 2590 tardior
3181 2531 3549 2586 Africanam
3585 2526 3798 2581 navium

2223 2641 2556 2690 commeatus
2601 2630 2789 2685 incutit
2829 2641 3011 2693 curas,
3041 2635 3094 2680 et
3145 2622 3396 2678 sterilitas
3437 2619 3795 2674 conditorum.

2222 2730 2558 2797 Quapropter
2597 2723 2664 2779 ad
2701 2721 3046 2777 collationem
3096 2715 3302 2781 vocati,
3332 2713 3570 2770 remedia
3619 2711 3801 2780 patria

2225 2823 2417 2877 usitata
2449 2817 2812 2888 promisimus.
2856 2814 2961 2870 Sed
2987 2813 3129 2867 votis
3157 2823 3296 2880 opus
3319 2818 3401 2862 est
3420 2849 3436 2870 .
3470 2817 3530 2860 ut
3559 2806 3803 2860 volunta-

2224 2914 2318 2968 ria:
2341 2907 2615 2983 sponsioni
2643 2908 2841 2963 solutio
2869 2913 3113 2976 prompta
3145 2901 3486 2971 respondeat.
3517 2899 3663 2954 Vale.

2795 2997 3012 3057 EPIST.
3054 2994 3238 3052 LXIX.

2735 3109 2874 3149 STII
2884 3105 3047 3146 λοιπε
3085 3108 3111 3144 Δ
3121 3101 3310 3143 ιιηυιο.

607 3195 836 3249 Tantum
867 3204 986 3248 esse
1021 3191 1157 3259 apud
1201 3198 1252 3242 te
1285 3188 1383 3241 loci
1417 3184 1632 3240 Aurelio
1659 3191 1781 3235 meo
1809 3175 2036 3247 gaudeo,
2062 3184 2123 3229 ut
2151 3165 2201 3231 Β
2304 3189 2662 3248 maduerunt
2689 3186 2981 3249 memoriae,
3006 3183 3093 3252 qui
3115 3194 3204 3237 res
3234 3180 3434 3249 priscas
3461 3177 3628 3233 locuti
3657 3186 3800 3239 sunt,

541 3307 568 3344 a
595 3301 683 3344 me
712 3285 810 3343 tibi
849 3284 1076 3340 traditus
1112 3283 1345 3336 invicem
1376 3279 1475 3332 sub
1503 3273 1975 3331 commendatione
2007 3271 2128 3324 red.

538 3383 720 3436 datur.
776 3379 964 3435 Vicisti
1016 3387 1255 3430 nostram
1302 3386 1400 3443 pro
1448 3386 1516 3426 co
1571 3367 1923 3439 diligentiam,
1970 3377 2127 3431 quam

542 3473 696 3544 iubes
738 3484 1073 3527 accrescere.
1116 3467 1295 3535 Itaque
1333 3478 1449 3517 sum
1494 3462 1639 3516 dicto
1683 3458 1925 3514 audiens.
1979 3456 2129 3510 Nulla

547 3565 691 3618 enim
735 3563 933 3618 caritas
968 3561 1042 3613 ita
1097 3558 1249 3628 plena
1283 3566 1386 3621 εει,
1437 3561 1494 3607 ιιι
1534 3561 1876 3621 augmentum
1907 3563 2012 3602 non
2043 3562 2130 3600 ca-

545 3665 673 3726 piat.
704 3654 786 3708 Ile
809 3652 967 3707 domo
993 3653 1203 3715 abesse,
1227 3657 1286 3701 et
1306 3644 1613 3714 Campaniae
1646 3642 1791 3709 pasci
1817 3640 1929 3694 otio
1959 3639 2130 3692 libens

547 3746 809 3800 admittes.
844 3742 973 3796 Nam
1003 3743 1148 3794 soles
1194 3738 1488 3791 amicorum
1537 3746 1816 3802 prospera,
1856 3729 2132 3799 voluptate

549 3837 762 3905 partiri.
792 3834 912 3890 'I'ibi
941 3833 1116 3887 honor
1145 3830 1350 3885 militiis
1387 3828 1560 3896 pariat
1588 3825 1790 3879 fructus
1828 3824 2092 3878 secundos
2119 3840 2131 3877 :

550 3931 617 3984 sit
644 3928 753 3983 vita
780 3931 966 3982 nostra
986 3935 1201 3987 secura,
1223 3928 1402 3974 vestra
1424 3916 1734 3988 conspicua.
1772 3916 1919 3969 Vale.

1122 4055 1336 4112 LPIST.
1377 4053 1560 4109 LXIV.
1617 4071 1622 4078 ·

1029 4163 1335 4204 εγλιιιλίῖιῐυε
1392 4160 1655 4200 ΡΑτιιιειο.

623 4243 1048 4312 Propinquorum
1097 4255 1339 4293 meorum
1380 4251 1571 4290 causas
1617 4233 1902 4305 Martyrius
1954 4244 2136 4302 prose-

555 4337 751 4406 quitur,
777 4335 868 4402 qui
896 4334 991 4387 has
1021 4349 1050 4386 a
1080 4347 1163 4385 me
1191 4332 1392 4385 litteras
1425 4328 1478 4382 in
1501 4326 1815 4395 suﬂ'ragium
1846 4340 2000 4378 suum
2027 4339 2138 4378 mc-

557 4433 684 4486 rnit.
725 4428 920 4494 Quzeso
951 4436 1006 4480 ut
1034 4424 1281 4480 cﬂ'cctum
1326 4421 1529 4489 sperati
1561 4419 1630 4474 de
1671 4426 1723 4473 te
1762 4416 1958 4472 favoris
2001 4415 2138 4470 obti-

557 4531 699 4575 neat.
733 4518 884 4572 Vale.

1125 4581 1344 4639 EPIST.
1394 4580 1554 4636 LXV.

1041 4689 1346 4734 ενιιιηεηίτε
1391 4688 1654 4730 νλτιιιειο.

641 4775 696 4830 In
723 4784 842 4830 tuas
872 4782 1062 4826 manus
1085 4768 1260 4824 veniet
1298 4777 1458 4821 causa
1483 4768 1587 4821 mei
1614 4765 1876 4836 pignoris,
1921 4763 2057 4818 adeo
2079 4772 2141 4819 ut

559 4870 726 4923 amica
758 4864 964 4936 legibus
1001 4863 1270 4917 fulciatur.
1301 4859 1403 4915 Sed
1436 4868 1496 4915 ut
1535 4868 1620 4915 est
1654 4857 1996 4914 multiformis
2027 4858 2140 4926 ple-

565 4970 789 5027 rumque
837 4953 1056 5025 perfidia
1102 4960 1362 5016 tutorum,
1413 4951 1467 5005 in
1511 4950 1690 5004 varias
1732 4963 1794 5002 se
1827 4947 2143 5018 frequenter

558 5060 702 5104 artes
726 5048 912 5104 vertit.
943 5045 1222 5100 Obnoxios
1249 5041 1431 5106 credo,
1454 5053 1595 5096 nunc
1623 5039 1799 5096 saltim
1848 5051 2004 5093 sacro
2025 5054 2143 5093 ces-

560 5157 718 5198 suros
745 5141 985 5205 oraculo,
1014 5139 1060 5192 si
1090 5145 1264 5191 vestra
1289 5134 1519 5205 requiras
1541 5131 1875 5204 suggerenda
1900 5129 2142 5186 celebra-

565 5236 716 5293 verit.
757 5234 904 5289 Vale.

1141 5318 1349 5376 EPIST.
1393 5318 1571 5372 LXVI.

1085 5427 1393 5469 δγκμΑιῖηιλς
1433 5427 1621 5465 AMPIO.

637 5507 982 5568 Salutationis
1009 5505 1214 5559 honore
1244 5501 1487 5573 prelitto,
1514 5500 1826 5554 familiarem
1875 5501 2139 5568 precatio.

569 5618 688 5656 nem
740 5602 813 5654 tui
867 5597 1027 5653 animi
1075 5604 1325 5650 annecto.
1364 5594 1522 5664 Agris
1560 5593 1733 5656 enim,
1773 5603 1908 5662 quos
1948 5593 2000 5645 in
2031 5593 2144 5644 (ἷξε-

570 5693 792 5748 sariensi
842 5689 1156 5745 Mauritania
1196 5685 1554 5754 possidemus,
1589 5693 1650 5737 ut
1702 5684 1816 5738 Ileri
1859 5691 2004 5737 amat
2053 5699 2147 5752 per

571 5787 906 5841 dominorum
938 5781 1249 5846 absentiam,
1284 5779 1413 5834 nihil
1453 5779 1641 5848 reliqui
1671 5777 1794 5833 facit
1818 5774 1978 5833 officii
2009 5792 2146 5844 pra:—

2231 3287 2287 3340 in
2326 3278 2590 3354 iudicium
2614 3278 2905 3350 quemdam
2943 3283 3226 3338 vocatum,
3259 3271 3402 3342 quod
3434 3271 3612 3325 Aricia
3653 3280 3806 3324 tenus

2235 3378 2532 3448 precarium
2554 3373 2622 3428 de
2642 3372 2816 3425 amico
2843 3369 3178 3423 cantherium
3209 3373 3502 3430 mutuatus,
3532 3364 3806 3419 ulterioris

2232 3468 2353 3523 clivi
2392 3466 2557 3521 ardua
2599 3463 2945 3533 przeterisset.
2999 3460 3181 3514 Fuerit
3217 3459 3331 3512 haec
3372 3456 3724 3525 parcimooia,
3752 3468 3808 3510 et

2232 3562 2503 3632 diligentia
2531 3555 2775 3630 pauperis
2803 3556 2980 3609 sa-culi
2999 3595 3014 3619 ,
3045 3563 3101 3607 ut
3121 3561 3507 3622 pratervectns
3529 3552 3806 3606 decretum

2237 3658 2440 3717 locum,
2469 3650 2808 3708 commisisse
2845 3649 2896 3702 in
2937 3646 3227 3701 amicitiam
3249 3643 3547 3700 diceretur.
3589 3644 3807 3697 Assum-

2235 3752 2317 3818 psi
2362 3747 2540 3818 igitur,
2581 3745 2721 3813 quod
2767 3755 2919 3796 amor
2968 3751 3090 3794 tuus
3139 3737 3451 3810 ingerebat;
3495 3743 3808 3806 tantumque

2235 3840 2422 3895 absum
2463 3853 2493 3893 a
2537 3847 2682 3892 metu
2720 3834 3089 3889 succensionis
3134 3841 3272 3898 uite,
3315 3839 3375 3885 ut
3401 3844 3624 3897 sperent
3668 3830 3810 3884 ultro

2239 3931 2433 3987 bonam
2464 3929 2671 3983 fiducia:
2701 3940 2835 3980 mea:
2861 3924 3108 3994 gratiam.
3143 3923 3370 3980 Necesse
3397 3929 3482 3977 est
3518 3923 3660 3977 enim
3687 3936 3812 3990 pro-

2238 4021 2335 4076 bes
2363 4020 2504 4090 quod
2533 4019 2650 4090 ipse
2676 4019 2914 4073 fecisses.
2965 4016 3070 4073 Sed
3101 4015 3227 4087 quid
3256 4014 3372 4070 haec
3401 4023 3652 4084 tanquam
3680 4029 3806 4083 pur-

2238 4121 2359 4183 gata
2390 4111 2660 4182 produco?
2688 4110 2764 4166 De
2794 4109 3080 4165 Formiano
3107 4108 3291 4163 scribo
3317 4111 3520 4177 integer
3547 4105 3810 4162 valetudi-

2239 4209 2356 4270 nis;
2389 4204 2530 4260 unde
2557 4217 2816 4272 equomm
2838 4201 3083 4270 cepulam
3111 4199 3281 4270 magis
3325 4198 3617 4255 exercitam
3651 4212 3810 4267 quam

2241 4300 2513 4371 fatigatam
2537 4299 2742 4353 remisi.
2769 4298 2940 4352 Moles
2966 4297 3234 4367 paulisper
3254 4295 3474 4351 tenebo.
3502 4295 3651 4350 Hanc
3669 4296 3812 4350 enim

2241 4394 2471 4450 dederas
2515 4392 2787 4462 cptionem
2823 4408 2838 4446 :
2869 4403 3027 4459 quam
3071 4390 3122 4444 si
3161 4387 3564 4458 repudiasscm,
3603 4387 3813 4443 viderer

2243 4486 2495 4541 libentius
2519 4485 2572 4540 in
2599 4483 2919 4553 usurpandis
2948 4481 3022 4538 uti
3053 4484 3231 4537 animo
3257 4495 3400 4548 meo,
3426 4495 3585 4551 quam
3613 4478 3666 4534 in
3701 4496 3810 4550 per-

2165 4553 2219 4614 Ῐ)
2245 4577 2422 4632 missis
2442 4587 2534 4631 tuo
2559 4575 2772 4632 cedere.
2798 4573 2949 4628 Vale.

2825 4660 3039 4719 EPIST.
3076 4660 3242 4718 LXX.

2759 4768 3070 4810 ετιιιιιοπυε
3107 4768 3300 4809 AMPIO.

2314 4849 2448 4904 Cum
2477 4850 2753 4904 molestias
2780 4850 3012 4903 urbanas
3042 4856 3295 4912 retracto,
3323 4846 3516 4903 abesse
3544 4848 3774 4902 delectat
3799 4867 3812 4902 :

2245 4955 2368 4998 cum
2417 4955 2516 4998 vos
2561 4942 2884 5011 cogitatione
2932 4940 3304 5009 contemplor,
3357 4939 3514 4995 taliet
3563 4941 3819 4996 absentize

2249 5053 2403 5095 metu.
2437 5036 2666 5092 Medium
2702 5045 2791 5091 est
2832 5036 2990 5106 igitur
3040 5036 3282 5089 levamen
3326 5035 3378 5088 in
3425 5035 3647 5092 litteris:
3685 5050 3822 5104 quas

2247 5132 2371 5186 ideo
2390 5132 2454 5186 ad
2485 5141 2538 5187 te
2564 5132 2718 5195 dedi,
2744 5142 2802 5184 ut
2825 5128 2982 5185 simul
3013 5138 3068 5183 et
3094 5127 3344 5182 amicitias
3395 5126 3739 5190 satisfaciam,
3769 5135 3825 5179 et

2246 5234 2463 5295 secutus
2497 5223 2834 5294 exemplum.
2869 5231 2987 5276 tuas
3031 5220 3161 5273 mihi
3203 5219 3462 5290 epistolas
3492 5229 3737 5289 praestes,
3774 5237 3823 5272 in

2247 5318 2436 5388 quibus
2463 5315 2610 5371 vides
2638 5318 2754 5385 plus
2780 5330 2902 5369 esse
2933 5313 3128 5367 solatii.
3159 5310 3304 5365 Vale.

2819 5405 3031 5462 EPIST.
3075 5404 3262 5459 LXXI.

2761 5508 3072 5552 ετιηιλοιισε
3112 5507 3307 5550 ιιιῐθιο.

2319 5593 2610 5647 Plurimum
2641 5591 2774 5645 mihi
2806 5590 2925 5658 opis
2955 5599 3112 5656 atque
3155 5587 3446 5656 adiumenti
3488 5592 3596 5640 tua:
3635 5584 3827 5637 littera:

2248 5686 2314 5738 ad
2343 5684 2800 5738 confirmationem
2829 5681 3072 5735 sanitatis
3098 5679 3432 5747 impertiunt.
3461 5676 3662 5738 Primo,
3686 5676 3828 5742 quod

2252 5785 2304 5832 te
2351 5790 2642 5830 memorem
2689 5776 2854 5830 IldrII'I
2905 5788 3024 5828 esse
3053 5781 3319 5827 testantur
3367 5789 3382 5826 :
3438 5767 3652 5832 dehinc,
3687 5770 3829 5833 Quod
