  <div class='ocr_page' id='page_1' title='image "/cluster/home/n/w/nwhite01/storage/ocr_20150623/18/umn.319510024773129/163.png"; bbox 0 0 4218 6444; ppageno 0'>
   <div class='ocr_carea' id='block_1_1' title="bbox 566 356 669 415">
    <p class='ocr_par' dir='ltr' id='par_1_1' title="bbox 566 356 669 415">
     <span class='ocr_line' id='line_1_1' title="bbox 566 356 669 415; baseline 0.039 -3"><span class='ocrx_word' id='word_1_1' title='bbox 566 356 669 415; x_wconf 74' lang='lat'><strong>503</strong></span> 
     </span>
    </p>
   </div>
   <div class='ocr_carea' id='block_1_2' title="bbox 1749 348 2673 419">
    <p class='ocr_par' dir='ltr' id='par_1_2' title="bbox 1749 348 2673 419">
     <span class='ocr_line' id='line_1_2' title="bbox 1749 348 2673 419; baseline 0.002 -13"><span class='ocrx_word' id='word_1_2' title='bbox 1749 351 1810 419; x_wconf 80' lang='grc' dir='ltr'><strong>Ο.</strong></span> <span class='ocrx_word' id='word_1_3' title='bbox 1855 348 2196 407; x_wconf 73' lang='lat' dir='ltr'><strong>AURELIIJS</strong></span> <span class='ocrx_word' id='word_1_4' title='bbox 2234 348 2673 409; x_wconf 72' lang='lat' dir='ltr'><strong>SVMMACIIUS.</strong></span> 
     </span>
    </p>
   </div>
   <div class='ocr_carea' id='block_1_3' title="bbox 3734 347 3842 407">
    <p class='ocr_par' dir='ltr' id='par_1_3' title="bbox 3734 347 3842 407">
     <span class='ocr_line' id='line_1_3' title="bbox 3734 347 3842 407; baseline 0 0"><span class='ocrx_word' id='word_1_5' title='bbox 3734 347 3842 407; x_wconf 69' lang='grc'><strong>304</strong></span> 
     </span>
    </p>
   </div>
   <div class='ocr_carea' id='block_1_4' title="bbox 567 458 3843 534">
    <p class='ocr_par' dir='ltr' id='par_1_4' title="bbox 567 458 3843 534">
     <span class='ocr_line' id='line_1_4' title="bbox 567 458 3843 534; baseline -0.001 -14"><span class='ocrx_word' id='word_1_6' title='bbox 567 465 661 523; x_wconf 82' lang='lat' dir='ltr'><strong>sed</strong></span> <span class='ocrx_word' id='word_1_7' title='bbox 701 462 819 534; x_wconf 99' lang='lat' dir='ltr'><strong>quia</strong></span> <span class='ocrx_word' id='word_1_8' title='bbox 869 462 920 516; x_wconf 91' lang='lat' dir='ltr'><strong>in</strong></span> <span class='ocrx_word' id='word_1_9' title='bbox 972 458 1115 518; x_wconf 82' lang='lat' dir='ltr'><strong>civili</strong></span> <span class='ocrx_word' id='word_1_10' title='bbox 1161 459 1374 531; x_wconf 83' lang='lat' dir='ltr'><strong>negotio</strong></span> <span class='ocrx_word' id='word_1_11' title='bbox 1416 468 1577 531; x_wconf 84' lang='lat' dir='ltr'><strong>auget</strong></span> <span class='ocrx_word' id='word_1_12' title='bbox 1616 461 1736 529; x_wconf 84' lang='lat' dir='ltr'><strong>ejus</strong></span> <span class='ocrx_word' id='word_1_13' title='bbox 1782 462 2148 515; x_wconf 74' lang='lat' dir='ltr'><strong>infirmitatem</strong></span> <span class='ocrx_word' id='word_1_14' title='bbox 2177 462 2228 521; x_wconf 77' lang='grc' dir='ltr'><strong>Α</strong></span> <span class='ocrx_word' id='word_1_15' title='bbox 2254 472 2359 527; x_wconf 81' lang='lat' dir='ltr'><strong>est,</strong></span> <span class='ocrx_word' id='word_1_16' title='bbox 2392 462 2535 531; x_wconf 87' lang='lat' dir='ltr'><strong>quod</strong></span> <span class='ocrx_word' id='word_1_17' title='bbox 2565 461 2709 531; x_wconf 81' lang='lat' dir='ltr'><strong>cupit</strong></span> <span class='ocrx_word' id='word_1_18' title='bbox 2742 460 2861 518; x_wconf 91' lang='lat' dir='ltr'><strong>foro</strong></span> <span class='ocrx_word' id='word_1_19' title='bbox 2887 468 2979 517; x_wconf 92' lang='lat' dir='ltr'><strong>tuo</strong></span> <span class='ocrx_word' id='word_1_20' title='bbox 3007 475 3114 517; x_wconf 89' lang='lat' dir='ltr'><strong>non</strong></span> <span class='ocrx_word' id='word_1_21' title='bbox 3136 459 3398 518; x_wconf 88' lang='lat' dir='ltr'><strong>obscurus</strong></span> <span class='ocrx_word' id='word_1_22' title='bbox 3421 467 3545 517; x_wconf 93' lang='lat' dir='ltr'><strong>ortu</strong></span> <span class='ocrx_word' id='word_1_23' title='bbox 3572 468 3724 518; x_wconf 88' lang='lat' dir='ltr'><strong>actor</strong></span> <span class='ocrx_word' id='word_1_24' title='bbox 3749 476 3843 517; x_wconf 78' lang='lat' dir='ltr'><strong>ac-</strong></span> 
     </span>
    </p>
   </div>
   <div class='ocr_carea' id='block_1_5' title="bbox 564 551 2145 623">
    <p class='ocr_par' dir='ltr' id='par_1_5' title="bbox 564 551 2145 623">
     <span class='ocr_line' id='line_1_5' title="bbox 564 551 2145 623; baseline -0.006 -9"><span class='ocrx_word' id='word_1_25' title='bbox 564 559 752 614; x_wconf 88' lang='lat' dir='ltr'><strong>crcbra</strong></span> <span class='ocrx_word' id='word_1_26' title='bbox 783 554 1090 618; x_wconf 77' lang='lat' dir='ltr'><strong>conventio,</strong></span> <span class='ocrx_word' id='word_1_27' title='bbox 1116 552 1228 623; x_wconf 84' lang='lat' dir='ltr'><strong>jam</strong></span> <span class='ocrx_word' id='word_1_28' title='bbox 1262 565 1367 606; x_wconf 89' lang='lat' dir='ltr'><strong>non</strong></span> <span class='ocrx_word' id='word_1_29' title='bbox 1410 566 1508 622; x_wconf 91' lang='lat' dir='ltr'><strong>pro</strong></span> <span class='ocrx_word' id='word_1_30' title='bbox 1547 564 1728 616; x_wconf 85' lang='lat' dir='ltr'><strong>causa,</strong></span> <span class='ocrx_word' id='word_1_31' title='bbox 1774 551 1870 606; x_wconf 87' lang='lat' dir='ltr'><strong>sed</strong></span> <span class='ocrx_word' id='word_1_32' title='bbox 1913 566 2010 620; x_wconf 93' lang='lat' dir='ltr'><strong>pro</strong></span> <span class='ocrx_word' id='word_1_33' title='bbox 2049 564 2145 605; x_wconf 79' lang='lat' dir='ltr'><strong>va-</strong></span> 
     </span>
    </p>
   </div>
   <div class='ocr_carea' id='block_1_6' title="bbox 563 642 2146 705">
    <p class='ocr_par' dir='ltr' id='par_1_6' title="bbox 563 642 2146 705">
     <span class='ocr_line' id='line_1_6' title="bbox 563 642 2146 705; baseline -0.006 0"><span class='ocrx_word' id='word_1_34' title='bbox 563 648 799 705; x_wconf 76' lang='lat' dir='ltr'><strong>letudine</strong></span> <span class='ocrx_word' id='word_1_35' title='bbox 830 646 1102 701; x_wconf 81' lang='lat' dir='ltr'><strong>familiaris</strong></span> <span class='ocrx_word' id='word_1_36' title='bbox 1132 644 1237 700; x_wconf 91' lang='lat' dir='ltr'><strong>mei</strong></span> <span class='ocrx_word' id='word_1_37' title='bbox 1274 646 1515 700; x_wconf 88' lang='lat' dir='ltr'><strong>instauro</strong></span> <span class='ocrx_word' id='word_1_38' title='bbox 1545 657 1871 699; x_wconf 84' lang='lat' dir='ltr'><strong>sermonem.</strong></span> <span class='ocrx_word' id='word_1_39' title='bbox 1902 642 1970 697; x_wconf 84' lang='lat' dir='ltr'><strong>Et</strong></span> <span class='ocrx_word' id='word_1_40' title='bbox 1996 648 2146 698; x_wconf 86' lang='lat' dir='ltr'><strong>certe</strong></span> 
     </span>
    </p>
   </div>
   <div class='ocr_carea' id='block_1_7' title="bbox 564 732 2144 807">
    <p class='ocr_par' dir='ltr' id='par_1_7' title="bbox 564 732 2144 807">
     <span class='ocr_line' id='line_1_7' title="bbox 564 732 2144 807; baseline -0.001 -17"><span class='ocrx_word' id='word_1_41' title='bbox 564 739 792 794; x_wconf 81' lang='lat' dir='ltr'><strong>difficilis</strong></span> <span class='ocrx_word' id='word_1_42' title='bbox 828 736 1134 807; x_wconf 87' lang='lat' dir='ltr'><strong>impetratio</strong></span> <span class='ocrx_word' id='word_1_43' title='bbox 1161 749 1284 791; x_wconf 89' lang='lat' dir='ltr'><strong>esse</strong></span> <span class='ocrx_word' id='word_1_44' title='bbox 1322 750 1429 790; x_wconf 93' lang='lat' dir='ltr'><strong>non</strong></span> <span class='ocrx_word' id='word_1_45' title='bbox 1477 733 1692 802; x_wconf 89' lang='lat' dir='ltr'><strong>debuit,</strong></span> <span class='ocrx_word' id='word_1_46' title='bbox 1739 744 2020 804; x_wconf 74' lang='lat' dir='ltr'><strong>postquam</strong></span> <span class='ocrx_word' id='word_1_47' title='bbox 2069 732 2144 788; x_wconf 85' lang='lat' dir='ltr'><strong>illi</strong></span> 
     </span>
    </p>
   </div>
   <div class='ocr_carea' id='block_1_8' title="bbox 557 823 2141 900">
    <p class='ocr_par' dir='ltr' id='par_1_8' title="bbox 557 823 2141 900">
     <span class='ocr_line' id='line_1_8' title="bbox 557 823 2141 900; baseline -0.003 -16"><span class='ocrx_word' id='word_1_48' title='bbox 557 832 779 887; x_wconf 79' lang='lat' dir='ltr'><strong>divinus</strong></span> <span class='ocrx_word' id='word_1_49' title='bbox 808 830 997 885; x_wconf 86' lang='lat' dir='ltr'><strong>allatus</strong></span> <span class='ocrx_word' id='word_1_50' title='bbox 1031 831 1201 900; x_wconf 75' lang='lat' dir='ltr'><strong>longae</strong></span> <span class='ocrx_word' id='word_1_51' title='bbox 1238 826 1685 898; x_wconf 70' lang='lat' dir='ltr'><strong>peregrinationis</strong></span> <span class='ocrx_word' id='word_1_52' title='bbox 1717 825 1945 895; x_wconf 79' lang='lat' dir='ltr'><strong>gratiam</strong></span> <span class='ocrx_word' id='word_1_53' title='bbox 1974 823 2099 878; x_wconf 88' lang='lat' dir='ltr'><strong>fecit</strong></span> <span class='ocrx_word' id='word_1_54' title='bbox 2124 863 2141 879; x_wconf 92' lang='lat'><strong>.</strong></span> 
     </span>
    </p>
   </div>
   <div class='ocr_carea' id='block_1_9' title="bbox 564 914 2143 991">
    <p class='ocr_par' dir='ltr' id='par_1_9' title="bbox 564 914 2143 991">
     <span class='ocr_line' id='line_1_9' title="bbox 564 914 2143 991; baseline -0.005 -16"><span class='ocrx_word' id='word_1_55' title='bbox 564 924 715 991; x_wconf 81' lang='lat' dir='ltr'><strong>cujus</strong></span> <span class='ocrx_word' id='word_1_56' title='bbox 752 923 830 977; x_wconf 88' lang='lat' dir='ltr'><strong>rei</strong></span> <span class='ocrx_word' id='word_1_57' title='bbox 875 922 1276 978; x_wconf 79' lang='lat' dir='ltr'><strong>exsecutionem</strong></span> <span class='ocrx_word' id='word_1_58' title='bbox 1328 920 1496 974; x_wconf 88' lang='lat' dir='ltr'><strong>miror</strong></span> <span class='ocrx_word' id='word_1_59' title='bbox 1522 931 1646 973; x_wconf 87' lang='lat' dir='ltr'><strong>esse</strong></span> <span class='ocrx_word' id='word_1_60' title='bbox 1683 914 1990 981; x_wconf 89' lang='lat' dir='ltr'><strong>difficilem,</strong></span> <span class='ocrx_word' id='word_1_61' title='bbox 2019 926 2143 968; x_wconf 89' lang='lat' dir='ltr'><strong>eum</strong></span> 
     </span>
    </p>
   </div>
   <div class='ocr_carea' id='block_1_10' title="bbox 562 1006 2145 1077">
    <p class='ocr_par' dir='ltr' id='par_1_10' title="bbox 562 1006 2145 1077">
     <span class='ocr_line' id='line_1_10' title="bbox 562 1006 2145 1077; baseline -0.006 -8"><span class='ocrx_word' id='word_1_62' title='bbox 562 1015 751 1070; x_wconf 82' lang='lat' dir='ltr'><strong>lenitas</strong></span> <span class='ocrx_word' id='word_1_63' title='bbox 774 1025 861 1069; x_wconf 87' lang='lat' dir='ltr'><strong>tua</strong></span> <span class='ocrx_word' id='word_1_64' title='bbox 887 1015 1059 1069; x_wconf 81' lang='lat' dir='ltr'><strong>soleat</strong></span> <span class='ocrx_word' id='word_1_65' title='bbox 1083 1012 1203 1067; x_wconf 87' lang='lat' dir='ltr'><strong>talia</strong></span> <span class='ocrx_word' id='word_1_66' title='bbox 1224 1011 1383 1066; x_wconf 86' lang='lat' dir='ltr'><strong>etiam</strong></span> <span class='ocrx_word' id='word_1_67' title='bbox 1412 1010 1532 1066; x_wconf 84' lang='lat' dir='ltr'><strong>sine</strong></span> <span class='ocrx_word' id='word_1_68' title='bbox 1558 1006 1803 1077; x_wconf 80' lang='lat' dir='ltr'><strong>rescripti</strong></span> <span class='ocrx_word' id='word_1_69' title='bbox 1827 1006 2145 1062; x_wconf 80' lang='lat' dir='ltr'><strong>auctoritate</strong></span> 
     </span>
    </p>
   </div>
   <div class='ocr_carea' id='block_1_11' title="bbox 564 1100 2141 1183">
    <p class='ocr_par' dir='ltr' id='par_1_11' title="bbox 564 1100 2141 1183">
     <span class='ocr_line' id='line_1_11' title="bbox 564 1100 2141 1183; baseline -0.006 -15"><span class='ocrx_word' id='word_1_70' title='bbox 564 1123 841 1183; x_wconf 73' lang='lat' dir='ltr'><strong>praestare.</strong></span> <span class='ocrx_word' id='word_1_71' title='bbox 886 1111 1188 1181; x_wconf 88' lang='lat' dir='ltr'><strong>Impensius</strong></span> <span class='ocrx_word' id='word_1_72' title='bbox 1224 1109 1387 1180; x_wconf 89' lang='lat' dir='ltr'><strong>igitur</strong></span> <span class='ocrx_word' id='word_1_73' title='bbox 1423 1120 1638 1177; x_wconf 65' lang='lat' dir='ltr'><strong>quaeso,</strong></span> <span class='ocrx_word' id='word_1_74' title='bbox 1674 1114 1734 1160; x_wconf 91' lang='lat' dir='ltr'><strong>ut</strong></span> <span class='ocrx_word' id='word_1_75' title='bbox 1773 1103 1971 1161; x_wconf 89' lang='lat' dir='ltr'><strong>Vicarii</strong></span> <span class='ocrx_word' id='word_1_76' title='bbox 2020 1100 2141 1158; x_wconf 91' lang='lat' dir='ltr'><strong>foro</strong></span> 
     </span>
    </p>
   </div>
   <div class='ocr_carea' id='block_1_12' title="bbox 560 1193 2145 1273">
    <p class='ocr_par' dir='ltr' id='par_1_12' title="bbox 560 1193 2145 1273">
     <span class='ocr_line' id='line_1_12' title="bbox 560 1193 2145 1273; baseline -0.007 -13"><span class='ocrx_word' id='word_1_77' title='bbox 560 1218 706 1273; x_wconf 65' lang='lat' dir='ltr'><strong>sape</strong></span> <span class='ocrx_word' id='word_1_78' title='bbox 735 1204 786 1257; x_wconf 90' lang='lat' dir='ltr'><strong>in</strong></span> <span class='ocrx_word' id='word_1_79' title='bbox 815 1202 898 1258; x_wconf 88' lang='lat' dir='ltr'><strong>bis</strong></span> <span class='ocrx_word' id='word_1_80' title='bbox 920 1200 1137 1272; x_wconf 75' lang='lat' dir='ltr'><strong>iudiciis</strong></span> <span class='ocrx_word' id='word_1_81' title='bbox 1180 1198 1378 1269; x_wconf 87' lang='lat' dir='ltr'><strong>agitata</strong></span> <span class='ocrx_word' id='word_1_82' title='bbox 1406 1211 1568 1254; x_wconf 82' lang='lat' dir='ltr'><strong>causa</strong></span> <span class='ocrx_word' id='word_1_83' title='bbox 1596 1195 1891 1252; x_wconf 81' lang='lat' dir='ltr'><strong>reddatur:</strong></span> <span class='ocrx_word' id='word_1_84' title='bbox 1928 1193 2145 1264; x_wconf 81' lang='lat' dir='ltr'><strong>quando</strong></span> 
     </span>
    </p>
   </div>
   <div class='ocr_carea' id='block_1_13' title="bbox 562 1288 2147 1363">
    <p class='ocr_par' dir='ltr' id='par_1_13' title="bbox 562 1288 2147 1363">
     <span class='ocr_line' id='line_1_13' title="bbox 562 1288 2147 1363; baseline -0.006 -12"><span class='ocrx_word' id='word_1_85' title='bbox 562 1299 665 1353; x_wconf 89' lang='lat' dir='ltr'><strong>hoc</strong></span> <span class='ocrx_word' id='word_1_86' title='bbox 686 1305 741 1352; x_wconf 90' lang='lat' dir='ltr'><strong>et</strong></span> <span class='ocrx_word' id='word_1_87' title='bbox 764 1309 933 1352; x_wconf 68' lang='lat' dir='ltr'><strong>sacra</strong></span> <span class='ocrx_word' id='word_1_88' title='bbox 959 1295 1150 1351; x_wconf 68' lang='lat' dir='ltr'><strong>littera:</strong></span> <span class='ocrx_word' id='word_1_89' title='bbox 1176 1294 1463 1363; x_wconf 85' lang='lat' dir='ltr'><strong>imperant,</strong></span> <span class='ocrx_word' id='word_1_90' title='bbox 1495 1297 1551 1347; x_wconf 91' lang='lat' dir='ltr'><strong>et</strong></span> <span class='ocrx_word' id='word_1_91' title='bbox 1573 1288 1897 1362; x_wconf 72' lang='lat' dir='ltr'><strong>iudiciorum</strong></span> <span class='ocrx_word' id='word_1_92' title='bbox 1922 1302 2030 1342; x_wconf 89' lang='lat' dir='ltr'><strong>non</strong></span> <span class='ocrx_word' id='word_1_93' title='bbox 2060 1298 2147 1342; x_wconf 87' lang='lat' dir='ltr'><strong>re-</strong></span> 
     </span>
    </p>
   </div>
   <div class='ocr_carea' id='block_1_14' title="bbox 563 1386 1232 1447">
    <p class='ocr_par' dir='ltr' id='par_1_14' title="bbox 563 1386 1232 1447">
     <span class='ocr_line' id='line_1_14' title="bbox 563 1386 1232 1447; baseline -0.01 0"><span class='ocrx_word' id='word_1_94' title='bbox 563 1391 698 1447; x_wconf 88' lang='lat' dir='ltr'><strong>futat</strong></span> <span class='ocrx_word' id='word_1_95' title='bbox 726 1389 1055 1446; x_wconf 81' lang='lat' dir='ltr'><strong>humanitas.</strong></span> <span class='ocrx_word' id='word_1_96' title='bbox 1079 1386 1232 1442; x_wconf 87' lang='lat' dir='ltr'><strong>Vale.</strong></span> 
     </span>
    </p>
   </div>
   <div class='ocr_carea' id='block_1_15' title="bbox 1080 1474 1627 1534">
    <p class='ocr_par' dir='ltr' id='par_1_15' title="bbox 1080 1474 1627 1534">
     <span class='ocr_line' id='line_1_15' title="bbox 1080 1474 1627 1534; baseline -0.007 0"><span class='ocrx_word' id='word_1_97' title='bbox 1080 1475 1300 1534; x_wconf 77' lang='lat' dir='ltr'><strong>EPIST.</strong></span> <span class='ocrx_word' id='word_1_98' title='bbox 1343 1474 1627 1532; x_wconf 82' lang='lat' dir='ltr'><strong>LXXXIV.</strong></span> 
     </span>
    </p>
   </div>
   <div class='ocr_carea' id='block_1_16' title="bbox 1044 1582 1667 1627">
    <p class='ocr_par' dir='ltr' id='par_1_16' title="bbox 1044 1582 1667 1627">
     <span class='ocr_line' id='line_1_16' title="bbox 1044 1582 1667 1627; baseline -0.003 -1"><span class='ocrx_word' id='word_1_99' title='bbox 1044 1582 1355 1627; x_wconf 68' lang='lat' dir='ltr'><strong>SVIIACIIUS</strong></span> <span class='ocrx_word' id='word_1_100' title='bbox 1390 1582 1667 1624; x_wconf 69' lang='grc' dir='ltr'><strong>κωιιε.</strong></span> 
     </span>
    </p>
   </div>
   <div class='ocr_carea' id='block_1_17' title="bbox 636 1653 2148 1724">
    <p class='ocr_par' dir='ltr' id='par_1_17' title="bbox 636 1653 2148 1724">
     <span class='ocr_line' id='line_1_17' title="bbox 636 1653 2148 1724; baseline -0.009 -2"><span class='ocrx_word' id='word_1_101' title='bbox 636 1666 871 1722; x_wconf 79' lang='lat' dir='ltr'><strong>Primam</strong></span> <span class='ocrx_word' id='word_1_102' title='bbox 917 1661 1047 1719; x_wconf 87' lang='lat' dir='ltr'><strong>mihi</strong></span> <span class='ocrx_word' id='word_1_103' title='bbox 1092 1659 1360 1715; x_wconf 82' lang='lat' dir='ltr'><strong>scribendi</strong></span> <span class='ocrx_word' id='word_1_104' title='bbox 1404 1672 1620 1714; x_wconf 83' lang='lat' dir='ltr'><strong>causam</strong></span> <span class='ocrx_word' id='word_1_105' title='bbox 1660 1654 1850 1724; x_wconf 82' lang='lat' dir='ltr'><strong>religio</strong></span> <span class='ocrx_word' id='word_1_106' title='bbox 1897 1653 2056 1718; x_wconf 90' lang='lat' dir='ltr'><strong>fecit,</strong></span> <span class='ocrx_word' id='word_1_107' title='bbox 2088 1661 2148 1708; x_wconf 92' lang='lat' dir='ltr'><strong>ut</strong></span> 
     </span>
    </p>
   </div>
   <div class='ocr_carea' id='block_1_18' title="bbox 561 1747 2148 1819">
    <p class='ocr_par' dir='ltr' id='par_1_18' title="bbox 561 1747 2148 1819">
     <span class='ocr_line' id='line_1_18' title="bbox 561 1747 2148 1819; baseline -0.01 -2"><span class='ocrx_word' id='word_1_108' title='bbox 561 1757 795 1817; x_wconf 81' lang='lat' dir='ltr'><strong>amicitia</strong></span> <span class='ocrx_word' id='word_1_109' title='bbox 826 1762 1009 1811; x_wconf 90' lang='lat' dir='ltr'><strong>nostra</strong></span> <span class='ocrx_word' id='word_1_110' title='bbox 1045 1752 1240 1809; x_wconf 83' lang='lat' dir='ltr'><strong>litteris</strong></span> <span class='ocrx_word' id='word_1_111' title='bbox 1267 1750 1563 1808; x_wconf 79' lang='lat' dir='ltr'><strong>excolatur.</strong></span> <span class='ocrx_word' id='word_1_112' title='bbox 1595 1747 1896 1807; x_wconf 86' lang='lat' dir='ltr'><strong>Secundam</strong></span> <span class='ocrx_word' id='word_1_113' title='bbox 1925 1760 2148 1819; x_wconf 85' lang='lat' dir='ltr'><strong>sugges-</strong></span> 
     </span>
    </p>
   </div>
   <div class='ocr_carea' id='block_1_19' title="bbox 560 1818 2222 1914">
    <p class='ocr_par' dir='ltr' id='par_1_19' title="bbox 560 1818 2222 1914">
     <span class='ocr_line' id='line_1_19' title="bbox 560 1818 2222 1914; baseline -0.009 -7"><span class='ocrx_word' id='word_1_114' title='bbox 560 1856 633 1909; x_wconf 86' lang='lat' dir='ltr'><strong>sit</strong></span> <span class='ocrx_word' id='word_1_115' title='bbox 660 1848 983 1913; x_wconf 86' lang='lat' dir='ltr'><strong>humanitas,</strong></span> <span class='ocrx_word' id='word_1_116' title='bbox 1006 1856 1064 1901; x_wconf 91' lang='lat' dir='ltr'><strong>ut</strong></span> <span class='ocrx_word' id='word_1_117' title='bbox 1093 1847 1208 1900; x_wconf 89' lang='lat' dir='ltr'><strong>viro</strong></span> <span class='ocrx_word' id='word_1_118' title='bbox 1233 1843 1439 1914; x_wconf 91' lang='lat' dir='ltr'><strong>optimo</strong></span> <span class='ocrx_word' id='word_1_119' title='bbox 1462 1840 1725 1898; x_wconf 84' lang='lat' dir='ltr'><strong>&#39;l‘balasso</strong></span> <span class='ocrx_word' id='word_1_120' title='bbox 1750 1838 1993 1895; x_wconf 81' lang='lat' dir='ltr'><strong>familiari</strong></span> <span class='ocrx_word' id='word_1_121' title='bbox 2020 1849 2145 1893; x_wconf 89' lang='lat' dir='ltr'><strong>meo</strong></span> <span class='ocrx_word' id='word_1_122' title='bbox 2172 1818 2222 1883; x_wconf 69' lang='grc' dir='ltr'><strong>Β</strong></span> 
     </span>
    </p>
   </div>
   <div class='ocr_carea' id='block_1_20' title="bbox 562 1932 2146 2006">
    <p class='ocr_par' dir='ltr' id='par_1_20' title="bbox 562 1932 2146 2006">
     <span class='ocr_line' id='line_1_20' title="bbox 562 1932 2146 2006; baseline -0.01 -6"><span class='ocrx_word' id='word_1_123' title='bbox 562 1954 652 2000; x_wconf 80' lang='lat' dir='ltr'><strong>tua</strong></span> <span class='ocrx_word' id='word_1_124' title='bbox 680 1940 997 1999; x_wconf 83' lang='lat' dir='ltr'><strong>concilietur</strong></span> <span class='ocrx_word' id='word_1_125' title='bbox 1023 1937 1256 1993; x_wconf 77' lang='lat' dir='ltr'><strong>affectio.</strong></span> <span class='ocrx_word' id='word_1_126' title='bbox 1288 1935 1546 2006; x_wconf 85' lang='lat' dir='ltr'><strong>Superest</strong></span> <span class='ocrx_word' id='word_1_127' title='bbox 1606 1942 1664 1990; x_wconf 89' lang='lat' dir='ltr'><strong>ut</strong></span> <span class='ocrx_word' id='word_1_128' title='bbox 1692 1940 1748 1989; x_wconf 91' lang='lat' dir='ltr'><strong>et</strong></span> <span class='ocrx_word' id='word_1_129' title='bbox 1775 1932 1904 1987; x_wconf 87' lang='lat' dir='ltr'><strong>mihi</strong></span> <span class='ocrx_word' id='word_1_130' title='bbox 1934 1945 2146 1986; x_wconf 87' lang='lat' dir='ltr'><strong>sermo-</strong></span> 
     </span>
    </p>
   </div>
   <div class='ocr_carea' id='block_1_21' title="bbox 562 2023 2147 2099">
    <p class='ocr_par' dir='ltr' id='par_1_21' title="bbox 562 2023 2147 2099">
     <span class='ocr_line' id='line_1_21' title="bbox 562 2023 2147 2099; baseline -0.009 -7"><span class='ocrx_word' id='word_1_131' title='bbox 562 2036 647 2092; x_wconf 85' lang='lat' dir='ltr'><strong>nis</strong></span> <span class='ocrx_word' id='word_1_132' title='bbox 690 2035 766 2090; x_wconf 94' lang='lat' dir='ltr'><strong>tui</strong></span> <span class='ocrx_word' id='word_1_133' title='bbox 816 2031 1128 2088; x_wconf 78' lang='lat' dir='ltr'><strong>vicissitudo</strong></span> <span class='ocrx_word' id='word_1_134' title='bbox 1175 2027 1531 2099; x_wconf 88' lang='lat' dir='ltr'><strong>respondeat,</strong></span> <span class='ocrx_word' id='word_1_135' title='bbox 1572 2034 1628 2083; x_wconf 90' lang='lat' dir='ltr'><strong>et</strong></span> <span class='ocrx_word' id='word_1_136' title='bbox 1664 2023 2038 2083; x_wconf 77' lang='lat' dir='ltr'><strong>commodata</strong></span> <span class='ocrx_word' id='word_1_137' title='bbox 2078 2035 2147 2080; x_wconf 78' lang='lat' dir='ltr'><strong>ex</strong></span> 
     </span>
    </p>
   </div>
   <div class='ocr_carea' id='block_1_22' title="bbox 560 2118 1576 2197">
    <p class='ocr_par' dir='ltr' id='par_1_22' title="bbox 560 2118 1576 2197">
     <span class='ocr_line' id='line_1_22' title="bbox 560 2118 1576 2197; baseline -0.013 -11"><span class='ocrx_word' id='word_1_138' title='bbox 560 2125 826 2187; x_wconf 81' lang='lat' dir='ltr'><strong>sententia</strong></span> <span class='ocrx_word' id='word_1_139' title='bbox 856 2122 1110 2197; x_wconf 88' lang='lat' dir='ltr'><strong>procedat</strong></span> <span class='ocrx_word' id='word_1_140' title='bbox 1129 2128 1390 2192; x_wconf 90' lang='lat' dir='ltr'><strong>optatum.</strong></span> <span class='ocrx_word' id='word_1_141' title='bbox 1426 2118 1576 2175; x_wconf 84' lang='lat' dir='ltr'><strong>Vale.</strong></span> 
     </span>
    </p>
   </div>
   <div class='ocr_carea' id='block_1_23' title="bbox 1079 2209 1594 2269">
    <p class='ocr_par' dir='ltr' id='par_1_23' title="bbox 1079 2209 1594 2269">
     <span class='ocr_line' id='line_1_23' title="bbox 1079 2209 1594 2269; baseline -0.012 0"><span class='ocrx_word' id='word_1_142' title='bbox 1079 2212 1294 2269; x_wconf 83' lang='lat' dir='ltr'><strong>EPIST.</strong></span> <span class='ocrx_word' id='word_1_143' title='bbox 1332 2209 1594 2268; x_wconf 82' lang='lat' dir='ltr'><strong>LXXXV.</strong></span> 
     </span>
    </p>
   </div>
   <div class='ocr_carea' id='block_1_24' title="bbox 1049 2317 1670 2362">
    <p class='ocr_par' dir='ltr' id='par_1_24' title="bbox 1049 2317 1670 2362">
     <span class='ocr_line' id='line_1_24' title="bbox 1049 2317 1670 2362; baseline -0.008 0"><span class='ocrx_word' id='word_1_144' title='bbox 1049 2319 1356 2362; x_wconf 65' lang='lat' dir='ltr'><strong>BVHIIACIIUS</strong></span> <span class='ocrx_word' id='word_1_145' title='bbox 1397 2317 1670 2360; x_wconf 70' lang='lat' dir='ltr'><strong>IESSALB.</strong></span> 
     </span>
    </p>
   </div>
   <div class='ocr_carea' id='block_1_25' title="bbox 632 2388 2149 2469">
    <p class='ocr_par' dir='ltr' id='par_1_25' title="bbox 632 2388 2149 2469">
     <span class='ocr_line' id='line_1_25' title="bbox 632 2388 2149 2469; baseline -0.011 -8"><span class='ocrx_word' id='word_1_146' title='bbox 632 2405 704 2463; x_wconf 85' lang='lat' dir='ltr'><strong>Et</strong></span> <span class='ocrx_word' id='word_1_147' title='bbox 730 2405 833 2461; x_wconf 91' lang='lat' dir='ltr'><strong>mei</strong></span> <span class='ocrx_word' id='word_1_148' title='bbox 863 2402 1006 2459; x_wconf 89' lang='lat' dir='ltr'><strong>circa</strong></span> <span class='ocrx_word' id='word_1_149' title='bbox 1040 2410 1091 2455; x_wconf 89' lang='lat' dir='ltr'><strong>te</strong></span> <span class='ocrx_word' id='word_1_150' title='bbox 1122 2396 1381 2469; x_wconf 86' lang='lat' dir='ltr'><strong>propositi</strong></span> <span class='ocrx_word' id='word_1_151' title='bbox 1409 2395 1548 2452; x_wconf 81' lang='lat' dir='ltr'><strong>ratio</strong></span> <span class='ocrx_word' id='word_1_152' title='bbox 1577 2392 1822 2466; x_wconf 85' lang='lat' dir='ltr'><strong>peposcit</strong></span> <span class='ocrx_word' id='word_1_153' title='bbox 1858 2398 1919 2447; x_wconf 92' lang='lat' dir='ltr'><strong>ut</strong></span> <span class='ocrx_word' id='word_1_154' title='bbox 1947 2388 2149 2446; x_wconf 85' lang='lat' dir='ltr'><strong>scribe-</strong></span> 
     </span>
    </p>
   </div>
   <div class='ocr_carea' id='block_1_26' title="bbox 559 2482 2148 2564">
    <p class='ocr_par' dir='ltr' id='par_1_26' title="bbox 559 2482 2148 2564">
     <span class='ocr_line' id='line_1_26' title="bbox 559 2482 2148 2564; baseline -0.013 -9"><span class='ocrx_word' id='word_1_155' title='bbox 559 2514 704 2564; x_wconf 91' lang='lat' dir='ltr'><strong>rem,</strong></span> <span class='ocrx_word' id='word_1_156' title='bbox 743 2505 797 2552; x_wconf 91' lang='lat' dir='ltr'><strong>et</strong></span> <span class='ocrx_word' id='word_1_157' title='bbox 827 2496 940 2550; x_wconf 90' lang='lat' dir='ltr'><strong>viro</strong></span> <span class='ocrx_word' id='word_1_158' title='bbox 982 2492 1304 2557; x_wconf 86' lang='lat' dir='ltr'><strong>clarissimo,</strong></span> <span class='ocrx_word' id='word_1_159' title='bbox 1329 2499 1488 2559; x_wconf 86' lang='lat' dir='ltr'><strong>atque</strong></span> <span class='ocrx_word' id='word_1_160' title='bbox 1528 2484 1873 2542; x_wconf 82' lang='lat' dir='ltr'><strong>ornatissimo</strong></span> <span class='ocrx_word' id='word_1_161' title='bbox 1913 2482 2148 2538; x_wconf 82' lang='lat' dir='ltr'><strong>Eusebio</strong></span> 
     </span>
    </p>
   </div>
   <div class='ocr_carea' id='block_1_27' title="bbox 559 2574 2148 2661">
    <p class='ocr_par' dir='ltr' id='par_1_27' title="bbox 559 2574 2148 2661">
     <span class='ocr_line' id='line_1_27' title="bbox 559 2574 2148 2661; baseline -0.01 -14"><span class='ocrx_word' id='word_1_162' title='bbox 559 2590 905 2661; x_wconf 87' lang='lat' dir='ltr'><strong>adstipulatio</strong></span> <span class='ocrx_word' id='word_1_163' title='bbox 936 2601 1055 2642; x_wconf 87' lang='lat' dir='ltr'><strong>mea</strong></span> <span class='ocrx_word' id='word_1_164' title='bbox 1084 2586 1274 2641; x_wconf 86' lang='lat' dir='ltr'><strong>deesse</strong></span> <span class='ocrx_word' id='word_1_165' title='bbox 1301 2597 1409 2638; x_wconf 88' lang='lat' dir='ltr'><strong>non</strong></span> <span class='ocrx_word' id='word_1_166' title='bbox 1438 2582 1660 2637; x_wconf 84' lang='lat' dir='ltr'><strong>debuit:</strong></span> <span class='ocrx_word' id='word_1_167' title='bbox 1693 2591 1853 2650; x_wconf 84' lang='lat' dir='ltr'><strong>quem</strong></span> <span class='ocrx_word' id='word_1_168' title='bbox 1884 2579 2049 2647; x_wconf 85' lang='lat' dir='ltr'><strong>probe</strong></span> <span class='ocrx_word' id='word_1_169' title='bbox 2078 2574 2148 2631; x_wconf 88' lang='lat' dir='ltr'><strong>de</strong></span> 
     </span>
    </p>
   </div>
   <div class='ocr_carea' id='block_1_28' title="bbox 560 2671 2151 2755">
    <p class='ocr_par' dir='ltr' id='par_1_28' title="bbox 560 2671 2151 2755">
     <span class='ocr_line' id='line_1_28' title="bbox 560 2671 2151 2755; baseline -0.013 -14"><span class='ocrx_word' id='word_1_170' title='bbox 560 2684 780 2755; x_wconf 83' lang='lat' dir='ltr'><strong>optimis</strong></span> <span class='ocrx_word' id='word_1_171' title='bbox 806 2682 938 2736; x_wconf 83' lang='lat' dir='ltr'><strong>viris</strong></span> <span class='ocrx_word' id='word_1_172' title='bbox 967 2680 1219 2735; x_wconf 89' lang='lat' dir='ltr'><strong>meritum</strong></span> <span class='ocrx_word' id='word_1_173' title='bbox 1249 2688 1433 2745; x_wconf 66' lang='lat' dir='ltr'><strong>quaeso</strong></span> <span class='ocrx_word' id='word_1_174' title='bbox 1455 2683 1541 2727; x_wconf 84' lang='lat' dir='ltr'><strong>tua</strong></span> <span class='ocrx_word' id='word_1_175' title='bbox 1570 2671 1871 2740; x_wconf 74' lang='lat' dir='ltr'><strong>benignitas</strong></span> <span class='ocrx_word' id='word_1_176' title='bbox 1898 2680 2151 2723; x_wconf 84' lang='lat' dir='ltr'><strong>munere-</strong></span> 
     </span>
    </p>
   </div>
   <div class='ocr_carea' id='block_1_29' title="bbox 562 2757 2147 2836">
    <p class='ocr_par' dir='ltr' id='par_1_29' title="bbox 562 2757 2147 2836">
     <span class='ocr_line' id='line_1_29' title="bbox 562 2757 2147 2836; baseline -0.012 -6"><span class='ocrx_word' id='word_1_177' title='bbox 562 2785 670 2830; x_wconf 90' lang='lat' dir='ltr'><strong>tur.</strong></span> <span class='ocrx_word' id='word_1_178' title='bbox 714 2774 844 2828; x_wconf 82' lang='lat' dir='ltr'><strong>Nam</strong></span> <span class='ocrx_word' id='word_1_179' title='bbox 874 2768 1161 2827; x_wconf 85' lang='lat' dir='ltr'><strong>laudabilis</strong></span> <span class='ocrx_word' id='word_1_180' title='bbox 1202 2767 1426 2836; x_wconf 85' lang='lat' dir='ltr'><strong>quisque</strong></span> <span class='ocrx_word' id='word_1_181' title='bbox 1468 2764 1606 2818; x_wconf 87' lang='lat' dir='ltr'><strong>banc</strong></span> <span class='ocrx_word' id='word_1_182' title='bbox 1634 2761 1804 2817; x_wconf 90' lang='lat' dir='ltr'><strong>solam</strong></span> <span class='ocrx_word' id='word_1_183' title='bbox 1844 2757 2147 2814; x_wconf 84' lang='lat' dir='ltr'><strong>mercedem</strong></span> 
     </span>
    </p>
   </div>
   <div class='ocr_carea' id='block_1_30' title="bbox 563 2850 2152 2938">
    <p class='ocr_par' dir='ltr' id='par_1_30' title="bbox 563 2850 2152 2938">
     <span class='ocr_line' id='line_1_30' title="bbox 563 2850 2152 2938; baseline -0.011 -17"><span class='ocrx_word' id='word_1_184' title='bbox 563 2866 785 2938; x_wconf 87' lang='lat' dir='ltr'><strong>pudoris</strong></span> <span class='ocrx_word' id='word_1_185' title='bbox 811 2874 972 2935; x_wconf 89' lang='lat' dir='ltr'><strong>atque</strong></span> <span class='ocrx_word' id='word_1_186' title='bbox 1005 2859 1302 2917; x_wconf 75' lang='lat' dir='ltr'><strong>bonesmtis</strong></span> <span class='ocrx_word' id='word_1_187' title='bbox 1331 2864 1579 2929; x_wconf 77' lang='lat' dir='ltr'><strong>exoptat,</strong></span> <span class='ocrx_word' id='word_1_188' title='bbox 1611 2864 1667 2910; x_wconf 90' lang='lat' dir='ltr'><strong>ut</strong></span> <span class='ocrx_word' id='word_1_189' title='bbox 1696 2853 1762 2909; x_wconf 87' lang='lat' dir='ltr'><strong>ad</strong></span> <span class='ocrx_word' id='word_1_190' title='bbox 1793 2852 2035 2909; x_wconf 87' lang='lat' dir='ltr'><strong>intimam</strong></span> <span class='ocrx_word' id='word_1_191' title='bbox 2072 2850 2152 2905; x_wconf 84' lang='lat' dir='ltr'><strong>fa-</strong></span> 
     </span>
    </p>
   </div>
   <div class='ocr_carea' id='block_1_31' title="bbox 565 2949 2150 3024">
    <p class='ocr_par' dir='ltr' id='par_1_31' title="bbox 565 2949 2150 3024">
     <span class='ocr_line' id='line_1_31' title="bbox 565 2949 2150 3024; baseline -0.012 -5"><span class='ocrx_word' id='word_1_192' title='bbox 565 2960 925 3019; x_wconf 89' lang='lat' dir='ltr'><strong>miliaritatem</strong></span> <span class='ocrx_word' id='word_1_193' title='bbox 970 2958 1255 3018; x_wconf 89' lang='lat' dir='ltr'><strong>bonorum,</strong></span> <span class='ocrx_word' id='word_1_194' title='bbox 1294 2953 1477 3024; x_wconf 88' lang='lat' dir='ltr'><strong>tuique</strong></span> <span class='ocrx_word' id='word_1_195' title='bbox 1522 2949 1807 3015; x_wconf 88' lang='lat' dir='ltr'><strong>similium,</strong></span> <span class='ocrx_word' id='word_1_196' title='bbox 1852 2960 1985 3020; x_wconf 89' lang='lat' dir='ltr'><strong>pura</strong></span> <span class='ocrx_word' id='word_1_197' title='bbox 2014 2958 2150 3001; x_wconf 87' lang='lat' dir='ltr'><strong>cou-</strong></span> 
     </span>
    </p>
   </div>
   <div class='ocr_carea' id='block_1_32' title="bbox 563 3046 1347 3123">
    <p class='ocr_par' dir='ltr' id='par_1_32' title="bbox 563 3046 1347 3123">
     <span class='ocr_line' id='line_1_32' title="bbox 563 3046 1347 3123; baseline -0.017 -11"><span class='ocrx_word' id='word_1_198' title='bbox 563 3054 836 3113; x_wconf 88' lang='lat' dir='ltr'><strong>ciliatione</strong></span> <span class='ocrx_word' id='word_1_199' title='bbox 864 3049 1162 3123; x_wconf 75' lang='lat' dir='ltr'><strong>perveniat.</strong></span> <span class='ocrx_word' id='word_1_200' title='bbox 1195 3046 1347 3101; x_wconf 86' lang='lat' dir='ltr'><strong>Vale.</strong></span> 
     </span>
    </p>
   </div>
   <div class='ocr_carea' id='block_1_33' title="bbox 1084 3133 1631 3194">
    <p class='ocr_par' dir='ltr' id='par_1_33' title="bbox 1084 3133 1631 3194">
     <span class='ocr_line' id='line_1_33' title="bbox 1084 3133 1631 3194; baseline -0.009 0"><span class='ocrx_word' id='word_1_201' title='bbox 1084 3137 1301 3194; x_wconf 83' lang='lat' dir='ltr'><strong>EPIST.</strong></span> <span class='ocrx_word' id='word_1_202' title='bbox 1345 3133 1631 3192; x_wconf 84' lang='lat' dir='ltr'><strong>LXXXVI.</strong></span> 
     </span>
    </p>
   </div>
   <div class='ocr_carea' id='block_1_34' title="bbox 1042 3242 1667 3287">
    <p class='ocr_par' dir='ltr' id='par_1_34' title="bbox 1042 3242 1667 3287">
     <span class='ocr_line' id='line_1_34' title="bbox 1042 3242 1667 3287; baseline -0.008 0"><span class='ocrx_word' id='word_1_203' title='bbox 1042 3245 1353 3287; x_wconf 72' lang='lat' dir='ltr'><strong>SVIIIACHIIS</strong></span> <span class='ocrx_word' id='word_1_204' title='bbox 1397 3242 1667 3285; x_wconf 68' lang='grc' dir='ltr'><strong>ιεεςιιι.</strong></span> 
     </span>
    </p>
   </div>
   <div class='ocr_carea' id='block_1_35' title="bbox 635 3312 2150 3382">
    <p class='ocr_par' dir='ltr' id='par_1_35' title="bbox 635 3312 2150 3382">
     <span class='ocr_line' id='line_1_35' title="bbox 635 3312 2150 3382; baseline -0.009 0"><span class='ocrx_word' id='word_1_205' title='bbox 635 3326 823 3382; x_wconf 89' lang='lat' dir='ltr'><strong>Omnis</strong></span> <span class='ocrx_word' id='word_1_206' title='bbox 853 3322 1249 3380; x_wconf 85' lang='lat' dir='ltr'><strong>commendatio</strong></span> <span class='ocrx_word' id='word_1_207' title='bbox 1289 3319 1477 3376; x_wconf 85' lang='lat' dir='ltr'><strong>amicis</strong></span> <span class='ocrx_word' id='word_1_208' title='bbox 1518 3315 1886 3374; x_wconf 86' lang='lat' dir='ltr'><strong>testimonium</strong></span> <span class='ocrx_word' id='word_1_209' title='bbox 1930 3312 2150 3379; x_wconf 85' lang='lat' dir='ltr'><strong>tribuit,</strong></span> 
     </span>
    </p>
   </div>
   <div class='ocr_carea' id='block_1_36' title="bbox 564 3405 2154 3489">
    <p class='ocr_par' dir='ltr' id='par_1_36' title="bbox 564 3405 2154 3489">
     <span class='ocr_line' id='line_1_36' title="bbox 564 3405 2154 3489; baseline -0.011 -11"><span class='ocrx_word' id='word_1_210' title='bbox 564 3417 876 3489; x_wconf 75' lang='lat' dir='ltr'><strong>suffragium</strong></span> <span class='ocrx_word' id='word_1_211' title='bbox 922 3423 1138 3485; x_wconf 62' lang='lat' dir='ltr'><strong>prastat</strong></span> <span class='ocrx_word' id='word_1_212' title='bbox 1182 3411 1485 3484; x_wconf 91' lang='lat' dir='ltr'><strong>incognitis.</strong></span> <span class='ocrx_word' id='word_1_213' title='bbox 1517 3411 1806 3467; x_wconf 84' lang='lat' dir='ltr'><strong>Processus</strong></span> <span class='ocrx_word' id='word_1_214' title='bbox 1856 3408 2039 3478; x_wconf 86' lang='lat' dir='ltr'><strong>igitur.</strong></span> <span class='ocrx_word' id='word_1_215' title='bbox 2069 3405 2154 3461; x_wconf 79' lang='lat' dir='ltr'><strong>vir</strong></span> 
     </span>
    </p>
   </div>
   <div class='ocr_carea' id='block_1_37' title="bbox 566 3502 2155 3575">
    <p class='ocr_par' dir='ltr' id='par_1_37' title="bbox 566 3502 2155 3575">
     <span class='ocr_line' id='line_1_37' title="bbox 566 3502 2155 3575; baseline -0.011 -6"><span class='ocrx_word' id='word_1_216' title='bbox 566 3512 962 3575; x_wconf 88' lang='lat' dir='ltr'><strong>ornatissimus,</strong></span> <span class='ocrx_word' id='word_1_217' title='bbox 990 3508 1131 3563; x_wconf 82' lang='lat' dir='ltr'><strong>ﬁlius</strong></span> <span class='ocrx_word' id='word_1_218' title='bbox 1160 3521 1333 3571; x_wconf 88' lang='lat' dir='ltr'><strong>meus,</strong></span> <span class='ocrx_word' id='word_1_219' title='bbox 1364 3520 1469 3559; x_wconf 92' lang='lat' dir='ltr'><strong>non</strong></span> <span class='ocrx_word' id='word_1_220' title='bbox 1501 3511 1584 3558; x_wconf 90' lang='lat' dir='ltr'><strong>est</strong></span> <span class='ocrx_word' id='word_1_221' title='bbox 1609 3502 1662 3557; x_wconf 95' lang='lat' dir='ltr'><strong>in</strong></span> <span class='ocrx_word' id='word_1_222' title='bbox 1691 3516 1752 3557; x_wconf 89' lang='lat' dir='ltr'><strong>ea</strong></span> <span class='ocrx_word' id='word_1_223' title='bbox 1785 3508 1935 3569; x_wconf 86' lang='lat' dir='ltr'><strong>parte</strong></span> <span class='ocrx_word' id='word_1_224' title='bbox 1964 3512 2155 3554; x_wconf 82' lang='lat' dir='ltr'><strong>nume-</strong></span> 
     </span>
    </p>
   </div>
   <div class='ocr_carea' id='block_1_38' title="bbox 566 3591 2153 3669">
    <p class='ocr_par' dir='ltr' id='par_1_38' title="bbox 566 3591 2153 3669">
     <span class='ocr_line' id='line_1_38' title="bbox 566 3591 2153 3669; baseline -0.009 -9"><span class='ocrx_word' id='word_1_225' title='bbox 566 3604 787 3669; x_wconf 84' lang='lat' dir='ltr'><strong>randus,</strong></span> <span class='ocrx_word' id='word_1_226' title='bbox 821 3602 908 3657; x_wconf 92' lang='lat' dir='ltr'><strong>cui</strong></span> <span class='ocrx_word' id='word_1_227' title='bbox 940 3599 1201 3656; x_wconf 87' lang='lat' dir='ltr'><strong>beneflcio</strong></span> <span class='ocrx_word' id='word_1_228' title='bbox 1228 3597 1428 3665; x_wconf 86' lang='lat' dir='ltr'><strong>scripta</strong></span> <span class='ocrx_word' id='word_1_229' title='bbox 1460 3603 1812 3666; x_wconf 70' lang='lat' dir='ltr'><strong>praestantur;</strong></span> <span class='ocrx_word' id='word_1_230' title='bbox 1845 3591 1940 3648; x_wconf 88' lang='lat' dir='ltr'><strong>sed</strong></span> <span class='ocrx_word' id='word_1_231' title='bbox 1974 3591 2153 3662; x_wconf 82' lang='lat' dir='ltr'><strong>potius</strong></span> 
     </span>
    </p>
   </div>
   <div class='ocr_carea' id='block_1_39' title="bbox 566 3682 2154 3757">
    <p class='ocr_par' dir='ltr' id='par_1_39' title="bbox 566 3682 2154 3757">
     <span class='ocr_line' id='line_1_39' title="bbox 566 3682 2154 3757; baseline -0.008 -6"><span class='ocrx_word' id='word_1_232' title='bbox 566 3698 621 3751; x_wconf 91' lang='lat' dir='ltr'><strong>in</strong></span> <span class='ocrx_word' id='word_1_233' title='bbox 664 3709 760 3757; x_wconf 87' lang='lat' dir='ltr'><strong>ea,</strong></span> <span class='ocrx_word' id='word_1_234' title='bbox 800 3693 885 3748; x_wconf 88' lang='lat' dir='ltr'><strong>cui</strong></span> <span class='ocrx_word' id='word_1_235' title='bbox 936 3689 1249 3746; x_wconf 78' lang='lat' dir='ltr'><strong>vicissitudo</strong></span> <span class='ocrx_word' id='word_1_236' title='bbox 1292 3704 1359 3743; x_wconf 83' lang='lat' dir='ltr'><strong>ex</strong></span> <span class='ocrx_word' id='word_1_237' title='bbox 1397 3700 1584 3742; x_wconf 90' lang='lat' dir='ltr'><strong>amore</strong></span> <span class='ocrx_word' id='word_1_238' title='bbox 1636 3685 1973 3755; x_wconf 84' lang='lat' dir='ltr'><strong>persolvitur.</strong></span> <span class='ocrx_word' id='word_1_239' title='bbox 2017 3682 2154 3738; x_wconf 83' lang='lat' dir='ltr'><strong>Puto</strong></span> 
     </span>
    </p>
   </div>
   <div class='ocr_carea' id='block_1_40' title="bbox 567 3773 2153 3855">
    <p class='ocr_par' dir='ltr' id='par_1_40' title="bbox 567 3773 2153 3855">
     <span class='ocr_line' id='line_1_40' title="bbox 567 3773 2153 3855; baseline -0.008 -16"><span class='ocrx_word' id='word_1_240' title='bbox 567 3786 674 3855; x_wconf 72' lang='lat' dir='ltr'><strong>iam</strong></span> <span class='ocrx_word' id='word_1_241' title='bbox 701 3784 903 3852; x_wconf 76' lang='lat' dir='ltr'><strong>liquere</strong></span> <span class='ocrx_word' id='word_1_242' title='bbox 927 3782 1055 3848; x_wconf 90' lang='lat' dir='ltr'><strong>tibi,</strong></span> <span class='ocrx_word' id='word_1_243' title='bbox 1079 3795 1201 3849; x_wconf 67' lang='lat' dir='ltr'><strong>qua:</strong></span> <span class='ocrx_word' id='word_1_244' title='bbox 1221 3778 1362 3834; x_wconf 87' lang='lat' dir='ltr'><strong>circa</strong></span> <span class='ocrx_word' id='word_1_245' title='bbox 1388 3778 1536 3832; x_wconf 92' lang='lat' dir='ltr'><strong>illum</strong></span> <span class='ocrx_word' id='word_1_246' title='bbox 1565 3775 1898 3833; x_wconf 85' lang='lat' dir='ltr'><strong>familiariter</strong></span> <span class='ocrx_word' id='word_1_247' title='bbox 1926 3773 2153 3829; x_wconf 88' lang='lat' dir='ltr'><strong>tenenda</strong></span> 
     </span>
    </p>
   </div>
   <div class='ocr_carea' id='block_1_41' title="bbox 567 3865 2156 3945">
    <p class='ocr_par' dir='ltr' id='par_1_41' title="bbox 567 3865 2156 3945">
     <span class='ocr_line' id='line_1_41' title="bbox 567 3865 2156 3945; baseline -0.008 -12"><span class='ocrx_word' id='word_1_248' title='bbox 567 3882 636 3933; x_wconf 89' lang='lat' dir='ltr'><strong>sit</strong></span> <span class='ocrx_word' id='word_1_249' title='bbox 667 3877 832 3929; x_wconf 76' lang='lat' dir='ltr'><strong>forma</strong></span> <span class='ocrx_word' id='word_1_250' title='bbox 857 3875 1040 3945; x_wconf 87' lang='lat' dir='ltr'><strong>judicii</strong></span> <span class='ocrx_word' id='word_1_251' title='bbox 1060 3915 1075 3941; x_wconf 90' lang='lat'><strong>,</strong></span> <span class='ocrx_word' id='word_1_252' title='bbox 1104 3887 1262 3942; x_wconf 88' lang='lat' dir='ltr'><strong>quem</strong></span> <span class='ocrx_word' id='word_1_253' title='bbox 1292 3873 1410 3927; x_wconf 88' lang='lat' dir='ltr'><strong>sine</strong></span> <span class='ocrx_word' id='word_1_254' title='bbox 1457 3870 1643 3925; x_wconf 84' lang='lat' dir='ltr'><strong>favore</strong></span> <span class='ocrx_word' id='word_1_255' title='bbox 1689 3866 2029 3923; x_wconf 90' lang='lat' dir='ltr'><strong>commendo.</strong></span> <span class='ocrx_word' id='word_1_256' title='bbox 2065 3865 2156 3921; x_wconf 87' lang='lat' dir='ltr'><strong>Di-</strong></span> 
     </span>
    </p>
   </div>
   <div class='ocr_carea' id='block_1_42' title="bbox 568 3954 2153 4037">
    <p class='ocr_par' dir='ltr' id='par_1_42' title="bbox 568 3954 2153 4037">
     <span class='ocr_line' id='line_1_42' title="bbox 568 3954 2153 4037; baseline -0.006 -16"><span class='ocrx_word' id='word_1_257' title='bbox 568 3984 729 4037; x_wconf 83' lang='lat' dir='ltr'><strong>gnum</strong></span> <span class='ocrx_word' id='word_1_258' title='bbox 753 3978 836 4021; x_wconf 88' lang='lat' dir='ltr'><strong>est</strong></span> <span class='ocrx_word' id='word_1_259' title='bbox 864 3968 1044 4036; x_wconf 79' lang='lat' dir='ltr'><strong>igitur,</strong></span> <span class='ocrx_word' id='word_1_260' title='bbox 1065 3972 1323 4033; x_wconf 85' lang='lat' dir='ltr'><strong>quantum</strong></span> <span class='ocrx_word' id='word_1_261' title='bbox 1358 3960 1495 4032; x_wconf 87' lang='lat' dir='ltr'><strong>apud</strong></span> <span class='ocrx_word' id='word_1_262' title='bbox 1528 3976 1613 4015; x_wconf 90' lang='lat' dir='ltr'><strong>me</strong></span> <span class='ocrx_word' id='word_1_263' title='bbox 1643 3958 1817 4013; x_wconf 87' lang='lat' dir='ltr'><strong>meriti</strong></span> <span class='ocrx_word' id='word_1_264' title='bbox 1848 3954 2153 4025; x_wconf 77' lang='lat' dir='ltr'><strong>collocavit,</strong></span> 
     </span>
    </p>
   </div>
   <div class='ocr_carea' id='block_1_43' title="bbox 570 4051 1846 4128">
    <p class='ocr_par' dir='ltr' id='par_1_43' title="bbox 570 4051 1846 4128">
     <span class='ocr_line' id='line_1_43' title="bbox 570 4051 1846 4128; baseline -0.008 -13"><span class='ocrx_word' id='word_1_265' title='bbox 570 4069 776 4116; x_wconf 80' lang='lat' dir='ltr'><strong>tantum</strong></span> <span class='ocrx_word' id='word_1_266' title='bbox 800 4057 937 4128; x_wconf 83' lang='lat' dir='ltr'><strong>apud</strong></span> <span class='ocrx_word' id='word_1_267' title='bbox 963 4067 1015 4113; x_wconf 84' lang='lat' dir='ltr'><strong>te</strong></span> <span class='ocrx_word' id='word_1_268' title='bbox 1046 4054 1386 4126; x_wconf 71' lang='lat' dir='ltr'><strong>benignitatis</strong></span> <span class='ocrx_word' id='word_1_269' title='bbox 1414 4054 1667 4108; x_wconf 73' lang='lat' dir='ltr'><strong>inveniat.</strong></span> <span class='ocrx_word' id='word_1_270' title='bbox 1697 4051 1846 4107; x_wconf 86' lang='lat' dir='ltr'><strong>Vale.</strong></span> 
     </span>
    </p>
   </div>
   <div class='ocr_carea' id='block_1_44' title="bbox 1072 4146 1642 4207">
    <p class='ocr_par' dir='ltr' id='par_1_44' title="bbox 1072 4146 1642 4207">
     <span class='ocr_line' id='line_1_44' title="bbox 1072 4146 1642 4207; baseline -0.004 -4"><span class='ocrx_word' id='word_1_271' title='bbox 1072 4147 1292 4207; x_wconf 78' lang='lat' dir='ltr'><strong>EPIST.</strong></span> <span class='ocrx_word' id='word_1_272' title='bbox 1333 4146 1642 4203; x_wconf 85' lang='lat' dir='ltr'><strong>LXXXVII.</strong></span> 
     </span>
    </p>
   </div>
   <div class='ocr_carea' id='block_1_45' title="bbox 1056 4257 1659 4300">
    <p class='ocr_par' dir='ltr' id='par_1_45' title="bbox 1056 4257 1659 4300">
     <span class='ocr_line' id='line_1_45' title="bbox 1056 4257 1659 4300; baseline -0.008 -1"><span class='ocrx_word' id='word_1_273' title='bbox 1056 4258 1362 4300; x_wconf 70' lang='grc' dir='ltr'><strong>ενκυοιιυε</strong></span> <span class='ocrx_word' id='word_1_274' title='bbox 1389 4257 1659 4298; x_wconf 69' lang='grc' dir='ltr'><strong>ΙΕΒΞΑιΑἳ.</strong></span> 
     </span>
    </p>
   </div>
   <div class='ocr_carea' id='block_1_46' title="bbox 640 4335 2151 4410">
    <p class='ocr_par' dir='ltr' id='par_1_46' title="bbox 640 4335 2151 4410">
     <span class='ocr_line' id='line_1_46' title="bbox 640 4335 2151 4410; baseline -0.007 -9"><span class='ocrx_word' id='word_1_275' title='bbox 640 4345 925 4402; x_wconf 71' lang='lat' dir='ltr'><strong>Numidam</strong></span> <span class='ocrx_word' id='word_1_276' title='bbox 955 4341 1293 4398; x_wconf 80' lang='lat' dir='ltr'><strong>familiaritas</strong></span> <span class='ocrx_word' id='word_1_277' title='bbox 1319 4349 1501 4395; x_wconf 90' lang='lat' dir='ltr'><strong>nostra</strong></span> <span class='ocrx_word' id='word_1_278' title='bbox 1518 4336 1658 4410; x_wconf 90' lang='lat' dir='ltr'><strong>apud</strong></span> <span class='ocrx_word' id='word_1_279' title='bbox 1683 4346 1734 4394; x_wconf 91' lang='lat' dir='ltr'><strong>te</strong></span> <span class='ocrx_word' id='word_1_280' title='bbox 1753 4335 1911 4393; x_wconf 80' lang='lat' dir='ltr'><strong>debet</strong></span> <span class='ocrx_word' id='word_1_281' title='bbox 1929 4335 2151 4405; x_wconf 83' lang='lat' dir='ltr'><strong>jnvare:</strong></span> 
     </span>
    </p>
   </div>
   <div class='ocr_carea' id='block_1_47' title="bbox 572 4426 2153 4508">
    <p class='ocr_par' dir='ltr' id='par_1_47' title="bbox 572 4426 2153 4508">
     <span class='ocr_line' id='line_1_47' title="bbox 572 4426 2153 4508; baseline -0.006 -16"><span class='ocrx_word' id='word_1_282' title='bbox 572 4452 731 4508; x_wconf 87' lang='lat' dir='ltr'><strong>quem</strong></span> <span class='ocrx_word' id='word_1_283' title='bbox 778 4447 873 4490; x_wconf 86' lang='lat' dir='ltr'><strong>tuo</strong></span> <span class='ocrx_word' id='word_1_284' title='bbox 913 4432 1066 4488; x_wconf 90' lang='lat' dir='ltr'><strong>trado</strong></span> <span class='ocrx_word' id='word_1_285' title='bbox 1111 4430 1385 4498; x_wconf 78' lang='lat' dir='ltr'><strong>suffragio.</strong></span> <span class='ocrx_word' id='word_1_286' title='bbox 1416 4440 1475 4487; x_wconf 91' lang='lat' dir='ltr'><strong>ut</strong></span> <span class='ocrx_word' id='word_1_287' title='bbox 1520 4430 1792 4493; x_wconf 89' lang='lat' dir='ltr'><strong>meritum,</strong></span> <span class='ocrx_word' id='word_1_288' title='bbox 1830 4426 1972 4497; x_wconf 86' lang='lat' dir='ltr'><strong>quod</strong></span> <span class='ocrx_word' id='word_1_289' title='bbox 2014 4426 2153 4496; x_wconf 89' lang='lat' dir='ltr'><strong>apud</strong></span> 
     </span>
    </p>
   </div>
   <div class='ocr_carea' id='block_1_48' title="bbox 572 4521 2158 4592">
    <p class='ocr_par' dir='ltr' id='par_1_48' title="bbox 572 4521 2158 4592">
     <span class='ocr_line' id='line_1_48' title="bbox 572 4521 2158 4592; baseline -0.006 -9"><span class='ocrx_word' id='word_1_290' title='bbox 572 4544 675 4583; x_wconf 88' lang='lat' dir='ltr'><strong>nos</strong></span> <span class='ocrx_word' id='word_1_291' title='bbox 705 4526 945 4581; x_wconf 74' lang='lat' dir='ltr'><strong>honestis</strong></span> <span class='ocrx_word' id='word_1_292' title='bbox 975 4523 1164 4579; x_wconf 88' lang='lat' dir='ltr'><strong>officiis</strong></span> <span class='ocrx_word' id='word_1_293' title='bbox 1185 4521 1487 4588; x_wconf 83' lang='lat' dir='ltr'><strong>collocavit,</strong></span> <span class='ocrx_word' id='word_1_294' title='bbox 1516 4532 1605 4576; x_wconf 88' lang='lat' dir='ltr'><strong>tua</strong></span> <span class='ocrx_word' id='word_1_295' title='bbox 1628 4534 1727 4592; x_wconf 91' lang='lat' dir='ltr'><strong>pro</strong></span> <span class='ocrx_word' id='word_1_296' title='bbox 1748 4535 1833 4575; x_wconf 89' lang='lat' dir='ltr'><strong>me</strong></span> <span class='ocrx_word' id='word_1_297' title='bbox 1859 4534 1985 4574; x_wconf 84' lang='lat' dir='ltr'><strong>cura</strong></span> <span class='ocrx_word' id='word_1_298' title='bbox 2009 4533 2158 4575; x_wconf 89' lang='lat' dir='ltr'><strong>com-</strong></span> 
     </span>
    </p>
   </div>
   <div class='ocr_carea' id='block_1_49' title="bbox 574 4611 2157 4691">
    <p class='ocr_par' dir='ltr' id='par_1_49' title="bbox 574 4611 2157 4691">
     <span class='ocr_line' id='line_1_49' title="bbox 574 4611 2157 4691; baseline -0.006 -16"><span class='ocrx_word' id='word_1_299' title='bbox 574 4630 782 4691; x_wconf 88' lang='lat' dir='ltr'><strong>penset.</strong></span> <span class='ocrx_word' id='word_1_300' title='bbox 817 4619 990 4674; x_wconf 78' lang='lat' dir='ltr'><strong>Mores</strong></span> <span class='ocrx_word' id='word_1_301' title='bbox 1022 4615 1256 4671; x_wconf 89' lang='lat' dir='ltr'><strong>hominis</strong></span> <span class='ocrx_word' id='word_1_302' title='bbox 1295 4629 1363 4671; x_wconf 78' lang='lat' dir='ltr'><strong>ex</strong></span> <span class='ocrx_word' id='word_1_303' title='bbox 1410 4627 1533 4669; x_wconf 89' lang='lat' dir='ltr'><strong>meo</strong></span> <span class='ocrx_word' id='word_1_304' title='bbox 1561 4612 1734 4683; x_wconf 88' lang='lat' dir='ltr'><strong>pende</strong></span> <span class='ocrx_word' id='word_1_305' title='bbox 1770 4611 1993 4683; x_wconf 84' lang='lat' dir='ltr'><strong>judicio,</strong></span> <span class='ocrx_word' id='word_1_306' title='bbox 2023 4611 2157 4667; x_wconf 89' lang='lat' dir='ltr'><strong>etin</strong></span> 
     </span>
    </p>
   </div>
   <div class='ocr_carea' id='block_1_50' title="bbox 574 4706 2162 4781">
    <p class='ocr_par' dir='ltr' id='par_1_50' title="bbox 574 4706 2162 4781">
     <span class='ocr_line' id='line_1_50' title="bbox 574 4706 2162 4781; baseline -0.005 -12"><span class='ocrx_word' id='word_1_307' title='bbox 574 4713 827 4769; x_wconf 87' lang='lat' dir='ltr'><strong>omnibus</strong></span> <span class='ocrx_word' id='word_1_308' title='bbox 847 4726 967 4781; x_wconf 72' lang='lat' dir='ltr'><strong>qua:</strong></span> <span class='ocrx_word' id='word_1_309' title='bbox 1005 4712 1208 4765; x_wconf 88' lang='lat' dir='ltr'><strong>utilitas</strong></span> <span class='ocrx_word' id='word_1_310' title='bbox 1244 4708 1362 4780; x_wconf 84' lang='lat' dir='ltr'><strong>ejus</strong></span> <span class='ocrx_word' id='word_1_311' title='bbox 1387 4706 1639 4778; x_wconf 70' lang='lat' dir='ltr'><strong>exquirit,</strong></span> <span class='ocrx_word' id='word_1_312' title='bbox 1669 4716 1850 4762; x_wconf 85' lang='lat' dir='ltr'><strong>votum</strong></span> <span class='ocrx_word' id='word_1_313' title='bbox 1889 4720 2162 4763; x_wconf 86' lang='lat' dir='ltr'><strong>commen-</strong></span> 
     </span>
    </p>
   </div>
   <div class='ocr_carea' id='block_1_51' title="bbox 574 4802 1200 4861">
    <p class='ocr_par' dir='ltr' id='par_1_51' title="bbox 574 4802 1200 4861">
     <span class='ocr_line' id='line_1_51' title="bbox 574 4802 1200 4861; baseline -0.011 -1"><span class='ocrx_word' id='word_1_314' title='bbox 574 4806 755 4861; x_wconf 83' lang='lat' dir='ltr'><strong>dantis</strong></span> <span class='ocrx_word' id='word_1_315' title='bbox 786 4806 1018 4860; x_wconf 85' lang='lat' dir='ltr'><strong>imitare.</strong></span> <span class='ocrx_word' id='word_1_316' title='bbox 1058 4802 1200 4856; x_wconf 85' lang='lat' dir='ltr'><strong>Vale.</strong></span> 
     </span>
    </p>
   </div>
   <div class='ocr_carea' id='block_1_52' title="bbox 1086 4889 1667 4949">
    <p class='ocr_par' dir='ltr' id='par_1_52' title="bbox 1086 4889 1667 4949">
     <span class='ocr_line' id='line_1_52' title="bbox 1086 4889 1667 4949; baseline -0.005 0"><span class='ocrx_word' id='word_1_317' title='bbox 1086 4891 1301 4949; x_wconf 80' lang='lat' dir='ltr'><strong>EPIST.</strong></span> <span class='ocrx_word' id='word_1_318' title='bbox 1332 4889 1667 4947; x_wconf 78' lang='lat' dir='ltr'><strong>LXXXVIII.</strong></span> 
     </span>
    </p>
   </div>
   <div class='ocr_carea' id='block_1_53' title="bbox 1066 5000 1673 5043">
    <p class='ocr_par' dir='ltr' id='par_1_53' title="bbox 1066 5000 1673 5043">
     <span class='ocr_line' id='line_1_53' title="bbox 1066 5000 1673 5043; baseline -0.008 0"><span class='ocrx_word' id='word_1_319' title='bbox 1066 5002 1372 5043; x_wconf 67' lang='lat' dir='ltr'><strong>SVIIMACBUS</strong></span> <span class='ocrx_word' id='word_1_320' title='bbox 1405 5000 1673 5041; x_wconf 62' lang='lat' dir='ltr'><strong>HESSALE.</strong></span> 
     </span>
    </p>
   </div>
   <div class='ocr_carea' id='block_1_54' title="bbox 645 5074 2151 5147">
    <p class='ocr_par' dir='ltr' id='par_1_54' title="bbox 645 5074 2151 5147">
     <span class='ocr_line' id='line_1_54' title="bbox 645 5074 2151 5147; baseline -0.005 -10"><span class='ocrx_word' id='word_1_321' title='bbox 645 5078 911 5137; x_wconf 75' lang='lat' dir='ltr'><strong>Amicitiae</strong></span> <span class='ocrx_word' id='word_1_322' title='bbox 940 5088 1218 5147; x_wconf 87' lang='lat' dir='ltr'><strong>parentum</strong></span> <span class='ocrx_word' id='word_1_323' title='bbox 1252 5086 1397 5132; x_wconf 89' lang='lat' dir='ltr'><strong>recte</strong></span> <span class='ocrx_word' id='word_1_324' title='bbox 1424 5078 1477 5131; x_wconf 92' lang='lat' dir='ltr'><strong>in</strong></span> <span class='ocrx_word' id='word_1_325' title='bbox 1507 5077 1705 5130; x_wconf 88' lang='lat' dir='ltr'><strong>liberos</strong></span> <span class='ocrx_word' id='word_1_326' title='bbox 1733 5074 2151 5144; x_wconf 85' lang='lat' dir='ltr'><strong>transferuntur,</strong></span> 
     </span>
    </p>
   </div>
   <div class='ocr_carea' id='block_1_55' title="bbox 576 5166 2161 5228">
    <p class='ocr_par' dir='ltr' id='par_1_55' title="bbox 576 5166 2161 5228">
     <span class='ocr_line' id='line_1_55' title="bbox 576 5166 2161 5228; baseline -0.004 0"><span class='ocrx_word' id='word_1_327' title='bbox 576 5183 638 5228; x_wconf 90' lang='lat' dir='ltr'><strong>nt</strong></span> <span class='ocrx_word' id='word_1_328' title='bbox 686 5175 882 5228; x_wconf 88' lang='lat' dir='ltr'><strong>caritas</strong></span> <span class='ocrx_word' id='word_1_329' title='bbox 930 5170 1099 5226; x_wconf 79' lang='lat' dir='ltr'><strong>semel</strong></span> <span class='ocrx_word' id='word_1_330' title='bbox 1146 5170 1272 5223; x_wconf 90' lang='lat' dir='ltr'><strong>inita</strong></span> <span class='ocrx_word' id='word_1_331' title='bbox 1327 5166 1726 5223; x_wconf 83' lang='lat' dir='ltr'><strong>successoribus</strong></span> <span class='ocrx_word' id='word_1_332' title='bbox 1774 5182 1961 5222; x_wconf 82' lang='lat' dir='ltr'><strong>eorum</strong></span> <span class='ocrx_word' id='word_1_333' title='bbox 2010 5168 2161 5223; x_wconf 89' lang='lat' dir='ltr'><strong>velut</strong></span> 
     </span>
    </p>
   </div>
   <div class='ocr_carea' id='block_1_56' title="bbox 583 5260 2161 5332">
    <p class='ocr_par' dir='ltr' id='par_1_56' title="bbox 583 5260 2161 5332">
     <span class='ocr_line' id='line_1_56' title="bbox 583 5260 2161 5332; baseline -0.003 -13"><span class='ocrx_word' id='word_1_334' title='bbox 583 5264 927 5319; x_wconf 64' lang='lat' dir='ltr'><strong>hareilitario</strong></span> <span class='ocrx_word' id='word_1_335' title='bbox 966 5262 1085 5332; x_wconf 84' lang='lat' dir='ltr'><strong>jure</strong></span> <span class='ocrx_word' id='word_1_336' title='bbox 1110 5260 1371 5331; x_wconf 79' lang='lat' dir='ltr'><strong>proﬁciat.</strong></span> <span class='ocrx_word' id='word_1_337' title='bbox 1402 5261 1518 5328; x_wconf 78' lang='lat' dir='ltr'><strong>Quo</strong></span> <span class='ocrx_word' id='word_1_338' title='bbox 1541 5261 1757 5316; x_wconf 88' lang='lat' dir='ltr'><strong>nomine</strong></span> <span class='ocrx_word' id='word_1_339' title='bbox 1784 5260 1972 5329; x_wconf 88' lang='lat' dir='ltr'><strong>optimi</strong></span> <span class='ocrx_word' id='word_1_340' title='bbox 1998 5274 2161 5331; x_wconf 86' lang='lat' dir='ltr'><strong>quon-</strong></span> 
     </span>
    </p>
   </div>
   <div class='ocr_carea' id='block_1_57' title="bbox 580 5352 2160 5423">
    <p class='ocr_par' dir='ltr' id='par_1_57' title="bbox 580 5352 2160 5423">
     <span class='ocr_line' id='line_1_57' title="bbox 580 5352 2160 5423; baseline -0.001 -14"><span class='ocrx_word' id='word_1_341' title='bbox 580 5359 700 5409; x_wconf 86' lang='lat' dir='ltr'><strong>dam</strong></span> <span class='ocrx_word' id='word_1_342' title='bbox 740 5358 836 5409; x_wconf 66' lang='lat' dir='ltr'><strong>viri</strong></span> <span class='ocrx_word' id='word_1_343' title='bbox 864 5353 1107 5423; x_wconf 73' lang='lat' dir='ltr'><strong>Gregorii</strong></span> <span class='ocrx_word' id='word_1_344' title='bbox 1140 5353 1303 5407; x_wconf 88' lang='lat' dir='ltr'><strong>filium</strong></span> <span class='ocrx_word' id='word_1_345' title='bbox 1333 5353 1657 5422; x_wconf 88' lang='lat' dir='ltr'><strong>diligendum</strong></span> <span class='ocrx_word' id='word_1_346' title='bbox 1691 5352 1889 5422; x_wconf 89' lang='lat' dir='ltr'><strong>pariter</strong></span> <span class='ocrx_word' id='word_1_347' title='bbox 1918 5366 1979 5408; x_wconf 82' lang='lat' dir='ltr'><strong>ac</strong></span> <span class='ocrx_word' id='word_1_348' title='bbox 2009 5362 2160 5408; x_wconf 85' lang='lat' dir='ltr'><strong>tuen-</strong></span> 
     </span>
    </p>
   </div>
   <div class='ocr_carea' id='block_1_58' title="bbox 578 5444 2158 5516">
    <p class='ocr_par' dir='ltr' id='par_1_58' title="bbox 578 5444 2158 5516">
     <span class='ocr_line' id='line_1_58' title="bbox 578 5444 2158 5516; baseline -0.001 -14"><span class='ocrx_word' id='word_1_349' title='bbox 578 5450 705 5502; x_wconf 88' lang='lat' dir='ltr'><strong>dum</strong></span> <span class='ocrx_word' id='word_1_350' title='bbox 740 5447 935 5516; x_wconf 55' lang='lat' dir='ltr'><strong>ri-eepi.</strong></span> <span class='ocrx_word' id='word_1_351' title='bbox 990 5444 1108 5500; x_wconf 86' lang='lat' dir='ltr'><strong>Fuit</strong></span> <span class='ocrx_word' id='word_1_352' title='bbox 1146 5446 1287 5499; x_wconf 77' lang='lat' dir='ltr'><strong>enim</strong></span> <span class='ocrx_word' id='word_1_353' title='bbox 1320 5445 1446 5499; x_wconf 86' lang='lat' dir='ltr'><strong>mihi</strong></span> <span class='ocrx_word' id='word_1_354' title='bbox 1478 5462 1596 5500; x_wconf 87' lang='lat' dir='ltr'><strong>cum</strong></span> <span class='ocrx_word' id='word_1_355' title='bbox 1636 5456 1783 5515; x_wconf 87' lang='lat' dir='ltr'><strong>patre</strong></span> <span class='ocrx_word' id='word_1_356' title='bbox 1825 5446 1943 5515; x_wconf 83' lang='lat' dir='ltr'><strong>ejus</strong></span> <span class='ocrx_word' id='word_1_357' title='bbox 1996 5445 2158 5501; x_wconf 87' lang='lat' dir='ltr'><strong>fidum</strong></span> 
     </span>
    </p>
   </div>
   <div class='ocr_carea' id='block_1_59' title="bbox 580 5536 2166 5608">
    <p class='ocr_par' dir='ltr' id='par_1_59' title="bbox 580 5536 2166 5608">
     <span class='ocr_line' id='line_1_59' title="bbox 580 5536 2166 5608; baseline -0.001 -15"><span class='ocrx_word' id='word_1_358' title='bbox 580 5540 754 5593; x_wconf 72' lang='lat' dir='ltr'><strong>fmdus</strong></span> <span class='ocrx_word' id='word_1_359' title='bbox 784 5540 1116 5602; x_wconf 83' lang='lat' dir='ltr'><strong>animorum;</strong></span> <span class='ocrx_word' id='word_1_360' title='bbox 1146 5537 1236 5591; x_wconf 83' lang='lat' dir='ltr'><strong>sed</strong></span> <span class='ocrx_word' id='word_1_361' title='bbox 1280 5538 1551 5608; x_wconf 76' lang='lat' dir='ltr'><strong>religionis</strong></span> <span class='ocrx_word' id='word_1_362' title='bbox 1577 5536 1815 5593; x_wconf 85' lang='lat' dir='ltr'><strong>debitum</strong></span> <span class='ocrx_word' id='word_1_363' title='bbox 1845 5548 2014 5593; x_wconf 87' lang='lat' dir='ltr'><strong>tecum</strong></span> <span class='ocrx_word' id='word_1_364' title='bbox 2038 5547 2166 5607; x_wconf 87' lang='lat' dir='ltr'><strong>opto</strong></span> 
     </span>
    </p>
   </div>
   <div class='ocr_carea' id='block_1_60' title="bbox 585 5631 2163 5703">
    <p class='ocr_par' dir='ltr' id='par_1_60' title="bbox 585 5631 2163 5703">
     <span class='ocr_line' id='line_1_60' title="bbox 585 5631 2163 5703; baseline 0.001 -20"><span class='ocrx_word' id='word_1_365' title='bbox 585 5634 789 5703; x_wconf 74' lang='lat' dir='ltr'><strong>partiti.</strong></span> <span class='ocrx_word' id='word_1_366' title='bbox 814 5634 1153 5701; x_wconf 81' lang='lat' dir='ltr'><strong>Quapropter</strong></span> <span class='ocrx_word' id='word_1_367' title='bbox 1176 5646 1357 5701; x_wconf 76' lang='lat' dir='ltr'><strong>qumso</strong></span> <span class='ocrx_word' id='word_1_368' title='bbox 1407 5640 1461 5686; x_wconf 87' lang='lat' dir='ltr'><strong>ut</strong></span> <span class='ocrx_word' id='word_1_369' title='bbox 1488 5646 1666 5687; x_wconf 85' lang='lat' dir='ltr'><strong>curam</strong></span> <span class='ocrx_word' id='word_1_370' title='bbox 1699 5647 1870 5686; x_wconf 88' lang='lat' dir='ltr'><strong>nteam</strong></span> <span class='ocrx_word' id='word_1_371' title='bbox 1899 5648 1993 5701; x_wconf 90' lang='lat' dir='ltr'><strong>pro</strong></span> <span class='ocrx_word' id='word_1_372' title='bbox 2017 5648 2081 5686; x_wconf 88' lang='lat' dir='ltr'><strong>eo</strong></span> <span class='ocrx_word' id='word_1_373' title='bbox 2111 5631 2163 5686; x_wconf 90' lang='lat' dir='ltr'><strong>in</strong></span> 
     </span>
    </p>
   </div>
   <div class='ocr_carea' id='block_1_61' title="bbox 584 5724 2161 5795">
    <p class='ocr_par' dir='ltr' id='par_1_61' title="bbox 584 5724 2161 5795">
     <span class='ocr_line' id='line_1_61' title="bbox 584 5724 2161 5795; baseline -0.001 -15"><span class='ocrx_word' id='word_1_374' title='bbox 584 5726 668 5780; x_wconf 86' lang='lat' dir='ltr'><strong>his</strong></span> <span class='ocrx_word' id='word_1_375' title='bbox 703 5741 824 5795; x_wconf 65' lang='lat' dir='ltr'><strong>qua:</strong></span> <span class='ocrx_word' id='word_1_376' title='bbox 864 5742 989 5780; x_wconf 87' lang='lat' dir='ltr'><strong>usus</strong></span> <span class='ocrx_word' id='word_1_377' title='bbox 1031 5728 1337 5795; x_wconf 78' lang='lat' dir='ltr'><strong>peposcerit</strong></span> <span class='ocrx_word' id='word_1_378' title='bbox 1377 5728 1707 5795; x_wconf 65' lang='lat' dir='ltr'><strong>essequaris.</strong></span> <span class='ocrx_word' id='word_1_379' title='bbox 1772 5724 1913 5781; x_wconf 86' lang='lat' dir='ltr'><strong>Inter</strong></span> <span class='ocrx_word' id='word_1_380' title='bbox 1969 5738 2161 5781; x_wconf 77' lang='lat' dir='ltr'><strong>cretera</strong></span> 
     </span>
    </p>
   </div>
   <div class='ocr_carea' id='block_1_62' title="bbox 584 5820 2160 5896">
    <p class='ocr_par' dir='ltr' id='par_1_62' title="bbox 584 5820 2160 5896">
     <span class='ocr_line' id='line_1_62' title="bbox 584 5820 2160 5896; baseline 0.001 -22"><span class='ocrx_word' id='word_1_381' title='bbox 584 5828 761 5874; x_wconf 76' lang='lat' dir='ltr'><strong>autem</strong></span> <span class='ocrx_word' id='word_1_382' title='bbox 788 5828 904 5873; x_wconf 72' lang='lat' dir='ltr'><strong>\&#39;0I3</strong></span> <span class='ocrx_word' id='word_1_383' title='bbox 927 5822 1139 5889; x_wconf 79' lang='lat' dir='ltr'><strong>juvenis</strong></span> <span class='ocrx_word' id='word_1_384' title='bbox 1164 5820 1489 5891; x_wconf 70' lang='lat' dir='ltr'><strong>prmcipuunt</strong></span> <span class='ocrx_word' id='word_1_385' title='bbox 1515 5820 1750 5876; x_wconf 78' lang='lat' dir='ltr'><strong>liberalis</strong></span> <span class='ocrx_word' id='word_1_386' title='bbox 1769 5823 1929 5877; x_wconf 84' lang='lat' dir='ltr'><strong>animi</strong></span> <span class='ocrx_word' id='word_1_387' title='bbox 1955 5827 2160 5896; x_wconf 72' lang='lat' dir='ltr'><strong>signum</strong></span> 
     </span>
    </p>
   </div>
   <div class='ocr_carea' id='block_1_63' title="bbox 2251 550 3839 623">
    <p class='ocr_par' dir='ltr' id='par_1_63' title="bbox 2251 550 3839 623">
     <span class='ocr_line' id='line_1_63' title="bbox 2251 550 3839 623; baseline 0.001 -16"><span class='ocrx_word' id='word_1_388' title='bbox 2251 555 2447 607; x_wconf 87' lang='lat' dir='ltr'><strong>cedere</strong></span> <span class='ocrx_word' id='word_1_389' title='bbox 2471 569 2486 607; x_wconf 87' lang='lat'><strong>:</strong></span> <span class='ocrx_word' id='word_1_390' title='bbox 2509 553 2597 607; x_wconf 92' lang='lat' dir='ltr'><strong>cui</strong></span> <span class='ocrx_word' id='word_1_391' title='bbox 2626 553 2715 619; x_wconf 88' lang='lat' dir='ltr'><strong>(ut</strong></span> <span class='ocrx_word' id='word_1_392' title='bbox 2739 552 2930 623; x_wconf 87' lang='lat' dir='ltr'><strong>spero)</strong></span> <span class='ocrx_word' id='word_1_393' title='bbox 2951 560 3005 607; x_wconf 90' lang='lat' dir='ltr'><strong>et</strong></span> <span class='ocrx_word' id='word_1_394' title='bbox 3033 551 3398 623; x_wconf 80' lang='lat' dir='ltr'><strong>magisterium</strong></span> <span class='ocrx_word' id='word_1_395' title='bbox 3425 550 3712 621; x_wconf 81' lang='lat' dir='ltr'><strong>splendore</strong></span> <span class='ocrx_word' id='word_1_396' title='bbox 3749 551 3839 608; x_wconf 82' lang='lat' dir='ltr'><strong>di-</strong></span> 
     </span>
    </p>
   </div>
   <div class='ocr_carea' id='block_1_64' title="bbox 2248 643 3837 721">
    <p class='ocr_par' dir='ltr' id='par_1_64' title="bbox 2248 643 3837 721">
     <span class='ocr_line' id='line_1_64' title="bbox 2248 643 3837 721; baseline -0.001 -16"><span class='ocrx_word' id='word_1_397' title='bbox 2248 648 2426 715; x_wconf 85' lang='lat' dir='ltr'><strong>cendi,</strong></span> <span class='ocrx_word' id='word_1_398' title='bbox 2452 658 2505 704; x_wconf 91' lang='lat' dir='ltr'><strong>et</strong></span> <span class='ocrx_word' id='word_1_399' title='bbox 2530 648 2843 721; x_wconf 77' lang='lat' dir='ltr'><strong>suﬂ‘ragium</strong></span> <span class='ocrx_word' id='word_1_400' title='bbox 2866 650 3064 706; x_wconf 88' lang='lat' dir='ltr'><strong>mentis</strong></span> <span class='ocrx_word' id='word_1_401' title='bbox 3078 650 3325 707; x_wconf 87' lang='lat' dir='ltr'><strong>bonitate</strong></span> <span class='ocrx_word' id='word_1_402' title='bbox 3351 647 3651 721; x_wconf 71' lang='lat' dir='ltr'><strong>pmsubls.</strong></span> <span class='ocrx_word' id='word_1_403' title='bbox 3681 643 3837 703; x_wconf 88' lang='lat' dir='ltr'><strong>Vale.</strong></span> 
     </span>
    </p>
   </div>
   <div class='ocr_carea' id='block_1_65' title="bbox 2767 764 3319 825">
    <p class='ocr_par' dir='ltr' id='par_1_65' title="bbox 2767 764 3319 825">
     <span class='ocr_line' id='line_1_65' title="bbox 2767 764 3319 825; baseline 0.009 -6"><span class='ocrx_word' id='word_1_404' title='bbox 2767 764 2983 823; x_wconf 80' lang='lat' dir='ltr'><strong>EPIST.</strong></span> <span class='ocrx_word' id='word_1_405' title='bbox 3026 764 3319 825; x_wconf 78' lang='lat' dir='ltr'><strong>LXXXIX.</strong></span> 
     </span>
    </p>
   </div>
   <div class='ocr_carea' id='block_1_66' title="bbox 2732 872 3345 914">
    <p class='ocr_par' dir='ltr' id='par_1_66' title="bbox 2732 872 3345 914">
     <span class='ocr_line' id='line_1_66' title="bbox 2732 872 3345 914; baseline 0.003 -3"><span class='ocrx_word' id='word_1_406' title='bbox 2732 872 3045 914; x_wconf 68' lang='grc' dir='ltr'><strong>δυωωιιυε</strong></span> <span class='ocrx_word' id='word_1_407' title='bbox 3074 872 3345 914; x_wconf 52' lang='lat' dir='ltr'><strong>MESSALA.</strong></span> 
     </span>
    </p>
   </div>
   <div class='ocr_carea' id='block_1_67' title="bbox 2316 944 3839 1016">
    <p class='ocr_par' dir='ltr' id='par_1_67' title="bbox 2316 944 3839 1016">
     <span class='ocr_line' id='line_1_67' title="bbox 2316 944 3839 1016; baseline -0.001 -13"><span class='ocrx_word' id='word_1_408' title='bbox 2316 944 2636 1003; x_wconf 78' lang='lat' dir='ltr'><strong>Iamdudum</strong></span> <span class='ocrx_word' id='word_1_409' title='bbox 2670 945 2872 1003; x_wconf 88' lang='lat' dir='ltr'><strong>litteras</strong></span> <span class='ocrx_word' id='word_1_410' title='bbox 2892 962 3041 1005; x_wconf 87' lang='lat' dir='ltr'><strong>meas</strong></span> <span class='ocrx_word' id='word_1_411' title='bbox 3075 949 3130 1004; x_wconf 92' lang='lat' dir='ltr'><strong>in</strong></span> <span class='ocrx_word' id='word_1_412' title='bbox 3166 962 3358 1004; x_wconf 87' lang='lat' dir='ltr'><strong>manus</strong></span> <span class='ocrx_word' id='word_1_413' title='bbox 3380 956 3500 1004; x_wconf 86' lang='lat' dir='ltr'><strong>tuas</strong></span> <span class='ocrx_word' id='word_1_414' title='bbox 3517 944 3684 1002; x_wconf 85' lang='lat' dir='ltr'><strong>credo</strong></span> <span class='ocrx_word' id='word_1_415' title='bbox 3709 958 3839 1016; x_wconf 82' lang='lat' dir='ltr'><strong>per-</strong></span> 
     </span>
    </p>
   </div>
   <div class='ocr_carea' id='block_1_68' title="bbox 2246 1037 3836 1111">
    <p class='ocr_par' dir='ltr' id='par_1_68' title="bbox 2246 1037 3836 1111">
     <span class='ocr_line' id='line_1_68' title="bbox 2246 1037 3836 1111; baseline -0.001 -17"><span class='ocrx_word' id='word_1_416' title='bbox 2246 1038 2385 1094; x_wconf 90' lang='lat' dir='ltr'><strong>latas</strong></span> <span class='ocrx_word' id='word_1_417' title='bbox 2406 1038 2601 1108; x_wconf 87' lang='lat' dir='ltr'><strong>quibus</strong></span> <span class='ocrx_word' id='word_1_418' title='bbox 2644 1038 2870 1110; x_wconf 85' lang='lat' dir='ltr'><strong>allegavi</strong></span> <span class='ocrx_word' id='word_1_419' title='bbox 2909 1040 3051 1110; x_wconf 86' lang='lat' dir='ltr'><strong>quod</strong></span> <span class='ocrx_word' id='word_1_420' title='bbox 3076 1039 3296 1111; x_wconf 74' lang='lat' dir='ltr'><strong>iudiciis</strong></span> <span class='ocrx_word' id='word_1_421' title='bbox 3340 1037 3694 1111; x_wconf 85' lang='lat' dir='ltr'><strong>approbatum</strong></span> <span class='ocrx_word' id='word_1_422' title='bbox 3721 1044 3836 1101; x_wconf 86' lang='lat' dir='ltr'><strong>est.</strong></span> 
     </span>
    </p>
   </div>
   <div class='ocr_carea' id='block_1_69' title="bbox 2246 1129 3838 1205">
    <p class='ocr_par' dir='ltr' id='par_1_69' title="bbox 2246 1129 3838 1205">
     <span class='ocr_line' id='line_1_69' title="bbox 2246 1129 3838 1205; baseline -0.003 -16"><span class='ocrx_word' id='word_1_423' title='bbox 2246 1133 2479 1189; x_wconf 88' lang='lat' dir='ltr'><strong>amicum</strong></span> <span class='ocrx_word' id='word_1_424' title='bbox 2507 1145 2685 1187; x_wconf 88' lang='lat' dir='ltr'><strong>meum</strong></span> <span class='ocrx_word' id='word_1_425' title='bbox 2705 1131 3034 1201; x_wconf 74' lang='lat' dir='ltr'><strong>Iucundum,</strong></span> <span class='ocrx_word' id='word_1_426' title='bbox 3047 1146 3351 1205; x_wconf 89' lang='lat' dir='ltr'><strong>quanquam</strong></span> <span class='ocrx_word' id='word_1_427' title='bbox 3370 1129 3724 1187; x_wconf 79' lang='lat' dir='ltr'><strong>toiexamlnis</strong></span> <span class='ocrx_word' id='word_1_428' title='bbox 3743 1141 3838 1185; x_wconf 77' lang='lat' dir='ltr'><strong>cu-</strong></span> 
     </span>
    </p>
   </div>
   <div class='ocr_carea' id='block_1_70' title="bbox 2246 1218 3837 1298">
    <p class='ocr_par' dir='ltr' id='par_1_70' title="bbox 2246 1218 3837 1298">
     <span class='ocr_line' id='line_1_70' title="bbox 2246 1218 3837 1298; baseline -0.004 -17"><span class='ocrx_word' id='word_1_429' title='bbox 2246 1225 2454 1298; x_wconf 88' lang='lat' dir='ltr'><strong>pidum,</strong></span> <span class='ocrx_word' id='word_1_430' title='bbox 2480 1239 2577 1293; x_wconf 89' lang='lat' dir='ltr'><strong>per</strong></span> <span class='ocrx_word' id='word_1_431' title='bbox 2594 1224 2955 1282; x_wconf 80' lang='lat' dir='ltr'><strong>valetudinem</strong></span> <span class='ocrx_word' id='word_1_432' title='bbox 3000 1239 3106 1280; x_wconf 91' lang='lat' dir='ltr'><strong>non</strong></span> <span class='ocrx_word' id='word_1_433' title='bbox 3132 1237 3295 1296; x_wconf 82' lang='lat' dir='ltr'><strong>posse</strong></span> <span class='ocrx_word' id='word_1_434' title='bbox 3334 1220 3627 1295; x_wconf 85' lang='lat' dir='ltr'><strong>proficisci.</strong></span> <span class='ocrx_word' id='word_1_435' title='bbox 3665 1218 3837 1290; x_wconf 72' lang='lat' dir='ltr'><strong>liuius</strong></span> 
     </span>
    </p>
   </div>
   <div class='ocr_carea' id='block_1_71' title="bbox 2249 1317 3834 1388">
    <p class='ocr_par' dir='ltr' id='par_1_71' title="bbox 2249 1317 3834 1388">
     <span class='ocr_line' id='line_1_71' title="bbox 2249 1317 3834 1388; baseline -0.002 -13"><span class='ocrx_word' id='word_1_436' title='bbox 2249 1320 2303 1375; x_wconf 93' lang='lat' dir='ltr'><strong>in</strong></span> <span class='ocrx_word' id='word_1_437' title='bbox 2332 1318 2450 1375; x_wconf 91' lang='lat' dir='ltr'><strong>dies</strong></span> <span class='ocrx_word' id='word_1_438' title='bbox 2477 1318 2703 1374; x_wconf 88' lang='lat' dir='ltr'><strong>morbus</strong></span> <span class='ocrx_word' id='word_1_439' title='bbox 2732 1318 3009 1388; x_wconf 89' lang='lat' dir='ltr'><strong>augescit:</strong></span> <span class='ocrx_word' id='word_1_440' title='bbox 3032 1325 3088 1374; x_wconf 91' lang='lat' dir='ltr'><strong>et</strong></span> <span class='ocrx_word' id='word_1_441' title='bbox 3110 1319 3231 1374; x_wconf 89' lang='lat' dir='ltr'><strong>ideo</strong></span> <span class='ocrx_word' id='word_1_442' title='bbox 3276 1326 3462 1388; x_wconf 87' lang='lat' dir='ltr'><strong>repeto</strong></span> <span class='ocrx_word' id='word_1_443' title='bbox 3488 1317 3834 1387; x_wconf 79' lang='lat' dir='ltr'><strong>postulatum.</strong></span> 
     </span>
    </p>
   </div>
   <div class='ocr_carea' id='block_1_72' title="bbox 2246 1405 3836 1479">
    <p class='ocr_par' dir='ltr' id='par_1_72' title="bbox 2246 1405 3836 1479">
     <span class='ocr_line' id='line_1_72' title="bbox 2246 1405 3836 1479; baseline -0.004 -11"><span class='ocrx_word' id='word_1_444' title='bbox 2246 1426 2319 1468; x_wconf 90' lang='lat' dir='ltr'><strong>ne</strong></span> <span class='ocrx_word' id='word_1_445' title='bbox 2347 1410 2551 1466; x_wconf 89' lang='lat' dir='ltr'><strong>incidat</strong></span> <span class='ocrx_word' id='word_1_446' title='bbox 2590 1408 2846 1465; x_wconf 78' lang='lat' dir='ltr'><strong>invidiam</strong></span> <span class='ocrx_word' id='word_1_447' title='bbox 2876 1410 3258 1475; x_wconf 67' lang='lat' dir='ltr'><strong>contumaciae,</strong></span> <span class='ocrx_word' id='word_1_448' title='bbox 3304 1405 3395 1479; x_wconf 89' lang='lat' dir='ltr'><strong>qui</strong></span> <span class='ocrx_word' id='word_1_449' title='bbox 3435 1405 3836 1463; x_wconf 81' lang='lat' dir='ltr'><strong>miserationem</strong></span> 
     </span>
    </p>
   </div>
   <div class='ocr_carea' id='block_1_73' title="bbox 2247 1499 3839 1571">
    <p class='ocr_par' dir='ltr' id='par_1_73' title="bbox 2247 1499 3839 1571">
     <span class='ocr_line' id='line_1_73' title="bbox 2247 1499 3839 1571; baseline -0.004 -13"><span class='ocrx_word' id='word_1_450' title='bbox 2247 1510 2507 1559; x_wconf 89' lang='lat' dir='ltr'><strong>meretur.</strong></span> <span class='ocrx_word' id='word_1_451' title='bbox 2539 1501 2605 1557; x_wconf 80' lang='lat' dir='ltr'><strong>Et</strong></span> <span class='ocrx_word' id='word_1_452' title='bbox 2633 1515 2766 1557; x_wconf 86' lang='lat' dir='ltr'><strong>sane</strong></span> <span class='ocrx_word' id='word_1_453' title='bbox 2787 1500 2931 1557; x_wconf 86' lang='lat' dir='ltr'><strong>civili</strong></span> <span class='ocrx_word' id='word_1_454' title='bbox 2951 1515 3131 1557; x_wconf 66' lang='lat' dir='ltr'><strong>causa</strong></span> <span class='ocrx_word' id='word_1_455' title='bbox 3162 1500 3293 1556; x_wconf 88' lang='lat' dir='ltr'><strong>nihil</strong></span> <span class='ocrx_word' id='word_1_456' title='bbox 3314 1499 3566 1571; x_wconf 87' lang='lat' dir='ltr'><strong>deeerpet</strong></span> <span class='ocrx_word' id='word_1_457' title='bbox 3592 1499 3839 1555; x_wconf 81' lang='lat' dir='ltr'><strong>humani-</strong></span> 
     </span>
    </p>
   </div>
   <div class='ocr_carea' id='block_1_74' title="bbox 2250 1589 3832 1661">
    <p class='ocr_par' dir='ltr' id='par_1_74' title="bbox 2250 1589 3832 1661">
     <span class='ocr_line' id='line_1_74' title="bbox 2250 1589 3832 1661; baseline -0.004 -12"><span class='ocrx_word' id='word_1_458' title='bbox 2250 1602 2351 1661; x_wconf 88' lang='lat' dir='ltr'><strong>tas,</strong></span> <span class='ocrx_word' id='word_1_459' title='bbox 2394 1594 2441 1649; x_wconf 84' lang='lat' dir='ltr'><strong>si</strong></span> <span class='ocrx_word' id='word_1_460' title='bbox 2489 1591 2558 1647; x_wconf 91' lang='lat' dir='ltr'><strong>ad</strong></span> <span class='ocrx_word' id='word_1_461' title='bbox 2605 1590 2878 1647; x_wconf 87' lang='lat' dir='ltr'><strong>Vicarium</strong></span> <span class='ocrx_word' id='word_1_462' title='bbox 2912 1600 3153 1648; x_wconf 88' lang='lat' dir='ltr'><strong>vestrum</strong></span> <span class='ocrx_word' id='word_1_463' title='bbox 3194 1589 3546 1646; x_wconf 89' lang='lat' dir='ltr'><strong>transferatur</strong></span> <span class='ocrx_word' id='word_1_464' title='bbox 3582 1601 3832 1646; x_wconf 81' lang='lat' dir='ltr'><strong>examen.</strong></span> 
     </span>
    </p>
   </div>
   <div class='ocr_carea' id='block_1_75' title="bbox 2248 1680 3834 1754">
    <p class='ocr_par' dir='ltr' id='par_1_75' title="bbox 2248 1680 3834 1754">
     <span class='ocr_line' id='line_1_75' title="bbox 2248 1680 3834 1754; baseline -0.003 -12"><span class='ocrx_word' id='word_1_465' title='bbox 2248 1685 2383 1742; x_wconf 81' lang='lat' dir='ltr'><strong>Nam</strong></span> <span class='ocrx_word' id='word_1_466' title='bbox 2414 1685 2615 1751; x_wconf 86' lang='lat' dir='ltr'><strong>pariter</strong></span> <span class='ocrx_word' id='word_1_467' title='bbox 2636 1692 2690 1739; x_wconf 89' lang='lat' dir='ltr'><strong>et</strong></span> <span class='ocrx_word' id='word_1_468' title='bbox 2719 1682 2985 1739; x_wconf 87' lang='lat' dir='ltr'><strong>laboranti</strong></span> <span class='ocrx_word' id='word_1_469' title='bbox 3012 1682 3327 1740; x_wconf 84' lang='lat' dir='ltr'><strong>detrahetur</strong></span> <span class='ocrx_word' id='word_1_470' title='bbox 3354 1680 3571 1754; x_wconf 82' lang='lat' dir='ltr'><strong>injuria,</strong></span> <span class='ocrx_word' id='word_1_471' title='bbox 3590 1689 3649 1738; x_wconf 84' lang='lat' dir='ltr'><strong>et</strong></span> <span class='ocrx_word' id='word_1_472' title='bbox 3672 1693 3834 1752; x_wconf 83' lang='lat' dir='ltr'><strong>uego-</strong></span> 
     </span>
    </p>
   </div>
   <div class='ocr_carea' id='block_1_76' title="bbox 2252 1773 3559 1835">
    <p class='ocr_par' dir='ltr' id='par_1_76' title="bbox 2252 1773 3559 1835">
     <span class='ocr_line' id='line_1_76' title="bbox 2252 1773 3559 1835; baseline -0.006 0"><span class='ocrx_word' id='word_1_473' title='bbox 2252 1778 2329 1835; x_wconf 92' lang='lat' dir='ltr'><strong>tio</strong></span> <span class='ocrx_word' id='word_1_474' title='bbox 2356 1777 2478 1834; x_wconf 86' lang='lat' dir='ltr'><strong>linis</strong></span> <span class='ocrx_word' id='word_1_475' title='bbox 2502 1775 2717 1833; x_wconf 80' lang='lat' dir='ltr'><strong>debitus</strong></span> <span class='ocrx_word' id='word_1_476' title='bbox 2738 1776 2971 1833; x_wconf 78' lang='lat' dir='ltr'><strong>eveniet.</strong></span> <span class='ocrx_word' id='word_1_477' title='bbox 3002 1773 3152 1830; x_wconf 85' lang='lat' dir='ltr'><strong>Vale.</strong></span> <span class='ocrx_word' id='word_1_478' title='bbox 3553 1798 3559 1805; x_wconf 69' lang='grc' dir='ltr'><strong>ο</strong></span> 
     </span>
    </p>
   </div>
   <div class='ocr_carea' id='block_1_77' title="bbox 2850 1864 3225 1924">
    <p class='ocr_par' dir='ltr' id='par_1_77' title="bbox 2850 1864 3225 1924">
     <span class='ocr_line' id='line_1_77' title="bbox 2850 1864 3225 1924; baseline -0.003 -1"><span class='ocrx_word' id='word_1_479' title='bbox 2850 1865 3069 1923; x_wconf 80' lang='lat' dir='ltr'><strong>EPIST.</strong></span> <span class='ocrx_word' id='word_1_480' title='bbox 3109 1864 3225 1924; x_wconf 84' lang='lat' dir='ltr'><strong>XC.</strong></span> 
     </span>
    </p>
   </div>
   <div class='ocr_carea' id='block_1_78' title="bbox 2737 1973 3353 2019">
    <p class='ocr_par' dir='ltr' id='par_1_78' title="bbox 2737 1973 3353 2019">
     <span class='ocr_line' id='line_1_78' title="bbox 2737 1973 3353 2019; baseline -0.003 0"><span class='ocrx_word' id='word_1_481' title='bbox 2737 1976 3046 2019; x_wconf 73' lang='grc' dir='ltr'><strong>εῖκιηωιυει</strong></span> <span class='ocrx_word' id='word_1_482' title='bbox 3083 1973 3353 2017; x_wconf 63' lang='grc' dir='ltr'><strong>ιιεειιε.</strong></span> 
     </span>
    </p>
   </div>
   <div class='ocr_carea' id='block_1_79' title="bbox 2320 2053 3837 2121">
    <p class='ocr_par' dir='ltr' id='par_1_79' title="bbox 2320 2053 3837 2121">
     <span class='ocr_line' id='line_1_79' title="bbox 2320 2053 3837 2121; baseline -0.005 -9"><span class='ocrx_word' id='word_1_483' title='bbox 2320 2054 2576 2112; x_wconf 77' lang='lat' dir='ltr'><strong>Probavit</strong></span> <span class='ocrx_word' id='word_1_484' title='bbox 2603 2053 2826 2111; x_wconf 82' lang='lat' dir='ltr'><strong>effectus</strong></span> <span class='ocrx_word' id='word_1_485' title='bbox 2852 2068 2958 2109; x_wconf 88' lang='lat' dir='ltr'><strong>non</strong></span> <span class='ocrx_word' id='word_1_486' title='bbox 2982 2054 3255 2109; x_wconf 88' lang='lat' dir='ltr'><strong>immerito</strong></span> <span class='ocrx_word' id='word_1_487' title='bbox 3283 2067 3311 2105; x_wconf 88' lang='lat' dir='ltr'><strong>a</strong></span> <span class='ocrx_word' id='word_1_488' title='bbox 3335 2066 3422 2109; x_wconf 91' lang='lat' dir='ltr'><strong>me</strong></span> <span class='ocrx_word' id='word_1_489' title='bbox 3449 2059 3686 2121; x_wconf 85' lang='lat' dir='ltr'><strong>sperata,</strong></span> <span class='ocrx_word' id='word_1_490' title='bbox 3712 2062 3837 2120; x_wconf 71' lang='lat' dir='ltr'><strong>qua:</strong></span> 
     </span>
    </p>
   </div>
   <div class='ocr_carea' id='block_1_80' title="bbox 2246 2143 3837 2222">
    <p class='ocr_par' dir='ltr' id='par_1_80' title="bbox 2246 2143 3837 2222">
     <span class='ocr_line' id='line_1_80' title="bbox 2246 2143 3837 2222; baseline -0.006 -17"><span class='ocrx_word' id='word_1_491' title='bbox 2246 2161 2508 2222; x_wconf 70' lang='lat' dir='ltr'><strong>pra-stare</strong></span> <span class='ocrx_word' id='word_1_492' title='bbox 2533 2149 2783 2220; x_wconf 88' lang='lat' dir='ltr'><strong>dignatus</strong></span> <span class='ocrx_word' id='word_1_493' title='bbox 2810 2160 2891 2214; x_wconf 89' lang='lat' dir='ltr'><strong>es,</strong></span> <span class='ocrx_word' id='word_1_494' title='bbox 2923 2146 3201 2216; x_wconf 74' lang='lat' dir='ltr'><strong>magisque</strong></span> <span class='ocrx_word' id='word_1_495' title='bbox 3238 2158 3327 2201; x_wconf 88' lang='lat' dir='ltr'><strong>me</strong></span> <span class='ocrx_word' id='word_1_496' title='bbox 3355 2145 3566 2217; x_wconf 88' lang='lat' dir='ltr'><strong>culpam</strong></span> <span class='ocrx_word' id='word_1_497' title='bbox 3599 2143 3837 2214; x_wconf 46' lang='lat' dir='ltr'><strong>potui.“</strong></span> 
     </span>
    </p>
   </div>
   <div class='ocr_carea' id='block_1_81' title="bbox 2246 2234 3837 2309">
    <p class='ocr_par' dir='ltr' id='par_1_81' title="bbox 2246 2234 3837 2309">
     <span class='ocr_line' id='line_1_81' title="bbox 2246 2234 3837 2309; baseline -0.008 -8"><span class='ocrx_word' id='word_1_498' title='bbox 2246 2242 2596 2308; x_wconf 87' lang='lat' dir='ltr'><strong>contrahere,</strong></span> <span class='ocrx_word' id='word_1_499' title='bbox 2640 2241 2687 2297; x_wconf 90' lang='lat' dir='ltr'><strong>si</strong></span> <span class='ocrx_word' id='word_1_500' title='bbox 2738 2238 2881 2309; x_wconf 89' lang='lat' dir='ltr'><strong>apud</strong></span> <span class='ocrx_word' id='word_1_501' title='bbox 2932 2246 3225 2304; x_wconf 88' lang='lat' dir='ltr'><strong>amantem,</strong></span> <span class='ocrx_word' id='word_1_502' title='bbox 3262 2235 3549 2292; x_wconf 67' lang='lat' dir='ltr'><strong>Pratorias</strong></span> <span class='ocrx_word' id='word_1_503' title='bbox 3602 2234 3837 2307; x_wconf 85' lang='lat' dir='ltr'><strong>pignoris</strong></span> 
     </span>
    </p>
   </div>
   <div class='ocr_carea' id='block_1_82' title="bbox 2248 2327 3839 2402">
    <p class='ocr_par' dir='ltr' id='par_1_82' title="bbox 2248 2327 3839 2402">
     <span class='ocr_line' id='line_1_82' title="bbox 2248 2327 3839 2402; baseline -0.011 -9"><span class='ocrx_word' id='word_1_504' title='bbox 2248 2335 2420 2393; x_wconf 90' lang='lat' dir='ltr'><strong>nostri</strong></span> <span class='ocrx_word' id='word_1_505' title='bbox 2450 2332 2802 2391; x_wconf 86' lang='lat' dir='ltr'><strong>necessitates</strong></span> <span class='ocrx_word' id='word_1_506' title='bbox 2821 2330 3025 2402; x_wconf 87' lang='lat' dir='ltr'><strong>pudore</strong></span> <span class='ocrx_word' id='word_1_507' title='bbox 3046 2330 3357 2386; x_wconf 88' lang='lat' dir='ltr'><strong>tacuissem.</strong></span> <span class='ocrx_word' id='word_1_508' title='bbox 3378 2327 3571 2383; x_wconf 87' lang='lat' dir='ltr'><strong>Ornari</strong></span> <span class='ocrx_word' id='word_1_509' title='bbox 3591 2340 3720 2398; x_wconf 85' lang='lat' dir='ltr'><strong>ergo</strong></span> <span class='ocrx_word' id='word_1_510' title='bbox 3739 2342 3839 2378; x_wconf 71' lang='lat' dir='ltr'><strong>nos</strong></span> 
     </span>
    </p>
   </div>
   <div class='ocr_carea' id='block_1_83' title="bbox 2247 2417 3838 2503">
    <p class='ocr_par' dir='ltr' id='par_1_83' title="bbox 2247 2417 3838 2503">
     <span class='ocr_line' id='line_1_83' title="bbox 2247 2417 3838 2503; baseline -0.011 -18"><span class='ocrx_word' id='word_1_511' title='bbox 2247 2430 2458 2503; x_wconf 88' lang='lat' dir='ltr'><strong>gaudeo</strong></span> <span class='ocrx_word' id='word_1_512' title='bbox 2490 2425 2859 2497; x_wconf 84' lang='lat' dir='ltr'><strong>frequentibus</strong></span> <span class='ocrx_word' id='word_1_513' title='bbox 2892 2423 3094 2480; x_wconf 89' lang='lat' dir='ltr'><strong>amoris</strong></span> <span class='ocrx_word' id='word_1_514' title='bbox 3121 2421 3196 2478; x_wconf 91' lang='lat' dir='ltr'><strong>tui</strong></span> <span class='ocrx_word' id='word_1_515' title='bbox 3229 2420 3548 2478; x_wconf 82' lang='lat' dir='ltr'><strong>testimoniis</strong></span> <span class='ocrx_word' id='word_1_516' title='bbox 3580 2435 3595 2474; x_wconf 86' lang='lat'><strong>:</strong></span> <span class='ocrx_word' id='word_1_517' title='bbox 3631 2427 3689 2477; x_wconf 87' lang='lat' dir='ltr'><strong>et</strong></span> <span class='ocrx_word' id='word_1_518' title='bbox 3711 2417 3838 2472; x_wconf 81' lang='lat' dir='ltr'><strong>volo</strong></span> 
     </span>
    </p>
   </div>
   <div class='ocr_carea' id='block_1_84' title="bbox 2248 2510 3839 2595">
    <p class='ocr_par' dir='ltr' id='par_1_84' title="bbox 2248 2510 3839 2595">
     <span class='ocr_line' id='line_1_84' title="bbox 2248 2510 3839 2595; baseline -0.009 -14"><span class='ocrx_word' id='word_1_519' title='bbox 2248 2538 2458 2595; x_wconf 69' lang='lat' dir='ltr'><strong>apt-res,</strong></span> <span class='ocrx_word' id='word_1_520' title='bbox 2489 2519 2745 2591; x_wconf 85' lang='lat' dir='ltr'><strong>quidquid</strong></span> <span class='ocrx_word' id='word_1_521' title='bbox 2771 2520 2956 2591; x_wconf 63' lang='lat' dir='ltr'><strong>gratia</strong></span> <span class='ocrx_word' id='word_1_522' title='bbox 2990 2516 3158 2574; x_wconf 79' lang='lat' dir='ltr'><strong>editio</strong></span> <span class='ocrx_word' id='word_1_523' title='bbox 3184 2524 3367 2571; x_wconf 86' lang='lat' dir='ltr'><strong>nostra</strong></span> <span class='ocrx_word' id='word_1_524' title='bbox 3409 2511 3740 2583; x_wconf 74' lang='lat' dir='ltr'><strong>qurrsiverit,</strong></span> <span class='ocrx_word' id='word_1_525' title='bbox 3768 2510 3839 2567; x_wconf 75' lang='lat' dir='ltr'><strong>ad</strong></span> 
     </span>
    </p>
   </div>
   <div class='ocr_carea' id='block_1_85' title="bbox 2248 2604 3567 2673">
    <p class='ocr_par' dir='ltr' id='par_1_85' title="bbox 2248 2604 3567 2673">
     <span class='ocr_line' id='line_1_85' title="bbox 2248 2604 3567 2673; baseline -0.005 -1"><span class='ocrx_word' id='word_1_526' title='bbox 2248 2624 2342 2673; x_wconf 87' lang='lat' dir='ltr'><strong>tua</strong></span> <span class='ocrx_word' id='word_1_527' title='bbox 2371 2612 2631 2671; x_wconf 85' lang='lat' dir='ltr'><strong>beneficia</strong></span> <span class='ocrx_word' id='word_1_528' title='bbox 2656 2625 2744 2669; x_wconf 88' lang='lat' dir='ltr'><strong>me</strong></span> <span class='ocrx_word' id='word_1_529' title='bbox 2766 2609 2994 2668; x_wconf 86' lang='lat' dir='ltr'><strong>cedente</strong></span> <span class='ocrx_word' id='word_1_530' title='bbox 3023 2606 3384 2665; x_wconf 89' lang='lat' dir='ltr'><strong>referendum.</strong></span> <span class='ocrx_word' id='word_1_531' title='bbox 3411 2604 3567 2666; x_wconf 80' lang='lat' dir='ltr'><strong>Vale.</strong></span> 
     </span>
    </p>
   </div>
   <div class='ocr_carea' id='block_1_86' title="bbox 2849 2718 3244 2778">
    <p class='ocr_par' dir='ltr' id='par_1_86' title="bbox 2849 2718 3244 2778">
     <span class='ocr_line' id='line_1_86' title="bbox 2849 2718 3244 2778; baseline -0.008 0"><span class='ocrx_word' id='word_1_532' title='bbox 2849 2720 3069 2778; x_wconf 80' lang='lat' dir='ltr'><strong>EPIST.</strong></span> <span class='ocrx_word' id='word_1_533' title='bbox 3108 2718 3244 2775; x_wconf 76' lang='lat' dir='ltr'><strong>XCI.</strong></span> 
     </span>
    </p>
   </div>
   <div class='ocr_carea' id='block_1_87' title="bbox 2738 2826 3351 2874">
    <p class='ocr_par' dir='ltr' id='par_1_87' title="bbox 2738 2826 3351 2874">
     <span class='ocr_line' id='line_1_87' title="bbox 2738 2826 3351 2874; baseline -0.007 0"><span class='ocrx_word' id='word_1_534' title='bbox 2738 2830 3048 2874; x_wconf 67' lang='grc' dir='ltr'><strong>εηηιλοιυε</strong></span> <span class='ocrx_word' id='word_1_535' title='bbox 3077 2826 3351 2870; x_wconf 69' lang='grc' dir='ltr'><strong>κειελιι.</strong></span> 
     </span>
    </p>
   </div>
   <div class='ocr_carea' id='block_1_88' title="bbox 2320 2896 3838 2981">
    <p class='ocr_par' dir='ltr' id='par_1_88' title="bbox 2320 2896 3838 2981">
     <span class='ocr_line' id='line_1_88' title="bbox 2320 2896 3838 2981; baseline -0.008 -13"><span class='ocrx_word' id='word_1_536' title='bbox 2320 2911 2566 2968; x_wconf 74' lang='lat' dir='ltr'><strong>Honores</strong></span> <span class='ocrx_word' id='word_1_537' title='bbox 2582 2906 2801 2981; x_wconf 85' lang='lat' dir='ltr'><strong>quidem</strong></span> <span class='ocrx_word' id='word_1_538' title='bbox 2848 2920 3065 2975; x_wconf 89' lang='lat' dir='ltr'><strong>semper</strong></span> <span class='ocrx_word' id='word_1_539' title='bbox 3091 2905 3216 2960; x_wconf 80' lang='lat' dir='ltr'><strong>vitae</strong></span> <span class='ocrx_word' id='word_1_540' title='bbox 3240 2918 3307 2959; x_wconf 90' lang='lat' dir='ltr'><strong>ac</strong></span> <span class='ocrx_word' id='word_1_541' title='bbox 3335 2896 3631 2959; x_wconf 86' lang='lat' dir='ltr'><strong>litterarum</strong></span> <span class='ocrx_word' id='word_1_542' title='bbox 3651 2898 3838 2972; x_wconf 79' lang='lat' dir='ltr'><strong>spien-</strong></span> 
     </span>
    </p>
   </div>
   <div class='ocr_carea' id='block_1_89' title="bbox 2250 2990 3841 3073">
    <p class='ocr_par' dir='ltr' id='par_1_89' title="bbox 2250 2990 3841 3073">
     <span class='ocr_line' id='line_1_89' title="bbox 2250 2990 3841 3073; baseline -0.008 -12"><span class='ocrx_word' id='word_1_543' title='bbox 2250 3003 2386 3062; x_wconf 88' lang='lat' dir='ltr'><strong>dore</strong></span> <span class='ocrx_word' id='word_1_544' title='bbox 2404 3001 2642 3073; x_wconf 77' lang='lat' dir='ltr'><strong>gessisti.</strong></span> <span class='ocrx_word' id='word_1_545' title='bbox 2669 2999 2773 3055; x_wconf 87' lang='lat' dir='ltr'><strong>Sed</strong></span> <span class='ocrx_word' id='word_1_546' title='bbox 2814 2998 3080 3055; x_wconf 87' lang='lat' dir='ltr'><strong>bonorum</strong></span> <span class='ocrx_word' id='word_1_547' title='bbox 3118 3009 3264 3052; x_wconf 90' lang='lat' dir='ltr'><strong>nunc</strong></span> <span class='ocrx_word' id='word_1_548' title='bbox 3290 2992 3531 3050; x_wconf 84' lang='lat' dir='ltr'><strong>omnium</strong></span> <span class='ocrx_word' id='word_1_549' title='bbox 3556 2990 3841 3065; x_wconf 80' lang='lat' dir='ltr'><strong>gratulatio</strong></span> 
     </span>
    </p>
   </div>
   <div class='ocr_carea' id='block_1_90' title="bbox 2251 3082 3839 3163">
    <p class='ocr_par' dir='ltr' id='par_1_90' title="bbox 2251 3082 3839 3163">
     <span class='ocr_line' id='line_1_90' title="bbox 2251 3082 3839 3163; baseline -0.01 -9"><span class='ocrx_word' id='word_1_550' title='bbox 2251 3106 2359 3161; x_wconf 90' lang='lat' dir='ltr'><strong>est,</strong></span> <span class='ocrx_word' id='word_1_551' title='bbox 2388 3095 2551 3151; x_wconf 88' lang='lat' dir='ltr'><strong>etiam</strong></span> <span class='ocrx_word' id='word_1_552' title='bbox 2589 3091 2863 3163; x_wconf 88' lang='lat' dir='ltr'><strong>publicum</strong></span> <span class='ocrx_word' id='word_1_553' title='bbox 2887 3089 2990 3145; x_wconf 88' lang='lat' dir='ltr'><strong>tibi</strong></span> <span class='ocrx_word' id='word_1_554' title='bbox 3028 3087 3195 3145; x_wconf 90' lang='lat' dir='ltr'><strong>decus</strong></span> <span class='ocrx_word' id='word_1_555' title='bbox 3236 3100 3357 3142; x_wconf 86' lang='lat' dir='ltr'><strong>esse</strong></span> <span class='ocrx_word' id='word_1_556' title='bbox 3394 3085 3651 3141; x_wconf 90' lang='lat' dir='ltr'><strong>delatum.</strong></span> <span class='ocrx_word' id='word_1_557' title='bbox 3695 3082 3839 3153; x_wconf 84' lang='lat' dir='ltr'><strong>Opto</strong></span> 
     </span>
    </p>
   </div>
   <div class='ocr_carea' id='block_1_91' title="bbox 2174 3177 3842 3267">
    <p class='ocr_par' dir='ltr' id='par_1_91' title="bbox 2174 3177 3842 3267">
     <span class='ocr_line' id='line_1_91' title="bbox 2174 3177 3842 3267; baseline -0.008 -23"><span class='ocrx_word' id='word_1_558' title='bbox 2174 3196 2227 3267; x_wconf 74' lang='grc' dir='ltr'>ο</span> <span class='ocrx_word' id='word_1_559' title='bbox 2256 3189 2417 3259; x_wconf 86' lang='lat' dir='ltr'><strong>igitur</strong></span> <span class='ocrx_word' id='word_1_560' title='bbox 2439 3202 2506 3244; x_wconf 80' lang='lat' dir='ltr'><strong>ex</strong></span> <span class='ocrx_word' id='word_1_561' title='bbox 2543 3183 2812 3240; x_wconf 88' lang='lat' dir='ltr'><strong>sententia</strong></span> <span class='ocrx_word' id='word_1_562' title='bbox 2843 3181 3011 3254; x_wconf 90' lang='lat' dir='ltr'><strong>partis</strong></span> <span class='ocrx_word' id='word_1_563' title='bbox 3042 3179 3235 3236; x_wconf 89' lang='lat' dir='ltr'><strong>fruaris</strong></span> <span class='ocrx_word' id='word_1_564' title='bbox 3266 3177 3588 3248; x_wconf 86' lang='lat' dir='ltr'><strong>insignibus,</strong></span> <span class='ocrx_word' id='word_1_565' title='bbox 3620 3186 3676 3235; x_wconf 88' lang='lat' dir='ltr'><strong>ct</strong></span> <span class='ocrx_word' id='word_1_566' title='bbox 3713 3189 3842 3247; x_wconf 57' lang='lat' dir='ltr'><strong>pro.</strong></span> 
     </span>
    </p>
   </div>
   <div class='ocr_carea' id='block_1_92' title="bbox 2253 3266 3843 3345">
    <p class='ocr_par' dir='ltr' id='par_1_92' title="bbox 2253 3266 3843 3345">
     <span class='ocr_line' id='line_1_92' title="bbox 2253 3266 3843 3345; baseline -0.007 -10"><span class='ocrx_word' id='word_1_567' title='bbox 2253 3290 2443 3335; x_wconf 89' lang='lat' dir='ltr'><strong>vectus</strong></span> <span class='ocrx_word' id='word_1_568' title='bbox 2470 3278 2523 3332; x_wconf 91' lang='lat' dir='ltr'><strong>in</strong></span> <span class='ocrx_word' id='word_1_569' title='bbox 2544 3275 2822 3331; x_wconf 90' lang='lat' dir='ltr'><strong>cumulum</strong></span> <span class='ocrx_word' id='word_1_570' title='bbox 2848 3271 3055 3345; x_wconf 76' lang='lat' dir='ltr'><strong>glorizc,</strong></span> <span class='ocrx_word' id='word_1_571' title='bbox 3084 3268 3506 3344; x_wconf 82' lang='lat' dir='ltr'><strong>magnitudinem</strong></span> <span class='ocrx_word' id='word_1_572' title='bbox 3528 3268 3719 3341; x_wconf 71' lang='lat' dir='ltr'><strong>iudicii</strong></span> <span class='ocrx_word' id='word_1_573' title='bbox 3741 3266 3843 3325; x_wconf 85' lang='lat' dir='ltr'><strong>im-</strong></span> 
     </span>
    </p>
   </div>
   <div class='ocr_carea' id='block_1_93' title="bbox 2252 3364 3007 3444">
    <p class='ocr_par' dir='ltr' id='par_1_93' title="bbox 2252 3364 3007 3444">
     <span class='ocr_line' id='line_1_93' title="bbox 2252 3364 3007 3444; baseline -0.012 -16"><span class='ocrx_word' id='word_1_574' title='bbox 2252 3370 2476 3444; x_wconf 85' lang='lat' dir='ltr'><strong>perialis</strong></span> <span class='ocrx_word' id='word_1_575' title='bbox 2502 3369 2827 3440; x_wconf 68' lang='lat' dir='ltr'><strong>mquipares.</strong></span> <span class='ocrx_word' id='word_1_576' title='bbox 2855 3364 3007 3420; x_wconf 76' lang='lat' dir='ltr'><strong>Vale.</strong></span> 
     </span>
    </p>
   </div>
   <div class='ocr_carea' id='block_1_94' title="bbox 2839 3449 3263 3512">
    <p class='ocr_par' dir='ltr' id='par_1_94' title="bbox 2839 3449 3263 3512">
     <span class='ocr_line' id='line_1_94' title="bbox 2839 3449 3263 3512; baseline 0.005 -2"><span class='ocrx_word' id='word_1_577' title='bbox 2839 3449 3061 3511; x_wconf 79' lang='lat' dir='ltr'><strong>EPIST.</strong></span> <span class='ocrx_word' id='word_1_578' title='bbox 3101 3452 3263 3512; x_wconf 85' lang='lat' dir='ltr'><strong>XCII.</strong></span> 
     </span>
    </p>
   </div>
   <div class='ocr_carea' id='block_1_95' title="bbox 2745 3562 3348 3606">
    <p class='ocr_par' dir='ltr' id='par_1_95' title="bbox 2745 3562 3348 3606">
     <span class='ocr_line' id='line_1_95' title="bbox 2745 3562 3348 3606; baseline -0.008 0"><span class='ocrx_word' id='word_1_579' title='bbox 2745 3564 3053 3606; x_wconf 70' lang='grc' dir='ltr'><strong>δγιιιιοιιυε</strong></span> <span class='ocrx_word' id='word_1_580' title='bbox 3082 3562 3348 3605; x_wconf 68' lang='grc' dir='ltr'><strong>ιιςελιι.</strong></span> 
     </span>
    </p>
   </div>
   <div class='ocr_carea' id='block_1_96' title="bbox 2325 3634 3844 3710">
    <p class='ocr_par' dir='ltr' id='par_1_96' title="bbox 2325 3634 3844 3710">
     <span class='ocr_line' id='line_1_96' title="bbox 2325 3634 3844 3710; baseline -0.007 -8"><span class='ocrx_word' id='word_1_581' title='bbox 2325 3644 2502 3703; x_wconf 83' lang='lat' dir='ltr'><strong>Officii</strong></span> <span class='ocrx_word' id='word_1_582' title='bbox 2533 3642 2636 3699; x_wconf 89' lang='lat' dir='ltr'><strong>mei</strong></span> <span class='ocrx_word' id='word_1_583' title='bbox 2664 3651 2747 3698; x_wconf 84' lang='lat' dir='ltr'><strong>est</strong></span> <span class='ocrx_word' id='word_1_584' title='bbox 2781 3642 3027 3697; x_wconf 88' lang='lat' dir='ltr'><strong>nuntiare</strong></span> <span class='ocrx_word' id='word_1_585' title='bbox 3074 3638 3215 3710; x_wconf 83' lang='lat' dir='ltr'><strong>quod</strong></span> <span class='ocrx_word' id='word_1_586' title='bbox 3260 3639 3504 3701; x_wconf 85' lang='lat' dir='ltr'><strong>valeam;</strong></span> <span class='ocrx_word' id='word_1_587' title='bbox 3538 3634 3672 3703; x_wconf 87' lang='lat' dir='ltr'><strong>voti,</strong></span> <span class='ocrx_word' id='word_1_588' title='bbox 3699 3643 3759 3691; x_wconf 89' lang='lat' dir='ltr'><strong>ut</strong></span> <span class='ocrx_word' id='word_1_589' title='bbox 3789 3643 3844 3692; x_wconf 86' lang='lat' dir='ltr'><strong>te</strong></span> 
     </span>
    </p>
   </div>
   <div class='ocr_carea' id='block_1_97' title="bbox 2255 3723 3841 3806">
    <p class='ocr_par' dir='ltr' id='par_1_97' title="bbox 2255 3723 3841 3806">
     <span class='ocr_line' id='line_1_97' title="bbox 2255 3723 3841 3806; baseline -0.008 -9"><span class='ocrx_word' id='word_1_590' title='bbox 2255 3741 2465 3797; x_wconf 80' lang='lat' dir='ltr'><strong>salvere</strong></span> <span class='ocrx_word' id='word_1_591' title='bbox 2495 3749 2839 3806; x_wconf 62' lang='lat' dir='ltr'><strong>cognoscam.</strong></span> <span class='ocrx_word' id='word_1_592' title='bbox 2873 3734 3013 3803; x_wconf 85' lang='lat' dir='ltr'><strong>Ergo</strong></span> <span class='ocrx_word' id='word_1_593' title='bbox 3055 3723 3251 3788; x_wconf 73' lang='lat' dir='ltr'><strong>indi&#39;cio</strong></span> <span class='ocrx_word' id='word_1_594' title='bbox 3280 3745 3662 3802; x_wconf 81' lang='lat' dir='ltr'><strong>prosperorum</strong></span> <span class='ocrx_word' id='word_1_595' title='bbox 3687 3743 3841 3785; x_wconf 82' lang='lat' dir='ltr'><strong>meo-</strong></span> 
     </span>
    </p>
   </div>
   <div class='ocr_carea' id='block_1_98' title="bbox 2256 3820 3846 3898">
    <p class='ocr_par' dir='ltr' id='par_1_98' title="bbox 2256 3820 3846 3898">
     <span class='ocr_line' id='line_1_98' title="bbox 2256 3820 3846 3898; baseline -0.005 -13"><span class='ocrx_word' id='word_1_596' title='bbox 2256 3844 2374 3885; x_wconf 88' lang='lat' dir='ltr'><strong>rum</strong></span> <span class='ocrx_word' id='word_1_597' title='bbox 2421 3838 2603 3898; x_wconf 83' lang='lat' dir='ltr'><strong>partes</strong></span> <span class='ocrx_word' id='word_1_598' title='bbox 2639 3826 2869 3880; x_wconf 86' lang='lat' dir='ltr'><strong>amantis</strong></span> <span class='ocrx_word' id='word_1_599' title='bbox 2911 3823 3171 3894; x_wconf 79' lang='lat' dir='ltr'><strong>implevi;</strong></span> <span class='ocrx_word' id='word_1_600' title='bbox 3206 3833 3262 3878; x_wconf 93' lang='lat' dir='ltr'><strong>tu</strong></span> <span class='ocrx_word' id='word_1_601' title='bbox 3297 3822 3430 3878; x_wconf 81' lang='lat' dir='ltr'><strong>mihi</strong></span> <span class='ocrx_word' id='word_1_602' title='bbox 3472 3821 3648 3878; x_wconf 80' lang='lat' dir='ltr'><strong>adhuc</strong></span> <span class='ocrx_word' id='word_1_603' title='bbox 3678 3820 3846 3878; x_wconf 81' lang='lat' dir='ltr'><strong>debes</strong></span> 
     </span>
    </p>
   </div>
   <div class='ocr_carea' id='block_1_99' title="bbox 2256 3911 3844 3990">
    <p class='ocr_par' dir='ltr' id='par_1_99' title="bbox 2256 3911 3844 3990">
     <span class='ocr_line' id='line_1_99' title="bbox 2256 3911 3844 3990; baseline -0.009 -9"><span class='ocrx_word' id='word_1_604' title='bbox 2256 3923 2501 3981; x_wconf 60' lang='lat' dir='ltr'><strong>sanitatis</strong></span> <span class='ocrx_word' id='word_1_605' title='bbox 2533 3930 2636 3974; x_wconf 81' lang='lat' dir='ltr'><strong>tua:</strong></span> <span class='ocrx_word' id='word_1_606' title='bbox 2663 3918 2877 3990; x_wconf 86' lang='lat' dir='ltr'><strong>gaudia.</strong></span> <span class='ocrx_word' id='word_1_607' title='bbox 2909 3918 3039 3983; x_wconf 72' lang='lat' dir='ltr'><strong>Quae</strong></span> <span class='ocrx_word' id='word_1_608' title='bbox 3074 3925 3133 3969; x_wconf 92' lang='lat' dir='ltr'><strong>ut</strong></span> <span class='ocrx_word' id='word_1_609' title='bbox 3174 3915 3341 3971; x_wconf 87' lang='lat' dir='ltr'><strong>solida</strong></span> <span class='ocrx_word' id='word_1_610' title='bbox 3372 3912 3480 3970; x_wconf 87' lang='lat' dir='ltr'><strong>fide</strong></span> <span class='ocrx_word' id='word_1_611' title='bbox 3509 3914 3564 3968; x_wconf 92' lang='lat' dir='ltr'><strong>in</strong></span> <span class='ocrx_word' id='word_1_612' title='bbox 3604 3911 3844 3969; x_wconf 82' lang='lat' dir='ltr'><strong>notitiam</strong></span> 
     </span>
    </p>
   </div>
   <div class='ocr_carea' id='block_1_100' title="bbox 2256 4003 3844 4076">
    <p class='ocr_par' dir='ltr' id='par_1_100' title="bbox 2256 4003 3844 4076">
     <span class='ocr_line' id='line_1_100' title="bbox 2256 4003 3844 4076; baseline -0.01 -3"><span class='ocrx_word' id='word_1_613' title='bbox 2256 4030 2431 4073; x_wconf 87' lang='lat' dir='ltr'><strong>meam</strong></span> <span class='ocrx_word' id='word_1_614' title='bbox 2462 4014 2695 4076; x_wconf 86' lang='lat' dir='ltr'><strong>veniant,</strong></span> <span class='ocrx_word' id='word_1_615' title='bbox 2718 4021 2771 4066; x_wconf 88' lang='lat' dir='ltr'><strong>et</strong></span> <span class='ocrx_word' id='word_1_616' title='bbox 2801 4007 3034 4065; x_wconf 87' lang='lat' dir='ltr'><strong>Deorum</strong></span> <span class='ocrx_word' id='word_1_617' title='bbox 3059 4006 3244 4071; x_wconf 81' lang='lat' dir='ltr'><strong>favor,</strong></span> <span class='ocrx_word' id='word_1_618' title='bbox 3275 4015 3331 4062; x_wconf 91' lang='lat' dir='ltr'><strong>et</strong></span> <span class='ocrx_word' id='word_1_619' title='bbox 3363 4016 3450 4060; x_wconf 92' lang='lat' dir='ltr'><strong>tua</strong></span> <span class='ocrx_word' id='word_1_620' title='bbox 3481 4003 3682 4076; x_wconf 84' lang='lat' dir='ltr'><strong>scripta</strong></span> <span class='ocrx_word' id='word_1_621' title='bbox 3703 4016 3844 4075; x_wconf 69' lang='lat' dir='ltr'><strong>prae-</strong></span> 
     </span>
    </p>
   </div>
   <div class='ocr_carea' id='block_1_101' title="bbox 2255 4096 3711 4165">
    <p class='ocr_par' dir='ltr' id='par_1_101' title="bbox 2255 4096 3711 4165">
     <span class='ocr_line' id='line_1_101' title="bbox 2255 4096 3711 4165; baseline -0.019 0"><span class='ocrx_word' id='word_1_622' title='bbox 2255 4107 2496 4165; x_wconf 83' lang='lat' dir='ltr'><strong>stabunt.</strong></span> <span class='ocrx_word' id='word_1_623' title='bbox 2524 4102 2677 4158; x_wconf 81' lang='lat' dir='ltr'><strong>Vale.</strong></span> <span class='ocrx_word' id='word_1_624' title='bbox 3708 4096 3711 4099; x_wconf 52' lang='grc' dir='ltr'>λ</span> 
     </span>
    </p>
   </div>
   <div class='ocr_carea' id='block_1_102' title="bbox 2822 4167 3263 4228">
    <p class='ocr_par' dir='ltr' id='par_1_102' title="bbox 2822 4167 3263 4228">
     <span class='ocr_line' id='line_1_102' title="bbox 2822 4167 3263 4228; baseline -0.002 -2"><span class='ocrx_word' id='word_1_625' title='bbox 2822 4170 3038 4228; x_wconf 75' lang='lat' dir='ltr'><strong>EPIST.</strong></span> <span class='ocrx_word' id='word_1_626' title='bbox 3080 4167 3263 4226; x_wconf 83' lang='lat' dir='ltr'><strong>XCIII.</strong></span> 
     </span>
    </p>
   </div>
   <div class='ocr_carea' id='block_1_103' title="bbox 2722 4275 3386 4323">
    <p class='ocr_par' dir='ltr' id='par_1_103' title="bbox 2722 4275 3386 4323">
     <span class='ocr_line' id='line_1_103' title="bbox 2722 4275 3386 4323; baseline -0.009 -1"><span class='ocrx_word' id='word_1_627' title='bbox 2722 4280 3038 4323; x_wconf 70' lang='lat' dir='ltr'><strong>SVIIACIUS</strong></span> <span class='ocrx_word' id='word_1_628' title='bbox 3068 4275 3386 4320; x_wconf 66' lang='grc' dir='ltr'><strong>ιοκαηιλιοο.</strong></span> 
     </span>
    </p>
   </div>
   <div class='ocr_carea' id='block_1_104' title="bbox 2333 4352 3851 4429">
    <p class='ocr_par' dir='ltr' id='par_1_104' title="bbox 2333 4352 3851 4429">
     <span class='ocr_line' id='line_1_104' title="bbox 2333 4352 3851 4429; baseline -0.008 -10"><span class='ocrx_word' id='word_1_629' title='bbox 2333 4362 2522 4419; x_wconf 82' lang='lat' dir='ltr'><strong>Amico</strong></span> <span class='ocrx_word' id='word_1_630' title='bbox 2544 4361 2724 4416; x_wconf 90' lang='lat' dir='ltr'><strong>animo</strong></span> <span class='ocrx_word' id='word_1_631' title='bbox 2753 4357 2945 4429; x_wconf 90' lang='lat' dir='ltr'><strong>gaudia</strong></span> <span class='ocrx_word' id='word_1_632' title='bbox 2975 4365 3155 4411; x_wconf 88' lang='lat' dir='ltr'><strong>nostra</strong></span> <span class='ocrx_word' id='word_1_633' title='bbox 3191 4354 3501 4425; x_wconf 80' lang='lat' dir='ltr'><strong>participas,</strong></span> <span class='ocrx_word' id='word_1_634' title='bbox 3529 4359 3586 4409; x_wconf 91' lang='lat' dir='ltr'><strong>et</strong></span> <span class='ocrx_word' id='word_1_635' title='bbox 3615 4352 3851 4422; x_wconf 82' lang='lat' dir='ltr'><strong>integra-</strong></span> 
     </span>
    </p>
   </div>
   <div class='ocr_carea' id='block_1_105' title="bbox 2260 4447 3849 4522">
    <p class='ocr_par' dir='ltr' id='par_1_105' title="bbox 2260 4447 3849 4522">
     <span class='ocr_line' id='line_1_105' title="bbox 2260 4447 3849 4522; baseline -0.008 -7"><span class='ocrx_word' id='word_1_636' title='bbox 2260 4468 2371 4516; x_wconf 88' lang='lat' dir='ltr'><strong>tum</strong></span> <span class='ocrx_word' id='word_1_637' title='bbox 2392 4454 2632 4514; x_wconf 85' lang='lat' dir='ltr'><strong>Flaviani</strong></span> <span class='ocrx_word' id='word_1_638' title='bbox 2664 4452 2760 4509; x_wconf 88' lang='lat' dir='ltr'><strong>filii</strong></span> <span class='ocrx_word' id='word_1_639' title='bbox 2785 4452 2893 4509; x_wconf 90' lang='lat' dir='ltr'><strong>mei</strong></span> <span class='ocrx_word' id='word_1_640' title='bbox 2919 4451 3178 4507; x_wconf 86' lang='lat' dir='ltr'><strong>honorem</strong></span> <span class='ocrx_word' id='word_1_641' title='bbox 3203 4449 3325 4522; x_wconf 85' lang='lat' dir='ltr'><strong>styli</strong></span> <span class='ocrx_word' id='word_1_642' title='bbox 3348 4447 3708 4521; x_wconf 87' lang='lat' dir='ltr'><strong>gratulatione</strong></span> <span class='ocrx_word' id='word_1_643' title='bbox 3725 4463 3849 4518; x_wconf 60' lang='lat' dir='ltr'><strong>pro.</strong></span> 
     </span>
    </p>
   </div>
   <div class='ocr_carea' id='block_1_106' title="bbox 2187 4546 3851 4642">
    <p class='ocr_par' dir='ltr' id='par_1_106' title="bbox 2187 4546 3851 4642">
     <span class='ocr_line' id='line_1_106' title="bbox 2187 4546 3851 4642; baseline -0.005 -32"><span class='ocrx_word' id='word_1_644' title='bbox 2187 4578 2239 4642; x_wconf 71' lang='grc' dir='ltr'><strong>ι)</strong></span> <span class='ocrx_word' id='word_1_645' title='bbox 2264 4554 2528 4623; x_wconf 88' lang='lat' dir='ltr'><strong>sequeris.</strong></span> <span class='ocrx_word' id='word_1_646' title='bbox 2563 4552 2763 4622; x_wconf 87' lang='lat' dir='ltr'><strong>Dignus</strong></span> <span class='ocrx_word' id='word_1_647' title='bbox 2787 4552 2906 4607; x_wconf 62' lang='lat' dir='ltr'><strong>laeta</strong></span> <span class='ocrx_word' id='word_1_648' title='bbox 2933 4548 3022 4607; x_wconf 90' lang='lat' dir='ltr'><strong>cui</strong></span> <span class='ocrx_word' id='word_1_649' title='bbox 3048 4564 3265 4619; x_wconf 86' lang='lat' dir='ltr'><strong>semper</strong></span> <span class='ocrx_word' id='word_1_650' title='bbox 3280 4548 3549 4604; x_wconf 88' lang='lat' dir='ltr'><strong>eveniant.</strong></span> <span class='ocrx_word' id='word_1_651' title='bbox 3583 4546 3730 4603; x_wconf 81' lang='lat' dir='ltr'><strong>lianc</strong></span> <span class='ocrx_word' id='word_1_652' title='bbox 3751 4559 3851 4602; x_wconf 81' lang='lat' dir='ltr'><strong>au-</strong></span> 
     </span>
    </p>
   </div>
   <div class='ocr_carea' id='block_1_107' title="bbox 2266 4638 3851 4715">
    <p class='ocr_par' dir='ltr' id='par_1_107' title="bbox 2266 4638 3851 4715">
     <span class='ocr_line' id='line_1_107' title="bbox 2266 4638 3851 4715; baseline -0.007 -12"><span class='ocrx_word' id='word_1_653' title='bbox 2266 4656 2373 4703; x_wconf 87' lang='lat' dir='ltr'><strong>tem</strong></span> <span class='ocrx_word' id='word_1_654' title='bbox 2398 4644 2724 4715; x_wconf 86' lang='lat' dir='ltr'><strong>dignationis</strong></span> <span class='ocrx_word' id='word_1_655' title='bbox 2752 4652 2856 4698; x_wconf 65' lang='lat' dir='ltr'><strong>tua</strong></span> <span class='ocrx_word' id='word_1_656' title='bbox 2878 4641 3261 4712; x_wconf 80' lang='lat' dir='ltr'><strong>benignitatem</strong></span> <span class='ocrx_word' id='word_1_657' title='bbox 3287 4640 3400 4696; x_wconf 85' lang='lat' dir='ltr'><strong>scio</strong></span> <span class='ocrx_word' id='word_1_658' title='bbox 3421 4638 3490 4695; x_wconf 86' lang='lat' dir='ltr'><strong>ab</strong></span> <span class='ocrx_word' id='word_1_659' title='bbox 3523 4638 3667 4695; x_wconf 83' lang='lat' dir='ltr'><strong>illius</strong></span> <span class='ocrx_word' id='word_1_660' title='bbox 3696 4638 3851 4695; x_wconf 76' lang='lat' dir='ltr'><strong>insti-</strong></span> 
     </span>
    </p>
   </div>
   <div class='ocr_carea' id='block_1_108' title="bbox 2266 4727 3849 4806">
    <p class='ocr_par' dir='ltr' id='par_1_108' title="bbox 2266 4727 3849 4806">
     <span class='ocr_line' id='line_1_108' title="bbox 2266 4727 3849 4806; baseline -0.006 -12"><span class='ocrx_word' id='word_1_661' title='bbox 2266 4747 2382 4794; x_wconf 90' lang='lat' dir='ltr'><strong>tuto</strong></span> <span class='ocrx_word' id='word_1_662' title='bbox 2413 4749 2656 4803; x_wconf 89' lang='lat' dir='ltr'><strong>manare,</strong></span> <span class='ocrx_word' id='word_1_663' title='bbox 2676 4735 2766 4806; x_wconf 93' lang='lat' dir='ltr'><strong>qui</strong></span> <span class='ocrx_word' id='word_1_664' title='bbox 2791 4734 3061 4805; x_wconf 65' lang='lat' dir='ltr'><strong>prastitit.</strong></span> <span class='ocrx_word' id='word_1_665' title='bbox 3087 4729 3447 4788; x_wconf 87' lang='lat' dir='ltr'><strong>Laudabiliter</strong></span> <span class='ocrx_word' id='word_1_666' title='bbox 3469 4727 3631 4802; x_wconf 90' lang='lat' dir='ltr'><strong>igitur</strong></span> <span class='ocrx_word' id='word_1_667' title='bbox 3650 4745 3849 4801; x_wconf 87' lang='lat' dir='ltr'><strong>seque-</strong></span> 
     </span>
    </p>
   </div>
   <div class='ocr_carea' id='block_1_109' title="bbox 2267 4821 3851 4898">
    <p class='ocr_par' dir='ltr' id='par_1_109' title="bbox 2267 4821 3851 4898">
     <span class='ocr_line' id='line_1_109' title="bbox 2267 4821 3851 4898; baseline -0.005 -14"><span class='ocrx_word' id='word_1_668' title='bbox 2267 4828 2342 4884; x_wconf 90' lang='lat' dir='ltr'><strong>ris</strong></span> <span class='ocrx_word' id='word_1_669' title='bbox 2383 4825 2745 4898; x_wconf 87' lang='lat' dir='ltr'><strong>magisterium</strong></span> <span class='ocrx_word' id='word_1_670' title='bbox 2770 4825 2988 4895; x_wconf 63' lang='lat' dir='ltr'><strong>optima</strong></span> <span class='ocrx_word' id='word_1_671' title='bbox 3012 4822 3319 4879; x_wconf 88' lang='lat' dir='ltr'><strong>voluntatis.</strong></span> <span class='ocrx_word' id='word_1_672' title='bbox 3349 4821 3524 4889; x_wconf 76' lang='lat' dir='ltr'><strong>Tene,</strong></span> <span class='ocrx_word' id='word_1_673' title='bbox 3554 4835 3759 4892; x_wconf 65' lang='lat' dir='ltr'><strong>quasso,</strong></span> <span class='ocrx_word' id='word_1_674' title='bbox 3789 4828 3851 4876; x_wconf 90' lang='lat' dir='ltr'><strong>ut</strong></span> 
     </span>
    </p>
   </div>
   <div class='ocr_carea' id='block_1_110' title="bbox 2267 4912 3848 4984">
    <p class='ocr_par' dir='ltr' id='par_1_110' title="bbox 2267 4912 3848 4984">
     <span class='ocr_line' id='line_1_110' title="bbox 2267 4912 3848 4984; baseline -0.005 -9"><span class='ocrx_word' id='word_1_675' title='bbox 2267 4920 2454 4984; x_wconf 82' lang='lat' dir='ltr'><strong>facies,</strong></span> <span class='ocrx_word' id='word_1_676' title='bbox 2486 4919 2845 4975; x_wconf 77' lang='lat' dir='ltr'><strong>constantiam</strong></span> <span class='ocrx_word' id='word_1_677' title='bbox 2867 4931 3047 4973; x_wconf 88' lang='lat' dir='ltr'><strong>rerum</strong></span> <span class='ocrx_word' id='word_1_678' title='bbox 3094 4915 3391 4979; x_wconf 84' lang='lat' dir='ltr'><strong>bonarum;</strong></span> <span class='ocrx_word' id='word_1_679' title='bbox 3431 4912 3581 4971; x_wconf 89' lang='lat' dir='ltr'><strong>illum</strong></span> <span class='ocrx_word' id='word_1_680' title='bbox 3615 4912 3848 4980; x_wconf 89' lang='lat' dir='ltr'><strong>imitare,</strong></span> 
     </span>
    </p>
   </div>
   <div class='ocr_carea' id='block_1_111' title="bbox 2266 5010 3253 5136">
    <p class='ocr_par' dir='ltr' id='par_1_111' title="bbox 2266 5010 3253 5136">
     <span class='ocr_line' id='line_1_111' title="bbox 2266 5010 3253 5136; baseline -0.006 -67"><span class='ocrx_word' id='word_1_681' title='bbox 2266 5027 2367 5069; x_wconf 88' lang='lat' dir='ltr'><strong>nos</strong></span> <span class='ocrx_word' id='word_1_682' title='bbox 2387 5011 2568 5084; x_wconf 87' lang='lat' dir='ltr'><strong>dilige.</strong></span> <span class='ocrx_word' id='word_1_683' title='bbox 2598 5010 2747 5068; x_wconf 79' lang='lat' dir='ltr'><strong>Vale.</strong></span> <span class='ocrx_word' id='word_1_684' title='bbox 2834 5078 3030 5136; x_wconf 66' lang='lat' dir='ltr'><strong>ENST</strong></span> <span class='ocrx_word' id='word_1_685' title='bbox 3090 5077 3253 5136; x_wconf 60' lang='lat' dir='ltr'><strong>XCIV</strong></span> 
     </span>
    </p>
   </div>
   <div class='ocr_carea' id='block_1_112' title="bbox 2736 5183 3390 5229">
    <p class='ocr_par' dir='ltr' id='par_1_112' title="bbox 2736 5183 3390 5229">
     <span class='ocr_line' id='line_1_112' title="bbox 2736 5183 3390 5229; baseline -0.006 -1"><span class='ocrx_word' id='word_1_686' title='bbox 2736 5186 3047 5229; x_wconf 68' lang='lat' dir='ltr'><strong>SVIIIACHUS</strong></span> <span class='ocrx_word' id='word_1_687' title='bbox 3076 5183 3390 5227; x_wconf 71' lang='lat' dir='ltr'><strong>LONGIIANO.</strong></span> 
     </span>
    </p>
   </div>
   <div class='ocr_carea' id='block_1_113' title="bbox 2339 5258 3845 5327">
    <p class='ocr_par' dir='ltr' id='par_1_113' title="bbox 2339 5258 3845 5327">
     <span class='ocr_line' id='line_1_113' title="bbox 2339 5258 3845 5327; baseline -0.005 -1"><span class='ocrx_word' id='word_1_688' title='bbox 2339 5267 2527 5327; x_wconf 85' lang='lat' dir='ltr'><strong>Iionor</strong></span> <span class='ocrx_word' id='word_1_689' title='bbox 2569 5264 2777 5322; x_wconf 80' lang='lat' dir='ltr'><strong>militiae</strong></span> <span class='ocrx_word' id='word_1_690' title='bbox 2807 5275 3000 5323; x_wconf 64' lang='lat' dir='ltr'><strong>vestra</strong></span> <span class='ocrx_word' id='word_1_691' title='bbox 3038 5264 3213 5319; x_wconf 85' lang='lat' dir='ltr'><strong>dantis</strong></span> <span class='ocrx_word' id='word_1_692' title='bbox 3260 5260 3537 5319; x_wconf 86' lang='lat' dir='ltr'><strong>beneficiis</strong></span> <span class='ocrx_word' id='word_1_693' title='bbox 3580 5258 3845 5319; x_wconf 87' lang='lat' dir='ltr'><strong>enitescit.</strong></span> 
     </span>
    </p>
   </div>
   <div class='ocr_carea' id='block_1_114' title="bbox 2271 5352 3849 5430">
    <p class='ocr_par' dir='ltr' id='par_1_114' title="bbox 2271 5352 3849 5430">
     <span class='ocr_line' id='line_1_114' title="bbox 2271 5352 3849 5430; baseline -0.004 -14"><span class='ocrx_word' id='word_1_694' title='bbox 2271 5360 2404 5425; x_wconf 89' lang='lat' dir='ltr'><strong>Cum</strong></span> <span class='ocrx_word' id='word_1_695' title='bbox 2449 5360 2609 5430; x_wconf 90' lang='lat' dir='ltr'><strong>igitur</strong></span> <span class='ocrx_word' id='word_1_696' title='bbox 2656 5368 2708 5414; x_wconf 91' lang='lat' dir='ltr'><strong>te</strong></span> <span class='ocrx_word' id='word_1_697' title='bbox 2737 5360 3053 5413; x_wconf 86' lang='lat' dir='ltr'><strong>meritorum</strong></span> <span class='ocrx_word' id='word_1_698' title='bbox 3096 5356 3232 5409; x_wconf 88' lang='lat' dir='ltr'><strong>ratio</strong></span> <span class='ocrx_word' id='word_1_699' title='bbox 3276 5353 3501 5409; x_wconf 80' lang='lat' dir='ltr'><strong>summis</strong></span> <span class='ocrx_word' id='word_1_700' title='bbox 3549 5352 3849 5422; x_wconf 73' lang='lat' dir='ltr'><strong>proximum</strong></span> 
     </span>
    </p>
   </div>
   <div class='ocr_carea' id='block_1_115' title="bbox 2270 5445 3850 5521">
    <p class='ocr_par' dir='ltr' id='par_1_115' title="bbox 2270 5445 3850 5521">
     <span class='ocr_line' id='line_1_115' title="bbox 2270 5445 3850 5521; baseline -0.004 -14"><span class='ocrx_word' id='word_1_701' title='bbox 2270 5455 2450 5519; x_wconf 86' lang='lat' dir='ltr'><strong>faciat,</strong></span> <span class='ocrx_word' id='word_1_702' title='bbox 2503 5454 2656 5506; x_wconf 72' lang='lat' dir='ltr'><strong>fama:</strong></span> <span class='ocrx_word' id='word_1_703' title='bbox 2689 5461 2742 5505; x_wconf 90' lang='lat' dir='ltr'><strong>et</strong></span> <span class='ocrx_word' id='word_1_704' title='bbox 2770 5451 2956 5521; x_wconf 68' lang='lat' dir='ltr'><strong>gratias</strong></span> <span class='ocrx_word' id='word_1_705' title='bbox 3000 5447 3165 5503; x_wconf 85' lang='lat' dir='ltr'><strong>decus</strong></span> <span class='ocrx_word' id='word_1_706' title='bbox 3207 5446 3532 5516; x_wconf 88' lang='lat' dir='ltr'><strong>benignitate</strong></span> <span class='ocrx_word' id='word_1_707' title='bbox 3574 5445 3850 5513; x_wconf 82' lang='lat' dir='ltr'><strong>conquiro.</strong></span> 
     </span>
    </p>
   </div>
   <div class='ocr_carea' id='block_1_116' title="bbox 2270 5538 3852 5615">
    <p class='ocr_par' dir='ltr' id='par_1_116' title="bbox 2270 5538 3852 5615">
     <span class='ocr_line' id='line_1_116' title="bbox 2270 5538 3852 5615; baseline -0.004 -14"><span class='ocrx_word' id='word_1_708' title='bbox 2270 5545 2375 5601; x_wconf 79' lang='lat' dir='ltr'><strong>Nec</strong></span> <span class='ocrx_word' id='word_1_709' title='bbox 2404 5545 2585 5615; x_wconf 89' lang='lat' dir='ltr'><strong>procul</strong></span> <span class='ocrx_word' id='word_1_710' title='bbox 2613 5544 2788 5609; x_wconf 89' lang='lat' dir='ltr'><strong>abest,</strong></span> <span class='ocrx_word' id='word_1_711' title='bbox 2818 5543 2885 5598; x_wconf 91' lang='lat' dir='ltr'><strong>de</strong></span> <span class='ocrx_word' id='word_1_712' title='bbox 2914 5557 3022 5611; x_wconf 91' lang='lat' dir='ltr'><strong>quo</strong></span> <span class='ocrx_word' id='word_1_713' title='bbox 3064 5540 3367 5609; x_wconf 73' lang='lat' dir='ltr'><strong>huiusmodi</strong></span> <span class='ocrx_word' id='word_1_714' title='bbox 3398 5538 3627 5595; x_wconf 87' lang='lat' dir='ltr'><strong>fructum</strong></span> <span class='ocrx_word' id='word_1_715' title='bbox 3666 5553 3852 5609; x_wconf 77' lang='lat' dir='ltr'><strong>capes-</strong></span> 
     </span>
    </p>
   </div>
   <div class='ocr_carea' id='block_1_117' title="bbox 2269 5629 3851 5691">
    <p class='ocr_par' dir='ltr' id='par_1_117' title="bbox 2269 5629 3851 5691">
     <span class='ocr_line' id='line_1_117' title="bbox 2269 5629 3851 5691; baseline -0.004 0"><span class='ocrx_word' id='word_1_716' title='bbox 2269 5652 2375 5691; x_wconf 88' lang='lat' dir='ltr'><strong>sas.</strong></span> <span class='ocrx_word' id='word_1_717' title='bbox 2420 5636 2718 5691; x_wconf 86' lang='lat' dir='ltr'><strong>Juvandum</strong></span> <span class='ocrx_word' id='word_1_718' title='bbox 2747 5635 2890 5689; x_wconf 90' lang='lat' dir='ltr'><strong>enim</strong></span> <span class='ocrx_word' id='word_1_719' title='bbox 2943 5632 3033 5688; x_wconf 88' lang='lat' dir='ltr'><strong>tibi</strong></span> <span class='ocrx_word' id='word_1_720' title='bbox 3076 5631 3244 5686; x_wconf 89' lang='lat' dir='ltr'><strong>filium</strong></span> <span class='ocrx_word' id='word_1_721' title='bbox 3289 5645 3467 5686; x_wconf 68' lang='lat' dir='ltr'><strong>metm!</strong></span> <span class='ocrx_word' id='word_1_722' title='bbox 3516 5629 3851 5686; x_wconf 82' lang='lat' dir='ltr'><strong>Destderium</strong></span> 
     </span>
    </p>
   </div>
   <div class='ocr_carea' id='block_1_118' title="bbox 2270 5724 3853 5800">
    <p class='ocr_par' dir='ltr' id='par_1_118' title="bbox 2270 5724 3853 5800">
     <span class='ocr_line' id='line_1_118' title="bbox 2270 5724 3853 5800; baseline -0.006 -13"><span class='ocrx_word' id='word_1_723' title='bbox 2270 5733 2461 5788; x_wconf 67' lang='lat' dir='ltr'><strong>litterae</strong></span> <span class='ocrx_word' id='word_1_724' title='bbox 2512 5732 2793 5800; x_wconf 79' lang='lat' dir='ltr'><strong>ingerunt;</strong></span> <span class='ocrx_word' id='word_1_725' title='bbox 2836 5730 3033 5792; x_wconf 88' lang='lat' dir='ltr'><strong>virum,</strong></span> <span class='ocrx_word' id='word_1_726' title='bbox 3082 5736 3278 5797; x_wconf 69' lang='lat' dir='ltr'><strong>prmter</strong></span> <span class='ocrx_word' id='word_1_727' title='bbox 3319 5724 3608 5789; x_wconf 88' lang='lat' dir='ltr'><strong>fortunam,</strong></span> <span class='ocrx_word' id='word_1_728' title='bbox 3645 5726 3853 5779; x_wconf 85' lang='lat' dir='ltr'><strong>cunctis</strong></span> 
     </span>
    </p>
   </div>
   <div class='ocr_carea' id='block_1_119' title="bbox 2271 5813 3853 5890">
    <p class='ocr_par' dir='ltr' id='par_1_119' title="bbox 2271 5813 3853 5890">
     <span class='ocr_line' id='line_1_119' title="bbox 2271 5813 3853 5890; baseline -0.005 -10"><span class='ocrx_word' id='word_1_729' title='bbox 2271 5829 2426 5880; x_wconf 79' lang='lat' dir='ltr'><strong>rebus</strong></span> <span class='ocrx_word' id='word_1_730' title='bbox 2455 5831 2725 5889; x_wconf 87' lang='lat' dir='ltr'><strong>ornatum,</strong></span> <span class='ocrx_word' id='word_1_731' title='bbox 2749 5831 2879 5890; x_wconf 74' lang='lat' dir='ltr'><strong>quas</strong></span> <span class='ocrx_word' id='word_1_732' title='bbox 2904 5819 3004 5875; x_wconf 89' lang='lat' dir='ltr'><strong>sibi</strong></span> <span class='ocrx_word' id='word_1_733' title='bbox 3029 5818 3304 5874; x_wconf 86' lang='lat' dir='ltr'><strong>hominum</strong></span> <span class='ocrx_word' id='word_1_734' title='bbox 3327 5830 3451 5875; x_wconf 84' lang='lat' dir='ltr'><strong>cura</strong></span> <span class='ocrx_word' id='word_1_735' title='bbox 3481 5822 3717 5887; x_wconf 65' lang='lat' dir='ltr'><strong>praestat.</strong></span> <span class='ocrx_word' id='word_1_736' title='bbox 3742 5813 3853 5872; x_wconf 87' lang='lat' dir='ltr'><strong>Sed</strong></span> 
     </span>
    </p>
   </div>
  </div>
