4218 6460
384 369 496 435 ωε

393 577 582 634 Restat
615 588 674 634 ut
718 579 875 646 velis,
901 578 1042 650 quod
1081 594 1180 650 pro
1217 579 1319 634 loci
1356 593 1420 633 ac
1460 576 1632 633 meriti
1677 579 1747 629 tui
1777 575 1977 627 viribus

393 674 540 739 potis
560 686 645 738 es,
669 670 749 727 sic
773 669 929 728 facile
958 669 1271 725 inclinatum
1305 669 1466 725 amici
1495 666 1662 722 nostri
1704 663 1975 735 negotium

397 764 620 835 depulsa
647 763 739 820 lite
758 762 996 819 sanabis.
1025 761 1178 817 Vale.

981 854 1196 910 EPIST.
1233 852 1390 909 XCV.

857 965 1171 1006 CVIIACIIUS
1202 964 1517 1007 LONCIIIANO.

471 1041 736 1111 Ampiecti
764 1043 1026 1098 amicitias
1047 1043 1248 1098 domini
1269 1051 1325 1098 et
1352 1041 1446 1096 lilii
1471 1039 1576 1095 mei
1597 1036 1834 1095 Flaviani
1856 1043 1982 1090 ante

401 1132 652 1204 dignatus
685 1149 768 1190 es.
817 1135 924 1192 Sed
964 1149 1108 1191 nunc
1137 1145 1349 1206 tempus
1377 1135 1556 1199 datur,
1606 1142 1662 1186 ut
1713 1131 1786 1185 illi
1817 1130 1982 1184 docu—

401 1236 583 1282 menta
621 1241 763 1284 vera
799 1227 1175 1283 lamiliaritatis
1220 1225 1497 1282 exhibeas.
1528 1221 1708 1278 Sacris
1741 1221 1884 1276 enim
1915 1220 1981 1274 li.

399 1317 467 1372 Ν.
492 1316 712 1373 Honorii
739 1316 1100 1386 augustissimi
1131 1315 1385 1385 principis
1424 1313 1618 1369 litteris
1647 1312 1715 1366 ad
1744 1310 1982 1364 ofticium

401 1406 668 1479 magniﬁci
707 1408 945 1464 consulis
990 1417 1270 1475 evocatus,
1301 1405 1639 1462 occasionem
1681 1402 1850 1465 d..bit,
1879 1415 1980 1470 qua

398 1509 456 1554 et
480 1498 646 1567 ipsius
667 1499 917 1554 meritum
933 1498 1136 1568 judicio
1157 1505 1249 1552 tuo
1271 1506 1467 1566 pateat,
1491 1504 1545 1550 et
1568 1503 1654 1548 tua
1678 1493 1731 1546 in
1761 1506 1881 1546 eum
1909 1489 1984 1544 al-

402 1591 562 1645 lectio
597 1589 880 1647 clarescat.
914 1594 1121 1645 Interea
1152 1599 1329 1659 partes
1371 1591 1606 1659 parentis
1654 1586 1985 1640 interventus

399 1694 556 1736 meus
577 1680 912 1751 exsequitur.
951 1680 1062 1736 Nec
1093 1682 1145 1735 in
1174 1679 1394 1735 dubium
1421 1679 1566 1735 venit
1613 1678 1738 1748 quid
1781 1675 1983 1746 ponde-

399 1771 476 1825 ris
522 1771 715 1826 habeat
768 1771 1048 1842 pignorum
1089 1771 1485 1828 commendatio
1523 1769 1664 1838 apud
1708 1784 1830 1823 eum
1895 1765 1982 1835 qui

1572 366 2052 429 EI’ISTOLARUSI
2093 367 2292 424 LIBER
2335 370 2447 428 VII.

391 487 481 543 Illa
508 501 718 560 quoque
744 501 869 544 cum
897 501 964 546 eo
1003 486 1056 543 in
1085 487 1334 560 gratiam,
1383 485 1426 541 si
1468 484 1683 548 laveris,
1716 489 1964 538 revertet.
1999 484 2050 541 Α

3545 376 3651 434 306

2651 483 2865 540 EPIST.
2910 484 3094 540 XCIX.

2531 589 2838 634 SYIIIIACIIUS
2873 593 3186 636 LONCIIANO.

2147 664 2358 721 Cultum
2380 667 2625 724 amicitiae
2652 670 2876 725 libenter
2897 685 3141 726 exerceo.
3168 669 3335 726 Video
3357 673 3499 726 enim
3523 673 3654 729 milii

2079 775 2107 813 a
2139 769 2190 814 te
2221 761 2469 817 talionem
2499 776 2641 817 cur-.e
2672 763 2854 832 parilis
2901 778 3005 818 non
3047 766 3250 832 negari.
3306 766 3526 834 Magnus
3562 783 3656 820 au-

2080 862 2186 904 tctn
2218 850 2498 921 diligentiae
2533 853 2776 907 incentor
2799 863 2880 909 cst
2925 868 3074 908 amor
3103 865 3239 908 tuus.
3271 855 3447 922 Quare
3489 859 3651 912 bene-

2080 942 2182 998 ﬁcii
2218 945 2336 999 loco
2355 946 2679 1012 exprobrare
2709 961 2814 1000 non
2839 960 3078 1016 possum,
3102 948 3241 1017 quod
3266 965 3328 1001 ex
3359 947 3542 1002 debito
3561 948 3658 1003 de-

2081 1035 2214 1091 l'cro.
2251 1037 2368 1104 Ipse
2407 1038 2550 1092 enim
2595 1038 2689 1092 tibi
2735 1050 2922 1092 auctor
2955 1053 3015 1093 es
3060 1038 3360 1094 ofﬁciorum
3393 1055 3654 1107 meorum,

2083 1144 2200 1200 qua:
2220 1131 2484 1186 scribendi
2513 1131 2823 1187 assiduitate
2843 1130 3118 1187 sollicitas.
3157 1132 3303 1187 Vale.

2710 1224 2923 1283 EPIST.
2965 1224 3025 1282 C.

2536 1332 2842 1373 εγκκλειιυι
2879 1334 3196 1376 ιοκσιωληο.

2154 1405 2342 1462 Sentio
2370 1407 2496 1476 quid
2521 1408 2648 1463 mihi
2678 1408 2972 1466 ali‘ectionis
2993 1409 3217 1465 invicem
3241 1409 3454 1465 deferre
3477 1409 3661 1474 digne-

2086 1499 2178 1554 ris.
2210 1498 2314 1553 Sed
2347 1499 2691 1554 vehementer
2709 1500 2962 1564 admiror,
3009 1501 3148 1570 quod
3185 1501 3458 1556 dominum
3493 1500 3659 1554 lilium

2088 1607 2262 1647 meum
2294 1592 2623 1656 Flavianum,
2646 1591 2736 1661 qui
2769 1602 2820 1649 te
2859 1593 3011 1659 parili
3047 1608 3230 1648 amore
3267 1594 3658 1663 complectitur,

2088 1700 2209 1754 erga
2242 1685 2505 1739 amicitias
2535 1694 2651 1740 tuas
2681 1686 2937 1756 imparem
2974 1701 3094 1742 esse
3122 1688 3433 1756 suspiceris.
3467 1687 3521 1743 Si
3571 1690 3663 1757 igi-

2091 1786 2176 1828 tur
2203 1775 2399 1845 aliquid
2437 1776 2490 1830 in
2519 1776 2817 1831 assertione
2857 1790 2975 1830 mea
3015 1787 3170 1846 putas
3209 1791 3330 1832 esse
3367 1777 3673 1848 gravitatis,

402 1877 532 1917 suos
554 1862 741 1932 diligit.
779 1863 906 1920 Haec
932 1872 1109 1918 autem
1139 1877 1347 1918 summa
1375 1870 1461 1918 est
1487 1860 1739 1916 desiderii
1779 1858 1905 1924 mei.
1931 1869 1986 1910 ιιι
2019 1845 2064 1905 Β
2092 1880 2188 1919 oro
2215 1874 2272 1920 ut
2302 1865 2602 1934 bujusmodi
2649 1867 3047 1934 persuasionem
3085 1881 3172 1920 me
3198 1845 3468 1922 assertore
3500 1867 3664 1936 depo-

401 1956 458 2010 in
502 1954 685 2012 animo
714 1964 808 2012 tuo
849 1957 1084 2027 reperiat
1114 1969 1357 2011 amorem
1400 1968 1522 2010 meo
1551 1953 1805 2009 similem.
1833 1951 1985 2006 Vale.

968 2046 1186 2103 EPIST.
1227 2045 1412 2103 XCVI.

871 2153 1181 2196 εῖιυιειιυε
1211 2153 1531 2195 ωιοιιιλαο.

475 2225 534 2280 In
564 2226 797 2284 tavorem
825 2245 911 2285 me
931 2230 1152 2301 Dynami
1170 2229 1491 2297 cohortaris,
1517 2228 1669 2298 cujus
1693 2227 1784 2283 tibi
1802 2240 1991 2283 amore

404 2331 516 2372 non
547 2320 827 2375 cesserim.
857 2321 949 2376 Est
977 2323 1120 2376 enim
1143 2321 1224 2377 vir
1247 2321 1442 2376 artium
1474 2321 1755 2384 bonarum,
1787 2319 1986 2387 cultus,

402 2419 650 2466 ornatus.
678 2410 873 2468 Libens
900 2413 1081 2483 itaque
1108 2414 1161 2468 in
1190 2423 1336 2468 tuam
1363 2414 1603 2468 concedo
1642 2412 1986 2478 sententiam,

403 2501 733 2573 dignumque
768 2517 894 2561 esse
936 2505 1169 2574 praedico
1223 2506 1314 2575 qui
1348 2513 1534 2560 nostro
1563 2504 1736 2559 ordini
1777 2504 1991 2572 capule

405 2604 516 2653 tur.
543 2595 648 2652 Sed
674 2595 975 2666 adjicienda
999 2605 1086 2654 est
1103 2598 1154 2654 ei
1185 2599 1536 2669 praerogativa
1559 2597 1780 2663 militia,
1811 2607 1868 2650 ut
1891 2597 1988 2654 be-

407 2687 606 2744 neﬂcio
630 2689 928 2746 allectionis
959 2700 1160 2746 utatur.
1197 2690 1290 2746 llis
1314 2693 1512 2761 quippe
1553 2700 1760 2745 tantum
1809 2688 1987 2744 munia

406 2780 635 2837 relaxari
660 2783 851 2837 divalia
879 2784 1168 2840 constituta
1189 2784 1493 2850 voluerunt,
1535 2797 1674 2853 quos
1699 2781 1989 2837 castrensis

407 2872 583 2928 honor
613 2874 891 2930 illuminat.
935 2873 989 2932 Si
1020 2877 1182 2946 igitur
1205 2885 1261 2931 et
1301 2875 1404 2931 hoc
1452 2875 1658 2945 insigne
1703 2872 1988 2939 detuleris,

403 2965 548 3034 quod
603 2980 938 3021 annonarum
977 2980 1032 3022 et
1066 2966 1402 3022 evectionem
1430 2966 1668 3022 cumulet
1721 2963 1986 3034 adjectlo.

407 3072 582 3128 prono
628 3075 789 3116 cursu
844 3061 896 3115 iu
940 3061 1256 3117 consulares
1307 3061 1533 3129 legetur.
1575 3057 1752 3125 Quare
1804 3059 1855 3112 in
1901 3067 1989 3113 tua

406 3167 569 3208 manu
589 3163 674 3209 est
705 3164 757 3209 et
778 3154 921 3210 illius
951 3156 1222 3218 meritum,
1247 3162 1304 3209 et
1322 3167 1500 3209 meum
1522 3152 1754 3208 studium
1777 3151 1990 3220 supple-

2089 1969 2218 2020 nus;
2244 1964 2298 2010 et
2327 1956 2565 2025 expulsis
2584 1957 2812 2011 aliorum
2841 1960 3075 2010 susurris
3101 1959 3455 2012 constantiam
3486 1973 3667 2013 serves

2089 2048 2289 2102 sanctis
2318 2047 2558 2103 moribus
2579 2047 2683 2103 tuis
2710 2055 2766 2103 et
2785 2047 3034 2102 amicitiae
3064 2058 3464 2118 congruentem.
3488 2048 3666 2114 Certe,

2083 2127 2309 2209 8i.quid
2358 2139 2410 2196 iu
2456 2141 2697 2197 noritiam
2730 2147 2874 2194 tuam
2903 2140 3126 2195 mmulus
3165 2155 3341 2196 sermo
3390 2145 3666 2210 pervexit;

2092 2247 2300 2288 mecum
2331 2249 2516 2304 quaeso
2542 2234 2847 2304 participes,
2879 2244 2937 2290 ut
2961 2235 3279 2301 amaritudo,
3310 2251 3429 2302 quae
3454 2252 3514 2290 ex
3537 2239 3666 2291 alio—

2090 2340 2208 2379 rum
2241 2324 2636 2383 iusimulatione
2670 2335 2929 2397 concepta
2970 2336 3072 2393 est,
3104 2327 3222 2382 ﬁdis
3268 2329 3666 2398 purgationibus

2090 2417 2344 2472 diluatur.
2381 2415 2536 2472 Vale.

2714 2508 2927 2566 EPIST.
2967 2510 3053 2566 CI’.

2552 2615 2858 2658 SYIIIIACBUS
2899 2615 3216 2658 ιοιεοιιμιιο.

2163 2693 2360 2753 Sancto
2392 2695 2620 2752 Eusebio
2647 2696 2878 2752 arbitror
2900 2711 2995 2764 pro
3019 2709 3225 2750 summa
3249 2693 3667 2753 commendatio-

2091 2791 2174 2846 nis
2194 2789 2462 2856 sufﬁcere,
2485 2789 2626 2861 quod
2656 2804 2778 2845 cum
2823 2789 2954 2845 mihi
2995 2788 3250 2858 proﬁteor
3273 2788 3625 2856 approbatum
3653 2807 3666 2841 :

2091 2893 2143 2939 et
2176 2883 2295 2938 ideo
2324 2883 2504 2939 verbis
2552 2881 2796 2950 pluribus
2840 2881 3120 2937 elaborare
3160 2894 3265 2933 non
3307 2880 3496 2943 debeo,
3527 2891 3584 2935 ut
3619 2883 3668 2935 ei

2093 2981 2237 3028 tuam
2259 2974 2538 3030 conciliem
2569 2975 2913 3030 voluntatem.
2946 2972 3334 3040 Prcsumptum
3372 2972 3570 3042 quippe
3593 2982 3665 3027 tc-

2095 3080 2217 3130 neo,
2247 3065 2351 3129 bis,
2372 3065 2464 3135 qui
2492 3065 2620 3120 mihi
2655 3064 2754 3119 lida
2783 3063 3034 3131 obsequia
3072 3063 3395 3128 detulerunt,
3428 3063 3666 3119 favorem

2095 3166 2241 3210 tuum
2266 3157 2482 3211 minime
2511 3158 2834 3212 defuturum.
2869 3155 2975 3209 Nos
2997 3169 3061 3209 ex
3097 3155 3357 3208 sententia
3388 3155 3663 3218 valemus;

407 3245 605 3301 mentis
637 3247 833 3302 talibus
859 3248 1131 3316 adjuvare.
1182 3245 1388 3301 interea
1417 3244 1578 3300 nimis
1619 3245 1806 3313 miror,
1846 3219 1988 3314 quod
2018 3219 2064 3283 (ἶ
2098 3246 2325 3304 libenter
2353 3246 2604 3314 habituri,
2634 3247 2678 3303 si
2708 3245 2982 3316 sospitatis
3013 3253 3116 3300 tua:
3148 3245 3349 3302 litteras
3379 3261 3485 3301 non
3512 3262 3668 3317 nega-

407 3338 462 3395 in
491 3340 610 3395 viro
636 3339 830 3395 illustri
853 3339 1107 3396 Flaviano
1135 3340 1354 3395 domino
1372 3349 1426 3396 et
1449 3338 1559 3394 ﬁlio
1583 3352 1729 3408 meo,
1754 3352 1851 3394 nec
1869 3353 1992 3409 gra-

406 3430 540 3486 dum
571 3430 810 3497 honoris,
844 3448 945 3488 nec
985 3432 1074 3502 jus
1111 3433 1358 3487 amicitiai
1393 3433 1660 3501 cogitasti.
1705 3429 1836 3486 Nam
1867 3445 1988 3486 cum

408 3531 672 3594 prastans
700 3525 990 3579 auctoritas
1022 3534 1106 3578 tua
1135 3525 1322 3578 vinarii
1343 3524 1477 3578 tituli
1506 3521 1680 3578 debita
1701 3523 1988 3592 ﬂagitaret,

409 3627 579 3684 usque
597 3615 662 3670 ad
683 3615 849 3672 cilicii
872 3616 1090 3671 multam
1112 3615 1557 3671 condemnatione
1577 3628 1855 3684 progressa
1885 3623 1987 3669 est.

409 3707 684 3764 Patienter
713 3709 955 3774 admitte,
992 3723 1169 3779 neque
1185 3711 1576 3780 praefecturam,
1607 3722 1784 3777 neque
1808 3721 1992 3762 aman-

409 3799 676 3855 tissimum
721 3800 796 3855 tui
835 3801 1008 3854 virum
1057 3797 1149 3855 tali
1199 3801 1522 3855 contumelia
1568 3799 1816 3854 debuisse
1865 3813 1988 3867 per-

404 3892 618 3962 stringi.
649 3891 844 3959 Onaso
871 3891 1052 3961 igitur,
1100 3902 1158 3946 ut
1185 3901 1386 3946 tantum
1423 3893 1472 3946 ei
1516 3893 1738 3960 posthac
1779 3891 1990 3946 deferre

405 3982 666 4052 digneris,
685 3992 939 4052 quantum
963 3983 1057 4038 tibi
1079 3982 1303 4038 invicem
1321 3983 1572 4038 convenit
1589 3981 1853 4044 exhiberi.
1877 3981 1990 4051 Ego

406 4085 556 4130 certe
570 4075 846 4131 amborum
873 4089 1065 4144 parens
1081 4074 1213 4130 nihil
1232 4092 1260 4129 a
1285 4086 1336 4130 te
1361 4075 1534 4144 patior
1551 4075 1796 4131 stridoris
1811 4089 1991 4131 emer-

406 4181 572 4238 gere:
601 4167 839 4234 quiuimo
881 4167 1141 4238 religiosis
1179 4167 1372 4222 ofﬁciis
1412 4182 1658 4224 crescere
1701 4169 1839 4224 inter
1892 4181 1990 4224 vos

405 4271 601 4313 causas
627 4259 795 4313 mutui
822 4259 1020 4315 amoris
1045 4268 1262 4328 exopto.
1297 4259 1446 4316 Vale.

971 4351 1184 4407 EPIST.
1229 4349 1433 4406 XCVII.

869 4456 1006 4499 ⁸111
1015 4458 1112 4498 ACII
1121 4459 1181 4498 US
1207 4457 1522 4500 LONGINASO.

481 4530 610 4602 Cepi
638 4547 703 4589 ex
734 4532 926 4589 litteris
956 4533 1060 4587 tuis
1087 4532 1358 4603 gaudium,
1394 4541 1672 4604 postquam
1697 4529 1987 4590 familiares

2094 3341 2187 3397 ris.
2217 3340 2367 3396 Vale.

2710 3429 2923 3488 EPIST.
2965 3429 3070 3485 CII.

2384 3537 2694 3580 εηιυιοιωε
2729 3536 2986 3577 ητκοιηιο
3015 3532 3068 3576 et
3109 3535 3392 3578 ητιωαο.

2165 3617 2268 3672 Pro
2287 3616 2514 3685 cognitis
2552 3625 2607 3671 et
2640 3614 2874 3683 probatis
2919 3627 3082 3684 pauca
3123 3613 3346 3668 dicenda
3391 3622 3535 3668 sunt.
3570 3614 3668 3671 Mei

2093 3706 2233 3763 enim
2259 3707 2440 3773 ol‘licii,
2466 3720 2572 3761 non
2601 3705 2684 3760 sui
2717 3705 2889 3760 meriti
2924 3704 3281 3760 testimonium
3310 3704 3502 3764 ferunt.
3531 3706 3671 3774 Qua-

2095 3811 2314 3869 pr0pter
2333 3798 2572 3853 laborare
2600 3813 2704 3852 non
2724 3797 2916 3865 debeo,
2946 3805 3003 3850 ut
3024 3797 3340 3864 prastautia:
3361 3806 3550 3852 vestra:
3576 3799 3671 3854 do-

2094 3890 2221 3945 tnini
2249 3901 2305 3947 et
2333 3889 2426 3945 lilii
2457 3890 2560 3945 mei
2591 3889 2827 3944 Flaviani
2860 3888 3046 3944 merita
3069 3890 3474 3945 commendem:
3501 3891 3672 3960 siqui-

2092 3982 2214 4040 dem
2244 3991 2394 4038 vetus
2435 3983 2574 4037 inter
2599 3996 2696 4036 vos
2727 3981 2960 4035 amicitia
2993 3991 3232 4036 vertetur
3256 3981 3320 4035 ad
3354 3995 3506 4037 usum
3555 3983 3673 4038 feli-

2091 4074 2312 4130 ciorem.
2346 4074 2446 4129 Mei
2473 4073 2735 4130 sermonis
2764 4072 2879 4127 ltazc
2905 4087 3110 4126 summa
3136 4082 3238 4140 est,
3271 4081 3328 4127 ut
3359 4073 3409 4126 in
3447 4074 3672 4142 patriam

2092 4165 2260 4223 redux
2298 4166 2398 4221 sibi
2450 4174 2762 4234 perpetuum
2811 4178 3050 4219 amorem
3092 4174 3350 4229 vestrum,
3379 4164 3513 4219 mihi
3553 4179 3672 4219 mtt-

2094 4269 2237 4315 tuam
2271 4266 2508 4328 reportet
2527 4257 2922 4312 salutationem.
2957 4255 3162 4312 Valete.

2687 4349 2902 4406 EPIS'I‘.
2942 4350 3076 4404 CIII.

2393 4455 2699 4497 πικιειιοε
2731 4457 2991 4495 ρετ-ηομιο
3017 4451 3076 4496 ει
3093 4455 3368 4496 ΡΑτιιωκο.

2163 4536 2302 4606 Opto
2331 4547 2389 4589 ut
2429 4535 2566 4589 hanc
2601 4534 2978 4588 salutationem
3001 4535 3199 4603 vigoris
3242 4535 3449 4603 integer
3475 4541 3531 4589 et
3559 4547 3673 4603 pro-

405 4595 572 4681 meos-
600 4624 666 4679 ad
702 4625 1007 4696 Hispaniam
1054 4595 1418 4679 commeantes
1459 4595 1669 4692 adjutos
1713 4625 1986 4694 epistulari
2017 4595 2067 4655 Β
2092 4595 2265 4697 ερειίίς
2316 4625 2468 4680 laetus
2509 4625 2758 4693 accipias.
2790 4595 3269 4680 Tradeturvautem
3313 4595 3380 4680 ad
3411 4595 3672 4695 Optimum

405 4717 870 4777 commendatione
889 4717 1137 4772 docuisti.
1169 4717 1346 4785 Quare
1366 4727 1634 4786 acceptam
1669 4719 1894 4788 gratiam
1933 4728 1989 4776 et

408 4824 589 4867 mente
611 4810 884 4874 contineo.
916 4819 971 4865 et
1000 4824 1096 4864 ore
1121 4819 1414 4864 contestor.
1449 4809 1598 4864 Facit
1625 4819 1802 4864 autem
1838 4826 1991 4867 vere-

405 4903 599 4961 cundia
629 4910 740 4969 tua,
767 4909 825 4956 ut
852 4900 920 4956 de
942 4899 1042 4956 hoc
1065 4902 1276 4969 parcius
1303 4903 1521 4972 loquar;
1551 4899 1797 4957 allectum
1819 4901 1986 4972 enim,
2024 4921 2038 4937 ο

406 5009 516 5053 non
547 4995 708 5052 verba
737 4995 1030 5050 desideras.
1064 4992 1226 5049 Vale-

959 5083 1175 5140 EPIST.
1222 5083 1444 5142 XCVIII.

878 5191 1181 5233 σῐκιλειιυς
1211 5192 1526 5232 ιωῦωΑκο.

475 5267 798 5326 Iamdudum
825 5267 1158 5322 desideratas
1198 5267 1404 5322 litteras
1449 5277 1589 5332 tuas,
1621 5283 1761 5322 nunc
1801 5267 1996 5323 immeo

402 5364 522 5421 dica
550 5364 717 5420 animi
754 5363 1113 5434 gratulatione
1148 5363 1380 5429 suscepi.
1417 5361 1602 5416 Debita
1653 5362 1811 5431 igitur
1840 5377 1993 5418 reve-

405 5458 575 5514 rentia
616 5465 672 5511 et
708 5471 892 5510 arnore
924 5454 1273 5525 respondens,
1306 5455 1519 5523 adjicio,
1568 5464 1622 5506 ut
1650 5454 1703 5508 in
1730 5455 1989 5523 reliquum

403 5552 681 5621 frequenta
693 5567 749 5604 re
777 5549 1016 5619 digneris
1044 5563 1237 5604 munus
1261 5546 1605 5617 voluptabile,
1629 5545 1772 5615 quod
1798 5555 1992 5615 sponte

404 5641 658 5697 tribuisti.
690 5639 797 5696 Sed
829 5641 950 5694 huic
977 5640 1242 5711 postulato
1270 5655 1376 5694 non
1407 5652 1541 5708 opus
1567 5648 1652 5694 est
1693 5637 1988 5692 immorari.

401 5732 586 5802 Neque
613 5733 756 5788 enim
789 5731 975 5802 petitio
999 5746 1119 5789 mea
1149 5732 1306 5789 debet
1335 5731 1555 5799 elicere,
1583 5729 1725 5800 quod
1754 5739 1840 5786 tua
1869 5744 1992 5800 pro-

405 5831 569 5886 mittit
596 5828 913 5898 benignitas.
944 5825 1095 5888 Vale.

2095 4719 2264 4773 virum
2296 4715 2650 4788 Desiderium,
2691 4717 2777 4770 cui
2813 4717 3097 4770 maximam
3146 4717 3355 4771 laudent
3398 4731 3525 4785 pura
3569 4719 3677 4772 vita

2094 4809 2363 4866 conciliat.
2388 4809 2562 4864 Testis
2589 4806 2704 4862 haec
2726 4806 2886 4861 ofﬁcii
2921 4808 3022 4862 mei
3057 4809 3276 4877 pagina;
3304 4809 3532 4864 relatura
3558 4811 3677 4877 plu-

2098 4903 2290 4956 rimuut
2325 4899 2468 4962 boni,
2495 4898 2538 4953 si
2567 4909 2617 4953 te
2658 4913 2878 4966 pronum
2909 4898 2964 4951 in
2990 4897 3276 4952 amicitiam
3308 4898 3566 4954 tradentis
3591 4909 3677 4954 at-

2098 4995 2337 5050 traxerit.
2357 4991 2487 5045 Natn
2511 4999 2568 5044 ut
2593 4989 2918 5059 respondere
2939 4989 3193 5057 digneris,
3218 4990 3523 5044 enitendum
3547 4990 3676 5046 mihi

2099 5101 2196 5156 pro
2225 5097 2316 5141 tuo
2355 5098 2538 5139 amore
2574 5098 2680 5138 non
2709 5083 2958 5136 arbitror.
2991 5083 3113 5136 ΙΙωο
3139 5097 3238 5135 una
3275 5082 3382 5139 voti
3413 5083 3517 5137 mei
3547 5097 3676 5137 cura

2095 5189 2198 5243 est,
2251 5186 2310 5231 ut
2355 5175 2589 5230 latorem
2638 5173 3042 5228 commendatus
3081 5173 3342 5242 acquirat,
3389 5173 3677 5243 redeatque

2097 5271 2337 5327 laudator
2368 5267 2748 5323 beneﬁciorum
2799 5277 3044 5329 tuorum;
3086 5282 3314 5334 quorum
3357 5266 3561 5320 utilitas
3611 5265 3678 5319 ad

2096 5365 2239 5419 illius
2266 5362 2631 5425 commodum,
2668 5358 2736 5414 ad
2787 5371 2966 5412 meum
3005 5371 3223 5412 sensum
3266 5358 3549 5426 gratulatio
3592 5371 3679 5411 re-

2093 5454 2370 5511 dundabit.
2402 5451 2552 5508 Vale.

2698 5541 2907 5597 EPIST.
2950 5538 3081 5594 CIV.

2383 5650 2686 5692 δγιωειοιιυε
2715 5646 2970 5688 Ρετιιοκιο
3000 5641 3052 5686 ει
3081 5644 3358 5685 ρλτιιυικο.

2172 5731 2337 5785 Video
2365 5728 2601 5783 Flaviani
2642 5725 2733 5780 lilii
2773 5726 2876 5778 mei
2907 5725 3167 5776 honorem
3220 5728 3498 5790 proriterea
3548 5717 3678 5772 buc-

2097 5820 2533 5891 usquejacuisse,
2564 5828 2622 5874 ut
2651 5817 2699 5873 ei
2725 5815 2873 5872 testis
2900 5813 3094 5870 melior
3119 5813 3380 5871 evcuiret.
3407 5810 3680 5868 luciderat
