4218 6468
571 313 675 365 307
1746 305 1802 374 ρ.
1849 301 2187 359 Λὶξῐὶῐίωιὲ
2225 300 2657 358 εγωμοηυδ.

3723 296 3828 352 308

570 424 620 476 in
652 418 862 491 tyranni
895 415 1152 485 justitiam
1191 412 1388 483 jtto'iciu
1420 413 1679 468 bonorum
1715 424 2013 480 temporum
2062 428 2148 466 rc-
2185 419 2225 474 Α
2255 414 2583 483 allegataquc
2627 418 2677 467 in
2704 414 2902 481 iudicio
2948 417 3270 469 monimenta
3317 415 3649 484 placitorum,
3687 412 3830 467 filius

566 509 884 564 servandus.
934 507 1036 561 Sed
1091 507 1339 575 praestitit
1389 504 1466 557 illi
1519 503 1740 558 amissio
1795 503 2149 572 ρτλυῑροιυηι,

567 601 706 667 quod
730 598 947 652 mutavit
969 600 1262 650 auctorem.
1281 596 1412 662 Qum
1435 595 1599 664 igitur
1622 597 1780 649 verba
1811 604 2013 648 tantum
2038 611 2154 647 mu-

567 700 669 745 nus
699 689 1016 759 adnabunt?
1056 688 1394 756 Conjttngllc,
1429 700 1524 740 oro
1549 700 1666 748 vos,
1711 687 1884 749 nobis,
1915 687 1980 740 ad
2017 686 2155 741 refe-

568 781 765 834 retttltts
796 779 1053 847 prtereIsn
1081 778 1197 830 viro
1229 785 1452 846 gratias.
1491 774 1620 828 Nam
1652 790 1772 829 cum
1812 776 2006 844 singuli
2038 779 2152 830 vitt-

570 881 756 924 camur
785 870 860 923 rei
884 869 1268 937 magnitudine,
1297 879 1430 936 opus
1457 877 1535 920 est
1562 867 1923 921 laudatoribus
1945 867 2148 930 multis,

570 976 630 1020 ut
669 978 926 1037 numerus
970 967 1190 1034 inpleat
1217 979 1352 1020 onus
1385 964 1574 1018 debiti.
1611 963 1678 1020 Et
1722 981 1854 1019 sane
1901 964 2150 1019 dominus

569 1061 800 1127 pectoris
825 1059 950 1127 mei,
981 1071 1011 1110 a
1045 1073 1154 1127 quo
1206 1054 1498 1124 profectum
1539 1063 1620 1110 est
1664 1057 2006 1118 beneﬁcium,
2039 1073 2146 1108 non

567 1165 636 1201 ex
666 1149 886 1202 alterius
910 1148 1101 1209 verbis,
1135 1147 1228 1201 sed
1257 1153 1324 1200 ex
1348 1145 1539 1213 gaudio
1562 1147 1904 1198 conscienti-.12
1929 1162 2146 1198 mensus

569 1256 684 1294 ram
726 1242 849 1295 facti
895 1241 976 1294 sui
1013 1238 1213 1308 colligit
1252 1257 1264 1291 :
1315 1252 1416 1292 nec
1455 1236 1667 1304 ignorat
1699 1237 1822 1289 talia
1861 1252 2003 1300 esse,
2035 1254 2153 1304 qua:

571 1342 810 1401 praestat,
836 1340 894 1388 ut
923 1334 1135 1386 vincant
1165 1342 1317 1396 spem
1346 1328 1649 1382 solutionis.
1675 1328 1782 1382 Nos
1813 1340 1989 1382 tamen
2025 1345 2147 1397 gra-

570 1425 656 1476 tiae
679 1424 872 1489 vicem,
906 1420 1010 1475 ﬁde
1036 1421 1286 1474 amicitia:
1311 1427 1366 1473 et
1383 1419 1740 1474 obusvantia:
1761 1423 2146 1486 rupendemus:

569 1517 864 1584 damusque
892 1515 1014 1568 huic
1050 1514 1129 1567 rei
1171 1513 1383 1566 obsides
1431 1513 1662 1574 animos,
1704 1513 1898 1580 quibus
1947 1515 2151 1566 satisfa-

571 1611 718 1662 ciunt
747 1607 902 1660 liberi
943 1607 1074 1659 locis
1106 1606 1432 1662 amtoribus.
1475 1605 1584 1660 i’iis
1607 1607 1750 1660 enim
1788 1609 2149 1662 contractibus

574 1705 722 1754 amor
749 1699 964 1754 sufficit.
1001 1700 1150 1754 Vale.

1176 1788 1388 1843 EPIST.
1419 1789 1527 1844 CV.

1046 1891 1349 1933 ενηλοηυε
1390 1895 1666 1934 νλτιιῐτιιω.

643 1971 878 2039 Agendis
909 1974 966 2024 υ.
996 1973 1062 2023 tl.
1110 1970 1295 2024 comiti
1337 1971 1794 2025 excellentissimo
1823 1971 1939 2025 viro
1962 1973 2148 2041 gratiis

573 2075 670 2130 par
688 2073 812 2116 esse
844 2075 946 2115 non
979 2071 1155 2128 potest
1193 2061 1537 2116 mediocritas
1567 2061 1849 2116 verborum
1882 2077 2142 2116 nieorum.

570 2153 687 2206 'l‘ibi
721 2153 878 2221 igitur
909 2154 1010 2206 ltuc
1037 2167 1228 2208 munus
1259 2153 1501 2222 iniungo,
1526 2160 1585 2206 ut
1611 2151 1680 2206 de
1709 2153 2002 2222 impetratis
2024 2170 2148 2208 eve-

569 2243 840 2297 ctionibtts
873 2243 924 2296 in
957 2242 1339 2298 adminiculum
1367 2243 1631 2311 praetoria:
1655 2242 1965 2306 functionla.
1999 2244 2150 2297 babi-

573 2350 684 2388 iunt
721 2337 916 2388 mentis
958 2349 1093 2389 mea:
1124 2333 1262 2402 apud
1301 2348 1422 2388 eum
1453 2334 1660 2402 plenius
1689 2335 2003 2402 «Sequaris
2033 2353 2044 2385 ε
2077 2335 2149 2386 si-

570 2430 786 2496 mulque
815 2426 1049 2496 digneris
1076 2426 1228 2492 eniti,
1255 2438 1313 2479 nt
1339 2427 1392 2479 in
1422 2440 1535 2481 rem
1559 2427 1738 2480 missis
1767 2426 1912 2481 celer
1936 2428 2003 2480 ad
2030 2427 2147 2480 llis-

572 2517 756 2586 p-inias
816 2517 1068 2570 transitus
1109 2517 1444 2584 impetretur.
1506 2518 1722 2584 Appetit
1758 2517 1900 2571 enim
1939 2527 2147 2584 tempus

569 2607 847 2669 editionis,
888 2618 1168 2676 metusque
1197 2607 1329 2662 milii
1362 2615 1447 2662 est
1475 2621 1548 2660 ne
1591 2621 1849 2676 equorum
1880 2611 2142 2664 curulium

571 2697 719 2751 tarda
743 2701 1034 2768 coemptio,
1082 2707 1139 2752 et
1173 2711 1386 2754 morosa
1423 2699 1675 2755 deductio
1702 2701 1947 2756 sollicitis
1975 2714 2148 2757 arcte-

572 2802 658 2846 tur
683 2791 962 2860 angustiis.
999 2793 1074 2845 De
1101 2791 1202 2844 hoc
1228 2793 1389 2849 etiam
1411 2792 1692 2848 sublimem
1727 2797 1899 2850 virum
1925 2806 1978 2851 et
2005 2812 2142 2866 prae-

570 2882 1007 2937 cu'lentissimum
1038 2884 1308 2944 comitem.
1334 2899 1556 2940 socrus
1576 2888 1961 2956 impetrationis
1975 2891 2139 2945 oravi.

571 2974 754 3040 Adjeci
801 2987 1059 3042 prteterea
1109 2979 1584 3044 commonitorem,
1632 2982 1786 3050 cujus
1825 2982 2144 3052 suli’ragator

571 3079 691 3120 ese
728 3065 1034 3135 dignaberis
1069 3077 1173 3123 :ut
1201 3070 1244 3122 si
1285 3069 1513 3125 molesta
1551 3071 1736 3140 petitio
1764 3088 1870 3129 non
1909 3074 2139 3139 videtur,

2255 522 2401 561 meus
2444 508 2762 561 Caecilianus
2799 507 2975 560 denuo
3008 509 3072 561 ad
3118 509 3316 560 incerta
3368 506 3476 561 litis
3513 504 3822 560 attrahitur.

2255 600 2392 655 Nota
2435 609 2518 655 est
2569 602 2658 654 tibi
2698 600 2926 670 qualitas
2966 615 3160 662 eausm.
3210 602 3402 655 merito
3439 600 3630 653 omitto
3668 613 3823 652 cont-

2255 704 2401 762 perta
2429 693 2566 761 st',lo
2587 695 2822 761 exsequi.
2853 692 2962 746 Hoc
2987 703 3188 746 tantum
3220 693 3286 744 de
3312 703 3498 746 sancto
3525 691 3704 744 animo
3733 699 3825 744 tuo

2255 787 2593 854 impetratum
2627 786 2768 848 volo,
2819 795 2874 837 ut
2913 783 3104 839 iisdem
3155 784 3377 846 viribus.
3428 785 3621 854 quibus
3662 783 3828 835 lucta-

2253 876 2394 930 mina
2418 875 2639 936 sedasti.
2673 875 2914 943 repetilte
2950 875 3213 928 medearis
3237 874 3445 942 injuria:
3472 892 3481 924 :
3513 873 3634 940 quia
3669 872 3826 938 jltSli-

2253 967 2382 1018 tiam
2410 975 2554 1018 tuam
2575 964 2738 1018 debet
2760 967 2934 1017 acrius
2967 963 3189 1019 incitare
3211 963 3494 1020 adversum
3526 962 3683 1017 (idem
3712 964 3824 1031 pla-

2253 1057 2347 1110 citi
2373 1065 2528 1125 rnpta
2555 1055 2861 1110 concordia.
2901 1055 3050 1109 Vale.

2851 1145 3067 1200 EPIST.
3091 1145 3228 1202 CIX.

2739 1253 3043 1295 ιηιιλευυς
3069 1256 3130 1293 ΡΑ
3139 1252 3352 1294 τιωικο.

2323 1331 2516 1398 Aperta
2539 1339 2623 1384 est
2638 1329 2946 1398 improbitas
2971 1345 3157 1385 eorum
3195 1331 3285 1400 qui
3327 1328 3588 1385 reducunt
3616 1325 3668 1382 ia
3689 1341 3828 1395 ειπερ·

2255 1422 2484 1475 stionem
2515 1422 2851 1490 pactionibus
2891 1421 3196 1484 terminata,
3231 1429 3286 1474 et
3317 1436 3411 1490 per
3441 1419 3825 1487 impatientiam

2253 1513 2445 1578 quietis
2496 1511 2653 1564 linem
2671 1511 2830 1580 jurgii
2858 1512 3093 1565 secunda
3115 1511 3210 1566 lite
3229 1522 3578 1565 commutant.
3597 1509 3825 1566 Estima

2253 1603 2411 1671 igitur
2442 1602 2531 1655 lilii
2574 1603 2674 1655 mei
2715 1603 2985 1656 Ceciliani
3014 1602 3276 1664 dolorem.
3319 1606 3405 1656 cui
3445 1605 3610 1657 otium
3639 1600 3823 1655 conci-

2254 1695 2383 1749 liare
2413 1711 2514 1748 non
2539 1695 2712 1761 potuit
2735 1694 2944 1748 damnis
2969 1694 3276 1762 patrimonii
3305 1705 3481 1763 empta
3512 1691 3819 1746 concordia.

2181 1776 2226 1834 Β
2254 1789 2379 1840 Nam
2405 1786 2674 1840 reducitur
2703 1788 2758 1840 in
2797 1786 3079 1856 loaginqua
3099 1785 3317 1854 judicia,
3347 1785 3540 1854 quibus
3566 1782 3739 1846 facile,
3775 1783 3824 1837 si

2251 1876 2557 1946 sull'ragium
2600 1877 2820 1942 tuleris.
2865 1886 3122 1932 eruetur:
3160 1887 3243 1930 est
3281 1877 3424 1929 enint
3477 1875 3531 1928 in
3575 1883 3626 1928 te
3665 1882 3825 1943 atque

2251 1968 2414 2021 fratre
2443 1977 2626 2036 portus
2647 1967 2909 2031 omnium,
2938 1982 3074 2036 quos
3103 1965 3319 2020 fortuita
3347 1965 3659 2018 sollicitant.
3686 1965 3826 2017 'l'ro-

2252 2059 2409 2112 lisior
2442 2059 2493 2112 itt
2525 2059 2754 2125 petendo
2777 2073 2886 2111 non
2918 2072 3041 2113 esse
3070 2056 3266 2125 debeo,
3297 2071 3419 2110 cum
3451 2071 3624 2109 causae
3653 2057 3823 2125 quali-

2249 2157 2350 2210 lus.
2396 2159 2452 2203 ot
2495 2156 2585 2200 tua
2616 2149 2820 2216 iustitia
2853 2148 2970 2218 plus
3021 2149 3090 2204 de
3131 2157 3184 2205 ω
3230 2147 3428 2203 favoris
3466 2163 3626 2218 quam
3672 2161 3824 2202 meus

2250 2240 2586 2295 interventus
2616 2240 2818 2296 eliciat.
2851 2241 3004 2295 Vale.

2860 2331 3070 2386 Ei’lST.
3103 2329 3217 2385 CX.

2727 2435 3035 2478 ενιιλειιυε
3063 2439 3340 2478 νιτιιυικο.

2319 2512 2434 2569 Duo
2455 2514 2520 2568 ad
2565 2527 2654 2569 me
2683 2515 2820 2569 bona
2851 2517 3036 2585 parilis
3067 2516 3350 2585 voluptatis
3381 2524 3623 2572 recentes
3652 2517 3822 2572 nuntii

2250 2607 2588 2675 pertulerunt
2616 2618 2704 2662 :et
2731 2621 2827 2662 vos
2853 2606 3015 2678 iustis
3052 2607 3310 2662 honorum
3340 2611 3578 2663 crevisse
3606 2623 3820 2678 proces-

2248 2698 2416 2762 sibus,
2451 2708 2507 2752 et
2530 2699 2751 2753 domino
2779 2711 2843 2753 ac
2869 2698 2980 2754 lilio
3011 2712 3130 2752 meo
3169 2698 3424 2753 Flaviano
3459 2699 3687 2753 fructum
3718 2699 3819 2766 pri-

2248 2795 2353 2847 vati
2391 2793 2487 2846 otii
2527 2807 2646 2847 esse
2675 2791 2930 2847 delatum.
2963 2792 3184 2862 Sumpta
3231 2792 3388 2862 igitur
3428 2794 3638 2861 gemina
3687 2791 3814 2856 fide,

2250 2894 2455 2939 vestras
2472 2887 2671 2939 litteras
2693 2901 2852 2954 super
2872 2885 2974 2940 ltoc
2996 2895 3306 2954 exspectare
3327 2885 3504 2950 debui,
3524 2899 3654 2956 quas
3676 2884 3818 2939 ωδιὶ-

2249 2977 2386 3029 mavi
2414 2991 2508 3045 per
2536 2981 2912 3032 verecundiam
2936 2975 3277 3030 d-llereudas.
3307 2975 3484 3043 Quare
3511 2977 3818 3030 aestimatio-

2249 3085 2372 3125 nem
2405 3071 2600 3126 lattitite
2642 3085 2778 3126 metu
2823 3071 2975 3126 vobis
3021 3070 3301 3139 relinquo:
3333 3067 3456 3138 quia
3507 3082 3813 3123 mt-nsuram

576 3161 867 3216 taniiliares
909 3175 1092 3226 meos.
1128 3161 1270 3216 ditis
1304 3165 1369 3216 ad
1413 3163 1720 3231 potissimos
1769 3165 2139 3236 Hispaniarum
2171 3133 2216 3191 (ἶ
2249 3163 2366 3229 ejus
2390 3161 2458 3216 de
2486 3172 2662 3216 vestro
2686 3163 2739 3217 in
2787 3177 2884 3216 uos
2913 3175 3096 3215 amore
3125 3161 3392 3229 colligitis.
3429 3159 3533 3215 Sed
3568 3160 3648 3214 his
3679 3175 3811 3228 gau-

573 3252 784 3320 littcris,
814 3263 1184 3322 prosequatur.
1218 3255 1358 3308 Satis
1387 3255 1585 3310 dictum
1626 3264 1726 3312 est.
1761 3257 1815 3312 Si
1847 3259 1972 3325 quid
1999 3260 2139 3314 aliud

568 3346 674 3395 tuis
703 3345 920 3400 auribus
962 3345 1252 3400 amicorum
1286 3362 1525 3401 meorum
1569 3363 1748 3402 sermo
1791 3355 2134 3420 suggesserig

565 3449 682 3498 oro,
721 3444 779 3488 ut
807 3437 861 3490 in
890 3450 1073 3490 curam
1098 3440 1268 3493 sancti
1296 3449 1348 3492 et
1381 3438 1674 3496 fidelissimi
1698 3445 1930 3511 pectoris
1961 3447 2034 3500 tui
2060 3461 2141 3499 re-

565 3525 744 3593 cipere
783 3542 888 3582 non
920 3529 1177 3598 graveris.
1215 3528 1361 3582 Vale.

1164 3622 1379 3678 EPIST.
1403 3623 1537 3678 CVI.

1031 3727 1336 3768 ιηιλειιινε
1380 3730 1439 3768 ΡΑ
1447 3726 1658 3769 nemo.

645 3805 811 3857 Amor
837 3811 1056 3858 mutuus
1099 3803 1222 3858 facit
1247 3816 1303 3858 ut
1329 3806 1425 3861 tibi
1451 3821 1516 3860 ex
1542 3821 1641 3862 usu
1671 3823 1792 3863 meo
1813 3809 2018 3879 agenda
2047 3811 2140 3866 de-

567 3893 759 3960 legem.
801 3893 933 3947 Cum
971 3895 1128 3964 igitur
1171 3896 1266 3950 lilii
1302 3898 1409 3952 mei
1457 3899 1706 3964 praetoria
1748 3901 1912 3957 instet
1948 3901 2138 3968 editio,

564 3999 725 4049 quam
757 3986 835 4037 vir
863 3984 1084 4040 illustris
1116 3999 1325 4049 comes.
1366 3988 1511 4041 omni
1542 3990 1796 4044 virtutum
1819 4004 2018 4060 genere
2040 4007 2134 4048 su.

565 4075 938 4139 blintissimus,
982 4075 1095 4131 suis
1116 4077 1482 4134 evectionibus
1515 4078 1706 4149 iuvare
1740 4080 1992 4151 dignatus
2015 4093 2096 4139 est
2116 4126 2134 4147 .

563 4167 889 4232 coemptioni
919 4182 1180 4236 equorum
1208 4169 1476 4225 curulium
1503 4172 1750 4228 celeritas
1778 4174 2133 4230 admovenda.

564 4259 741 4323 Quare
761 4271 944 4326 quteso
990 4267 1039 4313 te
1070 4269 1126 4313 ut
1145 4259 1431 4318 familiares
1451 4275 1600 4317 meos
1619 4263 1685 4318 ad
1707 4263 1988 4332 Hispanias
2009 4268 2136 4320 mis—

563 4362 650 4401 sos
676 4348 822 4402 nulla
851 4348 1074 4404 tarditas
1097 4349 1405 4406 demoretur
1431 4368 1444 4404 :
1472 4367 1607 4423 quos
1633 4357 1999 4410 commendari
2030 4358 2138 4412 tuis

561 4436 756 4491 litteris
777 4438 918 4504 volo,
943 4449 999 4491 ut
1031 4438 1132 4494 illis
1158 4441 1348 4496 merita
1375 4450 1464 4497 tua
1486 4441 1840 4514 Hispanorum
1867 4447 2131 4504 mentibus

561 4529 820 4596 impressa
845 4528 1099 4599 suifragio
1125 4531 1254 4586 sint.
1281 4531 1434 4588 Vale.

1142 4621 1356 4680 EPIST.
1386 4622 1545 4681 CVII.

1031 4726 1344 4773 εηιιιειιυε
1369 4733 1655 4775 νιτιιυιισο.

626 4800 824 4856 Juliani
866 4807 1082 4873 Agentis
1121 4808 1175 4862 in
1210 4809 1374 4866 rebus
1401 4812 1705 4869 molestiam
1742 4815 1893 4882 novi,
1927 4817 2134 4874 natales

561 4893 748 4958 probo.
779 4892 1045 4950 fortunam
1077 4897 1254 4954 doleo.
1288 4899 1558 4959 Fatalilius
1599 4905 1747 4959 enim
1779 4907 1936 4960 milis
1958 4908 2048 4961 diu
2077 4918 2133 4962 et

559 4983 789 5049 graviter
818 4985 1112 5041 exhaustus
1136 4998 1240 5044 est.
1287 4988 1395 5046 Sed
1421 4993 1591 5049 credo
1610 5008 1734 5049 cum
1761 5010 1829 5050 co
1866 4996 2044 5051 omnia
2072 4998 2126 5051 in

559 5071 783 5138 gratiam
814 5073 1070 5142 reditura,
1096 5077 1143 5131 si
1173 5079 1469 5148 patrocinio
1494 5089 1586 5137 tuo
1613 5091 1669 5137 et
1698 5083 2025 5140 humanitate
2051 5087 2130 5139 lo-

561 5171 767 5216 vcatur.
819 5163 978 5218 Plura
1021 5181 1126 5221 non
1167 5168 1361 5233 dicam.
1407 5185 1528 5225 cum
1579 5174 1848 5240 prteclaris
1892 5174 2130 5228 meritus

563 5252 668 5312 tuis
693 5255 948 5311 familiare
983 5258 1050 5310 sit
1092 5261 1211 5327 opis
1238 5261 1446 5330 indigus
1468 5263 1769 5327 sublevare,
1801 5275 1855 5320 et
1882 5265 2004 5320 huic
2033 5283 2124 5332 pe-

564 5344 732 5399 titioni
778 5363 908 5402 mea:
962 5350 1122 5403 etiam
1173 5360 1278 5405 tua:
1322 5355 1518 5408 mentis
1569 5365 1757 5410 natura
1806 5360 2124 5410 consentiat.

564 5438 707 5493 Vale.

1131 5537 1345 5592 EPIST.
1377 5537 1551 5590 lJVlll.

1032 5641 1333 5681 SYIMACIIUS
1373 5644 1432 5679 ΓΑ
1445 5644 1465 5678 ἶ
1479 5644 1655 5684 ιιυιθδο.

629 5717 758 5777 i‘ost
785 5729 1097 5774 causensun‘
1129 5717 1377 5788 partium,
1407 5730 1521 5786 post
1544 5719 1813 5774 vinculum
1844 5720 2126 5788 pactionis,

2245 3255 2350 3309 diis
2376 3255 2538 3309 etiam
2571 3255 2656 3308 illa
2687 3263 2816 3323 opto
2841 3253 3115 3323 conjungi,
3163 3268 3282 3320 qua:
3326 3250 3394 3305 de
3419 3252 3667 3322 pmtoria
3696 3250 3814 3304 cdt-

2246 3348 2389 3402 tione
2411 3347 2505 3400 lilii
2537 3349 2640 3401 mei
2656 3348 2769 3416 jam
2798 3345 3004 3416 pridem
3032 3345 3294 3412 postulata
3323 3344 3660 3398 meministis.
3686 3342 3812 3397 Nam

2245 3438 2592 3492 vehementer
2629 3439 2885 3502 admiror,
2910 3439 3072 3508 justis
3098 3444 3153 3491 ct
3181 3435 3508 3491 solemnibus
3533 3435 3815 3491 desideriis

2245 3531 2482 3584 nondum
2517 3531 2766 3586 arrisisse
2791 3543 3003 3585 sacrum
3035 3527 3376 3597 rescriptum.
3403 3528 3590 3597 Itaque
3614 3541 3807 3582 secun-

2243 3621 2325 3674 dis
2369 3622 2563 3677 litteris
2596 3636 2783 3676 rursus
2816 3621 3000 3688 oravi,
3032 3630 3089 3675 ut
3119 3621 3408 3689 petitiones
3441 3620 3568 3675 nulli
3597 3632 3810 3688 graves,

2243 3713 2373 3768 mibi
2402 3729 2530 3769 vero
2554 3714 2843 3783 iucundas,
2874 3713 3066 3784 quibus
3095 3715 3254 3767 missa
3297 3713 3502 3782 pariter
3525 3711 3686 3767 etiam
3716 3711 3814 3764 mi-

2243 3822 2432 3860 norum
2455 3807 2661 3876 magisti
2676 3817 2856 3862 atuum
2879 3806 3091 3876 exempl
3109 3825 3122 3856 ι
3140 3805 3496 3877 sull‘ragantur
3511 3848 3526 3872 ,
3557 3805 3811 3874 benigne,

2243 3907 2300 3950 ut
2325 3911 2442 3953 mos
2469 3898 2588 3965 ejus
2615 3905 2720 3964 est,
2753 3895 2889 3951 tradi
2913 3897 3096 3967 iubeat
3121 3895 3354 3952 ell‘ectui.
3381 3896 3487 3953 Sed
3515 3895 3814 3952 benelieen.

2243 3990 2370 4046 tiam
2401 3993 2532 4044 tanti
2553 3989 2675 4054 viri.
2703 3988 2790 4044 cui
2817 4003 3032 4056 semper
3061 3987 3308 4058 voluptas
3335 3997 3420 4044 est
3454 4001 3614 4059 supra
3661 4002 3813 4055 spem

2241 4094 2432 4147 magna
2473 4086 2754 4149 prtestare.
2802 4078 3187 4148 promptiorem
3218 4093 3316 4148 spe
3351 4076 3700 4143 reddendam,
3743 4077 3812 4143 si,

2239 4180 2297 4225 ut
2326 4171 2630 4240 frequenter
2668 4171 2912 4240 poposci,
2963 4168 3162 4223 vestris
3205 4167 3656 4225 admonitionibus
3682 4182 3812 4239 pro-

2239 4273 2477 4317 vocetur.
2522 4259 2668 4318 Vale.

2828 4329 3046 4388 EPIS‘l‘.
3075 4327 3220 4386 CXI.

2713 4435 3026 4480 "uitellus
3053 4433 3334 4480 unum.

2160 4501 2214 4564 D
2309 4513 2547 4568 Fratrem
2571 4527 2750 4570 meum
2771 4512 3024 4570 Severum
3047 4515 3218 4568 multo
3241 4524 3490 4569 sermone
3517 4524 3809 4582 proseque-

2238 4620 2346 4672 rer,
2377 4605 2423 4658 si
2454 4620 2592 4659 novo
2617 4602 2763 4659 aditu
2789 4601 3079 4659 amicitiam
3121 4611 3262 4658 tuam
3290 4611 3515 4674 peteret,
3546 4613 3635 4657 aut
3673 4610 3809 4672 prte-

2237 4694 2489 4750 dicationi
2527 4695 2798 4765 ingenium
2827 4693 2946 4765 ejus
2967 4693 3300 4750 conveniret.
3332 4693 3501 4750 Pareo
3529 4693 3690 4763 igitur
3716 4705 3810 4749 co-

2237 4789 2358 4856 piae,
2389 4796 2584 4857 tuoque
2607 4785 2832 4857 judicio,
2867 4797 2922 4840 ut
2946 4785 3152 4856 iustitia
3183 4781 3472 4854 diligentiae
3501 4794 3604 4840 ture
3630 4785 3806 4855 petitu

2238 4876 2494 4936 voluntati
2521 4893 2681 4949 quam
2710 4879 2843 4935 meis
2867 4877 3057 4933 litteris
3083 4877 3400 4947 applicetur.
3432 4877 3583 4934 Vale.

2811 4991 3026 5047 EPIST.
3053 4992 3217 5047 CXII.

2706 5101 3015 5142 δηιηειιυς
3047 5101 3329 5142 ιιλτιιυικο.

2300 5173 2433 5230 Cum
2457 5175 2549 5230 tibi
2580 5175 2816 5230 omnium
2841 5192 3082 5231 meorum
3109 5191 3238 5230 cura
3263 5177 3525 5245 praecipua
3555 5177 3643 5239 sit.
3668 5192 3803 5245 prae-

2236 5283 2389 5324 Sumo
2420 5267 2528 5321 lilio
2559 5280 2680 5321 meo
2723 5266 2975 5322 Arcentio
3001 5267 3280 5335 Spectabili
3307 5266 3442 5332 viro,
3474 5281 3632 5335 quem
3677 5267 3811 5335 mihi

2234 5358 2470 5426 adiungit
2491 5357 2745 5423 allinitas,
2769 5356 3011 5411 intimam
3038 5356 3450 5411 familiaritatem
3481 5366 3622 5410 tuam
3649 5372 3805 5425 posse

2233 5450 2483 5519 reserari,
2515 5463 2672 5521 quam
2718 5450 2911 5504 merito
2939 5449 3014 5504 illi
3043 5459 3098 5504 et
3130 5449 3252 5505 vita:
3292 5451 3474 5514 decus,
3512 5461 3566 5503 et
3595 5448 3806 5504 familia

2232 5541 2520 5607 antiquitas
2558 5538 2830 5594 conciliat.
2885 5536 2980 5595 llis
3026 5539 3258 5610 propriis
3297 5540 3417 5610 ejus
3457 5540 3608 5596 bouis
3643 5540 3805 5595 etiam

2234 5645 2366 5685 mea:
2414 5645 2602 5700 preces
2647 5630 2700 5684 itt
2742 5641 3087 5699 augmentum
3131 5629 3615 5685 commendationis
3652 5646 3806 5685 acce-

2233 5721 2367 5779 dunt
2400 5738 2413 5775 :
2443 5732 2499 5778 ut
2534 5721 2687 5788 plane
2713 5721 2958 5778 dubitare
2991 5737 3092 5776 non
3130 5721 3330 5792 possim
3382 5722 3706 5779 cumulatius
3729 5722 3804 5790 ei,
