4218 6496
493 386 590 443 5H

1658 378 1724 444 Ο.
1766 367 2110 430 Αυῐςειιυδ
2150 366 2594 425 δγδυιιλειιυε.

3672 369 3778 426 512

497 508 629 563 tem,
657 510 777 551 cum
823 491 1075 549 libentius
1115 504 1146 546 a
1191 491 1408 546 sublimi
1451 498 1507 545 et
1547 483 2078 555 magniﬁcentissimo
2105 483 2158 542 Α
2186 489 2488 536 revertetur
2527 479 2734 551 legibus
2771 479 2988 548 quidem
3024 478 3228 546 debita,
3260 477 3355 536 sed
3394 480 3562 549 patris
3593 481 3773 535 sensui

497 593 614 646 viro
643 605 746 645 non
779 596 1087 657 exspectata
1118 595 1460 657 praistentur.
1499 581 1648 636 Vale.

1045 719 1268 776 EPIST.
1299 716 1535 774 CXXlll.

981 829 1037 870 δῖ
1047 832 1077 867 Ι
1087 828 1290 868 κλειιυε
1329 827 1428 865 Ριιτ
1437 824 1609 865 κιῖίκο.

570 933 626 987 ln
663 932 784 986 viro
820 930 1026 998 Optimo
1066 940 1121 985 et
1143 927 1469 983 amicissimo
1506 939 1628 980 meo
1667 923 1920 979 Perrocio
1970 922 2082 978 Ro-

498 1041 657 1082 mana
686 1026 1002 1094 simplicitas
1045 1033 1147 1078 est.
1198 1022 1376 1077 Taceo
1422 1019 1564 1090 quod
1606 1018 1755 1072 illum
1798 1019 1951 1086 leuga
1985 1017 2086 1070 mi-

501 1121 613 1174 litia
659 1129 714 1175 et
751 1119 1020 1187 inculpata
1066 1117 1400 1171 cobonestat.
1453 1113 1658 1168 Minora
1700 1112 1844 1166 enim
1889 1122 2086 1166 cetera

501 1215 625 1269 facit
653 1228 862 1268 morum
894 1211 1008 1280 ejus
1047 1209 1328 1278 inspectio.
1370 1207 1521 1262 llune
1547 1205 1868 1259 unanimitas
1909 1213 2086 1259 vestra

500 1315 627 1358 ante
657 1320 761 1358 non
792 1303 980 1358 didicit
1002 1321 1014 1356 :
1036 1301 1291 1374 judicium
1325 1315 1502 1354 meum
1531 1308 1713 1353 secuta
1738 1297 2014 1365 suscipiat.
2033 1295 2088 1350 Si

504 1397 616 1451 vistt
647 1405 824 1451 vestro
850 1395 959 1464 jam
990 1396 1036 1449 ei
1069 1408 1206 1462 opus
1245 1392 1429 1455 fuerit,
1479 1404 1663 1460 qnazso
1708 1399 1767 1443 ut
1807 1388 1881 1442 illi
1919 1390 2092 1443 honor

505 1488 793 1545 testimonii
823 1488 927 1543 mei
951 1487 1205 1545 conciliet
1225 1483 1365 1554 apud
1386 1498 1481 1539 vos
1505 1482 1700 1537 amoris
1721 1490 2088 1552 augmentum.

509 1583 660 1638 \‘ale.

1059 1650 1271 1708 EPIST.
1303 1649 1538 1706 CXXIV.

982 1759 1295 1799 SVNIIACIIUS
1333 1756 1618 1798 PATllUlNO.

578 1837 884 1892 Amicorum
915 1836 1096 1892 liberis
1123 1836 1237 1889 usui
1269 1830 1389 1890 esse
1411 1835 1689 1898 debemus,
1713 1833 1852 1904 qttod
1880 1832 2090 1889 etiamsi
2128 1869 2172 1927 Β

509 1927 623 1994 ipse
648 1931 930 1990 nrsciretn,
963 1938 1052 1981 tuo
1077 1930 1323 1996 exemplo
1353 1939 1406 1981 et
1436 1928 1731 1982 imitatione
1763 1927 2092 1982 didicissem.

510 2020 589 2073 Ad
626 2021 761 2072 hanc
797 2020 1118 2072 sententiam
1169 2020 1418 2087 peitittet,
1451 2019 1540 2087 qui
1573 2018 1665 2073 tibi
1707 2018 1912 2072 litteras
1941 2016 2096 2072 exbl-

511 2113 676 2168 bebit.
712 2112 972 2183 Fungitur
1010 2122 1186 2166 autem
1225 2112 1408 2166 militia
1439 2113 1489 2166 in
1520 2110 1734 2167 scriniis
1759 2113 2056 2167 litterarum
2084 2129 2095 2164 :

510 2205 594 2260 eui
623 2205 751 2258 satis
781 2205 897 2273 opis
937 2213 992 2259 et
1029 2204 1297 2260 felicitatis
1335 2205 1567 2269 eveniet,
1600 2206 1643 2259 si
1686 2203 1752 2258 ad
1796 2203 2098 2259 clientelam

511 2296 960 2366 iplwtditlisﬁinze
986 2299 1182 2352 domus
1209 2309 1313 2351 tua:
1343 2300 1600 2353 meruerit
1628 2299 1927 2368 pervenire.
1947 2293 2097 2352 Vale.

1074 2433 1293 2490 EPIST.
1327 2433 1538 2489 CXXV.

991 2563 1298 2604 SVIIIACIIUS
1335 2562 1622 2603 PATMJINO.

584 2663 937 2722 Athanasium
979 2662 1135 2717 bonis
1172 2661 1377 2716 artibus
1407 2662 1609 2716 clarum
1652 2659 1893 2716 securius
1918 2674 2105 2716 amare

514 2755 677 2824 ctrpi.
697 2763 992 2824 postquam
1007 2754 1075 2808 de
1097 2767 1162 2807 eo
1178 2755 1436 2822 judicium
1466 2765 1612 2807 tuum
1635 2754 1892 2823 comperi.
1915 2753 2102 2822 Magna

516 2850 665 2915 enim
693 2849 1040 2918 praerogativa
1070 2856 1172 2912 est,
1207 2847 1468 2916 placuisse
1496 2846 1934 2916 sapienti.Quare
1955 2861 2104 2901 com-

518 2940 859 2995 mendatione
887 2939 1004 3007 ejus
1030 2939 1296 3002 abstineo,
1329 2955 1396 2994 ne
1431 2940 1636 2994 minora
1667 2937 1910 3004 afferam,
1943 2954 2102 3010 quam

519 3042 572 3087 te
600 3031 766 3087 credo
793 3030 1013 3085 sentire.
1047 3030 1137 3083 Illa
1174 3045 1298 3099 pars
1319 3031 1448 3084 mihi
1481 3030 1699 3101 pronior
1733 3029 1880 3085 dictu
1919 3040 2021 3097 est,
2047 3040 2106 3086 ut

517 3139 667 3181 ames
698 3125 752 3180 in
780 3140 847 3182 eo
898 3141 1049 3195 spem
1096 3142 1255 3197 quam
1285 3128 1510 3193 dedisti,
1554 3126 1825 3198 addasque
1854 3129 2103 3182 inchoato

522 3218 782 3274 beneficio
810 3220 1216 3289 perfectionem.
1246 3222 1416 3288 Quam
1448 3222 1491 3275 si
1520 3221 1711 3292 aliquis
1735 3232 1960 3276 eventus
1989 3222 2103 3276 elu-

521 3311 672 3376 serit,
703 3309 878 3376 efﬁce,
907 3328 1004 3367 oro
1029 3322 1104 3379 te,
1129 3313 1328 3382 majora
1364 3315 1686 3383 prtcstando,
1719 3323 1780 3369 ut
1806 3314 1883 3370 illi
1906 3315 2102 3384 prioris

522 3406 626 3460 voti
653 3407 818 3474 prosit
839 3409 1079 3464 amissio.
1114 3408 1261 3464 Vale.

1076 3521 1290 3576 EPIST.
1318 3521 1549 3576 CXXVI.

996 3646 1303 3689 εῖκυοιιυε
1340 3649 1624 3690 ΡΑΤΒΗΧΟ.

593 3742 710 3798 Non
741 3759 935 3798 novum
977 3755 1137 3815 atque
1183 3747 1501 3801 intentatum
1538 3748 1712 3802 refero
1756 3748 2106 3818 postulatum,

526 3836 618 3891 sed
649 3835 788 3904 quod
820 3836 1090 3905 ingesmtn
1112 3838 1215 3892 tuis
1238 3839 1454 3893 auribus
1478 3854 1850 3908 recognoscas.
1882 3838 2109 3894 lllustris

528 3932 800 3983 memoriae
847 3931 941 3984 viri
983 3929 1158 3985 Rufini
1194 3930 1503 4001 exprmfecti
1537 3935 1682 3988 urbis
1725 3933 1857 3987 filias
1891 3943 2109 4003 paterna

529 4020 811 4076 affectione
849 4021 1082 4077 defendo
1119 4044 1130 4075 ;
1163 4039 1387 4093 quarum
1426 4025 1841 4082 sollicitudinem
1870 4043 1962 4096 per
1989 4041 2106 4093 vos,

531 4114 723 4183 quibus
747 4115 979 4186 reipubl.
1006 4131 1132 4172 cura
1153 4127 1256 4184 est,
1281 4130 1406 4188 opto
1433 4119 1610 4173 tutari.
1629 4119 1695 4174 Et
1717 4119 1838 4175 ideo
1864 4129 2110 4189 precator

531 4207 750 4276 accedo,
793 4220 850 4264 ut
892 4210 1144 4278 quidquid
1183 4211 1340 4265 clare
1374 4211 1615 4278 quidem,
1656 4211 1751 4266 sed
1788 4211 2112 4266 miserabilis

533 4300 724 4356 domus
749 4315 877 4355 usus
906 4302 1165 4371 exegerit,
1209 4301 1346 4356 facili
1378 4303 1755 4370 impetratione
1784 4312 2108 4357 mereantur.

535 4394 640 4454 lles
670 4408 899 4462 namque
929 4395 1033 4448 illis
1067 4404 1150 4448 est
1190 4409 1285 4463 per
1327 4395 1594 4463 Apuliam,
1642 4410 1745 4450 non
1789 4404 1895 4448 tam
1940 4394 2112 4448 reditu

534 4484 731 4552 ampla,
753 4499 912 4554 quam
943 4499 1127 4539 censu.
1161 4487 1282 4539 llaec
1313 4486 1412 4539 nisi
1447 4486 1705 4538 bonorum
1748 4485 1986 4554 iudicum
2014 4483 2116 4538 ful-

534 4579 705 4630 t-iatur
749 4576 968 4640 auxilio,
1022 4576 1249 4645 pubbeis
1291 4578 1544 4632 oneribus
1593 4577 1731 4631 fessa
1777 4577 2108 4632 succumbet.

535 4668 666 4736 Opis
705 4667 864 4736 igitur
892 4677 995 4721 tua:
1041 4669 1280 4722 levamen
1315 4678 1611 4738 exspectat.
1661 4668 1743 4722 Ile
1779 4684 1990 4738 quoque
2021 4670 2115 4723 tibi

541 4759 703 4813 facies
727 4761 913 4828 gratia:
937 4760 1255 4823 debitorem,
1283 4762 1326 4813 si
1365 4761 1513 4830 gravi
1544 4760 1781 4829 pondere
1809 4761 2000 4815 victam
2031 4774 2118 4816 sa-

501 4829 522 4846 .
543 4853 729 4910 lutaris
751 4852 999 4908 defensor
1029 4852 1286 4907 erexeris.
1325 4852 1473 4906 Vale.

1084 4987 1299 5044 EPIST.
1326 4986 1583 5046 CXXVII.

1016 5119 1326 5159 SVHUACHUS
1364 5120 1645 5160 PATRL’IAO.

617 5222 1006 5291 Promptiorem
1038 5237 1123 5274 me
1143 5222 1282 5276 eirea
1315 5223 1567 5277 llcreunii
1594 5222 1874 5277 laudabilis
1910 5223 2000 5276 viri
2034 5223 2126 5277 dc—

545 5315 841 5369 {elisionem
859 5314 1058 5384 judicia
1093 5325 1266 5369 vestra
1295 5315 1553 5370 fecerunt.
1591 5318 1760 5371 liabet
1786 5316 1927 5370 enim
1960 5317 2123 5385 pluri-

545 5423 690 5458 mum
719 5405 1006 5474 voluptatis
1026 5407 1240 5472 electio,
1268 5416 1320 5462 et
1337 5417 1630 5475 provocant
1653 5408 1889 5460 animum
1914 5419 2125 5475 sperata

547 5496 812 5562 praesidia.
845 5494 952 5549 Sed
979 5511 1154 5550 meum
1184 5510 1289 5550 non
1315 5507 1417 5562 est,
1458 5501 1659 5567 scripto
1685 5507 1956 5551 ostentare
1998 5497 2124 5565 quid

547 5587 757 5658 negotio
790 5587 1154 5654 promovendo
1193 5602 1320 5640 cura
1347 5597 1524 5641 nostra
1548 5587 1858 5641 contulerit.
1883 5587 2131 5642 Narrabit

548 5679 663 5734 lia-c
699 5677 846 5731 vobis
894 5677 982 5732 ille
1007 5695 1163 5746 quem
1191 5678 1443 5747 jutimus,
1470 5680 1626 5733 simul
1658 5677 1825 5747 ipsius
1854 5680 1927 5732 rei
1956 5679 2131 5735 exitus

548 5770 719 5823 officia
762 5769 1063 5825 testabitur.
1103 5769 1305 5824 Cuncta
1349 5770 1515 5842 enim,
1544 5786 1663 5839 qua:
1704 5771 1936 5838 direptio
1975 5784 2065 5839 spa
2081 5787 2131 5824 r-

550 5872 712 5934 set’at,
742 5861 1054 5936 inveStigata
1090 5875 1393 5935 patuerunt.
1438 5866 1617 5936 ltaque
1656 5864 1708 5921 in
1750 5864 1836 5936 jus
1867 5864 2129 5923 llcrennii

2185 571 2377 626 ai'erba
2414 573 2705 626 successio.
2746 570 2898 626 Nunc
2942 581 3135 626 vestra:
3173 572 3241 627 de
3276 589 3360 626 me
3390 573 3770 628 existimationi

2185 663 2383 731 gratias
2409 676 2508 728 ago
2549 671 2712 731 atque
2753 662 2925 716 habeo
2966 679 2981 714 :

2186 755 2324 821 apud
2347 754 2632 820 optimates
2645 754 2789 810 viros
2805 767 2925 810 esse
2942 769 3272 819 mansuram,
3285 754 3438 823 cujus
3454 755 3778 811 documenta

2187 849 2450 918 capiatis.
2487 845 2638 904 Vale.

3026 671 3078 715 et
3124 677 3285 730 spero
3314 662 3564 716 fiduciam
3603 664 3774 717 nostri

2697 938 2912 994 EPIST.
2955 938 3241 994 CXXVlll.

2665 1065 2976 1111 SVMIACHCS
3011 1067 3288 1109 ιἰιτιιειδο.

2259 1187 2428 1242 Amor
2457 1187 2508 1240 in
2547 1195 2598 1240 te
2637 1200 2786 1240 meus
2816 1200 2882 1240 ex
2918 1185 3145 1240 summis
3179 1184 3372 1254 opibus
3398 1185 3684 1251 annititur,
3714 1195 3776 1240 ut

2191 1279 2245 1334 in
2268 1279 2385 1336 dies
2405 1278 2646 1350 singulos
2678 1279 2942 1334 bonorum
2972 1278 3066 1333 tibi
3091 1280 3266 1335 cultus
3293 1280 3515 1336 accedat
3537 1298 3551 1335 :
3577 1291 3782 1336 tantum

2193 1375 2346 1430 abest
2387 1384 2440 1429 ut
2478 1375 2652 1428 sinam
2705 1381 2915 1429 veteres
2957 1374 3049 1430 tibi
3088 1376 3291 1430 amicos
3323 1377 3785 1432 insimulationuni

2194 1463 2536 1533 improbitate
2567 1464 2806 1533 decerpi.
2832 1463 2977 1519 Inter
2997 1480 3133 1534 quos
3153 1465 3235 1519 vir
3255 1468 3585 1522 clarissimus
3604 1468 3786 1538 Scipio

2194 1558 2449 1609 virtutum
2485 1565 2694 1609 tuarum
2716 1595 2734 1622 ,
2785 1571 2872 1612 me
2910 1572 3123 1627 quoque
3151 1567 3288 1614 teste
3309 1601 3326 1625 ,
3360 1559 3628 1626 laudatur,
3657 1577 3788 1630 spo-

2197 1648 2382 1703 liatum
2423 1663 2485 1703 se
2530 1662 2719 1704 amore
2761 1657 2855 1704 tuo
2899 1664 2997 1717 per
3041 1651 3262 1704 atmulos
3312 1654 3633 1722 iugemiseit.
3680 1655 3787 1710 Sed

2198 1739 2327 1793 mihi
2368 1739 2665 1794 verisimile
2709 1755 2814 1795 non
2851 1740 3086 1808 videtur,
3132 1741 3480 1798 stabilitatem
3521 1744 3684 1798 animi
3711 1743 3788 1798 tui

2199 1829 2505 1884 rumoribus
2531 1827 2679 1885 falsis
2710 1831 2948 1899 potuisse
2975 1832 3194 1897 mutari,
3227 1847 3349 1886 cum
3383 1832 3520 1888 bene
3541 1836 3792 1890 conscius

2202 1923 2320 1976 vita:
2365 1922 2497 1978 nihil
2545 1923 2596 1976 in
2626 1937 2686 1977 se
2716 1922 2993 1979 maledicis
3024 1923 3188 1979 licere
3223 1926 3566 1981 sermonibus
3600 1927 3793 1982 debeat

2198 2017 2487 2070 a'stimare.
2514 2016 2693 2083 Quare
2713 2016 2902 2071 hortor
2929 2025 2984 2072 et
3004 2017 3288 2086 deprecor,
3319 2017 3575 2088 despuas,
3604 2020 3652 2075 si
3683 2036 3792 2090 qua

2199 2121 2324 2166 sunt
2355 2110 2616 2166 inculcata
2661 2109 2940 2166 mendacia
2962 2151 2980 2178 ,
3018 2119 3181 2180 atque
3209 2112 3354 2167 hunc
3381 2111 3643 2168 honorem
3673 2127 3790 2169 me-

2201 2202 2320 2256 ritis
2349 2202 2454 2258 tuis
2484 2202 2760 2268 veridicos,
2809 2209 2871 2257 ut
2908 2201 3084 2272 qualis
3125 2201 3242 2272 ipse
3291 2215 3372 2269 es,
3413 2204 3578 2258 talem
3624 2212 3678 2258 te
3721 2203 3792 2258 ab

2200 2294 2451 2350 omnibus
2502 2294 2768 2362 intelligas
2807 2293 3060 2364 iudicari.
3108 2292 3280 2350 Nemo
3316 2296 3369 2348 in
3411 2303 3467 2351 te
3509 2296 3798 2351 transferat

2203 2387 2313 2442 odii
2359 2388 2439 2441 sui
2483 2387 2715 2442 semina.
2757 2385 2877 2441 Jam
2921 2386 3124 2442 dudum
3165 2386 3310 2442 enim
3339 2401 3510 2455 genus
3533 2397 3618 2443 est
3643 2388 3793 2452 artis,

2201 2478 2267 2533 ad
2314 2475 2535 2532 alendas
2579 2478 2723 2533 vires
2763 2476 3048 2533 discordia:
3089 2491 3225 2542 suae,
3261 2477 3553 2534 sollicitare
3593 2489 3797 2535 metum

2205 2573 2491 2642 potiorum.
2525 2570 2637 2625 Non
2669 2571 2757 2626 ibo
2784 2570 3016 2641 longius,
3047 2587 3168 2627 cum
3201 2571 3330 2626 mihi
3363 2571 3798 2642 impetrationem

2205 2664 2464 2732 spondeat
2513 2663 2771 2732 sapientia
2813 2677 3023 2717 morum
3063 2672 3301 2726 tuorum,
3335 2677 3496 2731 quam
3536 2671 3663 2732 puto
3703 2679 3798 2718 ea.

2207 2768 2360 2812 tenus
2400 2771 2777 2826 responsuram
2819 2756 3012 2813 litteris
3053 2757 3222 2823 meis,
3274 2766 3332 2810 ut
3373 2772 3480 2811 non
3513 2769 3621 2811 tarn
3650 2755 3803 2826 igno-

2207 2851 2345 2903 visse
2367 2858 2419 2904 te
2455 2849 2694 2918 Scipioni
2734 2864 2893 2920 quam
2923 2848 3054 2905 nihil
3077 2849 3144 2906 de
3166 2864 3231 2905 eo
3252 2863 3465 2906 asseras
3485 2851 3796 2907 credidisse.

2212 2939 2367 2998 Vale.

2754 3030 2978 3089 EPIST.
3007 3031 3248 3090 CXXIX.

2724 3159 2783 3201 εγ
2794 3161 3034 3202 νιλαιιυε
3071 3161 3280 3203 8111³10.

2276 3261 2468 3318 Curam
2491 3261 2558 3318 de
2582 3273 2634 3318 te
2661 3279 2835 3319 meam
2859 3265 2986 3320 nolo
3007 3279 3071 3320 ex
3088 3265 3314 3335 epistola
3338 3267 3600 3322 metiaris.
3621 3268 3794 3326 Pauca

2207 3356 2553 3411 salutantium
2583 3357 2746 3413 verba
2772 3368 2923 3428 sunt,
2956 3359 3051 3414 sed
3083 3370 3203 3415 vota
3237 3361 3461 3431 prolixa.
3496 3362 3675 3419 Liceat
3704 3363 3804 3434 igi-

2209 3457 2297 3501 tur
2333 3447 2528 3502 imitari
2566 3463 2695 3519 erga
2723 3459 2776 3504 te
2811 3451 3200 3518 parcimoniam
3242 3453 3578 3521 religionum,
3611 3455 3802 3525 quibus

2209 3539 2326 3609 iura
2352 3541 2606 3597 amicitiae
2631 3542 3005 3608 conferuntur,
3021 3552 3076 3598 et
3102 3542 3338 3599 ofﬁcium
3362 3546 3506 3616 pium
3531 3547 3682 3603 brevi
3706 3565 3802 3618 pa-

2208 3633 2328 3700 gina
2374 3642 2623 3703 tanquam
2665 3648 2834 3703 parvo
2873 3649 2984 3690 aere
3022 3636 3379 3704 persolvetur.
3429 3637 3614 3708 Neque
3653 3641 3798 3696 enim

2209 3723 2429 3780 devotio
2475 3726 2701 3795 requirit
2740 3741 3059 3782 excursum.
3121 3727 3240 3784 Tibi
3287 3738 3468 3786 autem
3512 3733 3802 3797 praescribo

2210 3815 2334 3884 styli
2360 3817 2642 3872 terminos.
2680 3817 2852 3872 Erunt
2878 3818 3010 3872 mihi
3031 3833 3153 3891 qua:
3168 3821 3236 3876 de
3258 3829 3313 3877 te
3337 3821 3622 3894 scripseris
3644 3824 3802 3880 nimis

2212 3922 2423 3977 magna,
2453 3909 2496 3962 si
2529 3908 2647 3962 laeta
2675 3909 2802 3963 sint.
2837 3908 2984 3965 Vale.

2774 4066 2990 4123 EPIST.
3021 4066 3238 4124 CXXX.

2721 4199 3034 4241 SVMIACIIOS
3071 4199 3279 4239 SIBIDIO.

2286 4297 2452 4366 ﬂgcr
2484 4305 2568 4351 est
2604 4297 2814 4352 animus
2853 4312 3004 4351 meus
3029 4338 3044 4362 ,
3083 4296 3319 4366 quandiu
3368 4295 3502 4351 fides
3554 4307 3700 4352 certa
3735 4297 3807 4355 sit

2215 4393 2356 4461 quod
2388 4403 2597 4462 portum
2621 4392 2868 4447 sanitatis
2898 4392 3207 4448 intraveris.
3253 4389 3388 4446 lluic
3412 4393 3806 4462 exspectationi

2215 4487 2512 4540 satisfacias
2541 4486 2685 4540 volo.
2712 4486 2826 4540 Non
2858 4487 3000 4542 enim
3034 4485 3166 4545 mihi
3196 4485 3458 4541 honorem
3505 4486 3620 4542 fieri
3647 4487 3806 4542 obse-

2219 4579 2344 4645 quio
2387 4577 2669 4643 litterario,
2721 4578 2816 4633 sed
2869 4592 3079 4648 magna:
3129 4576 3512 4633 sollicitudinis
3560 4578 3804 4635 levamen

2223 4671 2381 4725 tribui
2409 4681 2627 4744 exopto.
2667 4671 2819 4727 Vale.

2771 4805 2988 4864 EPIST.
3019 4805 3255 4864 CXXXI.

2725 4933 3032 4975 ευηηειωε
3069 4933 3279 4975 ειιιιωο.

2297 5033 2578 5104 Nunquam
2603 5033 2806 5089 efficies
2835 5031 3064 5099 silendo,
3098 5042 3155 5087 ut
3183 5047 3268 5087 tne
3310 5031 3376 5086 ad
3403 5046 3584 5100 parem
3614 5030 3810 5086 volun-

2233 5136 2396 5181 tatem
2433 5125 2594 5180 ducat
2628 5125 2879 5180 imitatio.
2917 5122 3106 5195 Cogito
3135 5123 3278 5178 enim
3307 5138 3410 5178 non
3439 5124 3564 5194 quid
3605 5133 3812 5194 tempo-

2234 5221 2332 5274 rali
2377 5232 2574 5284 causm,
2617 5217 2711 5272 sed
2759 5216 2885 5286 quid
2943 5217 3166 5287 perenni
3237 5215 3487 5272 amicitite
3532 5217 3812 5272 debeatur.

2235 5311 2473 5380 Cumque
2501 5310 2602 5364 sim
2626 5309 2730 5364 mei
2759 5309 2919 5365 ofilcii
2950 5322 3172 5363 severus
3202 5309 3424 5376 arbiter,
3454 5323 3636 5364 curam
3668 5315 3810 5363 tuam

2234 5419 2361 5460 casu
2402 5403 2596 5473 swpius
2643 5417 2802 5471 quam
2844 5401 3060 5457 fastidio
3107 5403 3269 5457 credo
3316 5416 3551 5458 cessare.
3602 5399 3706 5457 Sed
3745 5415 3812 5456 ne

2236 5497 2393 5566 longa
2437 5497 2686 5565 colloquii
2729 5495 3105 5566 intercapedo,
3134 5495 3378 5564 quamvis
3407 5497 3481 5549 tui
3520 5507 3809 5559 amantem,

2232 5598 2386 5657 rogat
2429 5588 2617 5644 timere
2661 5588 2999 5657 neglectum,
3047 5601 3233 5658 qumso
3275 5596 3585 5642 constanter
3633 5587 3812 5641 munia

2234 5680 2608 5735 familiaritatis
2648 5695 2920 5735 exerceas.
2957 5679 3074 5747 Quo
3117 5680 3261 5734 enim
3307 5691 3465 5748 pacto
3513 5678 3813 5750 intelligere

2235 5788 2451 5846 possum
2496 5781 2643 5840 grata
2675 5787 2795 5831 esse
2823 5789 2943 5847 qua:
2965 5772 3170 5842 defero,
3193 5773 3237 5828 si
3271 5773 3548 5844 negaveris
3575 5786 3693 5843 qua:
3722 5785 3807 5826 re-

2233 5865 2432 5937 posco?
2460 5864 2606 5920 Vale.
