4218 6464
405 367 510 428 Si?»

1585 374 1912 431 EPISTULA
1925 374 2066 430 Ιιυῖιι
2109 373 2310 431 LIBER
2348 375 2488 430 VIII.

3573 373 3677 433 3N

3253 498 3650 518 mm-‘

1358 597 1844 707 LIBER
1928 596 2368 704 ΟΟΤΑ
2388 596 2712 707 VUS.

890 761 1220 819 EPISTOLA
1260 760 1494 817 PRIMA.

472 859 813 926 Compertum
843 856 1040 922 habeo,
1056 855 1294 926 quolibet
1322 855 1586 910 honorum
1611 853 1846 910 culmine
1866 852 1986 908 ani-

401 968 545 1004 mum
583 964 729 1004 tuum
768 965 876 1004 non
905 951 1085 1004 solere
1116 949 1332 1002 mutari.
1368 947 1636 1017 Quidquid
1665 947 1806 1003 enim
1844 946 1982 1002 bene

402 1045 607 1100 meritis
636 1042 931 1099 honestatis
960 1041 1188 1106 accedit,
1229 1041 1281 1095 id
1312 1044 1543 1095 solutum
1577 1041 1746 1110 magis
1770 1038 1982 1093 videtur

400 1153 526 1192 esse
549 1151 708 1207 quam
741 1136 1058 1203 praestitum.
1085 1133 1152 1187 Et
1172 1131 1293 1187 ideo
1323 1133 1504 1186 mirari
1547 1147 1633 1184 me
1669 1145 1733 1184 ac
1763 1140 1982 1198 stupere

399 1230 681 1295 confiteor,
704 1243 801 1284 cur
831 1236 976 1282 tanta
1006 1226 1198 1282 virtute
1223 1236 1383 1296 atque
1418 1225 1750 1280 humanitate
1784 1221 1981 1292 praedi-

403 1335 510 1390 tus,
554 1321 876 1393 jampridem
919 1321 1062 1375 circa
1089 1334 1176 1373 me
1213 1333 1435 1373 munere
1482 1317 1776 1371 litterarum
1817 1314 1984 1368 absti-

402 1431 550 1472 neas.
599 1413 754 1482 Quod
802 1429 903 1485 ego
939 1411 1044 1468 etsi
1085 1426 1369 1468 causarum
1408 1410 1764 1480 occupatione
1813 1406 1981 1477 magis

399 1523 560 1579 quam
583 1507 857 1564 voluntate
884 1505 1118 1561 arbitror
1141 1504 1402 1560 accidisse
1421 1546 1437 1570 ,
1471 1512 1650 1557 tamen
1682 1516 1844 1558 orare
1873 1516 1980 1557 non

399 1604 587 1657 desino
625 1609 684 1657 ut
710 1614 994 1655 censuram
1016 1606 1162 1653 tuam
1195 1597 1364 1652 nostri
1404 1611 1699 1652 memorem
1731 1595 1981 1665 frequens

399 1709 579 1752 sermo
607 1692 862 1749 declaret.
896 1690 1045 1746 Vale.

1040 1781 1255 1839 EPIST.
1281 1781 1344 1836 II.

873 1893 1181 1933 SYHIIACIIUS
1222 1890 1508 1931 ALMACIIIO.

471 1973 598 2032 Mihi
627 1972 844 2045 quidem
873 1987 903 2026 a
937 1983 992 2026 te
1020 1970 1323 2036 multiplex,
1356 1981 1516 2039 atque
1545 1965 1749 2021 varium
1785 1978 1981 2019 munus

398 2069 694 2126 exhibitum
731 2073 852 2122 est:
880 2063 974 2120 sed
1003 2062 1210 2118 adverti
1240 2062 1559 2118 verecundia
1590 2061 1812 2123 factum,
1836 2056 1978 2127 quod

399 2161 492 2217 tibi
517 2160 568 2214 in
590 2156 819 2214 solidum
843 2169 1117 2211 assumere
1151 2154 1366 2209 noluisti
1391 2168 1604 2208 omnem
1627 2160 1863 2221 captum
1882 2149 1976 2205 sil-
2009 2135 2054 2195 Β

395 2253 595 2310 vestris
618 2259 892 2308 eventum.
937 2248 1070 2304 Nam
1102 2259 1189 2302 tua
1216 2247 1465 2319 indagine
1491 2257 1706 2316 captum
1739 2246 1979 2314 leporem

395 2344 676 2416 gloriatus,
699 2355 886 2410 aprum
912 2339 1138 2396 serviles
1162 2353 1350 2393 manus
1375 2339 1573 2394 asseris
1598 2338 1872 2392 incidisse.
1897 2337 1978 2392 An

394 2436 613 2494 szcvitas
653 2436 780 2489 ferte
825 2432 1041 2502 indigna
1087 2432 1180 2486 tibi
1210 2433 1321 2488 visa
1347 2443 1451 2499 est,
1489 2448 1645 2502 quam
1683 2431 1825 2485 laudi
1849 2445 1977 2500 pro-

398 2528 530 2598 pi-ian
563 2525 902 2582 vindicaret?
929 2523 1034 2580 Sed
1074 2522 1189 2579 haec
1219 2523 1344 2593 joco
1381 2523 1522 2578 dicta
1564 2524 1784 2579 ridebis.
1828 2521 1980 2578 Nunc

394 2623 498 2678 alia
545 2636 664 2690 qure
702 2618 772 2674 de
811 2632 896 2675 tne
938 2617 1165 2685 requiris
1219 2618 1460 2672 adverte.
1507 2617 1702 2673 Diebus
1739 2617 1980 2687 pauculis

394 2715 560 2768 etiam
583 2727 724 2767 nunc
748 2711 946 2765 morari
974 2709 1166 2778 Capuae
1193 2709 1460 2764 destinavi
1481 2709 1707 2775 ;dehinc
1730 2709 1982 2764 mutatio-

394 2809 556 2861 nibus
599 2804 900 2861 vicinorum
947 2812 1116 2857 totum
1160 2801 1302 2856 hunc
1348 2814 1591 2855 mensem
1647 2800 1976 2870 producere;
2031 2868 2034 2870 γ

395 2910 557 2968 atque
577 2898 670 2966 ita,
700 2896 745 2951 si
775 2894 847 2949 dii
869 2895 1106 2965 juveriut
1125 2892 1730 2963 voluntatem,relegere
1749 2892 1977 2962 Appiani

395 3001 584 3059 potero
614 2988 857 3044 molesta:
883 3001 1100 3041 accessu
1134 2985 1347 3041 hiemis.
1387 2984 1534 3040 Vale.

1025 3077 1239 3134 EPIST.
1276 3078 1362 3133 III.

860 3185 1170 3227 SYIIIACIIUS
1208 3186 1525 3227 FIIUC‘I’IANO.

468 3265 795 3322 Sollicitatus
824 3264 1140 3334 jamdudum
1192 3263 1383 3319 litteris
1439 3263 1543 3319 tuis
1577 3266 1758 3320 tandiu
1789 3280 1975 3335 angar,

394 3357 630 3430 quandiu
660 3357 727 3412 de
761 3366 814 3412 te
843 3354 1076 3409 secunda
1117 3368 1462 3425 cognoscam.
1503 3355 1640 3421 Quid
1676 3357 1859 3426 igitur,
1893 3360 1978 3412 vel

399 3449 730 3505 medicorum
771 3447 998 3513 curatio,
1038 3447 1122 3502 vel
1163 3448 1490 3502 abstinentia
1521 3460 1607 3502 tua
1637 3451 1705 3501 ad
1748 3451 1975 3504 salutem

399 3543 756 3614 promoverit,
795 3548 923 3607 opto
951 3553 1301 3608 cognoscere.
1329 3541 1446 3609 Ipse
1473 3542 1630 3596 bona:
1658 3541 1980 3598 valetudinis
2005 3517 2052 3580 (ἶ

397 3649 620 3704 compos
647 3635 883 3690 revisere
911 3633 1136 3701 patriam
1177 3632 1390 3688 fortuna
1420 3635 1747 3705 suffragante
1773 3638 1978 3691 consti-

399 3726 498 3793 tui,
531 3728 839 3796 priusquam
870 3727 1021 3782 labor
1050 3727 1300 3783 itinerum
1330 3743 1585 3798 processu
1636 3728 1834 3784 adulta:
1860 3729 1978 3786 bie-

399 3823 502 3877 mis
529 3830 807 3893 augeatur.
840 3821 988 3878 Vale.

1011 3910 1225 3968 EPIST.
1265 3912 1356 3967 IV.

871 4020 1180 4062 διηκιειιυε
1221 4021 1494 4062 ωιιιλιςο.

472 4096 680 4152 Primas
722 4096 929 4152 litteras
984 4108 1176 4165 sponte
1223 4098 1497 4163 tribuisti;
1548 4100 1813 4154 secundas
1858 4114 1976 4155 mea

399 4203 526 4243 cura
556 4188 716 4243 debet
758 4189 976 4243 elicere.
1005 4189 1167 4244 Sume
1200 4189 1360 4258 igitur
1388 4191 1786 4256 salutationem,
1821 4207 1977 4260 quam

399 4281 766 4336 vicissitudine
786 4283 1106 4348 munereris,
1122 4282 1379 4349 polliceor
1398 4283 1581 4340 itidem
1605 4300 1724 4338 cum
1750 4301 1976 4356 respon-

399 4374 477 4428 sis
500 4373 604 4428 tuis
633 4373 780 4443 paria
806 4387 892 4428 me
915 4371 1200 4428 facturum.
1223 4373 1375 4429 Vale.

1029 4463 1244 4520 EPIST.
1291 4464 1353 4517 V.

821 4569 1135 4612 σηιιΑαιιυε
1171 4571 1555 4612 ιιιιιεσιιιιιιω.

474 4649 669 4706 Essent
689 4646 820 4703 mihi
847 4657 1015 4718 grata:
1044 4648 1236 4704 littera:
1263 4658 1389 4713 tuae,
1417 4650 1500 4704 vel
1529 4649 1573 4704 si
1597 4647 1728 4705 nihil
1759 4649 1828 4706 de
1846 4652 1982 4708 meis

397 4742 540 4811 apud
569 4739 804 4796 Africam
832 4739 1037 4795 meritis
1069 4754 1134 4795 ac
1170 4740 1418 4796 laudibus
1453 4743 1813 4800 continerent.
1847 4744 1980 4802 Nam

402 4853 451 4890 ut
489 4834 616 4890 mihi
661 4833 829 4890 decus
865 4832 1103 4903 aliquod,
1155 4834 1226 4888 ita
1269 4834 1362 4888 tibi
1405 4848 1500 4904 pro
1540 4845 1720 4891 mutua
1749 4840 1980 4894 amicitia

2007 760 2059 820 Α
2088 759 2341 812 turnitate
2385 763 2667 817 macerari.
2714 760 2908 830 Queso
2955 765 3204 820 custodes
3248 765 3506 820 bonorum
3545 767 3672 821 deos

2085 852 2376 905 valetudini
2411 863 2509 906 lue
2551 856 2788 909 medicas
2815 858 3084 924 applicent
3121 874 3309 910 manus
3338 879 3346 910 ε
3385 876 3449 912 :ze
3483 859 3669 922 optimi

2084 944 2349 998 senatoris
2376 945 2529 1014 longa
2559 949 2772 1000 vexatio
2794 947 2949 1002 fidem
2984 949 3161 1011 faciat,
3187 949 3314 1004 nihil
3338 966 3528 1005 curare
3554 966 3668 1005 cm-

2085 1035 2267 1100 lestes,
2297 1052 2324 1088 a
2357 1053 2460 1107 qua
2485 1038 2739 1106 Opinione
2769 1040 3051 1105 dissentio,
3099 1053 3256 1110 teque
3298 1045 3542 1109 protinus
3567 1057 3671 1110 0pc

2082 1133 2397 1186 salutarium
2426 1143 2748 1202 potestatum
2779 1135 2968 1191 solida:
3007 1139 3218 1191 sanitati
3252 1154 3517 1206 pnesumo
3543 1138 3670 1192 red-

2081 1222 2343 1290 dendum,
2364 1226 2407 1278 si
2434 1227 2594 1279 modo
2616 1227 2728 1296 ipse
2750 1230 2938 1293 plenus
2964 1231 3077 1299 spei
3100 1231 3236 1285 laetis
3260 1229 3670 1300 cogitationibus

2083 1316 2335 1372 eluctcris
2366 1317 2612 1372 adversa.
2653 1318 2800 1372 Vale.

2696 1411 2912 1467 EI’IST.
2955 1411 3061 1467 VII.

2559 1515 2865 1556 BYNIACIIUS
2894 1519 3186 1560 CAPREOLO.

2153 1593 2489 1648 Adventante
2522 1593 2716 1648 Euscio
2746 1598 2954 1663 speravi
2988 1596 3191 1652 litteras
3223 1608 3368 1664 tuas;
3409 1597 3502 1652 sed
3533 1597 3670 1653 fidu-

2085 1686 2218 1740 ciam
2250 1700 2406 1739 casus
2436 1685 2643 1740 fefellit.
2696 1688 2803 1756 Ego
2850 1697 3028 1742 tamen
3075 1689 3274 1745 silentii
3322 1691 3396 1744 tui
3437 1691 3669 1745 imitator

2083 1794 2205 1833 esse
2232 1794 2336 1832 non
2367 1779 2545 1846 potui,
2578 1794 2743 1847 quare
2779 1780 3032 1837 indeliitis
3069 1781 3257 1853 fungor
3295 1783 3542 1853 alloquiis
3570 1801 3584 1838 :
3612 1791 3669 1838 ut

2081 1872 2171 1938 qui
2207 1871 2400 1939 pra'sul
2435 1871 2591 1939 hujus
2622 1870 2784 1926 officii
2813 1888 2934 1928 esse
2973 1873 3235 1929 debueras
3262 1920 3277 1940 ,
3317 1875 3549 1947 exempli
3577 1889 3670 1931 nes

2079 1965 2331 2020 cessitate
2357 1963 2424 2017 ad
2449 1962 2777 2032 diligentiam
2805 1967 3130 2033 proveceris.
3158 1966 3311 2022 Vale.

2668 2099 2887 2156 EPIST.
2927 2099 3065 2155 VIII.

2578 2205 2890 2247 STMIACIIUB
2926 2207 3166 2249 ευσεβιο.

2155 2300 2338 2356 Fuerit
2368 2302 2704 2357 verecundia
2734 2313 2857 2371 tute,
2888 2303 3031 2372 quod
3069 2304 3327 2361 hactenus
3355 2305 3488 2361 nihil
3516 2306 3670 2364 nobis

2083 2394 2303 2464 alloquii
2331 2393 2566 2449 detulisti
2598 2413 2611 2446 :
2644 2410 2785 2450 nunc
2813 2411 2968 2451 sume
2999 2396 3267 2462 fiduciam,
3299 2413 3458 2466 quam
3491 2400 3557 2453 ad
3589 2401 3669 2453 in-

2082 2487 2427 2542 vitamentum
2456 2486 2830 2542 familiaritatis
2861 2487 3150 2556 ingerimus
3169 2530 3186 2555 ,
3218 2499 3272 2544 et
3299 2501 3478 2557 gratas
3505 2491 3668 2546 fuisse

2085 2580 2287 2635 litteras
2315 2594 2460 2634 meas
2484 2580 2750 2634 sermonis
2775 2559 3089 2636 assiduitate
3118 2590 3336 2638 testare.
3372 2581 3520 2638 Vale.

2707 2711 2924 2767 EPIST.
2967 2711 3061 2767 IX.

2561 2819 2866 2859 SHHIAMIUS
2905 2820 3194 2861 HARTIANO.

2152 2895 2471 2963 Scriptionis
2498 2896 2735 2964 auspicio
2761 2895 3003 2950 fiduciam
3037 2906 3178 2950 tuam
3207 2911 3460 2967 provoco.
3495 2895 3671 2963 Quare

2083 2986 2462 3042 familiaritatis
2485 2995 2679 3039 nostra:
2700 2987 2901 3040 aditum
2931 2985 3209 3057 ingredere
3237 3003 3475 3042 securus.
3507 2987 3672 3042 Vicis-

2080 3074 2257 3130 situdo
2285 3073 2447 3128 officii
2480 3073 2551 3125 toi
2583 3073 2784 3140 faciet,
2827 3082 2884 3127 ut
2919 3073 3165 3129 inchoata
3197 3091 3290 3146 per
3319 3091 3406 3131 nte
3438 3075 3672 3131 amicitia

2080 3166 2435 3222 convalescat.
2470 3163 2618 3220 Vale.

2718 3259 2931 3315 EPIST.
2973 3259 3041 3314 Χ.

2592 3367 2898 3407 εγιιωιοιιυς
2938 3367 3155 3407 IBENBO.

2155 3444 2516 3513 ExSpectasse
2541 3451 2593 3498 te
2621 3444 2850 3497 arbitror
2883 3443 3089 3496 litteras
3120 3458 3287 3505 meas,
3324 3442 3455 3498 utin
3488 3453 3669 3500 mutua

2084 3536 2259 3591 oflicia
2293 3546 2610 3605 provocatus
2637 3533 3159 3601 erumperes..Sume
3188 3537 3346 3603 igitur
3369 3551 3670 3591 sermonem

2083 3627 2238 3695 cujus
2268 3630 2508 3694 sequeris
2538 3627 2864 3692 exemplum.
2915 3625 3016 3678 Ero
3044 3625 3266 3694 posthac
3310 3631 3358 3679 in
3390 3626 3674 3682 scribendo

2083 3719 2411 3789 diligentior,
2440 3720 2485 3773 si
2531 3721 2720 3789 emptis
2758 3718 2956 3772 nostris
2985 3717 3294 3774 vicissitudo
3326 3719 3671 3792 respondi-at.

2085 3812 2236 3870 Vale.

2704 3904 2918 3961 EPIST.
2958 3903 3050 3960 XI.

2635 4012 2962 4055 ετκηλοιιυε.
2989 4041 3005 4054 .
3027 4037 3046 4054 ο
3069 4038 3086 4056 ο
3110 4039 3128 4055 ο

2155 4111 2382 4168 Affectio
2411 4112 2463 4167 in
2491 4120 2544 4166 te
2561 4112 2726 4166 animi
2751 4113 2858 4167 mei
2889 4128 2993 4168 non
3018 4113 3208 4168 litteris
3235 4116 3546 4169 :estimanda
3566 4125 3671 4170 est.

2084 4206 2290 4275 Religio
2321 4205 2462 4259 enim
2498 4205 2600 4259 fide
2640 4204 2870 4272 pectoris
2906 4205 3211 4260 continetur
3242 4228 3255 4262 :
3287 4208 3337 4261 in
3381 4209 3666 4263 verborum

2083 4298 2274 4354 officiis
2297 4298 2427 4352 latet
2466 4299 2778 4366 plerumque
2799 4299 3092 4352 amulatio.
3123 4298 3298 4365 Quare
3330 4300 3421 4354 tibi
3453 4302 3506 4354 in
3535 4305 3672 4356 scri-

2085 4391 2258 4446 bendo
2282 4391 2452 4444 rarior
2471 4390 2673 4457 videar,
2697 4388 2829 4443 nihil
2850 4391 3019 4443 amori
3041 4390 3314 4446 existimes
3333 4391 3669 4462 decerptum.

2087 4483 2154 4539 Et
2180 4497 2326 4553 strpe
2353 4483 2533 4538 evenit
2569 4493 2627 4536 ttt
2655 4483 2903 4538 homines
2951 4481 3026 4537 tui
3059 4497 3158 4538 nec
3183 4483 3532 4553 profectionis
3558 4499 3670 4539 sua

2087 4577 2215 4632 mihi
2246 4575 2500 4631 indicium
2533 4574 2760 4641 faciant,
2798 4586 2854 4630 et
2890 4586 3104 4630 mutuas
3133 4577 3352 4645 paginas
3379 4590 3483 4630 non
3510 4591 3668 4645 repo-

2085 4677 2253 4723 scant.
2304 4667 2409 4723 Sed
2437 4667 2503 4722 de
2533 4669 2637 4722 hoc
2676 4667 2820 4736 loqui
2863 4667 3064 4737 largius
3106 4683 3214 4722 non
3263 4679 3477 4738 oportet
3507 4686 3518 4721 :
3547 4670 3670 4738 quia

2085 4759 2284 4816 sufficit
2324 4759 2526 4813 amanti
2569 4758 2747 4813 brevis
2784 4764 2836 4811 et
2875 4757 3118 4813 districta
3165 4760 3427 4828 purgatio.
3483 4759 3564 4815 Ad
3606 4775 3670 4816 ea

2089 4862 2300 4905 transeo
2336 4866 2454 4919 qua:
2508 4849 2724 4918 utrique
2753 4849 2926 4904 votiva
2955 4858 3102 4905 sunt.
3137 4849 3408 4905 llilaratus
3435 4866 3553 4906 sum
3579 4866 3672 4908 sa-

403 4927 654 4994 gaudium
682 4925 1068 4995 praestiterunt.
1095 4924 1230 4981 Hinc
1260 4925 1456 4982 factum
1481 4938 1583 4993 est,
1613 4939 1668 4982 ιιι
1698 4930 1979 4997 epistolam
2012 4901 2060 4962 Β
2091 4942 2270 5001 uitatis
2299 4901 2403 4996 [uim
2442 4901 2672 5010 nuntio.’
2715 4950 2770 4996 ει
2813 4941 3051 5010 rependo
3074 4983 3092 5008 ν
3123 4956 3230 5010 quo
3257 4945 3508 5011 gaudeas,
3539 4943 3671 5000 Nam

405 5021 560 5074 Letus
587 5018 886 5075 emitteres.
919 5017 1202 5073 Exsultans
1231 5018 1425 5088 quippe
1465 5021 1675 5076 animus
1701 5023 1979 5091 gloriatur,

403 5123 461 5168 et
488 5111 848 5174 ostentatione
895 5113 978 5166 sui
1016 5127 1124 5167 non
1164 5123 1340 5184 potest
1377 5115 1670 5172 abstinere.
1705 5118 1810 5173 Pro
1837 5129 1984 5177 tanto

405 5206 566 5273 igitur
592 5203 646 5258 In
673 5218 773 5258 nos
795 5218 982 5259 amore
1001 5203 1226 5260 deorum
1251 5206 1548 5274 benignitas
1574 5218 1624 5264 te
1650 5225 1980 5269 muneretur.

408 5297 618 5354 Etenim
655 5312 778 5352 cum
806 5297 923 5366 ipse
951 5312 1037 5351 me
1063 5312 1169 5352 non
1199 5297 1458 5355 solvendo
1485 5300 1701 5367 dignum
1731 5305 1981 5376 arbitrer,

403 5392 475 5447 ad
501 5392 670 5446 vicem
700 5405 836 5445 mea:
861 5393 1065 5461 gratizr,
1099 5392 1332 5448 favorem
1366 5392 1458 5449 tibi
1490 5396 1724 5464 praesidii
1747 5401 1986 5457 caelestis

404 5494 624 5556 exopto.
655 5484 802 5540 Vale.

1029 5576 1242 5633 Εῐηςτ.
1287 5579 1372 5634 \‘I.

910 5685 1221 5725 SYDHILCIIUS
1257 5685 1480 5730 εενειιθ.

481 5764 658 5821 Grata
699 5765 914 5836 quidem
952 5780 1166 5832 semper
1194 5764 1391 5820 littere
1441 5776 1544 5821 tum
1582 5783 1724 5823 nunc
1764 5768 1988 5838 legentis

406 5863 644 5919 animum
669 5857 1093 5928 tuometderutit,
1113 5874 1234 5915 cum
1265 5868 1316 5917 te
1343 5858 1642 5919 indicarent
1671 5865 1841 5921 morbi
1869 5863 1987 5921 diu-

2089 5035 2194 5091 mei
2216 5050 2428 5104 quoque
2448 5033 2688 5103 corporis
2708 5035 2858 5104 vigor
2887 5044 3005 5104 post
3028 5033 3292 5089 infirmam
3315 5035 3671 5091 valetudinem

2086 5128 2252 5201 coepit
2280 5142 2582 5198 assurgere.
2623 5125 2778 5182 Vale.

2690 5215 2909 5273 EPIST.
2950 5216 3068 5272 XII.

2606 5322 2914 5365 δῖιιιιλειιυς
2943 5323 3167 5363 ΡΑςΑτο.

2165 5405 2228 5460 Et
2260 5406 2310 5459 in
2336 5402 2640 5460 deferendis
2661 5412 2714 5456 et
2739 5403 2791 5457 in
2816 5402 3170 5471 rependendis
3194 5400 3286 5456 tibi
3315 5401 3504 5457 litteris
3532 5402 3674 5458 desi-

2092 5499 2213 5556 dem
2245 5516 2327 5554 mc
2357 5501 2590 5554 arbitror
2617 5514 2721 5554 non
2753 5498 2945 5554 videri.
2995 5499 3169 5564 Quare
3190 5538 3204 5560 ,
3233 5500 3330 5551 etsi
3361 5499 3576 5553 memini
3605 5501 3672 5556 ad

2094 5601 2146 5647 te
2190 5592 2377 5647 diebus
2421 5590 2675 5659 proximis
2721 5590 2892 5645 officia
2934 5601 3111 5646 nostra
3158 5607 3447 5647 manasse:
3489 5607 3670 5648 curam

2094 5692 2269 5737 tamen
2299 5684 2460 5737 etiam
2501 5682 2680 5738 debito
2709 5682 2893 5740 fenore
2929 5684 3193 5739 sermonis
3220 5685 3444 5738 absolvi.
3493 5685 3596 5739 Sed
3627 5686 3672 5740 si

2094 5787 2327 5843 ttnquam
2356 5773 2502 5827 brevi
2537 5773 2819 5828 intervallo
2856 5787 2984 5828 usus
3017 5774 3116 5830 iste
3142 5775 3471 5842 cessaverit,
3512 5778 3672 5830 velim

2091 5863 2294 5935 cegites
2334 5863 2684 5922 amicitiarum
2725 5881 2832 5923 non
2871 5865 3066 5938 frigere
3097 5877 3420 5939 resloectutn.
3465 5867 3672 5939 Religio
