4218 6450
544 337 644 394 315

1700 344 1766 412 Q.
1807 341 2151 398 AURELIUS
2191 339 2626 400 SYSIMACIIL'S.

3716 353 3825 409 316

534 449 676 502 enim
704 450 872 522 magis
905 450 1006 508 fide
1035 453 1199 509 animi
1225 455 1492 512 metienda
1537 466 1617 511 cst
1673 473 1833 526 quam
1878 465 2118 512 oSIeuta-
2151 458 2201 513 Α
2228 458 2372 523 quin.
2407 469 2460 511 ιιι
2491 470 2570 512 est
2604 473 2752 512 mens
2785 467 2870 514 tua
2899 461 3091 528 quietis
3122 463 3334 529 cup‘ila,
3370 465 3560 519 malles
3593 469 3820 536 negetiis

535 543 677 597 tione
705 545 1015 601 verborum.
1043 547 1195 602 Vale.

1139 638 1351 694 EPIST.
1385 638 1520 694 XIII.

981 747 1290 788 δῖκκλσῐιῠδ
1333 749 1696 791 Αμοιιοιδοιθ.

605 817 924 876 Pervenisse
952 823 1186 878 arbitror
1212 824 1429 891 famam,
1458 841 1576 896 qua
1601 836 1652 881 te
1682 825 1983 880 absolutum
2015 840 2124 880 non

534 913 698 966 modo
722 913 972 979 honoris,
1006 929 1193 968 verum
1223 917 1384 968 etiam
1415 930 1663 970 curarunt
1697 912 1843 970 fasce
1870 918 2122 984 volgavit.

2229 549 2446 603 rusticis
2476 549 2768 606 immoriri.
2811 551 2936 605 libi
2973 553 3351 609 suburbanitas
3380 558 3577 626 pedum
3607 569 3823 629 a-grttu-

2225 638 2351 696 diue
2380 641 2639 696 laboranti
2667 645 2834 711 magis
2861 645 3052 698 solatio
3086 661 3243 714 quam
3286 649 3543 716 voluptati
3567 661 3672 706 est.
3695 652 3824 706 Nul-

2228 731 2331 784 lam
2356 731 2744 799 iucunditatem
2773 736 2939 790 tristis
2979 737 3150 793 morbi
3186 753 3378 794 sensus
3416 741 3673 796 admittit.
3715 742 3821 796 Sed

2225 836 2387 891 spero
2408 867 2424 891 ,
2462 828 2506 880 si
2539 825 2900 884 innocentiam
2935 830 3115 886 divina
3160 834 3491 901 respiciunt,
3537 843 3592 889 et
3621 835 3820 892 forensi

2225 916 2604 974 observatione
2646 921 2964 977 sanandum.
3007 923 3205 978 Gratus
3244 936 3300 980 et
3348 925 3522 982 facilis
3568 927 3693 988 erit.
3726 938 3820 983 aet

535 1003 593 1057 Si
625 1004 695 1056 ita
719 1015 824 1068 est,
855 1021 950 1060 ero
981 1006 1074 1060 tibi
1107 1021 1248 1060 nunc
1273 1007 1620 1062 contirmator
1648 1007 1774 1062 boni
1813 1008 1942 1063 olim
1983 1009 2132 1063 desi-
2229 1009 2358 1062 milii
2391 1010 2612 1067 Romam
2637 1015 2862 1080 reditus,
2891 1026 2983 1070 aut
3013 1017 3110 1072 tibi
3139 1019 3203 1072 ad
3231 1035 3440 1089 agrum,
3469 1021 3520 1074 in
3543 1034 3657 1090 quo
3676 1037 3821 1077 nunc

533 1095 728 1150 derati.
763 1099 871 1152 Mea
901 1114 1020 1152 cum
1050 1100 1162 1154 lilio
1190 1101 1392 1154 sanitas
1421 1116 1522 1170 ope
1550 1101 1852 1155 divinitatis
1875 1102 1928 1154 in
1953 1101 2129 1154 solido

534 1199 640 1243 est.
671 1190 793 1244 Tibi
819 1203 875 1244 ut
895 1204 951 1245 et
980 1194 1126 1246 salus
1153 1193 1352 1258 valida,
1381 1204 1436 1248 et
1461 1194 1665 1248 reditus
1693 1191 1817 1248 felix
1842 1194 2124 1260 secundet,

535 1291 642 1335 tam
676 1298 853 1338 ltoatl'a
887 1296 1004 1338 vota
1035 1300 1192 1354 quam
1224 1294 1311 1337 tua
1343 1288 1531 1340 merita
1564 1286 1911 1354 praestabunt.
1945 1285 2098 1342 Vale.

1125 1376 1347 1432 EPIST.
1388 1375 1526 1431 XIV.

821 1481 1130 1522 SYMWACIIUS
1169 1483 1465 1522 CECILIANO
1496 1483 1563 1523 ετ
1601 1482 1840 1523 ΡΙΟΒΙΧΟ.

605 1557 836 1612 Abundo
869 1559 1080 1623 laetitia,
1154 1570 1439 1632 postquam
1477 1560 1660 1614 valere
1687 1573 1783 1612 vos
1813 1558 2006 1623 didici,
2033 1573 2129 1612 no-

533 1662 763 1722 stra'que
787 1652 1046 1707 amicitia:
1085 1655 1228 1708 inter
1263 1654 1596 1723 negotiorum
1633 1652 1764 1706 dura
1798 1654 2124 1708 meminisse.

537 1741 644 1799 Sed
675 1745 890 1811 quando
929 1743 1021 1798 liet
1067 1752 1127 1798 ut
1177 1744 1383 1799 solatiis
1412 1746 1711 1798 litterarum
1739 1747 1931 1797 damna
1963 1745 2131 1799 absti-

2228 1101 2472 1156 diversor
2491 1142 2508 1166 ,
2537 1118 2815 1160 excursus.
2848 1106 2998 1160 Vale.

2821 1197 3035 1253 EPIST.
3081 1199 3222 1254 XIX.

2719 1299 3028 1342 ενιιλαιυδ
3057 1305 3336 1345 ΡΑΤΙΙἸΙΙΟ.

2299 1373 2478 1441 Ipsum
2519 1384 2572 1430 te
2617 1379 2758 1430 male
2779 1419 2792 1440 ,
2821 1393 2980 1448 quam
3022 1382 3372 1436 delinimenta
3399 1384 3707 1438 verborum.
3739 1384 3821 1439 Tu

2229 1479 2415 1521 contra
2445 1471 2692 1537 epistolis
2718 1470 2976 1525 absentia:
3004 1487 3183 1526 moras
3208 1474 3450 1528 redimis.
3484 1476 3625 1542 Quid
3650 1476 3697 1530 si
3723 1478 3822 1532 tibi

2231 1559 2599 1626 respondisset
2623 1561 2899 1629 optituitas
2924 1565 3142 1630 segetis.
3173 1571 3264 1617 aut
3293 1565 3577 1618 vindemia
3602 1567 3821 1619 arrisis-

2232 1656 2313 1702 sct
2350 1649 2599 1706 ubertas?
2643 1652 2891 1708 Omnium
2935 1661 3233 1721 temporum
3277 1656 3427 1709 vices
3454 1656 3508 1710 in
3533 1658 3644 1709 otio
3681 1657 3823 1711 rutis

2233 1741 2477 1807 exigeres
2503 1783 2517 1805 ,
2566 1747 2656 1813 qui
2708 1747 2890 1812 pati-ite
2943 1746 3136 1801 famem
3167 1753 3309 1815 agris
3353 1748 3684 1802 demorando
3713 1765 3818 1801 non

535 1837 734 1890 neuti:
774 1837 1114 1890 sarciantur?
1163 1836 1274 1906 Ego
1319 1848 1496 1891 autem
1543 1851 1637 1890 vos
1687 1837 1950 1904 pratoriis
1993 1837 2127 1891 meis
2163 1819 2208 1880 Β
2239 1833 2480 1899 respicis.
2535 1835 2613 1890 Au
2661 1839 2779 1892 solo
2803 1839 3006 1907 iuvaris
3045 1841 3308 1906 aucupio,
3338 1839 3492 1907 cuius
3543 1857 3627 1895 me
3671 1851 3817 1910 parte

535 1927 770 1982 fascibus
804 1931 1010 1997 primos
1036 1930 1297 1982 interesse
1329 1928 1610 1983 voluissem
1633 1969 1647 1991 ,
1688 1926 1942 1996 festisque
1980 1943 2127 1983 como

540 2021 790 2072 munibus
818 2019 983 2072 decus
1023 2018 1217 2073 facere.
1261 2019 1365 2074 Sed
1394 2018 1558 2073 feram
1589 2033 1807 2073 necesse
1832 2027 1914 2073 est
1935 2061 1949 2081 .
1979 2032 2126 2072 ante-

537 2107 664 2162 ferri
689 2110 816 2161 milii
849 2125 1057 2161 causam
1078 2118 1312 2163 senatus.
1341 2109 1516 2176 Quare
1542 2107 1592 2162 in
1619 2109 1986 2177 superioribus
2007 2124 2127 2164 ver-

537 2200 618 2253 bis
657 2201 906 2256 desiderii
958 2201 1126 2270 magis
1184 2203 1500 2256 coritcstatio
1543 2212 1622 2255 est
1651 2244 1664 2266 ,
1710 2217 1866 2271 quam
1907 2201 2122 2269 querela

535 2289 760 2345 dissiilii.
807 2293 1088 2346 l’rnstabit
1117 2295 1415 2347 etnlestium
1444 2291 1616 2355 favor.
1649 2302 1708 2346 ut
1737 2293 1999 2348 mandatis
2037 2309 2126 2362 pa-

535 2389 651 2440 tria:
700 2386 960 2449 absoluti.
1007 2387 1105 2441 iter
1135 2387 1260 2442 felix
1301 2388 1366 2442 ad
1410 2387 1655 2442 Indorum
1703 2396 2010 2444 nostrorum
2037 2404 2125 2444 so-

531 2480 709 2536 lemne
739 2483 1008 2552 relegatis.
1059 2483 1262 2538 Valete.

1144 2573 1355 2630 liI'IST.
1399 2573 1513 2630 XV.

1031 2681 1341 2721 SYMSIACHUS
1374 2682 1614 2724 Λιιενιυ,

606 2754 680 2808 Et
711 2756 891 2810 deliito
920 2759 1061 2811 venit
1087 2774 1266 2812 sermo
1309 2761 1398 2828 qui
1432 2761 1689 2825 redditur,
1723 2776 1784 2814 es
1841 2761 2122 2829 beneﬁcio,

529 2848 621 2917 qui
668 2859 857 2919 spotslu
907 2851 1169 2904 defertur.
1217 2850 1480 2904 Secondat
1523 2852 1653 2906 milii
1705 2863 1882 2920 partes
1923 2853 2124 2908 relicta:

530 2947 654 2991 sunt
681 2979 697 3003 ,
730 2953 1011 3010 postquam
1058 2943 1229 3011 stilus
1278 2951 1400 2994 tuus
1442 2957 1564 2996 mea
1592 2944 1786 3011 scripta
1827 2945 2117 3014 praevertit.

531 3029 684 3085 Nunc
717 3033 829 3088 vice
854 3034 1193 3087 salutationis
1221 3047 1467 3101 tepens-.t,
1493 3051 1710 3103 operam
1743 3046 1884 3089 tuam
1911 3052 2123 3090 curam-

531 3137 636 3190 que
656 3123 890 3192 deposco
919 3125 969 3178 iii
1016 3127 1095 3178 bis
1130 3142 1248 3193 quae
1281 3126 1466 3180 Castor
1493 3142 1558 3182 ex
1591 3143 1685 3180 usu
1713 3138 1872 3196 atque
1894 3128 2120 3182 utilitate

532 3227 712 3269 unstra
738 3216 1102 3285 promovenda
1133 3220 1476 3285 suggesserit.
1510 3217 1660 3274 V'ale.

1131 3308 1346 3363 EPIST.
1390 3307 1430 3361 Χ
1444 3308 1531 3362 VI.

1006 3412 1106 3453 8η
1115 3417 1144 3453 Μ
1153 3417 1251 3455 ΛΟΜ
1259 3416 1318 3455 υς
1347 3415 1638 3459 ςλκτειιιιο.

599 3490 820 3544 Gratum
851 3490 1022 3544 balteo
1068 3492 1137 3546 de
1173 3493 1482 3546 testimonio
1509 3509 1633 3548 meo
1671 3510 1775 3548 non
1807 3508 1930 3552 esse
1964 3494 2122 3550 dubi-

529 3594 695 3640 talum
725 3625 741 3652 ,
783 3595 1168 3652 receptumqi'e
1211 3586 1260 3638 in
1301 3585 1554 3640 familiam
1609 3598 1751 3642 tuam
1799 3591 2118 3644 Auxentium

533 3677 698 3730 lilium
746 3686 988 3729 nostrum
1035 3677 1382 3731 lectissimum
1426 3678 1718 3747 juvenem,
1753 3680 1805 3734 in
1843 3695 1969 3735 meo
2008 3697 2119 3737 are

528 3767 684 3820 duco.
719 3767 834 3833 Quo
866 3769 1080 3820 nomine
1119 3770 1350 3822 amicitia
1395 3779 1577 3822 nostra
1625 3771 1675 3822 in
1719 3771 1947 3824 arcliora
1995 3773 2118 3826 iidei

529 3860 644 3928 iura
694 3861 965 3914 convenit.
1004 3861 1061 3913 Iit
1096 3862 1374 3929 praestabit
1402 3875 1528 3916 usus
1571 3863 1798 3931 longior.
1827 3875 1882 3916 ttt
1912 3879 2032 3917 cum
2065 3865 2116 3916 in

528 3966 595 4005 eo
635 3953 768 4005 bona
820 3952 968 4019 plura
1029 3955 1385 4019 cognoveris,
1450 3956 1884 4024 astipulationem
1944 3973 2114 4010 meam

527 4045 595 4099 de
645 4047 846 4098 meritis
885 4045 1001 4116 ejus
1057 4046 1193 4101 iul'ra
1240 4047 1497 4102 terminos
1531 4050 1768 4105 veritatis
1796 4061 2010 4106 stetisse
2036 4050 2117 4105 fa-

531 4139 711 4193 tearis.
746 4137 899 4194 Vale.

1113 4231 1329 4287 EPIST.
1373 4233 1536 4288 XVII.

1039 4340 1348 4380 SYIIIIACIIUS
1385 4341 1478 4380 θυι
1493 4341 1598 4381 130.

598 4413 918 4470 Provinciali
944 4419 1155 4471 actione
1183 4417 1407 4471 decursa
1423 4459 1440 4484 ,
1463 4433 1584 4487 quae
1607 4418 1674 4472 ad
1698 4419 1837 4473 sacri
1863 4418 2115 4476 auditorii

527 4509 860 4580 cngnitorem
901 4511 1204 4566 necessaria
1243 4513 1622 4579 provocatione
1655 4511 1931 4581 pervenit.
1967 4513 2116 4569 dele-

2233 1929 2475 1984 donasti?
2511 1931 2612 1986 Sed
2645 1934 2732 1986 ltie
2765 1947 2979 2002 quoque
3015 1938 3216 2001 positus
3243 1934 3380 2002 gula:
3413 1934 3678 1987 illecebris
3711 1935 3818 1987 lar-

2230 2023 2367 2089 giter
2395 2024 2646 2076 utereris.
2689 2023 2820 2077 Nam
2864 2024 3024 2077 simul
3069 2025 3162 2076 tibi
3187 2064 3203 2084 .
3243 2032 3296 2077 et
3332 2031 3576 2091 eoempta
3603 2039 3670 2078 es
3701 2025 3822 2078 foro

2229 2112 2626 2180 Cupedinario,
2656 2124 2710 2168 et
2751 2130 2815 2168 es
2859 2116 3170 2168 suburbano
3198 2123 3290 2166 tuo
3329 2117 3530 2181 perlata
3571 2127 3820 2180 suppete-

2233 2213 2373 2257 reut.
2419 2202 2601 2272 Quid.
2645 2205 2786 2273 quod
2829 2205 2992 2258 etiam
3035 2203 3223 2272 iactari
3276 2204 3466 2258 morbo
3515 2214 3814 2259 matronam

2231 2304 2373 2351 tuam
2413 2294 2668 2350 simulas?
2713 2297 2866 2363 cuius
2910 2294 3198 2350 valetudini
3226 2335 3244 2360 ,
3274 2294 3319 2348 si
3361 2307 3486 2346 vera
3533 2293 3814 2361 praedicas,

2229 2392 2464 2446 solitudo
2491 2406 2598 2446 una
2623 2393 2896 2456 cometis.
2938 2388 3096 2446 Plura
3141 2389 3282 2442 enim
3312 2386 3499 2440 Bome
3527 2387 3810 2442 salubrita-

2229 2485 2298 2538 tis
2341 2485 2690 2540 instrumenta
2735 2497 2855 2539 sum
2885 2524 2900 2550 ,
2949 2484 3121 2554 maior
3162 2483 3488 2538 medentium
3535 2497 3811 2538 numerus.

2233 2573 2363 2630 Vide
2411 2576 2569 2643 igitur
2617 2592 2686 2631 ne
2731 2577 2871 2629 aliud
2899 2591 3070 2645 genus
3114 2574 3432 2642 suspicionis
3463 2577 3699 2628 incurras
3721 2615 3738 2640 ,
3765 2576 3811 2628 si

2228 2666 2502 2721 obsessam
2529 2682 2558 2720 a
2583 2667 2774 2722 inorbo
2809 2667 3090 2737 coniugem
3124 2679 3292 2720 vacuo
3318 2679 3532 2720 secessu
3571 2673 3629 2720 et
3648 2666 3812 2719 intuta

2227 2757 2572 2827 ablegatione
2601 2759 2978 2814 macet-amris.
3012 2756 3162 2812 Vale.

2831 2852 3045 2908 EPIST.
3088 2851 3207 2907 XX.

2297 2941 2414 2998 Prae
2454 2943 2664 2998 emeris
2703 2952 3002 3012 temporum
3047 2943 3254 2996 vicibus
3295 2950 3482 2996 astate
3524 2941 3806 2996 delector;

2227 3051 2333 3090 non
2383 3038 2522 3104 quod
2568 3037 2786 3090 diurnas
2837 3039 2996 3090 lioras
3039 3035 3246 3102 longior
3274 3034 3403 3087 stilis
3439 3043 3578 3085 meta
3609 3032 3808 3100 produ~

2226 3129 2335 3192 cit,
2378 3143 2473 3179 nec
2511 3129 2649 3196 quod
2697 3144 2787 3182 res
2853 3129 3192 3196 rationesque
3253 3139 3448 3182 nostra:
3488 3139 3618 3179 nova
3660 3126 3806 3192 fruge

2142 3199 2189 3262 (ἶ
2223 3218 2490 3272 ditescunt
2535 3235 2548 3271 :
2582 3219 2678 3272 sed
2707 3220 2828 3288 quia
2868 3227 3053 3286 pacata
3099 3217 3437 3287 navigantione
3473 3216 3806 3271 desideratas

2223 3309 2351 3362 milii
2379 3309 2588 3363 litteras
2618 3319 2735 3362 tuas
2764 3309 3020 3378 frequens
3047 3308 3249 3365 invehit
3289 3317 3638 3363 commeatus.
3668 3309 3804 3374 Quid

2221 3409 2363 3462 enim
2393 3408 2474 3462 vel
2507 3409 2670 3462 animi
2700 3407 2973 3474 voluptate
3005 3405 3296 3476 jucundius
3319 3447 3332 3466 .
3358 3408 3442 3459 vel
3473 3408 3536 3459 ad
3567 3405 3802 3459 oIlicium

2221 3497 2470 3552 amicitiae
2512 3498 2970 3554 accommodatius
3014 3499 3254 3567 prastari
3300 3509 3513 3568 potest,
3552 3513 3713 3564 quam
3749 3508 3807 3552 ut

2221 3599 2274 3644 te
2322 3591 2426 3644 mei
2475 3600 2743 3645 amantem
2801 3607 2900 3645 usu
2950 3590 3130 3645 crebri
3180 3589 3451 3644 sermonis
3509 3588 3802 3654 experiar?

2223 3683 2362 3752 Ergo
2399 3683 2525 3736 dum
2557 3683 2680 3734 anni
2712 3691 2924 3750 tempus
2962 3680 3186 3747 invitat,
3211 3679 3341 3734 dum
3381 3679 3618 3746 pervium
3656 3693 3806 3732 mare

2220 3785 2337 3839 est;
2383 3774 2570 3840 pabula
2606 3774 2848 3841 quaedam
2886 3783 2940 3828 et
2975 3775 3299 3827 nutrimenta
3335 3783 3531 3825 mutua:
3567 3770 3804 3826 allectio~

2222 3868 2304 3919 nis
2341 3866 2504 3920 veluti
2549 3867 2598 3918 in
2641 3868 2870 3919 hiemem
2907 3874 3282 3934 congerantur.
3343 3863 3473 3918 Cum
3517 3865 3631 3917 lucc
3669 3865 3803 3916 scri—

2221 3957 2400 4010 berem
2431 3956 2571 4009 salns
2599 3956 2726 4008 milii
2761 3972 2826 4010 ett
2863 3957 3124 4012 sententia
3156 3955 3470 4025 suppetebat
3495 3999 3508 4020 ,
3537 3954 3637 4008 tuis
3656 3955 3807 4007 Vide-

2221 4049 2345 4102 licet
2381 4049 2560 4115 adiuta
2601 4047 2756 4101 votis.
2800 4047 2982 4116 Neque
3023 4048 3166 4102 enim
3211 4046 3311 4101 alia
3347 4044 3500 4100 nobis
3543 4046 3612 4100 de
3639 4059 3800 4098 causa

2220 4141 2454 4194 arbitror
2496 4150 2675 4207 optata
2714 4144 3005 4197 succedere
3027 4182 3043 4208 ,
3083 4155 3241 4210 quam
3272 4139 3502 4207 iudicio,
3532 4149 3592 4195 et
3616 4153 3804 4193 amore

2217 4231 2574 4303 Carthaginis.
2616 4234 2764 4288 Vale.

2820 4322 3036 4382 EPIST.
3075 4323 3216 4379 XXI.

2721 4430 3028 4473 δικαιεῦσι
3059 4431 3300 4473 ωειιιο.

2289 4507 2566 4578 Indulgere
2615 4517 2666 4563 te
2705 4510 2847 4575 otio,
2883 4509 3152 4578 opinionis
3203 4508 3368 4564 falsus
3410 4507 3660 4577 putabam
3697 4527 3710 4560 :
3745 4517 3800 4563 tu

527 4578 700 4656 ctatus
725 4617 844 4656 sum
878 4601 981 4658 ﬁde
1007 4618 1070 4656 ac
1097 4578 1376 4672 diligentia
1410 4614 1498 4658 tua
1530 4623 1544 4657 :
1570 4615 1622 4660 et
1653 4578 1922 4659 i'ortuttatn
1950 4619 2114 4678 nego-
2139 4578 2193 4639 θ
2219 4615 2350 4656 vero
2383 4603 2619 4654 animum
2657 4601 2919 4668 lectione,
2958 4602 3142 4657 labore
3179 4615 3373 4667 corpus
3405 4615 3649 4655 exerces.
3689 4599 3802 4655 Hoc

529 4695 608 4762 tii,
640 4710 745 4748 non
772 4695 1067 4751 defensoris
1098 4696 1413 4760 inscientiae,
1442 4698 1538 4752 sed
1570 4707 1695 4753 voto
1716 4697 1912 4766 iudicis
1937 4701 2112 4769 impu-

529 4788 655 4842 tavi.
699 4788 898 4843 llortor
925 4789 1084 4857 igitur
1113 4788 1365 4844 amicitiai
1406 4805 1539 4844 mea:
1569 4789 1817 4845 ﬁduciam
1851 4806 2028 4862 geras,
2057 4800 2113 4848 et

527 4879 820 4935 testimonii
861 4879 1073 4935 interim
1113 4880 1490 4949 astipulatione
1535 4889 1843 4946 contentus,
1889 4882 2108 4938 domum

527 4984 764 5029 nosti-am
784 5026 800 5051 ,
828 4989 946 5043 qua!
985 4973 1168 5028 multis
1195 4973 1626 5030 circumlatratur
1655 4973 1865 5042 injuriis
1883 5018 1898 5044 ,
1927 4973 2110 5028 foren-

525 5069 600 5120 sis
645 5065 919 5120 industriae
959 5066 1157 5120 tuearis
1203 5062 1404 5121 ofﬁcio.
1451 5065 1560 5118 Nos
1585 5074 1643 5119 ut
1667 5075 1860 5134 sponte
1882 5063 2106 5134 gratiam

527 5161 670 5214 nudo
698 5172 751 5216 et
791 5160 1014 5228 simplici
1059 5168 1412 5228 protestantur
1445 5159 1680 5228 alloquio
1705 5199 1720 5223 ,
1753 5158 1820 5212 ita
1861 5159 1926 5210 ad
1965 5157 2107 5212 refe-

529 5255 748 5308 rendam
797 5251 1241 5318 vicissitudinem,
1294 5253 1340 5305 si
1381 5250 1492 5306 fors
1526 5253 1749 5320 iuverit,
1794 5265 1950 5320 pares
1989 5264 2109 5305 esse

527 5350 778 5404 nitemur.
816 5347 961 5402 Vale.

1095 5436 1309 5492 EPIST.
1353 5435 1534 5490 XVIII.

1007 5544 1312 5584 ςγωιλειιυε
1345 5545 1624 5584 ΡΔΤΒυΙΝΟ.

602 5624 653 5676 In
687 5638 812 5689 agro
839 5636 922 5674 me
949 5635 1069 5674 esse
1112 5620 1344 5672 miraris.
1385 5619 1453 5673 At
1479 5634 1579 5687 ego
1599 5617 1796 5687 iu~tius
1825 5626 2010 5685 stupeo
2037 5618 2105 5671 ad

529 5731 864 5768 emnmunem
898 5724 947 5766 te
974 5715 1198 5782 patriam
1239 5721 1422 5780 spreto
1465 5712 1603 5768 ruris
1642 5713 1750 5765 otio
1795 5711 2102 5773 revertisse,

532 5812 633 5865 IllSl
659 5812 799 5878 quod
826 5823 1039 5864 causam
1067 5806 1159 5863 tibi
1188 5805 1389 5864 reditus
1413 5806 1606 5862 iterata
1635 5805 1700 5862 iis
1730 5805 1926 5862 attulit.
1954 5803 2102 5861 Alio-

2214 4691 2454 4748 indicant
2498 4697 2697 4759 scripta
2725 4734 2740 4758 ,
2795 4705 2848 4747 et
2900 4708 3123 4749 munera
3175 4703 3264 4749 tua
3311 4694 3454 4764 ston
3500 4694 3798 4762 exsculpta,

2214 4795 2272 4839 et
2313 4793 2464 4854 parta
2508 4795 2722 4838 venatu.
2779 4785 2901 4837 Mihi
2943 4786 3206 4840 Flaminia
3246 4785 3550 4842 emetienda
3588 4793 3693 4850 est,
3731 4786 3796 4838 ad

2214 4886 2384 4927 novos
2425 4875 2600 4927 fasces
2635 4875 2882 4944 generosi
2914 4875 3148 4930 consulis
3185 4887 3432 4930 evocato.
3461 4875 3506 4930 0
3528 4875 3572 4929 si
3595 4876 3798 4931 reditus

2214 4971 2339 5016 tuus
2358 4974 2696 5031 antecaperet
2718 4967 3063 5034 protectionis
3093 4981 3228 5021 mea:
3256 4966 3558 5022 molitiones
3580 4968 3596 5022 ε
3620 4967 3795 5036 iuvari

2219 5070 2305 5110 me
2343 5056 2678 5125 antplissimn
2721 5059 2913 5114 viatico
2958 5058 3260 5114 crederent.
3314 5059 3422 5114 Sed
3462 5061 3586 5128 quia
3627 5061 3797 5116 multo

2215 5147 2406 5204 itinere
2443 5149 2797 5205 disceruintur
2822 5191 2836 5213 ,
2878 5159 2934 5205 ct
2991 5166 3162 5220 neque
3207 5152 3340 5206 Inibi
3390 5167 3538 5206 mora
3565 5192 3581 5215 .
3623 5163 3797 5213 neque

2214 5240 2305 5292 tibi
2347 5241 2650 5308 prosterau'o
2696 5241 2975 5295 commoda
3027 5252 3155 5308 est,
3195 5241 3377 5296 verbis
3434 5244 3626 5311 pagina
3670 5240 3793 5295 futi-

2212 5343 2383 5401 gt-tur.
2451 5332 2674 5387 Fraglata
2727 5335 3003 5388 numinum
3067 5337 3264 5403 venia,
3309 5345 3591 5403 oratorem
3638 5333 3794 5404 Synt-

2213 5431 2461 5480 macltuut
2516 5445 2693 5481 meum
2759 5443 2881 5482 mox
2942 5428 3201 5482 urbanum
3261 5427 3489 5482 tribunal
3547 5427 3793 5497 accipiet.

2215 5521 2368 5576 Festa
2398 5523 2516 5589 ejus
2551 5523 2871 5593 frequentari
2901 5524 3193 5592 potissimis
3232 5527 3525 5579 amicorum
3546 5565 3562 5586 .
3601 5524 3795 5592 quibus

2211 5616 2600 5682 annumeraris,
2631 5624 2846 5684 exopto.
2901 5617 2970 5669 [)a
3014 5617 3165 5671 istam
3207 5616 3429 5687 gratiam
3475 5615 3655 5684 procul
3700 5618 3794 5668 ab-

2213 5708 2390 5760 futuro
2414 5707 2602 5760 iisdem
2638 5707 2846 5764 diebus.
2879 5706 3094 5766 Gratius
3120 5717 3203 5764 est
3244 5708 3384 5777 quod
3429 5706 3664 5765 defertur
3693 5706 3791 5760 ab-

2213 5804 2470 5862 sentibus.
2497 5802 2645 5859 Valc.
