4218 6504
1638 331 2014 390 1⁵31³15Το1,ςυῖ

2105 332 2117 386 l
2158 331 2356 388 LIBER
2398 333 2534 389 VIII.
3629 337 3735 399 318

2083 444 2362 504 Aamoris
2414 445 2464 498 in
2517 453 2570 499 te
2619 445 2783 500 nostri
2838 444 3043 500 tenebis
3092 455 3302 501 testem.
3356 446 3548 502 Verum
3593 461 3640 503 te
3681 452 3731 503 in

2164 533 2508 589 re~cribeudo
2549 537 2700 590 deret
2746 551 2866 591 esse
2909 538 3190 604 prolixum.
3247 539 3424 607 Neque
3455 541 3596 592 enim
3639 555 3732 603 par

2159 626 2396 680 conditio
2425 635 2506 680 est
2537 627 2708 681 iterati
2737 642 2764 678 τι
2792 643 2896 691 me,
2920 629 3126 696 utrique
3151 639 3326 682 autem
3359 643 3595 682 nostrum
3622 633 3730 683 sin-

491 332 593 390 317

1067 443 1277 501 EPIST.
1319 442 1481 499 XXII.

947 551 1256 593 διιιιλωυε
1283 550 1597 592 Ακυιοκιεο.

557 629 614 684 ln
659 643 754 684 ore
796 635 886 684 tuo
936 639 1126 686 vernat
1161 630 1417 698 CecrOpia
1463 644 1614 684 musa
1660 628 1832 682 :mibi
1879 626 2058 696 lingua

487 720 709 775 Latiaris
748 728 849 774 est.
898 718 1008 775 Nec
1049 719 1433 776 desideraveris
1472 736 1621 791 a‘qna
1661 719 1780 790 styli
1812 721 1914 772 mei
1943 735 2059 770 niu-
2155 719 2354 787 gniaris
2384 718 2602 772 laboris.
2647 719 2789 773 Duos
2815 731 3021 773 meatus
3053 721 3255 790 replere
3286 737 3392 775 uno
3421 722 3564 775 fonte
3590 722 3728 778 diffi-

479 828 627 867 uera.
661 812 875 867 Litteris
899 813 1162 868 vincimur
1185 851 1203 879 ,
1244 828 1428 868 amore
1469 824 1754 868 certamus.
1804 811 1908 866 Sed
1939 827 2053 865 meo

474 905 582 958 rito
609 903 958 960 rescriberem
982 943 1005 970 ,
1031 904 1077 956 si
1117 904 1285 959 solam
1322 904 1598 971 epistolam
1636 904 1936 957 detulisses.
1973 903 2053 958 Tu

476 1010 603 1051 vero
625 1034 642 1060 ,
673 1008 728 1050 ut
753 1011 816 1052 es
841 996 1132 1051 amicorum
1160 995 1388 1068 diligens
1410 1038 1428 1064 ,
1481 996 1812 1051 bibliotheca:
1857 1005 2052 1051 nostizc

474 1089 771 1141 carminum
823 1096 1034 1142 tuorum
1075 1085 1288 1142 divitias
1331 1086 1576 1141 intulisti.
1622 1087 1754 1151 Quid
1803 1087 1897 1141 tibi
1949 1087 2052 1141 hoc

469 1181 686 1248 dignum
733 1178 1021 1247 rependam
1047 1220 1064 1242 ,
1113 1179 1288 1235 tenuis
1334 1177 1447 1246 ipse
1491 1176 1750 1231 facundiae
1777 1217 1795 1242 ,
1824 1186 1877 1231 et
1915 1193 2048 1246 pau-

472 1271 660 1340 pertini
705 1271 944 1340 ingenii?
1001 1269 1229 1324 Tradam
1269 1268 1488 1335 publica:
1519 1267 1854 1322 admirationi
1882 1313 1897 1336 ,
1928 1283 2047 1337 qua:

470 1362 689 1432 legenda
722 1360 936 1418 misisti.
982 1360 1050 1415 Et
1077 1375 1382 1431 quanquam
1421 1360 1665 1415 laudator
1695 1360 1865 1429 impar
1888 1402 1904 1427 ,
1945 1361 2042 1414 bo-

467 1469 590 1506 num
643 1452 828 1507 πριιιί
881 1450 1184 1520 publicabo.
1246 1451 1385 1506 Nihil
1438 1466 1502 1505 ex
1560 1451 1661 1506 hoc
1705 1450 2045 1520 derogabitur

461 1543 642 1614 operis
691 1543 768 1596 tui
821 1543 1028 1612 gloriae.
1083 1541 1216 1598 Nam
1269 1551 1326 1596 et
1381 1541 1666 1597 Homerum
1719 1545 1963 1596 novimus
2011 1556 2042 1596 a

461 1634 809 1691 dissimilibus
860 1633 1157 1703 praedicari.
1227 1631 1446 1689 Careret
1494 1634 1688 1702 quippe
1738 1634 1872 1686 iatna
1923 1649 2038 1687 ma-

458 1743 685 1799 gnorum
733 1728 970 1784 virorum
1024 1726 1337 1783 celebritate
1362 1765 1380 1791 ,
1430 1726 1476 1782 si
1528 1727 1688 1780 etiam
1746 1725 2038 1780 minoribus

2155 811 2256 862 cile
2283 818 2362 864 est
2398 829 2408 862 :
2437 813 2526 863 uni
2556 811 2708 865 alveo
2735 811 2946 866 abunde
2981 811 3205 865 influunt
3235 811 3498 880 duplicata
3527 815 3726 884 princi-

2154 902 2260 970 pia.
2296 900 2443 956 Vale.

2728 993 2942 1048 EPIST.
2981 993 3146 1047 XXV.

2665 1099 2972 1140 SYIHMCIIUS
3011 1104 3037 1137 Α
3049 1100 3216 1137 [εικῆ.

2219 1178 2392 1232 Credo
2409 1177 2682 1233 arbitreris
2702 1175 3111 1232 circumsessum
3135 1193 3218 1230 me
3235 1175 3536 1247 Campania:
3555 1191 3722 1232 amoe-

2147 1271 2420 1333 nitatibus,
2453 1269 2720 1325 scribendi
2749 1271 2816 1324 ad
2842 1277 2896 1323 te
2923 1269 3178 1323 hactenus
3209 1270 3557 1340 negligentem
3588 1271 3718 1325 fuis-

2145 1377 2224 1416 se.
2269 1360 2383 1416 Non
2409 1371 2581 1415 estea
2633 1359 2840 1413 fortuna
2871 1360 3059 1413 horum
3091 1359 3328 1412 iocorum
3355 1401 3370 1422 ,
3419 1370 3475 1413 ut
3521 1361 3716 1435 seriam

2145 1466 2326 1507 curam
2358 1453 2612 1520 sepeliant
2650 1450 2966 1519 voluptates.
3009 1450 3240 1505 lnsolitis
3277 1452 3451 1505 omnia
3485 1451 3718 1504 necessi-

2145 1546 2344 1598 tatibus
2370 1552 2636 1610 strepunt,
2667 1552 2720 1597 et
2748 1543 2895 1596 oneri
2925 1555 3138 1596 cessere
3162 1541 3388 1597 deiicia‘.
3421 1541 3595 1609 Quare
3625 1560 3716 1593 ne-

2141 1638 2342 1707 gotium
2373 1651 2471 1705 pro
2511 1636 2621 1688 otio
2661 1634 2856 1704 reperi.
2903 1632 3008 1687 Nec
3039 1648 3251 1704 pOssum
3290 1632 3442 1687 facile
3487 1633 3553 1685 ad
3602 1632 3715 1687 bmc

2140 1727 2390 1782 amicitia:
2418 1726 2600 1787 inopia
2624 1727 2858 1780 animum
2889 1735 3217 1792 retorquere.
3259 1724 3508 1792 Spondeo
3538 1732 3712 1775 tamen

459 1798 684 1876 tostibua
730 1827 982 1874 contenta
1039 1834 1145 1873 non
1196 1826 1359 1874 esset.
1425 1817 1529 1874 Sed
1579 1815 1705 1887 quid
1755 1816 1869 1872 haec
1913 1819 2032 1873 lon-
2065 1798 2110 1858 Β
2140 1821 2449 1875 reverentire
2479 1829 2607 1881 tuze,
2633 1833 2750 1887 quae
2773 1817 2964 1873 litteris
2993 1818 3124 1872 lfit‘is
3151 1817 3426 1886 prmferas.
3461 1814 3713 1885 “elegere

455 1909 573 1980 gius
611 1909 799 1975 traho,
829 1924 950 1964 cum
995 1909 1311 1964 brevitatem
1362 1909 1682 1963 verecundia
1717 1916 1801 1962 tua
1855 1917 2033 1978 postu-

454 2001 572 2056 let?
617 2000 753 2054 Cura
785 2009 843 2054 ut
871 2000 1071 2055 valeas.
1121 1999 1186 2054 Et
1210 2001 1256 2054 si
1282 1999 1409 2068 quid
1438 1998 1575 2070 Styio
1606 1999 1884 2068 adieceris,
1911 2014 2032 2053 cum

456 2090 709 2146 mediocri
732 2090 949 2160 judice,
978 2089 1075 2146 sed
1113 2103 1217 2146 non
1257 2089 1464 2161 ingrato
1493 2091 1720 2157 lectore,
1755 2091 2028 2161 participa.

453 2179 604 2240 Vale.

1015 2268 1233 2326 EPIST.
1277 2267 1461 2327 XXIII.

914 2377 1224 2418 SYIIACUUS
1263 2377 1548 2417 κλιιριηο.

517 2453 657 2510 Deos
704 2467 847 2520 oro,
894 2465 953 2509 ut
1004 2469 1127 2524 quae
1180 2453 1308 2508 mihi
1359 2453 1572 2508 interitu
1618 2451 1865 2507 valetudo
1909 2459 2026 2519 est,

447 2542 635 2600 eadem
695 2544 793 2599 tibi
860 2558 924 2600 ac
975 2546 1080 2600 tuis
1136 2554 1401 2613 suppetat.
1470 2543 1666 2599 Videor
1721 2543 1877 2612 plene
1926 2544 2028 2599 hoc

443 2636 748 2706 anteloquio
808 2637 1090 2691 scribenda
1141 2637 1497 2703 complexus,
1545 2636 1611 2691 de
1662 2645 1750 2691 tua
1799 2637 2025 2692 sanitate

444 2737 622 2780 votum
664 2742 842 2781 meum
868 2769 884 2792 ,
909 2729 978 2782 de
1021 2742 1140 2783 mea
1165 2727 1439 2796 gaudium.
1483 2727 1587 2783 Sed
1615 2728 1871 2796 epistolas
1899 2729 2024 2785 bre-

443 2833 535 2872 ves
557 2831 678 2874 esse
706 2834 809 2872 non
841 2819 1056 2887 pateris.
1080 2820 1208 2887 Qua:
1234 2817 1393 2888 igitur
1420 2819 1662 2880 ὑπόθεσις
1690 2821 1792 2874 erit
1821 2821 2024 2890 paginae

442 2909 734 2978 longioris?
785 2910 886 2966 Ubi
948 2911 1071 2974 sim,
1121 2911 1249 2978 quid
1296 2911 1496 2980 egerim
1549 2912 1710 2980 (nam
1758 2913 2024 2982 prmeipue

439 3002 670 3057 amicitia
718 3019 900 3058 rerum
947 3005 1130 3058 talium
1172 3005 1384 3058 curiosa
1435 3003 1540 3072 est)
1584 3007 1628 3058 si
1677 3003 1848 3074 placet
1898 3020 2023 3075 pro-

445 3105 656 3162 sequar.
710 3093 1035 3162 Principium
1080 3095 1406 3161 voluptatum
1454 3096 1522 3150 de
1569 3093 1852 3149 Formiano
1899 3097 2018 3150 sinu

441 3182 695 3247 nascitur,
733 3199 853 3253 qua
881 3184 1073 3239 civitas
1100 3185 1366 3254 quondam
1399 3185 1797 3255 Liestrygonum
1827 3187 2019 3255 ponulo

438 3273 606 3329 fertur
641 3273 896 3330 habitata.
951 3275 1061 3330 llos
1089 3277 1258 3331 ventri
1297 3286 1348 3331 et
1390 3278 1529 3347 gube
1577 3293 1743 3347 usque
1788 3279 1853 3334 ad
1893 3279 2021 3335 feri-

438 3365 561 3419 tatis
606 3364 857 3420 invidiam
905 3366 1132 3436 legimus
1177 3366 1477 3422 obsecutus.
1534 3368 1813 3424 Plusculos
1854 3370 1910 3424 in
1952 3386 2019 3426 eo

439 3452 619 3511 littore
659 3456 774 3511 dies
797 3495 815 3522 ,
863 3457 958 3513 sed
995 3458 1307 3514 deliciarum
1346 3473 1537 3529 parcus
1575 3465 1761 3531 exegi;
1816 3473 2016 3518 tantam

435 3547 558 3603 cmli
625 3549 938 3606 salubritate
1015 3559 1071 3606 et
1117 3565 1376 3621 aquarum
1424 3552 1619 3621 frigore
1671 3553 2018 3611 suadentibus

438 3654 664 3694 moram.
718 3641 997 3697 Ali'uerunt
1053 3642 1272 3712 pignora
1318 3659 1473 3708 mea;
1530 3661 1756 3714 quorum
1797 3647 2016 3717 cupiens

436 3741 618 3784 nostra
651 3733 783 3789 urbe
810 3747 1198 3802 processeram.
1242 3735 1351 3790 Nec
1386 3735 1485 3790 fuit
1523 3752 1704 3805 operae
1724 3782 1738 3804 ,
1769 3754 1894 3793 mox
1931 3739 2014 3794 ul-

435 3823 602 3877 terius
647 3825 748 3880 iter
783 3825 1034 3894 aggredi,
1077 3842 1198 3882 cum
1245 3839 1441 3895 ιιι-κςιο
1479 3839 1658 3882 essent
1702 3829 2010 3887 desiderati.

433 3911 652 3968 Iliorum
693 3914 891 3970 dehinc
930 3917 1192 3972 arbitratu
1240 3918 1343 3988 legi
1389 3935 1580 3988 oram,
1620 3939 1738 3993 qoze
1774 3924 2016 3980 Formias

432 4012 489 4058 ct
522 4003 822 4062 Cumanum
865 4007 1014 4064 littus
1058 4009 1356 4080 interiacet.
1405 4014 1554 4069 Nunc
1593 4017 1792 4072 mutuis
1821 4017 2010 4071 invita-

431 4093 663 4150 tionihus
688 4108 779 4153 aut
817 4098 868 4153 in
901 4099 1094 4155 Baulos
1114 4140 1134 4169 ,
1173 4113 1266 4157 aut
1305 4104 1358 4158 in
1391 4105 1738 4163 Niebemachi
1767 4108 2009 4164 Gaurana

430 4189 744 4256 ntigramns.
791 4191 1096 4248 Amicorum
1131 4196 1356 4252 subinde
1385 4199 1512 4252 mihi
1542 4198 1871 4255 afﬂuentiqu
1905 4203 2010 4256 lar-

427 4277 569 4346 giter
591 4289 693 4334 est.
731 4279 844 4336 Non
873 4297 1065 4338 vereor
1083 4329 1097 4352 ,
1136 4301 1205 4340 ne
1231 4302 1316 4342 me
1344 4287 1590 4344 lascivire
1617 4291 1670 4345 in
1701 4299 1842 4346 tanta
1869 4292 2012 4347 loco-

427 4383 549 4423 rum
577 4371 911 4440 anmuitatc,
947 4383 1002 4429 et
1022 4389 1198 4431 rerum
1227 4377 1378 4448 copia
1411 4391 1582 4450 putes.
1612 4378 1816 4453 Ubique
1847 4386 2008 4439 vitam

429 4459 636 4528 agimus
656 4465 1011 4530 consularem,
1035 4472 1090 4521 et
1115 4467 1169 4521 in
1193 4464 1421 4524 Lucrino
1444 4471 1569 4526 serii
1592 4485 1794 4531 sumus.
1823 4475 2006 4531 Nullus

426 4565 483 4603 tu
524 4549 744 4606 navibus
779 4569 948 4610 canor
973 4597 988 4622 ,
1017 4557 1161 4613 nulla
1192 4559 1245 4614 in
1273 4562 1532 4617 conviviis
1567 4561 1820 4622 heiInatio
1841 4609 1859 4634 ,
1905 4583 2004 4624 nec

428 4639 786 4712 frequentatio
811 4643 1121 4703 balnearum
1147 4690 1163 4714 ,
1207 4666 1307 4707 nec
1338 4651 1433 4707 ulli
1464 4654 1713 4721 iuvenum
1753 4672 2007 4727 procaces

429 4745 658 4792 natatus.
705 4737 858 4794 Scias
886 4742 1091 4796 nullum
1130 4757 1254 4800 esse
1291 4744 1345 4800 in
1389 4744 1592 4802 luxuria
1621 4749 1824 4806 crimen
1853 4750 2004 4806 loco-

426 4843 566 4887 rum.
604 4828 752 4885 Vale.

998 4921 1213 4984 EPIST.
1256 4923 1444 4983 XXIV.

875 5031 1184 5075 SYIIMMLIIUS
1212 5005 1576 5080 ιιηιιιιιιιλκο.

493 5101 635 5160 Nihil
666 5105 806 5162 inter
838 5119 921 5174 te,
953 5118 1009 5164 et
1049 5123 1321 5179 parentem
1355 5121 1503 5168 tuum
1539 5116 1798 5186 optimum
1829 5133 1886 5174 re
1912 5127 2002 5175 aut

421 5193 702 5252 affectione
723 5199 952 5253 divisum
976 5209 1075 5256 est.
1113 5199 1256 5272 Ergo
1290 5214 1346 5259 et
1375 5205 1600 5272 litteras,
1634 5223 1766 5278 quas
1793 5210 1857 5264 ad
1885 5210 2002 5280 ejus

421 5289 773 5343 reverentiam
815 5290 975 5355 misi,
1019 5301 1076 5346 ut
1112 5296 1350 5349 omnium
1399 5300 1661 5367 particeps
1687 5342 1702 5366 ,
1751 5299 1803 5354 in
1846 5314 1999 5356 acce-

422 5386 571 5448 ptum
610 5378 814 5435 referre
855 5382 1093 5448 potuisti.
1135 5382 1243 5439 Sed
1290 5387 1395 5454 iam
1434 5386 1690 5442 colendus
1735 5403 1796 5445 es
1845 5375 2000 5446 nobis

419 5475 579 5527 ctiam
615 5481 708 5528 tuo
751 5479 985 5530 nomine.
1039 5475 1300 5533 Przeterea
1339 5481 1494 5546 cavi,
1537 5496 1602 5536 ne
1642 5483 1998 5551 respondente

423 5579 532 5617 uno
595 5565 946 5632 imputaretur
998 5568 1126 5622 mihi
1195 5571 1423 5625 vicissim
1494 5588 1685 5628 nninus
1744 5574 1992 5632 duorum.

417 5656 680 5714 Convenit
721 5667 897 5715 tamen
941 5660 1177 5718 brevitas
1221 5665 1345 5719 huic
1389 5665 1590 5735 pagiine
1615 5705 1630 5731 ,
1663 5667 1784 5735 quia
1825 5668 1993 5724 relatu

421 5748 480 5804 di
529 5766 576 5806 ia
621 5752 927 5823 pracerpsi.
970 5752 1148 5822 Quare
1192 5766 1493 5812 sermonem
1542 5755 1699 5812 istum
1743 5771 1990 5830 tanquam

2135 1912 2201 1965 ad
2244 1925 2340 1965 vos
2388 1911 2490 1964 iter
2533 1910 2838 1964 avidis~ime
2881 1908 3089 1963 studeo.
3146 1909 3341 1963 Eadem
3395 1909 3588 1977 quippe
3629 1923 3712 1962 me

2133 2015 2292 2060 eausa
2311 2049 2325 2074 ,
2357 2020 2477 2074 qua:
2506 2007 2673 2058 vetuit
2703 2007 2961 2072 scribere,
2988 2005 3129 2073 mgit
3157 2005 3349 2060 redire.
3384 2004 3530 2058 \'..le.

2699 2135 2909 2190 EPIST.
2954 2133 3141 2189 XXVI.

2615 2240 2924 2280 SYH‘MCIIUS
2953 2241 3232 2283 διιεοοιιιο.

2201 2336 2334 2393 Dedi
2364 2336 2430 2392 ad
2455 2345 2733 2406 parentem
2764 2346 2912 2390 tuum
2943 2338 3167 2403 litteras,
3203 2337 3393 2405 quibus
3425 2348 3704 2391 conti-ntus

2127 2443 2248 2484 esse
2275 2430 2512 2498 potuiSti.
2547 2427 2678 2481 Nam
2717 2435 2776 2480 ut
2801 2437 2884 2482 est
2919 2429 3130 2495 utrique
3165 2436 3400 2481 vestrum
3433 2444 3566 2482 unus
3592 2431 3705 2481 ani-

2127 2531 2278 2582 mns;
2312 2521 2379 2571 ita
2403 2517 2691 2572 satisfaciet
2722 2518 2860 2572 idem
2890 2519 3062 2571 cultus
3089 2517 3365 2572 ambobus.
3398 2516 3502 2572 Sed
3539 2522 3701 2572 metui

2125 2608 2479 2665 imitationem
2501 2651 2516 2675 ,
2549 2625 2616 2663 ne
2656 2608 2784 2662 mihi
2825 2615 2962 2665 alter
2993 2623 3024 2664 e
3061 2609 3210 2664 vobis
3245 2609 3469 2663 duorum
3497 2610 3614 2663 vii-e
3649 2623 3704 2665 et

2124 2711 2220 2756 ore
2249 2701 2591 2755 rescriberet.
2617 2699 2828 2766 Quare,
2866 2709 2923 2754 ut
2949 2700 3000 2753 in
3036 2699 3239 2754 honore
3269 2699 3553 2754 Numinnnt
3587 2701 3702 2754 ﬁeri

2123 2795 2280 2856 solet,
2311 2790 2536 2845 litationi
2562 2791 2701 2844 addo
2729 2792 3030 2854 donarium,
3055 2791 3236 2851 breve.
3267 2792 3452 2858 fateor,
3483 2805 3530 2845 et
3564 2793 3701 2859 quod

2123 2881 2388 2953 prolixius
2410 2895 2532 2936 esse
2554 2881 2842 2935 voluisses.
2864 2881 2969 2935 Sed
2995 2883 3046 2934 in
3072 2881 3294 2950 adjectis
3322 2897 3564 2934 inensora
3597 2898 3700 2935 non

2123 2973 2400 3041 quaeritur.
2433 2972 2552 3040 ipse
2585 2973 2796 3039 capiam
2824 2971 2987 3027 redde
3015 2972 3284 3036 brevitati;
3316 2973 3436 3038 quia
3475 2972 3701 3026 familia-

2123 3080 2213 3120 res
2253 3063 2474 3134 paginas
2511 3078 2609 3117 eos
2645 3074 2858 3133 oportet
2895 3065 3216 3131 extendere,
3247 3066 3440 3135 quibus
3478 3081 3582 3120 non
3620 3077 3701 3120 est

2044 3155 2090 3217 C
2125 3170 2347 3212 necesse
2371 3155 2662 3225 geminare.
2700 3155 2849 3210 Vale.

2672 3245 2891 3300 EPIST.
2933 3246 3147 3300 XXVII.

2583 3358 2888 3398 ειιιιιλωιυε
2914 3356 3226 3397 CENSORINO.

2189 3453 2441 3522 Prompta
2471 3463 2525 3509 et
2554 3454 2890 3507 avidamanu
2919 3453 3123 3506 litteras
3154 3463 3430 3512 tuas,emn
3461 3451 3590 3505 mihi
3621 3451 3696 3504 ol-

2117 3547 2418 3612 ferrentur,
2459 3547 2624 3599 invasi
2646 3583 2662 3609 .
2699 3555 2752 3598 ut
2799 3559 3052 3615 prospera
3088 3547 3413 3613 cogniturus.
3447 3543 3551 3599 Sed
3577 3559 3698 3598 cum

2117 3653 2488 3707 percurrerem
2529 3638 2759 3691 lectione
2797 3640 3252 3692 enumeratiOuem
3298 3637 3698 3706 dispendiorum

2115 3741 2363 3795 tuorum,
2393 3729 2653 3797 voluptati
2684 3730 2942 3784 successit
2979 3729 3225 3783 offensio.
3261 3728 3327 3782 Et
3360 3727 3445 3782 illa
3485 3729 3696 3797 quidem

2114 3818 2374 3888 adversa,
2402 3836 2521 3890 qua:
2546 3835 2666 3874 cum
2698 3821 2942 3888 plurimis
2975 3822 3268 3890 pertulisti,
3301 3834 3447 3874 more
3480 3819 3696 3877 humani

2115 3912 2336 3982 ingenii,
2368 3912 2568 3966 habent
2603 3910 2817 3980 aliquod
2847 3912 2914 3966 de
2941 3912 3196 3966 societate
3228 3913 3474 3965 solatium
3509 3928 3523 3964 :
3558 3911 3696 3964 hune

2112 4018 2243 4060 vero
2271 4004 2507 4075 piratica:
2537 4003 2948 4072 deprredationls
2990 4007 3155 4058 ictum
3176 4049 3191 4071 ,
3219 4019 3376 4073 quem
3419 4005 3695 4071 speciatim

2111 4111 2268 4154 casus
2314 4098 2408 4150 tibi
2459 4095 2624 4152 dorus
2672 4097 2902 4166 adjecit,
2946 4095 3266 4166 impressum
3313 4097 3474 4151 altius
3515 4107 3691 4165 puto:

2111 4189 2232 4259 quia
2271 4202 2443 4260 neque
2472 4189 2631 4243 habet
2662 4191 2996 4259 participem,
3027 4201 3079 4243 et
3105 4190 3390 4259 geminavit
3429 4185 3690 4248 dolorem.

2110 4284 2306 4339 Contra
2350 4283 2462 4337 hate
2497 4282 2744 4349 fortuita,
2772 4285 2969 4338 virtute
3001 4297 3063 4338 ac
3107 4284 3313 4337 ratione
3355 4281 3568 4335 anitnus
3606 4297 3692 4334 ar.

2113 4377 2341 4431 maudus
2363 4383 2465 4438 est,
2493 4389 2620 4444 spes
2643 4388 2855 4442 quoque
2873 4374 3193 4428 assumenda
3218 4372 3520 4426 meliorum.
3539 4371 3690 4440 Sat-pe

2113 4467 2396 4523 titubantia
2440 4467 2494 4522 in
2531 4465 2766 4520 solidum
2807 4472 3166 4518 reverterunt.
3207 4463 3347 4516 Nihil
3386 4461 3689 4516 hominibus

2113 4569 2373 4618 retentum
2403 4573 2504 4616 est.
2538 4560 2774 4614 Volvunt
2797 4559 3043 4614 movtalia
3074 4562 3217 4614 vices
3242 4560 3464 4624 erebi-zu,
3498 4567 3550 4612 et
3574 4573 3688 4611 ont-

2111 4652 2258 4708 nium
2297 4667 2476 4706 rerum
2519 4651 2639 4721 fuga
2670 4652 2878 4706 visitur.
2909 4651 3098 4708 Paucis
3125 4651 3223 4704 ista
3260 4649 3686 4718 perstrinxerit",

2108 4758 2230 4802 cum
2261 4747 2353 4800 tibi
2402 4759 2498 4816 pro
2538 4744 2845 4802 eruditione
2870 4746 3026 4814 plura
3063 4756 3401 4800 succurrant.
3433 4745 3582 4798 Nunc
3619 4746 3684 4797 ad

2109 4842 2200 4896 illa
2253 4841 2552 4910 respondeo
2595 4855 2714 4910 qua
2739 4847 2796 4894 tu
2838 4855 2925 4894 me
2947 4839 3087 4895 scire
3111 4837 3325 4892 vquisti
3357 4857 3366 4890 :
3404 4837 3684 4906 Quatupii-

2108 4945 2254 4988 mum
2287 4933 2560 5001 Neapolim
2588 4935 2756 4998 petitu
2778 4932 2972 4986 civium
3002 4943 3216 4984 tuorum
3251 4929 3424 4984 visere
3454 4929 3680 4990 studeo;
3760 4914 3764 4918 ’

2105 5023 2215 5079 illic
2238 5023 2425 5078 honori
2456 5022 2602 5077 urbis
2621 5022 2889 5090 religiosae
2919 5019 3258 5076 intervallum
3293 5019 3434 5072 bidui
3465 5018 3684 5087 deputa-

2105 5115 2194 5172 ho.
2227 5114 2455 5176 Dehine,
2486 5113 2531 5168 si
2561 5113 2697 5167 bene
2725 5111 2989 5168 destinanti
3027 5111 3099 5168 dii
3128 5111 3362 5180 juverint
3383 5154 3395 5175 ,
3427 5110 3681 5178 Capuano

2106 5207 2296 5262 itinere
2325 5206 2687 5260 venerabilem
2729 5203 2882 5259 nobis
2926 5203 3176 5268 Itomatn,
3219 5201 3493 5270 laremque
3537 5217 3682 5270 pete-

2105 5313 2246 5354 mus.
2278 5299 2417 5353 lotcr
2439 5299 2574 5364 haec,
2602 5299 2644 5352 si
2673 5297 2801 5353 mihi
2831 5296 3075 5351 evenerit
3099 5305 3316 5364 aspectu
3335 5307 3386 5350 et
3418 5297 3679 5364 colloquio

2105 5401 2198 5447 tuo
2225 5389 2396 5444 defrui
2419 5428 2437 5453 ,
2465 5391 2722 5458 esplebor
2751 5389 2928 5456 gaudii
2969 5387 3230 5444 satietate.
3263 5391 3354 5442 Sin
3391 5390 3558 5456 major
3585 5406 3676 5442 tte-

2104 5484 2327 5538 cessitas
2357 5483 2629 5551 negaverit
2672 5481 2824 5536 nobis
2857 5480 2929 5535 tui
2965 5480 3206 5550 copiam,
3243 5485 3398 5534 velim
3431 5497 3672 5534 curarum

2104 5575 2244 5630 nube
2279 5575 2486 5629 detersa
2518 5591 2635 5630 eam
2675 5577 2946 5644 sapienter
2972 5588 3212 5629 resutuas
3243 5576 3402 5628 animi
3432 5574 3674 5628 alacrita-

2103 5675 2240 5730 tem,
2274 5683 2429 5737 quam
2472 5667 2566 5722 tibi
2600 5682 2917 5740 congressus
2957 5678 3136 5724 noster
3163 5667 3350 5724 scdulo
3387 5668 3673 5722 coinciliaie

2099 5760 2374 5834 potuisset.
2412 5759 2554 5817 Vale.
