  <div class='ocr_page' id='page_1' title='image "/cluster/home/n/w/nwhite01/storage/ocr_20150623/18/umn.319510024773129/171.png"; bbox 0 0 4218 6444; ppageno 0'>
   <div class='ocr_carea' id='block_1_1' title="bbox 1041 481 1534 539">
    <p class='ocr_par' dir='ltr' id='par_1_1' title="bbox 1041 481 1534 539">
     <span class='ocr_line' id='line_1_1' title="bbox 1041 481 1534 539; baseline -0.004 0"><span class='ocrx_word' id='word_1_1' title='bbox 1041 482 1257 539; x_wconf 81' lang='lat' dir='ltr'><strong>EPIST.</strong></span> <span class='ocrx_word' id='word_1_2' title='bbox 1298 481 1534 538; x_wconf 77' lang='lat' dir='ltr'><strong>XXVIII.</strong></span> 
     </span>
    </p>
   </div>
   <div class='ocr_carea' id='block_1_2' title="bbox 1003 589 1573 636">
    <p class='ocr_par' dir='ltr' id='par_1_2' title="bbox 1003 589 1573 636">
     <span class='ocr_line' id='line_1_2' title="bbox 1003 589 1573 636; baseline 0.011 -6"><span class='ocrx_word' id='word_1_3' title='bbox 1003 589 1314 630; x_wconf 67' lang='grc' dir='ltr'>εςιιιιιειιιτε</span> <span class='ocrx_word' id='word_1_4' title='bbox 1342 591 1573 636; x_wconf 71' lang='grc' dir='ltr'>ιιοιιιιηο.</span> 
     </span>
    </p>
   </div>
   <div class='ocr_carea' id='block_1_3' title="bbox 1675 364 2610 432">
    <p class='ocr_par' dir='ltr' id='par_1_3' title="bbox 1675 364 2610 432">
     <span class='ocr_line' id='line_1_3' title="bbox 1675 364 2610 432; baseline -0.01 -1"><span class='ocrx_word' id='word_1_5' title='bbox 1675 368 1743 432; x_wconf 76' lang='lat'><strong>0.</strong></span> <span class='ocrx_word' id='word_1_6' title='bbox 1781 364 2131 425; x_wconf 74' lang='lat' dir='ltr'><strong>AURELIIJS</strong></span> <span class='ocrx_word' id='word_1_7' title='bbox 2167 364 2610 425; x_wconf 69' lang='grc' dir='ltr'>δῖιιιιιιοιιυε.</span> 
     </span>
    </p>
   </div>
   <div class='ocr_carea' id='block_1_4' title="bbox 2110 478 3790 552">
    <p class='ocr_par' dir='ltr' id='par_1_4' title="bbox 2110 478 3790 552">
     <span class='ocr_line' id='line_1_4' title="bbox 2110 478 3790 552; baseline 0 -19"><span class='ocrx_word' id='word_1_8' title='bbox 2110 479 2164 542; x_wconf 74' lang='grc' dir='ltr'><strong>Α</strong></span> <span class='ocrx_word' id='word_1_9' title='bbox 2189 478 2426 536; x_wconf 90' lang='lat' dir='ltr'><strong>deretur.</strong></span> <span class='ocrx_word' id='word_1_10' title='bbox 2459 479 2580 535; x_wconf 79' lang='lat' dir='ltr'><strong>Fiat</strong></span> <span class='ocrx_word' id='word_1_11' title='bbox 2610 478 2771 549; x_wconf 84' lang='lat' dir='ltr'><strong>igitur</strong></span> <span class='ocrx_word' id='word_1_12' title='bbox 2796 493 2858 534; x_wconf 72' lang='lat' dir='ltr'><strong>et</strong></span> <span class='ocrx_word' id='word_1_13' title='bbox 2892 479 3096 548; x_wconf 76' lang='lat' dir='ltr'><strong>optimo</strong></span> <span class='ocrx_word' id='word_1_14' title='bbox 3122 481 3308 540; x_wconf 89' lang='lat' dir='ltr'><strong>nuntio</strong></span> <span class='ocrx_word' id='word_1_15' title='bbox 3345 496 3511 537; x_wconf 69' lang='lat' dir='ltr'><strong>morm</strong></span> <span class='ocrx_word' id='word_1_16' title='bbox 3533 497 3790 552; x_wconf 82' lang='lat' dir='ltr'><strong>compen-</strong></span> 
     </span>
    </p>
   </div>
   <div class='ocr_carea' id='block_1_5' title="bbox 2194 570 3786 645">
    <p class='ocr_par' dir='ltr' id='par_1_5' title="bbox 2194 570 3786 645">
     <span class='ocr_line' id='line_1_5' title="bbox 2194 570 3786 645; baseline 0.003 -20"><span class='ocrx_word' id='word_1_17' title='bbox 2194 572 2352 625; x_wconf 82' lang='lat' dir='ltr'><strong>satio.</strong></span> <span class='ocrx_word' id='word_1_18' title='bbox 2385 570 2544 627; x_wconf 89' lang='lat' dir='ltr'><strong>Certe</strong></span> <span class='ocrx_word' id='word_1_19' title='bbox 2581 577 2682 643; x_wconf 87' lang='lat' dir='ltr'><strong>ego</strong></span> <span class='ocrx_word' id='word_1_20' title='bbox 2714 586 2834 627; x_wconf 87' lang='lat' dir='ltr'><strong>eam</strong></span> <span class='ocrx_word' id='word_1_21' title='bbox 2875 571 2999 628; x_wconf 87' lang='lat' dir='ltr'><strong>dico</strong></span> <span class='ocrx_word' id='word_1_22' title='bbox 3039 574 3209 645; x_wconf 85' lang='lat' dir='ltr'><strong>legem</strong></span> <span class='ocrx_word' id='word_1_23' title='bbox 3249 573 3440 631; x_wconf 90' lang='lat' dir='ltr'><strong>litteris</strong></span> <span class='ocrx_word' id='word_1_24' title='bbox 3470 574 3786 640; x_wconf 86' lang='lat' dir='ltr'><strong>amicorum.</strong></span> 
     </span>
    </p>
   </div>
   <div class='ocr_carea' id='block_1_6' title="bbox 3679 368 3786 426">
    <p class='ocr_par' dir='ltr' id='par_1_6' title="bbox 3679 368 3786 426">
     <span class='ocr_line' id='line_1_6' title="bbox 3679 368 3786 426; baseline -0.019 0"><span class='ocrx_word' id='word_1_25' title='bbox 3679 368 3786 426; x_wconf 66' lang='lat'><strong>320</strong></span> 
     </span>
    </p>
   </div>
   <div class='ocr_carea' id='block_1_7' title="bbox 579 661 3788 738">
    <p class='ocr_par' dir='ltr' id='par_1_7' title="bbox 579 661 3788 738">
     <span class='ocr_line' id='line_1_7' title="bbox 579 661 3788 738; baseline 0.001 -19"><span class='ocrx_word' id='word_1_26' title='bbox 579 661 886 720; x_wconf 71' lang='lat' dir='ltr'><strong>Memini~se</strong></span> <span class='ocrx_word' id='word_1_27' title='bbox 910 676 960 720; x_wconf 89' lang='lat' dir='ltr'><strong>te</strong></span> <span class='ocrx_word' id='word_1_28' title='bbox 983 667 1097 721; x_wconf 85' lang='lat' dir='ltr'><strong>seio</strong></span> <span class='ocrx_word' id='word_1_29' title='bbox 1135 667 1276 736; x_wconf 83' lang='lat' dir='ltr'><strong>quod</strong></span> <span class='ocrx_word' id='word_1_30' title='bbox 1304 683 1390 722; x_wconf 92' lang='lat' dir='ltr'><strong>me</strong></span> <span class='ocrx_word' id='word_1_31' title='bbox 1413 683 1624 738; x_wconf 83' lang='lat' dir='ltr'><strong>quoque</strong></span> <span class='ocrx_word' id='word_1_32' title='bbox 1655 667 1793 722; x_wconf 91' lang='lat' dir='ltr'><strong>idem</strong></span> <span class='ocrx_word' id='word_1_33' title='bbox 1820 666 1890 723; x_wconf 89' lang='lat' dir='ltr'><strong>de</strong></span> <span class='ocrx_word' id='word_1_34' title='bbox 1915 667 2091 722; x_wconf 87' lang='lat' dir='ltr'><strong>amico</strong></span> <span class='ocrx_word' id='word_1_35' title='bbox 2193 673 2253 719; x_wconf 86' lang='lat' dir='ltr'><strong>ut</strong></span> <span class='ocrx_word' id='word_1_36' title='bbox 2281 663 2601 720; x_wconf 86' lang='lat' dir='ltr'><strong>assiduitate</strong></span> <span class='ocrx_word' id='word_1_37' title='bbox 2634 665 2848 721; x_wconf 87' lang='lat' dir='ltr'><strong>illorum</strong></span> <span class='ocrx_word' id='word_1_38' title='bbox 2883 667 3094 723; x_wconf 86' lang='lat' dir='ltr'><strong>animos</strong></span> <span class='ocrx_word' id='word_1_39' title='bbox 3131 666 3395 738; x_wconf 89' lang='lat' dir='ltr'><strong>probent,</strong></span> <span class='ocrx_word' id='word_1_40' title='bbox 3425 683 3604 723; x_wconf 85' lang='lat' dir='ltr'><strong>meum</strong></span> <span class='ocrx_word' id='word_1_41' title='bbox 3632 666 3788 722; x_wconf 59' lang='lat' dir='ltr'><strong>boni.</strong></span> 
     </span>
    </p>
   </div>
   <div class='ocr_carea' id='block_1_8' title="bbox 504 754 2095 828">
    <p class='ocr_par' dir='ltr' id='par_1_8' title="bbox 504 754 2095 828">
     <span class='ocr_line' id='line_1_8' title="bbox 504 754 2095 828; baseline 0.005 -22"><span class='ocrx_word' id='word_1_42' title='bbox 504 754 657 808; x_wconf 90' lang='lat' dir='ltr'><strong>dolor</strong></span> <span class='ocrx_word' id='word_1_43' title='bbox 681 757 941 824; x_wconf 69' lang='lat' dir='ltr'><strong>perculit;</strong></span> <span class='ocrx_word' id='word_1_44' title='bbox 967 759 1060 813; x_wconf 76' lang='lat' dir='ltr'><strong>sed</strong></span> <span class='ocrx_word' id='word_1_45' title='bbox 1080 758 1189 828; x_wconf 80' lang='lat' dir='ltr'><strong>jam</strong></span> <span class='ocrx_word' id='word_1_46' title='bbox 1220 757 1374 815; x_wconf 84' lang='lat' dir='ltr'><strong>nobis</strong></span> <span class='ocrx_word' id='word_1_47' title='bbox 1401 774 1709 814; x_wconf 87' lang='lat' dir='ltr'><strong>sermonum</strong></span> <span class='ocrx_word' id='word_1_48' title='bbox 1730 760 1871 815; x_wconf 85' lang='lat' dir='ltr'><strong>vices</strong></span> <span class='ocrx_word' id='word_1_49' title='bbox 1894 759 2095 817; x_wconf 85' lang='lat' dir='ltr'><strong>debent</strong></span> 
     </span>
    </p>
   </div>
   <div class='ocr_carea' id='block_1_9' title="bbox 504 848 2091 923">
    <p class='ocr_par' dir='ltr' id='par_1_9' title="bbox 504 848 2091 923">
     <span class='ocr_line' id='line_1_9' title="bbox 504 848 2091 923; baseline 0.006 -22"><span class='ocrx_word' id='word_1_50' title='bbox 504 862 622 901; x_wconf 86' lang='lat' dir='ltr'><strong>esse</strong></span> <span class='ocrx_word' id='word_1_51' title='bbox 654 848 866 902; x_wconf 84' lang='lat' dir='ltr'><strong>solatio.</strong></span> <span class='ocrx_word' id='word_1_52' title='bbox 897 851 1086 903; x_wconf 72' lang='lat' dir='ltr'><strong>St‘l&#39;lbfl</strong></span> <span class='ocrx_word' id='word_1_53' title='bbox 1115 850 1304 918; x_wconf 85' lang='lat' dir='ltr'><strong>igitur,</strong></span> <span class='ocrx_word' id='word_1_54' title='bbox 1337 852 1668 920; x_wconf 85' lang='lat' dir='ltr'><strong>respondere</strong></span> <span class='ocrx_word' id='word_1_55' title='bbox 1695 854 1905 923; x_wconf 87' lang='lat' dir='ltr'><strong>cogaris</strong></span> <span class='ocrx_word' id='word_1_56' title='bbox 1926 864 2027 916; x_wconf 75' lang='grc' dir='ltr'><strong>..ει</strong></span> <span class='ocrx_word' id='word_1_57' title='bbox 2059 868 2091 910; x_wconf 84' lang='lat' dir='ltr'><strong>a</strong></span> 
     </span>
    </p>
   </div>
   <div class='ocr_carea' id='block_1_10' title="bbox 509 938 2090 1010">
    <p class='ocr_par' dir='ltr' id='par_1_10' title="bbox 509 938 2090 1010">
     <span class='ocr_line' id='line_1_10' title="bbox 509 938 2090 1010; baseline 0.008 -20"><span class='ocrx_word' id='word_1_58' title='bbox 509 938 735 992; x_wconf 76' lang='lat' dir='ltr'><strong>funestis</strong></span> <span class='ocrx_word' id='word_1_59' title='bbox 778 941 1196 1010; x_wconf 70' lang='lat' dir='ltr'><strong>cogitationibus</strong></span> <span class='ocrx_word' id='word_1_60' title='bbox 1234 944 1422 1000; x_wconf 78' lang='lat' dir='ltr'><strong>redeas</strong></span> <span class='ocrx_word' id='word_1_61' title='bbox 1467 945 1519 999; x_wconf 90' lang='lat' dir='ltr'><strong>in</strong></span> <span class='ocrx_word' id='word_1_62' title='bbox 1559 946 1735 1000; x_wconf 90' lang='lat' dir='ltr'><strong>ofticia</strong></span> <span class='ocrx_word' id='word_1_63' title='bbox 1773 947 2090 1002; x_wconf 83' lang='lat' dir='ltr'><strong>viventium.</strong></span> 
     </span>
    </p>
   </div>
   <div class='ocr_carea' id='block_1_11' title="bbox 509 1029 2094 1106">
    <p class='ocr_par' dir='ltr' id='par_1_11' title="bbox 509 1029 2094 1106">
     <span class='ocr_line' id='line_1_11' title="bbox 509 1029 2094 1106; baseline 0.01 -24"><span class='ocrx_word' id='word_1_64' title='bbox 509 1029 716 1086; x_wconf 78' lang='lat' dir='ltr'><strong>Fecerit</strong></span> <span class='ocrx_word' id='word_1_65' title='bbox 765 1033 1010 1103; x_wconf 72' lang='lat' dir='ltr'><strong>religiosa</strong></span> <span class='ocrx_word' id='word_1_66' title='bbox 1039 1051 1198 1091; x_wconf 82' lang='lat' dir='ltr'><strong>causa</strong></span> <span class='ocrx_word' id='word_1_67' title='bbox 1227 1052 1294 1092; x_wconf 90' lang='lat' dir='ltr'><strong>ne</strong></span> <span class='ocrx_word' id='word_1_68' title='bbox 1329 1039 1474 1106; x_wconf 87' lang='lat' dir='ltr'><strong>prior</strong></span> <span class='ocrx_word' id='word_1_69' title='bbox 1509 1039 1777 1095; x_wconf 78' lang='lat' dir='ltr'><strong>scriberes</strong></span> <span class='ocrx_word' id='word_1_70' title='bbox 1803 1057 1817 1093; x_wconf 90' lang='lat'><strong>:</strong></span> <span class='ocrx_word' id='word_1_71' title='bbox 1848 1056 1954 1097; x_wconf 90' lang='lat' dir='ltr'><strong>non</strong></span> <span class='ocrx_word' id='word_1_72' title='bbox 1983 1042 2094 1100; x_wconf 86' lang='lat' dir='ltr'><strong>eris</strong></span> 
     </span>
    </p>
   </div>
   <div class='ocr_carea' id='block_1_12' title="bbox 504 1125 1912 1197">
    <p class='ocr_par' dir='ltr' id='par_1_12' title="bbox 504 1125 1912 1197">
     <span class='ocr_line' id='line_1_12' title="bbox 504 1125 1912 1197; baseline 0.01 -20"><span class='ocrx_word' id='word_1_73' title='bbox 504 1129 612 1180; x_wconf 83' lang='lat' dir='ltr'><strong>iam</strong></span> <span class='ocrx_word' id='word_1_74' title='bbox 641 1125 976 1193; x_wconf 84' lang='lat' dir='ltr'><strong>irrevercns,</strong></span> <span class='ocrx_word' id='word_1_75' title='bbox 1007 1136 1064 1183; x_wconf 91' lang='lat' dir='ltr'><strong>ut</strong></span> <span class='ocrx_word' id='word_1_76' title='bbox 1095 1140 1416 1197; x_wconf 80' lang='lat' dir='ltr'><strong>provocatus</strong></span> <span class='ocrx_word' id='word_1_77' title='bbox 1441 1132 1734 1188; x_wconf 75' lang='lat' dir='ltr'><strong>abstineas.</strong></span> <span class='ocrx_word' id='word_1_78' title='bbox 1761 1132 1912 1190; x_wconf 69' lang='lat' dir='ltr'><strong>Vale.</strong></span> 
     </span>
    </p>
   </div>
   <div class='ocr_carea' id='block_1_13' title="bbox 1078 1240 1532 1300">
    <p class='ocr_par' dir='ltr' id='par_1_13' title="bbox 1078 1240 1532 1300">
     <span class='ocr_line' id='line_1_13' title="bbox 1078 1240 1532 1300; baseline 0.013 -6"><span class='ocrx_word' id='word_1_79' title='bbox 1078 1240 1292 1297; x_wconf 82' lang='lat' dir='ltr'><strong>EPIST.</strong></span> <span class='ocrx_word' id='word_1_80' title='bbox 1335 1242 1532 1300; x_wconf 82' lang='lat' dir='ltr'><strong>XXIX.</strong></span> 
     </span>
    </p>
   </div>
   <div class='ocr_carea' id='block_1_14' title="bbox 1028 1350 1573 1394">
    <p class='ocr_par' dir='ltr' id='par_1_14' title="bbox 1028 1350 1573 1394">
     <span class='ocr_line' id='line_1_14' title="bbox 1028 1350 1573 1394; baseline 0.011 -6"><span class='ocrx_word' id='word_1_81' title='bbox 1028 1350 1341 1391; x_wconf 69' lang='grc' dir='ltr'>ιιιιιιιειιυε</span> <span class='ocrx_word' id='word_1_82' title='bbox 1366 1353 1573 1394; x_wconf 71' lang='grc' dir='ltr'>σιινιο.</span> 
     </span>
    </p>
   </div>
   <div class='ocr_carea' id='block_1_15' title="bbox 577 1418 2099 1506">
    <p class='ocr_par' dir='ltr' id='par_1_15' title="bbox 577 1418 2099 1506">
     <span class='ocr_line' id='line_1_15' title="bbox 577 1418 2099 1506; baseline 0.011 -32"><span class='ocrx_word' id='word_1_83' title='bbox 577 1418 699 1476; x_wconf 79' lang='lat' dir='ltr'><strong>Vidi</strong></span> <span class='ocrx_word' id='word_1_84' title='bbox 731 1424 784 1478; x_wconf 90' lang='lat' dir='ltr'><strong>in</strong></span> <span class='ocrx_word' id='word_1_85' title='bbox 821 1422 1018 1481; x_wconf 91' lang='lat' dir='ltr'><strong>litteris</strong></span> <span class='ocrx_word' id='word_1_86' title='bbox 1051 1441 1224 1494; x_wconf 82' lang='lat' dir='ltr'><strong>nuper</strong></span> <span class='ocrx_word' id='word_1_87' title='bbox 1251 1425 1379 1482; x_wconf 90' lang='lat' dir='ltr'><strong>mihi</strong></span> <span class='ocrx_word' id='word_1_88' title='bbox 1405 1429 1631 1484; x_wconf 80' lang='lat' dir='ltr'><strong>redditis</strong></span> <span class='ocrx_word' id='word_1_89' title='bbox 1661 1430 1967 1501; x_wconf 80' lang='lat' dir='ltr'><strong>religiosum</strong></span> <span class='ocrx_word' id='word_1_90' title='bbox 1999 1450 2099 1506; x_wconf 90' lang='lat' dir='ltr'><strong>pro</strong></span> 
     </span>
    </p>
   </div>
   <div class='ocr_carea' id='block_1_16' title="bbox 506 1513 2099 1594">
    <p class='ocr_par' dir='ltr' id='par_1_16' title="bbox 506 1513 2099 1594">
     <span class='ocr_line' id='line_1_16' title="bbox 506 1513 2099 1594; baseline 0.008 -24"><span class='ocrx_word' id='word_1_91' title='bbox 506 1513 664 1570; x_wconf 79' lang='lat' dir='ltr'><strong>nobis</strong></span> <span class='ocrx_word' id='word_1_92' title='bbox 684 1516 846 1571; x_wconf 88' lang='lat' dir='ltr'><strong>animi</strong></span> <span class='ocrx_word' id='word_1_93' title='bbox 882 1518 958 1572; x_wconf 89' lang='lat' dir='ltr'><strong>tui</strong></span> <span class='ocrx_word' id='word_1_94' title='bbox 991 1517 1266 1588; x_wconf 82' lang='lat' dir='ltr'><strong>gaudium,</strong></span> <span class='ocrx_word' id='word_1_95' title='bbox 1294 1529 1351 1574; x_wconf 88' lang='lat' dir='ltr'><strong>et</strong></span> <span class='ocrx_word' id='word_1_96' title='bbox 1400 1522 1737 1590; x_wconf 74' lang='lat' dir='ltr'><strong>apertissime</strong></span> <span class='ocrx_word' id='word_1_97' title='bbox 1766 1525 2099 1594; x_wconf 86' lang='lat' dir='ltr'><strong>deprehendi</strong></span> 
     </span>
    </p>
   </div>
   <div class='ocr_carea' id='block_1_17' title="bbox 510 1607 2100 1689">
    <p class='ocr_par' dir='ltr' id='par_1_17' title="bbox 510 1607 2100 1689">
     <span class='ocr_line' id='line_1_17' title="bbox 510 1607 2100 1689; baseline 0.011 -31"><span class='ocrx_word' id='word_1_98' title='bbox 510 1607 639 1675; x_wconf 74' lang='lat' dir='ltr'><strong>quid</strong></span> <span class='ocrx_word' id='word_1_99' title='bbox 691 1608 978 1677; x_wconf 69' lang='lat' dir='ltr'><strong>voluptatis</strong></span> <span class='ocrx_word' id='word_1_100' title='bbox 1033 1625 1100 1665; x_wconf 81' lang='lat' dir='ltr'><strong>es</strong></span> <span class='ocrx_word' id='word_1_101' title='bbox 1162 1612 1459 1668; x_wconf 87' lang='lat' dir='ltr'><strong>amicorum</strong></span> <span class='ocrx_word' id='word_1_102' title='bbox 1511 1617 1784 1685; x_wconf 81' lang='lat' dir='ltr'><strong>prosperis</strong></span> <span class='ocrx_word' id='word_1_103' title='bbox 1848 1633 2100 1689; x_wconf 90' lang='lat' dir='ltr'><strong>usurpes.</strong></span> 
     </span>
    </p>
   </div>
   <div class='ocr_carea' id='block_1_18' title="bbox 511 1697 2098 1776">
    <p class='ocr_par' dir='ltr' id='par_1_18' title="bbox 511 1697 2098 1776">
     <span class='ocr_line' id='line_1_18' title="bbox 511 1697 2098 1776; baseline 0.011 -24"><span class='ocrx_word' id='word_1_104' title='bbox 511 1697 817 1765; x_wconf 72' lang='lat' dir='ltr'><strong>I’rmnptius</strong></span> <span class='ocrx_word' id='word_1_105' title='bbox 867 1701 1028 1769; x_wconf 80' lang='lat' dir='ltr'><strong>igitur</strong></span> <span class='ocrx_word' id='word_1_106' title='bbox 1077 1711 1131 1758; x_wconf 89' lang='lat' dir='ltr'><strong>te</strong></span> <span class='ocrx_word' id='word_1_107' title='bbox 1179 1703 1344 1772; x_wconf 92' lang='lat' dir='ltr'><strong>diligo</strong></span> <span class='ocrx_word' id='word_1_108' title='bbox 1375 1746 1390 1771; x_wconf 97' lang='lat'><strong>,</strong></span> <span class='ocrx_word' id='word_1_109' title='bbox 1441 1718 1724 1776; x_wconf 86' lang='lat' dir='ltr'><strong>postquam</strong></span> <span class='ocrx_word' id='word_1_110' title='bbox 1770 1708 1873 1765; x_wconf 87' lang='lat' dir='ltr'><strong>hoc</strong></span> <span class='ocrx_word' id='word_1_111' title='bbox 1915 1724 2098 1770; x_wconf 88' lang='lat' dir='ltr'><strong>votum</strong></span> 
     </span>
    </p>
   </div>
   <div class='ocr_carea' id='block_1_19' title="bbox 513 1787 2100 1870">
    <p class='ocr_par' dir='ltr' id='par_1_19' title="bbox 513 1787 2100 1870">
     <span class='ocr_line' id='line_1_19' title="bbox 513 1787 2100 1870; baseline 0.011 -29"><span class='ocrx_word' id='word_1_112' title='bbox 513 1787 670 1844; x_wconf 75' lang='lat' dir='ltr'><strong>bona:</strong></span> <span class='ocrx_word' id='word_1_113' title='bbox 701 1789 895 1846; x_wconf 85' lang='lat' dir='ltr'><strong>mentis</strong></span> <span class='ocrx_word' id='word_1_114' title='bbox 924 1792 1149 1862; x_wconf 77' lang='lat' dir='ltr'><strong>inspexi.</strong></span> <span class='ocrx_word' id='word_1_115' title='bbox 1175 1793 1240 1848; x_wconf 86' lang='lat' dir='ltr'><strong>Et</strong></span> <span class='ocrx_word' id='word_1_116' title='bbox 1268 1797 1513 1863; x_wconf 81' lang='lat' dir='ltr'><strong>quamvis</strong></span> <span class='ocrx_word' id='word_1_117' title='bbox 1538 1797 1651 1866; x_wconf 71' lang='lat' dir='ltr'><strong>ipse</strong></span> <span class='ocrx_word' id='word_1_118' title='bbox 1671 1797 1889 1855; x_wconf 92' lang='lat' dir='ltr'><strong>domino</strong></span> <span class='ocrx_word' id='word_1_119' title='bbox 1921 1815 2100 1870; x_wconf 87' lang='lat' dir='ltr'><strong>pecto-</strong></span> 
     </span>
    </p>
   </div>
   <div class='ocr_carea' id='block_1_20' title="bbox 2195 756 2798 814">
    <p class='ocr_par' dir='ltr' id='par_1_20' title="bbox 2195 756 2798 814">
     <span class='ocr_line' id='line_1_20' title="bbox 2195 756 2798 814; baseline -0.002 -2"><span class='ocrx_word' id='word_1_120' title='bbox 2195 763 2303 812; x_wconf 86' lang='lat' dir='ltr'><strong>tate</strong></span> <span class='ocrx_word' id='word_1_121' title='bbox 2331 756 2616 814; x_wconf 80' lang='lat' dir='ltr'><strong>delectent.</strong></span> <span class='ocrx_word' id='word_1_122' title='bbox 2651 757 2798 812; x_wconf 79' lang='lat' dir='ltr'><strong>Vale.</strong></span> 
     </span>
    </p>
   </div>
   <div class='ocr_carea' id='block_1_21' title="bbox 2742 848 3241 906">
    <p class='ocr_par' dir='ltr' id='par_1_21' title="bbox 2742 848 3241 906">
     <span class='ocr_line' id='line_1_21' title="bbox 2742 848 3241 906; baseline 0.002 -2"><span class='ocrx_word' id='word_1_123' title='bbox 2742 848 2957 904; x_wconf 78' lang='lat' dir='ltr'><strong>EPIST.</strong></span> <span class='ocrx_word' id='word_1_124' title='bbox 2999 849 3241 906; x_wconf 82' lang='lat' dir='ltr'><strong>XXXIV.</strong></span> 
     </span>
    </p>
   </div>
   <div class='ocr_carea' id='block_1_22' title="bbox 2710 957 3292 999">
    <p class='ocr_par' dir='ltr' id='par_1_22' title="bbox 2710 957 3292 999">
     <span class='ocr_line' id='line_1_22' title="bbox 2710 957 3292 999; baseline 0.002 -3"><span class='ocrx_word' id='word_1_125' title='bbox 2710 957 3022 999; x_wconf 68' lang='lat' dir='ltr'><strong>BXIIACBUI</strong></span> <span class='ocrx_word' id='word_1_126' title='bbox 3051 957 3292 999; x_wconf 71' lang='grc' dir='ltr'>ευιειιιο.</span> 
     </span>
    </p>
   </div>
   <div class='ocr_carea' id='block_1_23' title="bbox 2268 1030 3791 1101">
    <p class='ocr_par' dir='ltr' id='par_1_23' title="bbox 2268 1030 3791 1101">
     <span class='ocr_line' id='line_1_23' title="bbox 2268 1030 3791 1101; baseline 0.002 -15"><span class='ocrx_word' id='word_1_127' title='bbox 2268 1030 2520 1088; x_wconf 78' lang='lat' dir='ltr'><strong>Scribere</strong></span> <span class='ocrx_word' id='word_1_128' title='bbox 2549 1032 2615 1088; x_wconf 92' lang='lat' dir='ltr'><strong>ad</strong></span> <span class='ocrx_word' id='word_1_129' title='bbox 2654 1044 2706 1089; x_wconf 87' lang='lat' dir='ltr'><strong>te</strong></span> <span class='ocrx_word' id='word_1_130' title='bbox 2738 1043 2865 1092; x_wconf 84' lang='lat' dir='ltr'><strong>ante</strong></span> <span class='ocrx_word' id='word_1_131' title='bbox 2889 1035 3212 1101; x_wconf 79' lang='lat' dir='ltr'><strong>voluissem;</strong></span> <span class='ocrx_word' id='word_1_132' title='bbox 3242 1035 3337 1091; x_wconf 87' lang='lat' dir='ltr'><strong>sed</strong></span> <span class='ocrx_word' id='word_1_133' title='bbox 3363 1034 3791 1090; x_wconf 86' lang='lat' dir='ltr'><strong>commeantibus</strong></span> 
     </span>
    </p>
   </div>
   <div class='ocr_carea' id='block_1_24' title="bbox 2197 1123 3790 1195">
    <p class='ocr_par' dir='ltr' id='par_1_24' title="bbox 2197 1123 3790 1195">
     <span class='ocr_line' id='line_1_24' title="bbox 2197 1123 3790 1195; baseline 0.003 -17"><span class='ocrx_word' id='word_1_134' title='bbox 2197 1123 2380 1179; x_wconf 86' lang='lat' dir='ltr'><strong>multis</strong></span> <span class='ocrx_word' id='word_1_135' title='bbox 2408 1124 2566 1180; x_wconf 87' lang='lat' dir='ltr'><strong>lidam</strong></span> <span class='ocrx_word' id='word_1_136' title='bbox 2608 1126 2945 1183; x_wconf 81' lang='lat' dir='ltr'><strong>occasionem</strong></span> <span class='ocrx_word' id='word_1_137' title='bbox 2974 1125 3135 1183; x_wconf 80' lang='lat' dir='ltr'><strong>debet</strong></span> <span class='ocrx_word' id='word_1_138' title='bbox 3170 1143 3462 1195; x_wconf 82' lang='lat' dir='ltr'><strong>excerpere</strong></span> <span class='ocrx_word' id='word_1_139' title='bbox 3504 1127 3790 1183; x_wconf 85' lang='lat' dir='ltr'><strong>scribentis</strong></span> 
     </span>
    </p>
   </div>
   <div class='ocr_carea' id='block_1_25' title="bbox 2198 1219 3788 1290">
    <p class='ocr_par' dir='ltr' id='par_1_25' title="bbox 2198 1219 3788 1290">
     <span class='ocr_line' id='line_1_25' title="bbox 2198 1219 3788 1290; baseline 0 -16"><span class='ocrx_word' id='word_1_140' title='bbox 2198 1219 2416 1275; x_wconf 88' lang='lat' dir='ltr'><strong>electio.</strong></span> <span class='ocrx_word' id='word_1_141' title='bbox 2448 1221 2720 1287; x_wconf 74' lang='lat' dir='ltr'><strong>Accepisti</strong></span> <span class='ocrx_word' id='word_1_142' title='bbox 2761 1235 2977 1276; x_wconf 84' lang='lat' dir='ltr'><strong>causam</strong></span> <span class='ocrx_word' id='word_1_143' title='bbox 3019 1221 3270 1278; x_wconf 83' lang='lat' dir='ltr'><strong>tardioris</strong></span> <span class='ocrx_word' id='word_1_144' title='bbox 3311 1220 3473 1275; x_wconf 88' lang='lat' dir='ltr'><strong>oflicii</strong></span> <span class='ocrx_word' id='word_1_145' title='bbox 3518 1239 3533 1273; x_wconf 89' lang='lat'>:</span> <span class='ocrx_word' id='word_1_146' title='bbox 3583 1236 3703 1290; x_wconf 79' lang='lat' dir='ltr'><strong>qua:</strong></span> <span class='ocrx_word' id='word_1_147' title='bbox 3742 1219 3788 1274; x_wconf 87' lang='lat' dir='ltr'><strong>si</strong></span> 
     </span>
    </p>
   </div>
   <div class='ocr_carea' id='block_1_26' title="bbox 2197 1312 3793 1386">
    <p class='ocr_par' dir='ltr' id='par_1_26' title="bbox 2197 1312 3793 1386">
     <span class='ocr_line' id='line_1_26' title="bbox 2197 1312 3793 1386; baseline 0.002 -18"><span class='ocrx_word' id='word_1_148' title='bbox 2197 1312 2379 1369; x_wconf 80' lang='lat' dir='ltr'><strong>animo</strong></span> <span class='ocrx_word' id='word_1_149' title='bbox 2421 1322 2516 1368; x_wconf 90' lang='lat' dir='ltr'><strong>tuo</strong></span> <span class='ocrx_word' id='word_1_150' title='bbox 2556 1316 2853 1384; x_wconf 89' lang='lat' dir='ltr'><strong>satisfecit,</strong></span> <span class='ocrx_word' id='word_1_151' title='bbox 2897 1330 3087 1372; x_wconf 89' lang='lat' dir='ltr'><strong>curare</strong></span> <span class='ocrx_word' id='word_1_152' title='bbox 3124 1315 3429 1386; x_wconf 77' lang='lat' dir='ltr'><strong>dignaberis</strong></span> <span class='ocrx_word' id='word_1_153' title='bbox 3487 1325 3544 1368; x_wconf 92' lang='lat' dir='ltr'><strong>ut</strong></span> <span class='ocrx_word' id='word_1_154' title='bbox 3602 1314 3668 1367; x_wconf 90' lang='lat' dir='ltr'><strong>ad</strong></span> <span class='ocrx_word' id='word_1_155' title='bbox 3703 1329 3793 1371; x_wconf 85' lang='lat' dir='ltr'><strong>me</strong></span> 
     </span>
    </p>
   </div>
   <div class='ocr_carea' id='block_1_27' title="bbox 2198 1407 3788 1477">
    <p class='ocr_par' dir='ltr' id='par_1_27' title="bbox 2198 1407 3788 1477">
     <span class='ocr_line' id='line_1_27' title="bbox 2198 1407 3788 1477; baseline 0.002 -19"><span class='ocrx_word' id='word_1_156' title='bbox 2198 1419 2418 1476; x_wconf 85' lang='lat' dir='ltr'><strong>quoque</strong></span> <span class='ocrx_word' id='word_1_157' title='bbox 2459 1421 2718 1477; x_wconf 88' lang='lat' dir='ltr'><strong>responsa</strong></span> <span class='ocrx_word' id='word_1_158' title='bbox 2751 1417 2845 1465; x_wconf 86' lang='lat' dir='ltr'><strong>tua</strong></span> <span class='ocrx_word' id='word_1_159' title='bbox 2883 1408 3096 1464; x_wconf 88' lang='lat' dir='ltr'><strong>idoneis</strong></span> <span class='ocrx_word' id='word_1_160' title='bbox 3134 1407 3420 1464; x_wconf 85' lang='lat' dir='ltr'><strong>commissa</strong></span> <span class='ocrx_word' id='word_1_161' title='bbox 3457 1407 3788 1477; x_wconf 64' lang='lat' dir='ltr'><strong>perveniunt.</strong></span> 
     </span>
    </p>
   </div>
   <div class='ocr_carea' id='block_1_28' title="bbox 2204 1495 2359 1554">
    <p class='ocr_par' dir='ltr' id='par_1_28' title="bbox 2204 1495 2359 1554">
     <span class='ocr_line' id='line_1_28' title="bbox 2204 1495 2359 1554; baseline 0.006 -1"><span class='ocrx_word' id='word_1_162' title='bbox 2204 1495 2359 1554; x_wconf 82' lang='lat' dir='ltr'><strong>Vale.</strong></span> 
     </span>
    </p>
   </div>
   <div class='ocr_carea' id='block_1_29' title="bbox 2760 1588 3240 1648">
    <p class='ocr_par' dir='ltr' id='par_1_29' title="bbox 2760 1588 3240 1648">
     <span class='ocr_line' id='line_1_29' title="bbox 2760 1588 3240 1648; baseline -0.004 -2"><span class='ocrx_word' id='word_1_163' title='bbox 2760 1589 2978 1648; x_wconf 83' lang='lat' dir='ltr'><strong>EPIST.</strong></span> <span class='ocrx_word' id='word_1_164' title='bbox 3018 1588 3165 1646; x_wconf 86' lang='lat' dir='ltr'><strong>XXX</strong></span> <span class='ocrx_word' id='word_1_165' title='bbox 3177 1589 3240 1645; x_wconf 78' lang='grc' dir='ltr'><strong>ι’.</strong></span> 
     </span>
    </p>
   </div>
   <div class='ocr_carea' id='block_1_30' title="bbox 2707 1697 3282 1738">
    <p class='ocr_par' dir='ltr' id='par_1_30' title="bbox 2707 1697 3282 1738">
     <span class='ocr_line' id='line_1_30' title="bbox 2707 1697 3282 1738; baseline -0.003 -1"><span class='ocrx_word' id='word_1_166' title='bbox 2707 1697 3014 1738; x_wconf 71' lang='grc' dir='ltr'>εῐιιιιιειισς</span> <span class='ocrx_word' id='word_1_167' title='bbox 3039 1697 3282 1736; x_wconf 71' lang='grc' dir='ltr'><strong>³011ΑΝΝΙ.</strong></span> 
     </span>
    </p>
   </div>
   <div class='ocr_carea' id='block_1_31' title="bbox 2273 1769 3794 1841">
    <p class='ocr_par' dir='ltr' id='par_1_31' title="bbox 2273 1769 3794 1841">
     <span class='ocr_line' id='line_1_31' title="bbox 2273 1769 3794 1841; baseline -0.001 -15"><span class='ocrx_word' id='word_1_168' title='bbox 2273 1771 2429 1841; x_wconf 85' lang='lat' dir='ltr'><strong>Quod</strong></span> <span class='ocrx_word' id='word_1_169' title='bbox 2453 1787 2578 1830; x_wconf 90' lang='lat' dir='ltr'><strong>sero</strong></span> <span class='ocrx_word' id='word_1_170' title='bbox 2605 1773 2678 1829; x_wconf 88' lang='lat' dir='ltr'><strong>ad</strong></span> <span class='ocrx_word' id='word_1_171' title='bbox 2703 1785 2756 1830; x_wconf 90' lang='lat' dir='ltr'><strong>te</strong></span> <span class='ocrx_word' id='word_1_172' title='bbox 2787 1774 2966 1832; x_wconf 90' lang='lat' dir='ltr'><strong>scribo</strong></span> <span class='ocrx_word' id='word_1_173' title='bbox 2988 1817 3001 1839; x_wconf 89' lang='lat'><strong>,</strong></span> <span class='ocrx_word' id='word_1_174' title='bbox 3030 1775 3279 1829; x_wconf 71' lang='lat' dir='ltr'><strong>amicitia:</strong></span> <span class='ocrx_word' id='word_1_175' title='bbox 3310 1772 3515 1828; x_wconf 82' lang='lat' dir='ltr'><strong>tenacis</strong></span> <span class='ocrx_word' id='word_1_176' title='bbox 3543 1769 3794 1826; x_wconf 80' lang='lat' dir='ltr'><strong>indicium</strong></span> 
     </span>
    </p>
   </div>
   <div class='ocr_carea' id='block_1_32' title="bbox 513 1861 3796 1967">
    <p class='ocr_par' dir='ltr' id='par_1_32' title="bbox 513 1861 3796 1967">
     <span class='ocr_line' id='line_1_32' title="bbox 513 1861 3796 1967; baseline 0.011 -32"><span class='ocrx_word' id='word_1_177' title='bbox 513 1881 592 1935; x_wconf 91' lang='lat' dir='ltr'><strong>ris</strong></span> <span class='ocrx_word' id='word_1_178' title='bbox 631 1883 735 1937; x_wconf 85' lang='lat' dir='ltr'><strong>mei</strong></span> <span class='ocrx_word' id='word_1_179' title='bbox 775 1861 1228 1940; x_wconf 73' lang='lat' dir='ltr'><strong>excellentissimo</strong></span> <span class='ocrx_word' id='word_1_180' title='bbox 1259 1861 1374 1942; x_wconf 83' lang='lat' dir='ltr'><strong>viro</strong></span> <span class='ocrx_word' id='word_1_181' title='bbox 1399 1861 1721 1959; x_wconf 71' lang='lat' dir='ltr'><strong>scriptorum</strong></span> <span class='ocrx_word' id='word_1_182' title='bbox 1751 1861 1974 1962; x_wconf 79' lang='lat' dir='ltr'><strong>gratiam</strong></span> <span class='ocrx_word' id='word_1_183' title='bbox 2007 1914 2103 1967; x_wconf 91' lang='lat' dir='ltr'><strong>pro</strong></span> <span class='ocrx_word' id='word_1_184' title='bbox 2133 1861 2179 1920; x_wconf 69' lang='grc' dir='ltr'><strong><em>Β</em></strong></span> <span class='ocrx_word' id='word_1_185' title='bbox 2338 1865 2493 1967; x_wconf 41' lang='lat' dir='ltr'><strong>fui&quot;:</strong></span> <span class='ocrx_word' id='word_1_186' title='bbox 2532 1867 2790 1922; x_wconf 63' lang='lat' dir='ltr'><strong>memoria</strong></span> <span class='ocrx_word' id='word_1_187' title='bbox 2828 1867 3077 1967; x_wconf 50' lang='grc' dir='ltr'><strong>τῗῗθίίξὴ</strong></span> <span class='ocrx_word' id='word_1_188' title='bbox 3114 1881 3178 1921; x_wconf 59' lang='lat' dir='ltr'><strong>ex</strong></span> <span class='ocrx_word' id='word_1_189' title='bbox 3230 1865 3518 1967; x_wconf 42' lang='lat' dir='ltr'><strong>Intern&quot;?</strong></span> <span class='ocrx_word' id='word_1_190' title='bbox 3543 1863 3796 1967; x_wconf 43' lang='lat' dir='ltr'><strong>propnat</strong></span> 
     </span>
    </p>
   </div>
   <div class='ocr_carea' id='block_1_33' title="bbox 515 1969 2104 2049">
    <p class='ocr_par' dir='ltr' id='par_1_33' title="bbox 515 1969 2104 2049">
     <span class='ocr_line' id='line_1_33' title="bbox 515 1969 2104 2049; baseline 0.011 -24"><span class='ocrx_word' id='word_1_191' title='bbox 515 1969 762 2027; x_wconf 78' lang='lat' dir='ltr'><strong>Flaviani</strong></span> <span class='ocrx_word' id='word_1_192' title='bbox 807 1974 985 2029; x_wconf 81' lang='lat' dir='ltr'><strong>fratris</strong></span> <span class='ocrx_word' id='word_1_193' title='bbox 1025 1975 1102 2029; x_wconf 90' lang='lat' dir='ltr'><strong>tui</strong></span> <span class='ocrx_word' id='word_1_194' title='bbox 1146 1977 1353 2032; x_wconf 86' lang='lat' dir='ltr'><strong>honore</strong></span> <span class='ocrx_word' id='word_1_195' title='bbox 1385 1982 1660 2034; x_wconf 87' lang='lat' dir='ltr'><strong>retulerim</strong></span> <span class='ocrx_word' id='word_1_196' title='bbox 1684 2025 1700 2049; x_wconf 95' lang='lat'><strong>,</strong></span> <span class='ocrx_word' id='word_1_197' title='bbox 1751 1983 2104 2043; x_wconf 83' lang='lat' dir='ltr'><strong>nihilominus</strong></span> 
     </span>
    </p>
   </div>
   <div class='ocr_carea' id='block_1_34' title="bbox 517 2070 2106 2146">
    <p class='ocr_par' dir='ltr' id='par_1_34' title="bbox 517 2070 2106 2146">
     <span class='ocr_line' id='line_1_34' title="bbox 517 2070 2106 2146; baseline 0.011 -28"><span class='ocrx_word' id='word_1_198' title='bbox 517 2071 696 2120; x_wconf 85' lang='lat' dir='ltr'><strong>tamen</strong></span> <span class='ocrx_word' id='word_1_199' title='bbox 731 2082 952 2135; x_wconf 77' lang='lat' dir='ltr'><strong>quzeso,</strong></span> <span class='ocrx_word' id='word_1_200' title='bbox 990 2077 1048 2122; x_wconf 91' lang='lat' dir='ltr'><strong>ut</strong></span> <span class='ocrx_word' id='word_1_201' title='bbox 1076 2070 1237 2125; x_wconf 86' lang='lat' dir='ltr'><strong>etiam</strong></span> <span class='ocrx_word' id='word_1_202' title='bbox 1271 2073 1693 2142; x_wconf 74' lang='lat' dir='ltr'><strong>magnitudinem</strong></span> <span class='ocrx_word' id='word_1_203' title='bbox 1733 2079 2106 2146; x_wconf 75' lang='lat' dir='ltr'><strong>gratulationis</strong></span> 
     </span>
    </p>
   </div>
   <div class='ocr_carea' id='block_1_35' title="bbox 521 2159 2103 2240">
    <p class='ocr_par' dir='ltr' id='par_1_35' title="bbox 521 2159 2103 2240">
     <span class='ocr_line' id='line_1_35' title="bbox 521 2159 2103 2240; baseline 0.011 -30"><span class='ocrx_word' id='word_1_204' title='bbox 521 2171 658 2211; x_wconf 79' lang='lat' dir='ltr'><strong>meae</strong></span> <span class='ocrx_word' id='word_1_205' title='bbox 681 2159 821 2228; x_wconf 85' lang='lat' dir='ltr'><strong>apud</strong></span> <span class='ocrx_word' id='word_1_206' title='bbox 845 2171 1121 2216; x_wconf 86' lang='lat' dir='ltr'><strong>auctorem</strong></span> <span class='ocrx_word' id='word_1_207' title='bbox 1153 2164 1283 2217; x_wconf 90' lang='lat' dir='ltr'><strong>tanti</strong></span> <span class='ocrx_word' id='word_1_208' title='bbox 1311 2163 1557 2222; x_wconf 85' lang='lat' dir='ltr'><strong>lienelicii</strong></span> <span class='ocrx_word' id='word_1_209' title='bbox 1578 2168 1815 2240; x_wconf 85' lang='lat' dir='ltr'><strong>digneris</strong></span> <span class='ocrx_word' id='word_1_210' title='bbox 1839 2181 2103 2230; x_wconf 84' lang='lat' dir='ltr'><strong>astruere.</strong></span> 
     </span>
    </p>
   </div>
   <div class='ocr_carea' id='block_1_36' title="bbox 521 2247 673 2306">
    <p class='ocr_par' dir='ltr' id='par_1_36' title="bbox 521 2247 673 2306">
     <span class='ocr_line' id='line_1_36' title="bbox 521 2247 673 2306; baseline 0.02 -3"><span class='ocrx_word' id='word_1_211' title='bbox 521 2247 673 2306; x_wconf 71' lang='lat' dir='ltr'><strong>Vale.</strong></span> 
     </span>
    </p>
   </div>
   <div class='ocr_carea' id='block_1_37' title="bbox 1093 2324 1524 2386">
    <p class='ocr_par' dir='ltr' id='par_1_37' title="bbox 1093 2324 1524 2386">
     <span class='ocr_line' id='line_1_37' title="bbox 1093 2324 1524 2386; baseline 0.012 -6"><span class='ocrx_word' id='word_1_212' title='bbox 1093 2324 1310 2382; x_wconf 80' lang='lat' dir='ltr'><strong>EPIST.</strong></span> <span class='ocrx_word' id='word_1_213' title='bbox 1351 2327 1524 2386; x_wconf 84' lang='lat' dir='ltr'><strong>XXX.</strong></span> 
     </span>
    </p>
   </div>
   <div class='ocr_carea' id='block_1_38' title="bbox 1056 2433 1563 2480">
    <p class='ocr_par' dir='ltr' id='par_1_38' title="bbox 1056 2433 1563 2480">
     <span class='ocr_line' id='line_1_38' title="bbox 1056 2433 1563 2480; baseline 0.014 -7"><span class='ocrx_word' id='word_1_214' title='bbox 1056 2433 1369 2476; x_wconf 69' lang='grc' dir='ltr'>εῐιιυσιιιςε</span> <span class='ocrx_word' id='word_1_215' title='bbox 1395 2439 1563 2480; x_wconf 77' lang='grc' dir='ltr'>ιονιο.</span> 
     </span>
    </p>
   </div>
   <div class='ocr_carea' id='block_1_39' title="bbox 586 2503 2111 2592">
    <p class='ocr_par' dir='ltr' id='par_1_39' title="bbox 586 2503 2111 2592">
     <span class='ocr_line' id='line_1_39' title="bbox 586 2503 2111 2592; baseline 0.01 -31"><span class='ocrx_word' id='word_1_216' title='bbox 586 2503 830 2562; x_wconf 71' lang='lat' dir='ltr'><strong>Interfuit</strong></span> <span class='ocrx_word' id='word_1_217' title='bbox 871 2506 1097 2576; x_wconf 74' lang='lat' dir='ltr'><strong>publica:</strong></span> <span class='ocrx_word' id='word_1_218' title='bbox 1145 2512 1390 2568; x_wconf 82' lang='lat' dir='ltr'><strong>utilitatis</strong></span> <span class='ocrx_word' id='word_1_219' title='bbox 1429 2523 1488 2568; x_wconf 89' lang='lat' dir='ltr'><strong>ut</strong></span> <span class='ocrx_word' id='word_1_220' title='bbox 1525 2516 1620 2570; x_wconf 85' lang='lat' dir='ltr'><strong>tibi</strong></span> <span class='ocrx_word' id='word_1_221' title='bbox 1651 2517 1855 2588; x_wconf 82' lang='lat' dir='ltr'><strong>majora</strong></span> <span class='ocrx_word' id='word_1_222' title='bbox 1895 2513 2111 2592; x_wconf 77' lang='lat' dir='ltr'><strong>negoti&#39;a</strong></span> 
     </span>
    </p>
   </div>
   <div class='ocr_carea' id='block_1_40' title="bbox 518 2596 2108 2683">
    <p class='ocr_par' dir='ltr' id='par_1_40' title="bbox 518 2596 2108 2683">
     <span class='ocr_line' id='line_1_40' title="bbox 518 2596 2108 2683; baseline 0.01 -30"><span class='ocrx_word' id='word_1_223' title='bbox 518 2596 893 2655; x_wconf 82' lang='lat' dir='ltr'><strong>crederentur.</strong></span> <span class='ocrx_word' id='word_1_224' title='bbox 943 2600 1119 2668; x_wconf 84' lang='lat' dir='ltr'><strong>Quare</strong></span> <span class='ocrx_word' id='word_1_225' title='bbox 1163 2605 1364 2671; x_wconf 78' lang='lat' dir='ltr'><strong>prolixa</strong></span> <span class='ocrx_word' id='word_1_226' title='bbox 1409 2623 1516 2662; x_wconf 92' lang='lat' dir='ltr'><strong>non</strong></span> <span class='ocrx_word' id='word_1_227' title='bbox 1558 2608 1722 2664; x_wconf 86' lang='lat' dir='ltr'><strong>debet</strong></span> <span class='ocrx_word' id='word_1_228' title='bbox 1767 2625 1885 2668; x_wconf 82' lang='lat' dir='ltr'><strong>esse</strong></span> <span class='ocrx_word' id='word_1_229' title='bbox 1932 2614 2108 2683; x_wconf 88' lang='lat' dir='ltr'><strong>gaudii</strong></span> 
     </span>
    </p>
   </div>
   <div class='ocr_carea' id='block_1_41' title="bbox 517 2690 2112 2770">
    <p class='ocr_par' dir='ltr' id='par_1_41' title="bbox 517 2690 2112 2770">
     <span class='ocr_line' id='line_1_41' title="bbox 517 2690 2112 2770; baseline 0.013 -28"><span class='ocrx_word' id='word_1_230' title='bbox 517 2690 623 2745; x_wconf 89' lang='lat' dir='ltr'><strong>mei</strong></span> <span class='ocrx_word' id='word_1_231' title='bbox 674 2691 983 2758; x_wconf 74' lang='lat' dir='ltr'><strong>attestatio,</strong></span> <span class='ocrx_word' id='word_1_232' title='bbox 1027 2709 1097 2748; x_wconf 92' lang='lat' dir='ltr'><strong>ne</strong></span> <span class='ocrx_word' id='word_1_233' title='bbox 1141 2695 1464 2752; x_wconf 89' lang='lat' dir='ltr'><strong>adulationis</strong></span> <span class='ocrx_word' id='word_1_234' title='bbox 1509 2702 1744 2770; x_wconf 87' lang='lat' dir='ltr'><strong>suspicio</strong></span> <span class='ocrx_word' id='word_1_235' title='bbox 1789 2703 2112 2763; x_wconf 76' lang='lat' dir='ltr'><strong>devenustet</strong></span> 
     </span>
    </p>
   </div>
   <div class='ocr_carea' id='block_1_42' title="bbox 515 2782 2110 2868">
    <p class='ocr_par' dir='ltr' id='par_1_42' title="bbox 515 2782 2110 2868">
     <span class='ocr_line' id='line_1_42' title="bbox 515 2782 2110 2868; baseline 0.015 -36"><span class='ocrx_word' id='word_1_236' title='bbox 515 2782 700 2848; x_wconf 81' lang='lat' dir='ltr'><strong>jndicii</strong></span> <span class='ocrx_word' id='word_1_237' title='bbox 753 2788 1056 2841; x_wconf 80' lang='lat' dir='ltr'><strong>veritatem.</strong></span> <span class='ocrx_word' id='word_1_238' title='bbox 1100 2786 1240 2858; x_wconf 90' lang='lat' dir='ltr'><strong>Opto</strong></span> <span class='ocrx_word' id='word_1_239' title='bbox 1288 2790 1477 2860; x_wconf 84' lang='lat' dir='ltr'><strong>igitur,</strong></span> <span class='ocrx_word' id='word_1_240' title='bbox 1525 2794 1618 2847; x_wconf 87' lang='lat' dir='ltr'><strong>tibi</strong></span> <span class='ocrx_word' id='word_1_241' title='bbox 1661 2801 1899 2868; x_wconf 81' lang='lat' dir='ltr'><strong>suscepti</strong></span> <span class='ocrx_word' id='word_1_242' title='bbox 1943 2797 2110 2857; x_wconf 80' lang='lat' dir='ltr'><strong>officii</strong></span> 
     </span>
    </p>
   </div>
   <div class='ocr_carea' id='block_1_43' title="bbox 517 2877 2111 2957">
    <p class='ocr_par' dir='ltr' id='par_1_43' title="bbox 517 2877 2111 2957">
     <span class='ocr_line' id='line_1_43' title="bbox 517 2877 2111 2957; baseline 0.014 -31"><span class='ocrx_word' id='word_1_243' title='bbox 517 2887 709 2929; x_wconf 88' lang='lat' dir='ltr'><strong>cursus</strong></span> <span class='ocrx_word' id='word_1_244' title='bbox 735 2877 987 2931; x_wconf 83' lang='lat' dir='ltr'><strong>arrideat.</strong></span> <span class='ocrx_word' id='word_1_245' title='bbox 1017 2879 1277 2947; x_wconf 81' lang='lat' dir='ltr'><strong>Quamvis</strong></span> <span class='ocrx_word' id='word_1_246' title='bbox 1314 2882 1562 2940; x_wconf 86' lang='lat' dir='ltr'><strong>dubitare</strong></span> <span class='ocrx_word' id='word_1_247' title='bbox 1598 2903 1703 2942; x_wconf 88' lang='lat' dir='ltr'><strong>non</strong></span> <span class='ocrx_word' id='word_1_248' title='bbox 1744 2893 1975 2957; x_wconf 84' lang='lat' dir='ltr'><strong>possim,</strong></span> <span class='ocrx_word' id='word_1_249' title='bbox 2011 2909 2111 2949; x_wconf 87' lang='lat' dir='ltr'><strong>nec</strong></span> 
     </span>
    </p>
   </div>
   <div class='ocr_carea' id='block_1_44' title="bbox 519 2966 2113 3051">
    <p class='ocr_par' dir='ltr' id='par_1_44' title="bbox 519 2966 2113 3051">
     <span class='ocr_line' id='line_1_44' title="bbox 519 2966 2113 3051; baseline 0.015 -35"><span class='ocrx_word' id='word_1_250' title='bbox 519 2966 717 3020; x_wconf 90' lang='lat' dir='ltr'><strong>mutari</strong></span> <span class='ocrx_word' id='word_1_251' title='bbox 757 2968 1075 3035; x_wconf 86' lang='lat' dir='ltr'><strong>probitatem</strong></span> <span class='ocrx_word' id='word_1_252' title='bbox 1102 3011 1120 3034; x_wconf 93' lang='lat'><strong>,</strong></span> <span class='ocrx_word' id='word_1_253' title='bbox 1147 2981 1203 3027; x_wconf 90' lang='lat' dir='ltr'><strong>et</strong></span> <span class='ocrx_word' id='word_1_254' title='bbox 1233 2973 1400 3030; x_wconf 86' lang='lat' dir='ltr'><strong>bonas</strong></span> <span class='ocrx_word' id='word_1_255' title='bbox 1430 2989 1576 3032; x_wconf 87' lang='lat' dir='ltr'><strong>artes</strong></span> <span class='ocrx_word' id='word_1_256' title='bbox 1607 2979 1827 3036; x_wconf 87' lang='lat' dir='ltr'><strong>stimulo</strong></span> <span class='ocrx_word' id='word_1_257' title='bbox 1861 2986 2113 3051; x_wconf 71' lang='lat' dir='ltr'><strong>praemio-</strong></span> 
     </span>
    </p>
   </div>
   <div class='ocr_carea' id='block_1_45' title="bbox 518 3061 1334 3125">
    <p class='ocr_par' dir='ltr' id='par_1_45' title="bbox 518 3061 1334 3125">
     <span class='ocr_line' id='line_1_45' title="bbox 518 3061 1334 3125; baseline 0.015 -12"><span class='ocrx_word' id='word_1_258' title='bbox 518 3074 640 3116; x_wconf 88' lang='lat' dir='ltr'><strong>rum</strong></span> <span class='ocrx_word' id='word_1_259' title='bbox 676 3061 887 3119; x_wconf 89' lang='lat' dir='ltr'><strong>felicius</strong></span> <span class='ocrx_word' id='word_1_260' title='bbox 916 3064 1149 3120; x_wconf 83' lang='lat' dir='ltr'><strong>incitari.</strong></span> <span class='ocrx_word' id='word_1_261' title='bbox 1185 3067 1334 3125; x_wconf 85' lang='lat' dir='ltr'><strong>Vale.</strong></span> 
     </span>
    </p>
   </div>
   <div class='ocr_carea' id='block_1_46' title="bbox 1087 3159 1535 3216">
    <p class='ocr_par' dir='ltr' id='par_1_46' title="bbox 1087 3159 1535 3216">
     <span class='ocr_line' id='line_1_46' title="bbox 1087 3159 1535 3216; baseline 0.009 -4"><span class='ocrx_word' id='word_1_262' title='bbox 1087 3159 1301 3215; x_wconf 82' lang='lat' dir='ltr'><strong>EPIST.</strong></span> <span class='ocrx_word' id='word_1_263' title='bbox 1345 3159 1535 3216; x_wconf 88' lang='lat' dir='ltr'><strong>XXXI.</strong></span> 
     </span>
    </p>
   </div>
   <div class='ocr_carea' id='block_1_47' title="bbox 1011 3263 1599 3309">
    <p class='ocr_par' dir='ltr' id='par_1_47' title="bbox 1011 3263 1599 3309">
     <span class='ocr_line' id='line_1_47' title="bbox 1011 3263 1599 3309; baseline 0.009 -5"><span class='ocrx_word' id='word_1_264' title='bbox 1011 3263 1318 3307; x_wconf 68' lang='grc' dir='ltr'>διιιυιιτιιυς</span> <span class='ocrx_word' id='word_1_265' title='bbox 1349 3268 1599 3309; x_wconf 69' lang='grc' dir='ltr'><strong>ευυοιιο.</strong></span> 
     </span>
    </p>
   </div>
   <div class='ocr_carea' id='block_1_48' title="bbox 587 3336 2111 3418">
    <p class='ocr_par' dir='ltr' id='par_1_48' title="bbox 587 3336 2111 3418">
     <span class='ocr_line' id='line_1_48' title="bbox 587 3336 2111 3418; baseline 0.012 -24"><span class='ocrx_word' id='word_1_266' title='bbox 587 3336 860 3396; x_wconf 81' lang='lat' dir='ltr'><strong>Exsultavi</strong></span> <span class='ocrx_word' id='word_1_267' title='bbox 890 3344 1081 3412; x_wconf 86' lang='lat' dir='ltr'><strong>gaudio</strong></span> <span class='ocrx_word' id='word_1_268' title='bbox 1105 3346 1177 3401; x_wconf 90' lang='lat' dir='ltr'><strong>ob</strong></span> <span class='ocrx_word' id='word_1_269' title='bbox 1219 3347 1467 3403; x_wconf 72' lang='lat' dir='ltr'><strong>amicitia:</strong></span> <span class='ocrx_word' id='word_1_270' title='bbox 1504 3349 1796 3418; x_wconf 83' lang='lat' dir='ltr'><strong>honorem,</strong></span> <span class='ocrx_word' id='word_1_271' title='bbox 1846 3367 1968 3412; x_wconf 91' lang='lat' dir='ltr'><strong>cum</strong></span> <span class='ocrx_word' id='word_1_272' title='bbox 2017 3355 2111 3412; x_wconf 81' lang='lat' dir='ltr'><strong>iit-</strong></span> 
     </span>
    </p>
   </div>
   <div class='ocr_carea' id='block_1_49' title="bbox 516 3438 2106 3517">
    <p class='ocr_par' dir='ltr' id='par_1_49' title="bbox 516 3438 2106 3517">
     <span class='ocr_line' id='line_1_49' title="bbox 516 3438 2106 3517; baseline 0.013 -33"><span class='ocrx_word' id='word_1_273' title='bbox 516 3438 660 3486; x_wconf 83' lang='lat' dir='ltr'><strong>teras</strong></span> <span class='ocrx_word' id='word_1_274' title='bbox 696 3443 816 3487; x_wconf 87' lang='lat' dir='ltr'><strong>tuas</strong></span> <span class='ocrx_word' id='word_1_275' title='bbox 856 3449 1145 3490; x_wconf 84' lang='lat' dir='ltr'><strong>sumerem.</strong></span> <span class='ocrx_word' id='word_1_276' title='bbox 1189 3439 1292 3493; x_wconf 88' lang='lat' dir='ltr'><strong>Sed</strong></span> <span class='ocrx_word' id='word_1_277' title='bbox 1339 3440 1427 3495; x_wconf 84' lang='lat' dir='ltr'><strong>tibi</strong></span> <span class='ocrx_word' id='word_1_278' title='bbox 1469 3442 1675 3499; x_wconf 82' lang='lat' dir='ltr'><strong>Annius</strong></span> <span class='ocrx_word' id='word_1_279' title='bbox 1717 3457 1918 3512; x_wconf 88' lang='lat' dir='ltr'><strong>noster,</strong></span> <span class='ocrx_word' id='word_1_280' title='bbox 1945 3462 2106 3517; x_wconf 90' lang='lat' dir='ltr'><strong>quam</strong></span> 
     </span>
    </p>
   </div>
   <div class='ocr_carea' id='block_1_50' title="bbox 516 3522 2107 3606">
    <p class='ocr_par' dir='ltr' id='par_1_50' title="bbox 516 3522 2107 3606">
     <span class='ocr_line' id='line_1_50' title="bbox 516 3522 2107 3606; baseline 0.013 -32"><span class='ocrx_word' id='word_1_281' title='bbox 516 3522 589 3576; x_wconf 88' lang='lat' dir='ltr'><strong>sis</strong></span> <span class='ocrx_word' id='word_1_282' title='bbox 630 3522 827 3580; x_wconf 86' lang='lat' dir='ltr'><strong>dubius</strong></span> <span class='ocrx_word' id='word_1_283' title='bbox 864 3527 1216 3596; x_wconf 81' lang='lat' dir='ltr'><strong>valetudinis,</strong></span> <span class='ocrx_word' id='word_1_284' title='bbox 1261 3531 1529 3598; x_wconf 85' lang='lat' dir='ltr'><strong>indicavit,</strong></span> <span class='ocrx_word' id='word_1_285' title='bbox 1571 3534 1624 3589; x_wconf 92' lang='lat' dir='ltr'><strong>in</strong></span> <span class='ocrx_word' id='word_1_286' title='bbox 1670 3551 1886 3606; x_wconf 86' lang='lat' dir='ltr'><strong>gravem</strong></span> <span class='ocrx_word' id='word_1_287' title='bbox 1923 3555 2107 3597; x_wconf 88' lang='lat' dir='ltr'><strong>curam</strong></span> 
     </span>
    </p>
   </div>
   <div class='ocr_carea' id='block_1_51' title="bbox 515 3611 2110 3702">
    <p class='ocr_par' dir='ltr' id='par_1_51' title="bbox 515 3611 2110 3702">
     <span class='ocr_line' id='line_1_51' title="bbox 515 3611 2110 3702; baseline 0.014 -34"><span class='ocrx_word' id='word_1_288' title='bbox 515 3611 695 3670; x_wconf 65' lang='lat' dir='ltr'><strong>lu-titia</strong></span> <span class='ocrx_word' id='word_1_289' title='bbox 727 3615 968 3671; x_wconf 82' lang='lat' dir='ltr'><strong>derivata</strong></span> <span class='ocrx_word' id='word_1_290' title='bbox 1015 3630 1118 3675; x_wconf 88' lang='lat' dir='ltr'><strong>est.</strong></span> <span class='ocrx_word' id='word_1_291' title='bbox 1155 3621 1320 3678; x_wconf 76' lang='lat' dir='ltr'><strong>Video</strong></span> <span class='ocrx_word' id='word_1_292' title='bbox 1351 3625 1493 3680; x_wconf 88' lang='lat' dir='ltr'><strong>enim</strong></span> <span class='ocrx_word' id='word_1_293' title='bbox 1520 3629 1958 3699; x_wconf 84' lang='lat' dir='ltr'><strong>peregrinationi,</strong></span> <span class='ocrx_word' id='word_1_294' title='bbox 1987 3648 2110 3702; x_wconf 75' lang='lat' dir='ltr'><strong>qute</strong></span> 
     </span>
    </p>
   </div>
   <div class='ocr_carea' id='block_1_52' title="bbox 517 3705 2111 3790">
    <p class='ocr_par' dir='ltr' id='par_1_52' title="bbox 517 3705 2111 3790">
     <span class='ocr_line' id='line_1_52' title="bbox 517 3705 2111 3790; baseline 0.014 -33"><span class='ocrx_word' id='word_1_295' title='bbox 517 3705 690 3760; x_wconf 86' lang='lat' dir='ltr'><strong>morbi</strong></span> <span class='ocrx_word' id='word_1_296' title='bbox 723 3706 890 3763; x_wconf 86' lang='lat' dir='ltr'><strong>instar</strong></span> <span class='ocrx_word' id='word_1_297' title='bbox 919 3720 1030 3774; x_wconf 88' lang='lat' dir='ltr'><strong>est,</strong></span> <span class='ocrx_word' id='word_1_298' title='bbox 1060 3711 1315 3770; x_wconf 89' lang='lat' dir='ltr'><strong>damnum</strong></span> <span class='ocrx_word' id='word_1_299' title='bbox 1357 3717 1602 3773; x_wconf 84' lang='lat' dir='ltr'><strong>sanitatis</strong></span> <span class='ocrx_word' id='word_1_300' title='bbox 1639 3719 1926 3790; x_wconf 82' lang='lat' dir='ltr'><strong>adjectum.</strong></span> <span class='ocrx_word' id='word_1_301' title='bbox 1957 3723 2111 3778; x_wconf 72' lang='lat' dir='ltr'><strong>Sola-</strong></span> 
     </span>
    </p>
   </div>
   <div class='ocr_carea' id='block_1_53' title="bbox 518 3800 2111 3883">
    <p class='ocr_par' dir='ltr' id='par_1_53' title="bbox 518 3800 2111 3883">
     <span class='ocr_line' id='line_1_53' title="bbox 518 3800 2111 3883; baseline 0.013 -35"><span class='ocrx_word' id='word_1_302' title='bbox 518 3803 604 3849; x_wconf 88' lang='lat' dir='ltr'><strong>tur</strong></span> <span class='ocrx_word' id='word_1_303' title='bbox 653 3803 832 3852; x_wconf 89' lang='lat' dir='ltr'><strong>tamen</strong></span> <span class='ocrx_word' id='word_1_304' title='bbox 874 3800 1288 3858; x_wconf 86' lang='lat' dir='ltr'><strong>sollicitudinem</strong></span> <span class='ocrx_word' id='word_1_305' title='bbox 1343 3821 1547 3875; x_wconf 89' lang='lat' dir='ltr'><strong>meam,</strong></span> <span class='ocrx_word' id='word_1_306' title='bbox 1591 3812 1732 3879; x_wconf 85' lang='lat' dir='ltr'><strong>quod</strong></span> <span class='ocrx_word' id='word_1_307' title='bbox 1782 3813 2111 3883; x_wconf 87' lang='lat' dir='ltr'><strong>parcimonia</strong></span> 
     </span>
    </p>
   </div>
   <div class='ocr_carea' id='block_1_54' title="bbox 518 3885 2114 3969">
    <p class='ocr_par' dir='ltr' id='par_1_54' title="bbox 518 3885 2114 3969">
     <span class='ocr_line' id='line_1_54' title="bbox 518 3885 2114 3969; baseline 0.017 -35"><span class='ocrx_word' id='word_1_308' title='bbox 518 3885 615 3938; x_wconf 83' lang='lat' dir='ltr'><strong>tibi</strong></span> <span class='ocrx_word' id='word_1_309' title='bbox 647 3885 925 3944; x_wconf 84' lang='lat' dir='ltr'><strong>familiaris</strong></span> <span class='ocrx_word' id='word_1_310' title='bbox 951 3901 1035 3945; x_wconf 89' lang='lat' dir='ltr'><strong>est</strong></span> <span class='ocrx_word' id='word_1_311' title='bbox 1055 3932 1072 3958; x_wconf 89' lang='lat'><strong>,</strong></span> <span class='ocrx_word' id='word_1_312' title='bbox 1100 3895 1239 3963; x_wconf 84' lang='lat' dir='ltr'><strong>quod</strong></span> <span class='ocrx_word' id='word_1_313' title='bbox 1267 3909 1490 3965; x_wconf 84' lang='lat' dir='ltr'><strong>cognata</strong></span> <span class='ocrx_word' id='word_1_314' title='bbox 1517 3902 1775 3969; x_wconf 86' lang='lat' dir='ltr'><strong>sapientia</strong></span> <span class='ocrx_word' id='word_1_315' title='bbox 1798 3945 1814 3969; x_wconf 94' lang='lat'><strong>,</strong></span> <span class='ocrx_word' id='word_1_316' title='bbox 1845 3913 1899 3958; x_wconf 92' lang='lat' dir='ltr'><strong>et</strong></span> <span class='ocrx_word' id='word_1_317' title='bbox 1921 3903 2114 3960; x_wconf 87' lang='lat' dir='ltr'><strong>adver-</strong></span> 
     </span>
    </p>
   </div>
   <div class='ocr_carea' id='block_1_55' title="bbox 515 3975 2116 4059">
    <p class='ocr_par' dir='ltr' id='par_1_55' title="bbox 515 3975 2116 4059">
     <span class='ocr_line' id='line_1_55' title="bbox 515 3975 2116 4059; baseline 0.014 -31"><span class='ocrx_word' id='word_1_318' title='bbox 515 3975 593 4029; x_wconf 89' lang='lat' dir='ltr'><strong>sis</strong></span> <span class='ocrx_word' id='word_1_319' title='bbox 629 3975 856 4034; x_wconf 78' lang='lat' dir='ltr'><strong>fortunae</strong></span> <span class='ocrx_word' id='word_1_320' title='bbox 891 3983 1099 4039; x_wconf 90' lang='lat' dir='ltr'><strong>animus</strong></span> <span class='ocrx_word' id='word_1_321' title='bbox 1147 3986 1412 4058; x_wconf 79' lang='lat' dir='ltr'><strong>ingentior</strong></span> <span class='ocrx_word' id='word_1_322' title='bbox 1450 4007 1466 4045; x_wconf 89' lang='lat'><strong>:</strong></span> <span class='ocrx_word' id='word_1_323' title='bbox 1509 4006 1628 4059; x_wconf 72' lang='lat' dir='ltr'><strong>qua:</strong></span> <span class='ocrx_word' id='word_1_324' title='bbox 1669 3992 1807 4047; x_wconf 90' lang='lat' dir='ltr'><strong>bona</strong></span> <span class='ocrx_word' id='word_1_325' title='bbox 1850 3996 2116 4052; x_wconf 88' lang='lat' dir='ltr'><strong>reducere</strong></span> 
     </span>
    </p>
   </div>
   <div class='ocr_carea' id='block_1_56' title="bbox 515 4070 2114 4157">
    <p class='ocr_par' dir='ltr' id='par_1_56' title="bbox 515 4070 2114 4157">
     <span class='ocr_line' id='line_1_56' title="bbox 515 4070 2114 4157; baseline 0.013 -36"><span class='ocrx_word' id='word_1_326' title='bbox 515 4070 698 4124; x_wconf 79' lang='lat' dir='ltr'><strong>solent</strong></span> <span class='ocrx_word' id='word_1_327' title='bbox 728 4071 1011 4129; x_wconf 83' lang='lat' dir='ltr'><strong>valentiam</strong></span> <span class='ocrx_word' id='word_1_328' title='bbox 1040 4079 1304 4147; x_wconf 86' lang='lat' dir='ltr'><strong>corporis,</strong></span> <span class='ocrx_word' id='word_1_329' title='bbox 1331 4090 1386 4134; x_wconf 87' lang='lat' dir='ltr'><strong>et</strong></span> <span class='ocrx_word' id='word_1_330' title='bbox 1408 4081 1608 4150; x_wconf 84' lang='lat' dir='ltr'><strong>vigoris</strong></span> <span class='ocrx_word' id='word_1_331' title='bbox 1633 4098 1906 4140; x_wconf 88' lang='lat' dir='ltr'><strong>serenum.</strong></span> <span class='ocrx_word' id='word_1_332' title='bbox 1939 4086 2114 4157; x_wconf 77' lang='lat' dir='ltr'><strong>Spe‘ro</strong></span> 
     </span>
    </p>
   </div>
   <div class='ocr_carea' id='block_1_57' title="bbox 517 4162 2115 4246">
    <p class='ocr_par' dir='ltr' id='par_1_57' title="bbox 517 4162 2115 4246">
     <span class='ocr_line' id='line_1_57' title="bbox 517 4162 2115 4246; baseline 0.011 -27"><span class='ocrx_word' id='word_1_333' title='bbox 517 4162 682 4231; x_wconf 79' lang='lat' dir='ltr'><strong>igitur</strong></span> <span class='ocrx_word' id='word_1_334' title='bbox 715 4165 786 4221; x_wconf 88' lang='lat' dir='ltr'><strong>de</strong></span> <span class='ocrx_word' id='word_1_335' title='bbox 828 4177 880 4223; x_wconf 89' lang='lat' dir='ltr'><strong>te</strong></span> <span class='ocrx_word' id='word_1_336' title='bbox 917 4171 1131 4240; x_wconf 86' lang='lat' dir='ltr'><strong>cognitu</strong></span> <span class='ocrx_word' id='word_1_337' title='bbox 1172 4172 1412 4239; x_wconf 65' lang='lat' dir='ltr'><strong>laetiora,</strong></span> <span class='ocrx_word' id='word_1_338' title='bbox 1457 4186 1511 4230; x_wconf 89' lang='lat' dir='ltr'><strong>et</strong></span> <span class='ocrx_word' id='word_1_339' title='bbox 1547 4192 1704 4231; x_wconf 88' lang='lat' dir='ltr'><strong>aures</strong></span> <span class='ocrx_word' id='word_1_340' title='bbox 1728 4179 1838 4246; x_wconf 89' lang='lat' dir='ltr'><strong>jam</strong></span> <span class='ocrx_word' id='word_1_341' title='bbox 1869 4179 2115 4236; x_wconf 81' lang='lat' dir='ltr'><strong>felicibus</strong></span> 
     </span>
    </p>
   </div>
   <div class='ocr_carea' id='block_1_58' title="bbox 518 4259 2117 4340">
    <p class='ocr_par' dir='ltr' id='par_1_58' title="bbox 518 4259 2117 4340">
     <span class='ocr_line' id='line_1_58' title="bbox 518 4259 2117 4340; baseline 0.01 -28"><span class='ocrx_word' id='word_1_342' title='bbox 518 4259 721 4314; x_wconf 88' lang='lat' dir='ltr'><strong>nuntiis</strong></span> <span class='ocrx_word' id='word_1_343' title='bbox 760 4275 912 4330; x_wconf 87' lang='lat' dir='ltr'><strong>paro.</strong></span> <span class='ocrx_word' id='word_1_344' title='bbox 958 4263 1139 4320; x_wconf 86' lang='lat' dir='ltr'><strong>Faciet</strong></span> <span class='ocrx_word' id='word_1_345' title='bbox 1172 4265 1412 4333; x_wconf 87' lang='lat' dir='ltr'><strong>justitia,</strong></span> <span class='ocrx_word' id='word_1_346' title='bbox 1454 4283 1575 4337; x_wconf 68' lang='lat' dir='ltr'><strong>qua:</strong></span> <span class='ocrx_word' id='word_1_347' title='bbox 1617 4269 1732 4337; x_wconf 90' lang='lat' dir='ltr'><strong>pios</strong></span> <span class='ocrx_word' id='word_1_348' title='bbox 1766 4271 2018 4340; x_wconf 76' lang='lat' dir='ltr'><strong>reapicit,</strong></span> <span class='ocrx_word' id='word_1_349' title='bbox 2055 4284 2117 4328; x_wconf 91' lang='lat' dir='ltr'><strong>ut</strong></span> 
     </span>
    </p>
   </div>
   <div class='ocr_carea' id='block_1_59' title="bbox 517 4351 2116 4435">
    <p class='ocr_par' dir='ltr' id='par_1_59' title="bbox 517 4351 2116 4435">
     <span class='ocr_line' id='line_1_59' title="bbox 517 4351 2116 4435; baseline 0.011 -32"><span class='ocrx_word' id='word_1_350' title='bbox 517 4361 640 4419; x_wconf 86' lang='lat' dir='ltr'><strong>post</strong></span> <span class='ocrx_word' id='word_1_351' title='bbox 670 4351 826 4421; x_wconf 78' lang='lat' dir='ltr'><strong>hujus</strong></span> <span class='ocrx_word' id='word_1_352' title='bbox 855 4353 1176 4410; x_wconf 89' lang='lat' dir='ltr'><strong>incommodi</strong></span> <span class='ocrx_word' id='word_1_353' title='bbox 1199 4357 1362 4411; x_wconf 91' lang='lat' dir='ltr'><strong>citum</strong></span> <span class='ocrx_word' id='word_1_354' title='bbox 1387 4361 1696 4427; x_wconf 90' lang='lat' dir='ltr'><strong>transitum,</strong></span> <span class='ocrx_word' id='word_1_355' title='bbox 1721 4361 1844 4418; x_wconf 67' lang='lat' dir='ltr'><strong>vitae</strong></span> <span class='ocrx_word' id='word_1_356' title='bbox 1867 4372 1970 4419; x_wconf 71' lang='lat' dir='ltr'><strong>tua:</strong></span> <span class='ocrx_word' id='word_1_357' title='bbox 1989 4377 2116 4435; x_wconf 77' lang='lat' dir='ltr'><strong>pro~</strong></span> 
     </span>
    </p>
   </div>
   <div class='ocr_carea' id='block_1_60' title="bbox 517 4445 1498 4517">
    <p class='ocr_par' dir='ltr' id='par_1_60' title="bbox 517 4445 1498 4517">
     <span class='ocr_line' id='line_1_60' title="bbox 517 4445 1498 4517; baseline 0.013 -23"><span class='ocrx_word' id='word_1_358' title='bbox 517 4458 678 4515; x_wconf 67' lang='lat' dir='ltr'><strong>spera</strong></span> <span class='ocrx_word' id='word_1_359' title='bbox 707 4445 919 4517; x_wconf 81' lang='lat' dir='ltr'><strong>longius</strong></span> <span class='ocrx_word' id='word_1_360' title='bbox 951 4449 1313 4517; x_wconf 84' lang='lat' dir='ltr'><strong>porrigantur.</strong></span> <span class='ocrx_word' id='word_1_361' title='bbox 1352 4452 1498 4507; x_wconf 85' lang='lat' dir='ltr'><strong>Vale.</strong></span> 
     </span>
    </p>
   </div>
   <div class='ocr_carea' id='block_1_61' title="bbox 1072 4563 1555 4623">
    <p class='ocr_par' dir='ltr' id='par_1_61' title="bbox 1072 4563 1555 4623">
     <span class='ocr_line' id='line_1_61' title="bbox 1072 4563 1555 4623; baseline 0.006 -4"><span class='ocrx_word' id='word_1_362' title='bbox 1072 4563 1294 4622; x_wconf 77' lang='lat' dir='ltr'><strong>EPIST.</strong></span> <span class='ocrx_word' id='word_1_363' title='bbox 1335 4566 1555 4623; x_wconf 83' lang='lat' dir='ltr'><strong>XXXII.</strong></span> 
     </span>
    </p>
   </div>
   <div class='ocr_carea' id='block_1_62' title="bbox 1036 4672 1593 4717">
    <p class='ocr_par' dir='ltr' id='par_1_62' title="bbox 1036 4672 1593 4717">
     <span class='ocr_line' id='line_1_62' title="bbox 1036 4672 1593 4717; baseline 0.009 -6"><span class='ocrx_word' id='word_1_364' title='bbox 1036 4672 1343 4715; x_wconf 66' lang='lat' dir='ltr'><strong>IYIIACIIUS</strong></span> <span class='ocrx_word' id='word_1_365' title='bbox 1383 4677 1593 4717; x_wconf 75' lang='lat' dir='ltr'><strong>UBBICO.</strong></span> 
     </span>
    </p>
   </div>
   <div class='ocr_carea' id='block_1_63' title="bbox 588 4747 2114 4824">
    <p class='ocr_par' dir='ltr' id='par_1_63' title="bbox 588 4747 2114 4824">
     <span class='ocr_line' id='line_1_63' title="bbox 588 4747 2114 4824; baseline 0.01 -21"><span class='ocrx_word' id='word_1_366' title='bbox 588 4747 896 4817; x_wconf 71' lang='lat' dir='ltr'><strong>Auspicium</strong></span> <span class='ocrx_word' id='word_1_367' title='bbox 928 4751 1053 4807; x_wconf 86' lang='lat' dir='ltr'><strong>mihi</strong></span> <span class='ocrx_word' id='word_1_368' title='bbox 1085 4753 1352 4808; x_wconf 85' lang='lat' dir='ltr'><strong>scribendi</strong></span> <span class='ocrx_word' id='word_1_369' title='bbox 1384 4755 1549 4823; x_wconf 90' lang='lat' dir='ltr'><strong>prior,</strong></span> <span class='ocrx_word' id='word_1_370' title='bbox 1577 4764 1638 4810; x_wconf 90' lang='lat' dir='ltr'><strong>ut</strong></span> <span class='ocrx_word' id='word_1_371' title='bbox 1664 4771 1780 4812; x_wconf 92' lang='lat' dir='ltr'><strong>mos</strong></span> <span class='ocrx_word' id='word_1_372' title='bbox 1807 4768 1913 4824; x_wconf 89' lang='lat' dir='ltr'><strong>est,</strong></span> <span class='ocrx_word' id='word_1_373' title='bbox 1937 4759 2114 4817; x_wconf 82' lang='lat' dir='ltr'><strong>facere</strong></span> 
     </span>
    </p>
   </div>
   <div class='ocr_carea' id='block_1_64' title="bbox 517 4838 2110 4915">
    <p class='ocr_par' dir='ltr' id='par_1_64' title="bbox 517 4838 2110 4915">
     <span class='ocr_line' id='line_1_64' title="bbox 517 4838 2110 4915; baseline 0.007 -21"><span class='ocrx_word' id='word_1_374' title='bbox 517 4838 774 4905; x_wconf 89' lang='lat' dir='ltr'><strong>debuisti,</strong></span> <span class='ocrx_word' id='word_1_375' title='bbox 805 4856 924 4896; x_wconf 91' lang='lat' dir='ltr'><strong>cum</strong></span> <span class='ocrx_word' id='word_1_376' title='bbox 955 4853 1006 4896; x_wconf 90' lang='lat' dir='ltr'><strong>te</strong></span> <span class='ocrx_word' id='word_1_377' title='bbox 1037 4843 1192 4912; x_wconf 84' lang='lat' dir='ltr'><strong>hujus</strong></span> <span class='ocrx_word' id='word_1_378' title='bbox 1222 4843 1509 4915; x_wconf 64' lang='lat' dir='ltr'><strong>diligentia</strong></span> <span class='ocrx_word' id='word_1_379' title='bbox 1532 4847 1819 4904; x_wconf 89' lang='lat' dir='ltr'><strong>domestici</strong></span> <span class='ocrx_word' id='word_1_380' title='bbox 1845 4850 2110 4906; x_wconf 85' lang='lat' dir='ltr'><strong>tabellarii</strong></span> 
     </span>
    </p>
   </div>
   <div class='ocr_carea' id='block_1_65' title="bbox 515 4930 2109 5005">
    <p class='ocr_par' dir='ltr' id='par_1_65' title="bbox 515 4930 2109 5005">
     <span class='ocr_line' id='line_1_65' title="bbox 515 4930 2109 5005; baseline 0.008 -20"><span class='ocrx_word' id='word_1_381' title='bbox 515 4930 726 4986; x_wconf 86' lang='lat' dir='ltr'><strong>reditus</strong></span> <span class='ocrx_word' id='word_1_382' title='bbox 754 4943 1144 4989; x_wconf 87' lang='lat' dir='ltr'><strong>commoneret.</strong></span> <span class='ocrx_word' id='word_1_383' title='bbox 1180 4935 1288 4990; x_wconf 88' lang='lat' dir='ltr'><strong>Sed</strong></span> <span class='ocrx_word' id='word_1_384' title='bbox 1315 4938 1440 5004; x_wconf 89' lang='lat' dir='ltr'><strong>quia</strong></span> <span class='ocrx_word' id='word_1_385' title='bbox 1471 4937 1625 4992; x_wconf 88' lang='lat' dir='ltr'><strong>nobis</strong></span> <span class='ocrx_word' id='word_1_386' title='bbox 1653 4941 1735 4994; x_wconf 89' lang='lat' dir='ltr'><strong>vel</strong></span> <span class='ocrx_word' id='word_1_387' title='bbox 1765 4940 1995 5005; x_wconf 81' lang='lat' dir='ltr'><strong>oblivio,</strong></span> <span class='ocrx_word' id='word_1_388' title='bbox 2024 4942 2109 4998; x_wconf 88' lang='lat' dir='ltr'><strong>vel</strong></span> 
     </span>
    </p>
   </div>
   <div class='ocr_carea' id='block_1_66' title="bbox 520 5025 2109 5100">
    <p class='ocr_par' dir='ltr' id='par_1_66' title="bbox 520 5025 2109 5100">
     <span class='ocr_line' id='line_1_66' title="bbox 520 5025 2109 5100; baseline 0.008 -23"><span class='ocrx_word' id='word_1_389' title='bbox 520 5026 805 5094; x_wconf 85' lang='lat' dir='ltr'><strong>occupatio</strong></span> <span class='ocrx_word' id='word_1_390' title='bbox 837 5025 1109 5096; x_wconf 84' lang='lat' dir='ltr'><strong>religionis</strong></span> <span class='ocrx_word' id='word_1_391' title='bbox 1141 5035 1244 5083; x_wconf 79' lang='lat' dir='ltr'><strong>tua:</strong></span> <span class='ocrx_word' id='word_1_392' title='bbox 1279 5027 1641 5085; x_wconf 86' lang='lat' dir='ltr'><strong>desideratum</strong></span> <span class='ocrx_word' id='word_1_393' title='bbox 1678 5046 1868 5088; x_wconf 85' lang='lat' dir='ltr'><strong>munus</strong></span> <span class='ocrx_word' id='word_1_394' title='bbox 1897 5033 2109 5100; x_wconf 89' lang='lat' dir='ltr'><strong>invidit,</strong></span> 
     </span>
    </p>
   </div>
   <div class='ocr_carea' id='block_1_67' title="bbox 515 5121 2113 5196">
    <p class='ocr_par' dir='ltr' id='par_1_67' title="bbox 515 5121 2113 5196">
     <span class='ocr_line' id='line_1_67' title="bbox 515 5121 2113 5196; baseline 0.007 -23"><span class='ocrx_word' id='word_1_395' title='bbox 515 5133 616 5187; x_wconf 85' lang='lat' dir='ltr'><strong>ego</strong></span> <span class='ocrx_word' id='word_1_396' title='bbox 647 5134 847 5186; x_wconf 87' lang='lat' dir='ltr'><strong>usurpo</strong></span> <span class='ocrx_word' id='word_1_397' title='bbox 873 5121 1188 5190; x_wconf 87' lang='lat' dir='ltr'><strong>principium</strong></span> <span class='ocrx_word' id='word_1_398' title='bbox 1221 5140 1235 5173; x_wconf 86' lang='lat'><strong>:</strong></span> <span class='ocrx_word' id='word_1_399' title='bbox 1264 5122 1624 5178; x_wconf 59' lang='lat' dir='ltr'><strong>aestimaturus</strong></span> <span class='ocrx_word' id='word_1_400' title='bbox 1664 5123 1717 5178; x_wconf 91' lang='lat' dir='ltr'><strong>in</strong></span> <span class='ocrx_word' id='word_1_401' title='bbox 1754 5125 2015 5196; x_wconf 76' lang='lat' dir='ltr'><strong>reliquum</strong></span> <span class='ocrx_word' id='word_1_402' title='bbox 2046 5128 2113 5184; x_wconf 83' lang='lat' dir='ltr'><strong>de</strong></span> 
     </span>
    </p>
   </div>
   <div class='ocr_carea' id='block_1_68' title="bbox 517 5210 2111 5285">
    <p class='ocr_par' dir='ltr' id='par_1_68' title="bbox 517 5210 2111 5285">
     <span class='ocr_line' id='line_1_68' title="bbox 517 5210 2111 5285; baseline 0.006 -20"><span class='ocrx_word' id='word_1_403' title='bbox 517 5210 736 5267; x_wconf 75' lang='lat' dir='ltr'><strong>raritate</strong></span> <span class='ocrx_word' id='word_1_404' title='bbox 766 5213 848 5265; x_wconf 85' lang='lat' dir='ltr'><strong>vel</strong></span> <span class='ocrx_word' id='word_1_405' title='bbox 889 5214 1040 5280; x_wconf 85' lang='lat' dir='ltr'><strong>copia</strong></span> <span class='ocrx_word' id='word_1_406' title='bbox 1087 5222 1301 5268; x_wconf 91' lang='lat' dir='ltr'><strong>tuorum</strong></span> <span class='ocrx_word' id='word_1_407' title='bbox 1332 5215 1543 5285; x_wconf 88' lang='lat' dir='ltr'><strong>apicum</strong></span> <span class='ocrx_word' id='word_1_408' title='bbox 1567 5257 1582 5280; x_wconf 94' lang='lat'><strong>,</strong></span> <span class='ocrx_word' id='word_1_409' title='bbox 1618 5227 1793 5271; x_wconf 88' lang='lat' dir='ltr'><strong>utrum</strong></span> <span class='ocrx_word' id='word_1_410' title='bbox 1836 5219 2111 5275; x_wconf 77' lang='lat' dir='ltr'><strong>voluntate</strong></span> 
     </span>
    </p>
   </div>
   <div class='ocr_carea' id='block_1_69' title="bbox 518 5300 2106 5373">
    <p class='ocr_par' dir='ltr' id='par_1_69' title="bbox 518 5300 2106 5373">
     <span class='ocr_line' id='line_1_69' title="bbox 518 5300 2106 5373; baseline 0.007 -19"><span class='ocrx_word' id='word_1_411' title='bbox 518 5300 714 5358; x_wconf 88' lang='lat' dir='ltr'><strong>litteris</strong></span> <span class='ocrx_word' id='word_1_412' title='bbox 767 5301 1086 5370; x_wconf 88' lang='lat' dir='ltr'><strong>ordiendis,</strong></span> <span class='ocrx_word' id='word_1_413' title='bbox 1140 5319 1209 5357; x_wconf 90' lang='lat' dir='ltr'><strong>an</strong></span> <span class='ocrx_word' id='word_1_414' title='bbox 1264 5304 1433 5373; x_wconf 85' lang='lat' dir='ltr'><strong>magis</strong></span> <span class='ocrx_word' id='word_1_415' title='bbox 1483 5311 1803 5363; x_wconf 73' lang='lat' dir='ltr'><strong>necessitate</strong></span> <span class='ocrx_word' id='word_1_416' title='bbox 1852 5309 2106 5365; x_wconf 86' lang='lat' dir='ltr'><strong>defueris.</strong></span> 
     </span>
    </p>
   </div>
   <div class='ocr_carea' id='block_1_70' title="bbox 520 5392 670 5449">
    <p class='ocr_par' dir='ltr' id='par_1_70' title="bbox 520 5392 670 5449">
     <span class='ocr_line' id='line_1_70' title="bbox 520 5392 670 5449; baseline -0.013 0"><span class='ocrx_word' id='word_1_417' title='bbox 520 5392 670 5449; x_wconf 75' lang='lat' dir='ltr'><strong>Vale.</strong></span> 
     </span>
    </p>
   </div>
   <div class='ocr_carea' id='block_1_71' title="bbox 1077 5465 1575 5524">
    <p class='ocr_par' dir='ltr' id='par_1_71' title="bbox 1077 5465 1575 5524">
     <span class='ocr_line' id='line_1_71' title="bbox 1077 5465 1575 5524; baseline 0.004 -3"><span class='ocrx_word' id='word_1_418' title='bbox 1077 5465 1294 5522; x_wconf 69' lang='lat' dir='ltr'><strong>EPIST.</strong></span> <span class='ocrx_word' id='word_1_419' title='bbox 1334 5466 1575 5524; x_wconf 80' lang='lat' dir='ltr'><strong>XXXIII.</strong></span> 
     </span>
    </p>
   </div>
   <div class='ocr_carea' id='block_1_72' title="bbox 981 5571 1645 5614">
    <p class='ocr_par' dir='ltr' id='par_1_72' title="bbox 981 5571 1645 5614">
     <span class='ocr_line' id='line_1_72' title="bbox 981 5571 1645 5614; baseline 0.003 -4"><span class='ocrx_word' id='word_1_420' title='bbox 981 5571 1292 5613; x_wconf 62' lang='grc' dir='ltr'>εῑιιιωλιῦε</span> <span class='ocrx_word' id='word_1_421' title='bbox 1321 5574 1645 5614; x_wconf 67' lang='grc' dir='ltr'>ιυετιιιιικο.</span> 
     </span>
    </p>
   </div>
   <div class='ocr_carea' id='block_1_73' title="bbox 599 5644 2118 5725">
    <p class='ocr_par' dir='ltr' id='par_1_73' title="bbox 599 5644 2118 5725">
     <span class='ocr_line' id='line_1_73' title="bbox 599 5644 2118 5725; baseline 0.003 -25"><span class='ocrx_word' id='word_1_422' title='bbox 599 5644 725 5700; x_wconf 85' lang='lat' dir='ltr'><strong>Scio</strong></span> <span class='ocrx_word' id='word_1_423' title='bbox 755 5660 841 5700; x_wconf 90' lang='lat' dir='ltr'><strong>me</strong></span> <span class='ocrx_word' id='word_1_424' title='bbox 869 5645 923 5700; x_wconf 90' lang='lat' dir='ltr'><strong>in</strong></span> <span class='ocrx_word' id='word_1_425' title='bbox 949 5648 1234 5703; x_wconf 85' lang='lat' dir='ltr'><strong>scribendo</strong></span> <span class='ocrx_word' id='word_1_426' title='bbox 1260 5651 1469 5704; x_wconf 81' lang='lat' dir='ltr'><strong>tardum</strong></span> <span class='ocrx_word' id='word_1_427' title='bbox 1503 5651 1684 5707; x_wconf 86' lang='lat' dir='ltr'><strong>fuisse.</strong></span> <span class='ocrx_word' id='word_1_428' title='bbox 1713 5651 1973 5707; x_wconf 89' lang='lat' dir='ltr'><strong>Consulto</strong></span> <span class='ocrx_word' id='word_1_429' title='bbox 2003 5661 2118 5725; x_wconf 72' lang='lat' dir='ltr'><strong>sty-</strong></span> 
     </span>
    </p>
   </div>
   <div class='ocr_carea' id='block_1_74' title="bbox 521 5734 2110 5816">
    <p class='ocr_par' dir='ltr' id='par_1_74' title="bbox 521 5734 2110 5816">
     <span class='ocr_line' id='line_1_74' title="bbox 521 5734 2110 5816; baseline 0.007 -27"><span class='ocrx_word' id='word_1_430' title='bbox 521 5734 634 5790; x_wconf 90' lang='lat' dir='ltr'><strong>lum</strong></span> <span class='ocrx_word' id='word_1_431' title='bbox 669 5736 882 5805; x_wconf 90' lang='lat' dir='ltr'><strong>distuli,</strong></span> <span class='ocrx_word' id='word_1_432' title='bbox 925 5740 1049 5795; x_wconf 90' lang='lat' dir='ltr'><strong>dum</strong></span> <span class='ocrx_word' id='word_1_433' title='bbox 1082 5740 1300 5797; x_wconf 87' lang='lat' dir='ltr'><strong>refoveo</strong></span> <span class='ocrx_word' id='word_1_434' title='bbox 1332 5751 1602 5798; x_wconf 87' lang='lat' dir='ltr'><strong>tenuatum</strong></span> <span class='ocrx_word' id='word_1_435' title='bbox 1636 5745 1825 5800; x_wconf 81' lang='lat' dir='ltr'><strong>itinere</strong></span> <span class='ocrx_word' id='word_1_436' title='bbox 1850 5747 2110 5816; x_wconf 86' lang='lat' dir='ltr'><strong>vigorem,</strong></span> 
     </span>
    </p>
   </div>
   <div class='ocr_carea' id='block_1_75' title="bbox 520 5831 2113 5910">
    <p class='ocr_par' dir='ltr' id='par_1_75' title="bbox 520 5831 2113 5910">
     <span class='ocr_line' id='line_1_75' title="bbox 520 5831 2113 5910; baseline 0.01 -27"><span class='ocrx_word' id='word_1_437' title='bbox 520 5845 628 5902; x_wconf 76' lang='lat' dir='ltr'><strong>quo</strong></span> <span class='ocrx_word' id='word_1_438' title='bbox 659 5833 752 5888; x_wconf 90' lang='lat' dir='ltr'><strong>tibi</strong></span> <span class='ocrx_word' id='word_1_439' title='bbox 780 5831 847 5890; x_wconf 83' lang='lat' dir='ltr'><strong>de</strong></span> <span class='ocrx_word' id='word_1_440' title='bbox 876 5847 962 5890; x_wconf 85' lang='lat' dir='ltr'><strong>me</strong></span> <span class='ocrx_word' id='word_1_441' title='bbox 994 5833 1113 5893; x_wconf 67' lang='lat' dir='ltr'><strong>laeta</strong></span> <span class='ocrx_word' id='word_1_442' title='bbox 1143 5837 1376 5909; x_wconf 86' lang='lat' dir='ltr'><strong>cupienti</strong></span> <span class='ocrx_word' id='word_1_443' title='bbox 1403 5847 1531 5895; x_wconf 83' lang='lat' dir='ltr'><strong>voto</strong></span> <span class='ocrx_word' id='word_1_444' title='bbox 1561 5838 1752 5896; x_wconf 84' lang='lat' dir='ltr'><strong>similis</strong></span> <span class='ocrx_word' id='word_1_445' title='bbox 1780 5841 1968 5910; x_wconf 80' lang='lat' dir='ltr'><strong>pagina</strong></span> <span class='ocrx_word' id='word_1_446' title='bbox 2001 5851 2113 5898; x_wconf 88' lang='lat' dir='ltr'><strong>tra-</strong></span> 
     </span>
    </p>
   </div>
   <div class='ocr_carea' id='block_1_76' title="bbox 2208 1955 3800 2027">
    <p class='ocr_par' dir='ltr' id='par_1_76' title="bbox 2208 1955 3800 2027">
     <span class='ocr_line' id='line_1_76' title="bbox 2208 1955 3800 2027; baseline 0 -17"><span class='ocrx_word' id='word_1_447' title='bbox 2208 1955 2421 2012; x_wconf 83' lang='lat' dir='ltr'><strong>ofliciis.</strong></span> <span class='ocrx_word' id='word_1_448' title='bbox 2455 1955 2572 2023; x_wconf 84' lang='lat' dir='ltr'><strong>lpse</strong></span> <span class='ocrx_word' id='word_1_449' title='bbox 2601 1972 2814 2027; x_wconf 85' lang='lat' dir='ltr'><strong>quoque</strong></span> <span class='ocrx_word' id='word_1_450' title='bbox 2843 1957 3114 2014; x_wconf 84' lang='lat' dir='ltr'><strong>silentium</strong></span> <span class='ocrx_word' id='word_1_451' title='bbox 3144 1967 3292 2012; x_wconf 91' lang='lat' dir='ltr'><strong>tuum</strong></span> <span class='ocrx_word' id='word_1_452' title='bbox 3325 1973 3431 2012; x_wconf 90' lang='lat' dir='ltr'><strong>non</strong></span> <span class='ocrx_word' id='word_1_453' title='bbox 3453 1956 3609 2012; x_wconf 84' lang='lat' dir='ltr'><strong>aliter</strong></span> <span class='ocrx_word' id='word_1_454' title='bbox 3635 1957 3800 2012; x_wconf 83' lang='lat' dir='ltr'><strong>inter-</strong></span> 
     </span>
    </p>
   </div>
   <div class='ocr_carea' id='block_1_77' title="bbox 2209 2049 3800 2122">
    <p class='ocr_par' dir='ltr' id='par_1_77' title="bbox 2209 2049 3800 2122">
     <span class='ocr_line' id='line_1_77' title="bbox 2209 2049 3800 2122; baseline -0.001 -19"><span class='ocrx_word' id='word_1_455' title='bbox 2209 2059 2409 2118; x_wconf 89' lang='lat' dir='ltr'><strong>pretor.</strong></span> <span class='ocrx_word' id='word_1_456' title='bbox 2438 2050 2570 2105; x_wconf 87' lang='lat' dir='ltr'><strong>Nam</strong></span> <span class='ocrx_word' id='word_1_457' title='bbox 2597 2052 2700 2106; x_wconf 88' lang='lat' dir='ltr'><strong>etsi</strong></span> <span class='ocrx_word' id='word_1_458' title='bbox 2725 2051 2850 2122; x_wconf 76' lang='lat' dir='ltr'><strong>styli</strong></span> <span class='ocrx_word' id='word_1_459' title='bbox 2880 2049 3345 2107; x_wconf 76' lang='lat' dir='ltr'><strong>honoriﬁcentiam</strong></span> <span class='ocrx_word' id='word_1_460' title='bbox 3374 2064 3590 2120; x_wconf 71' lang='lat' dir='ltr'><strong>qttmro,</strong></span> <span class='ocrx_word' id='word_1_461' title='bbox 3618 2057 3800 2104; x_wconf 89' lang='lat' dir='ltr'><strong>certus</strong></span> 
     </span>
    </p>
   </div>
   <div class='ocr_carea' id='block_1_78' title="bbox 2209 2139 3800 2208">
    <p class='ocr_par' dir='ltr' id='par_1_78' title="bbox 2209 2139 3800 2208">
     <span class='ocr_line' id='line_1_78' title="bbox 2209 2139 3800 2208; baseline 0.001 -13"><span class='ocrx_word' id='word_1_462' title='bbox 2209 2140 2335 2196; x_wconf 84' lang='lat' dir='ltr'><strong>fidei</strong></span> <span class='ocrx_word' id='word_1_463' title='bbox 2383 2151 2485 2197; x_wconf 69' lang='lat' dir='ltr'><strong>tua:</strong></span> <span class='ocrx_word' id='word_1_464' title='bbox 2511 2184 2526 2208; x_wconf 91' lang='lat'><strong>,</strong></span> <span class='ocrx_word' id='word_1_465' title='bbox 2569 2144 2730 2200; x_wconf 89' lang='lat' dir='ltr'><strong>etiam</strong></span> <span class='ocrx_word' id='word_1_466' title='bbox 2777 2143 2847 2199; x_wconf 91' lang='lat' dir='ltr'><strong>de</strong></span> <span class='ocrx_word' id='word_1_467' title='bbox 2894 2144 3058 2198; x_wconf 89' lang='lat' dir='ltr'><strong>tacito</strong></span> <span class='ocrx_word' id='word_1_468' title='bbox 3094 2158 3279 2200; x_wconf 87' lang='lat' dir='ltr'><strong>amore</strong></span> <span class='ocrx_word' id='word_1_469' title='bbox 3315 2159 3421 2198; x_wconf 84' lang='lat' dir='ltr'><strong>non</strong></span> <span class='ocrx_word' id='word_1_470' title='bbox 3460 2143 3666 2198; x_wconf 82' lang='lat' dir='ltr'><strong>dubito.</strong></span> <span class='ocrx_word' id='word_1_471' title='bbox 3695 2139 3800 2199; x_wconf 79' lang='lat' dir='ltr'><strong>Sed</strong></span> 
     </span>
    </p>
   </div>
   <div class='ocr_carea' id='block_1_79' title="bbox 2209 2236 3800 2307">
    <p class='ocr_par' dir='ltr' id='par_1_79' title="bbox 2209 2236 3800 2307">
     <span class='ocr_line' id='line_1_79' title="bbox 2209 2236 3800 2307; baseline 0.001 -19"><span class='ocrx_word' id='word_1_472' title='bbox 2209 2249 2422 2300; x_wconf 84' lang='lat' dir='ltr'><strong>vereor,</strong></span> <span class='ocrx_word' id='word_1_473' title='bbox 2463 2251 2532 2292; x_wconf 87' lang='lat' dir='ltr'><strong>ne</strong></span> <span class='ocrx_word' id='word_1_474' title='bbox 2571 2236 2669 2292; x_wconf 89' lang='lat' dir='ltr'><strong>ista</strong></span> <span class='ocrx_word' id='word_1_475' title='bbox 2707 2236 2972 2294; x_wconf 86' lang='lat' dir='ltr'><strong>sententia</strong></span> <span class='ocrx_word' id='word_1_476' title='bbox 3012 2237 3109 2296; x_wconf 90' lang='lat' dir='ltr'><strong>tibi</strong></span> <span class='ocrx_word' id='word_1_477' title='bbox 3148 2238 3370 2295; x_wconf 90' lang='lat' dir='ltr'><strong>suadeat</strong></span> <span class='ocrx_word' id='word_1_478' title='bbox 3423 2236 3800 2307; x_wconf 83' lang='lat' dir='ltr'><strong>negligentiam</strong></span> 
     </span>
    </p>
   </div>
   <div class='ocr_carea' id='block_1_80' title="bbox 2209 2329 3801 2402">
    <p class='ocr_par' dir='ltr' id='par_1_80' title="bbox 2209 2329 3801 2402">
     <span class='ocr_line' id='line_1_80' title="bbox 2209 2329 3801 2402; baseline -0.001 -17"><span class='ocrx_word' id='word_1_479' title='bbox 2209 2329 2542 2399; x_wconf 84' lang='lat' dir='ltr'><strong>scriptionis,</strong></span> <span class='ocrx_word' id='word_1_480' title='bbox 2558 2341 2612 2385; x_wconf 86' lang='lat' dir='ltr'><strong>et</strong></span> <span class='ocrx_word' id='word_1_481' title='bbox 2636 2330 2753 2386; x_wconf 68' lang='lat' dir='ltr'><strong>haec</strong></span> <span class='ocrx_word' id='word_1_482' title='bbox 2770 2331 3025 2388; x_wconf 68' lang='lat' dir='ltr'><strong>amicitia</strong></span> <span class='ocrx_word' id='word_1_483' title='bbox 3046 2329 3226 2387; x_wconf 90' lang='lat' dir='ltr'><strong>munia</strong></span> <span class='ocrx_word' id='word_1_484' title='bbox 3245 2330 3433 2402; x_wconf 79' lang='lat' dir='ltr'><strong>judicii</strong></span> <span class='ocrx_word' id='word_1_485' title='bbox 3458 2331 3561 2386; x_wconf 88' lang='lat' dir='ltr'><strong>mei</strong></span> <span class='ocrx_word' id='word_1_486' title='bbox 3585 2343 3801 2385; x_wconf 88' lang='lat' dir='ltr'><strong>securus</strong></span> 
     </span>
    </p>
   </div>
   <div class='ocr_carea' id='block_1_81' title="bbox 2209 2421 3804 2495">
    <p class='ocr_par' dir='ltr' id='par_1_81' title="bbox 2209 2421 3804 2495">
     <span class='ocr_line' id='line_1_81' title="bbox 2209 2421 3804 2495; baseline 0.001 -20"><span class='ocrx_word' id='word_1_487' title='bbox 2209 2421 2452 2476; x_wconf 88' lang='lat' dir='ltr'><strong>omittas.</strong></span> <span class='ocrx_word' id='word_1_488' title='bbox 2484 2421 2679 2478; x_wconf 84' lang='lat' dir='ltr'><strong>llortor</strong></span> <span class='ocrx_word' id='word_1_489' title='bbox 2708 2422 2890 2494; x_wconf 85' lang='lat' dir='ltr'><strong>igitur.</strong></span> <span class='ocrx_word' id='word_1_490' title='bbox 2914 2438 3224 2495; x_wconf 67' lang='lat' dir='ltr'><strong>quaesoque,</strong></span> <span class='ocrx_word' id='word_1_491' title='bbox 3259 2434 3313 2477; x_wconf 91' lang='lat' dir='ltr'><strong>ut</strong></span> <span class='ocrx_word' id='word_1_492' title='bbox 3339 2424 3482 2477; x_wconf 89' lang='lat' dir='ltr'><strong>illam</strong></span> <span class='ocrx_word' id='word_1_493' title='bbox 3509 2423 3688 2493; x_wconf 86' lang='lat' dir='ltr'><strong>potius</strong></span> <span class='ocrx_word' id='word_1_494' title='bbox 3715 2436 3804 2477; x_wconf 58' lang='lat' dir='ltr'><strong>co.</strong></span> 
     </span>
    </p>
   </div>
   <div class='ocr_carea' id='block_1_82' title="bbox 2209 2512 3804 2585">
    <p class='ocr_par' dir='ltr' id='par_1_82' title="bbox 2209 2512 3804 2585">
     <span class='ocr_line' id='line_1_82' title="bbox 2209 2512 3804 2585; baseline -0.001 -19"><span class='ocrx_word' id='word_1_495' title='bbox 2209 2512 2351 2580; x_wconf 81' lang='lat' dir='ltr'><strong>gites</strong></span> <span class='ocrx_word' id='word_1_496' title='bbox 2374 2521 2602 2580; x_wconf 86' lang='lat' dir='ltr'><strong>partem,</strong></span> <span class='ocrx_word' id='word_1_497' title='bbox 2626 2527 2746 2583; x_wconf 77' lang='lat' dir='ltr'><strong>qua:</strong></span> <span class='ocrx_word' id='word_1_498' title='bbox 2772 2512 3072 2568; x_wconf 86' lang='lat' dir='ltr'><strong>assiduitati</strong></span> <span class='ocrx_word' id='word_1_499' title='bbox 3098 2513 3322 2585; x_wconf 90' lang='lat' dir='ltr'><strong>gratiam</strong></span> <span class='ocrx_word' id='word_1_500' title='bbox 3357 2514 3526 2583; x_wconf 83' lang='lat' dir='ltr'><strong>parit;</strong></span> <span class='ocrx_word' id='word_1_501' title='bbox 3559 2528 3664 2568; x_wconf 90' lang='lat' dir='ltr'><strong>non</strong></span> <span class='ocrx_word' id='word_1_502' title='bbox 3685 2526 3804 2583; x_wconf 71' lang='lat' dir='ltr'><strong>qua</strong></span> 
     </span>
    </p>
   </div>
   <div class='ocr_carea' id='block_1_83' title="bbox 2212 2603 3158 2674">
    <p class='ocr_par' dir='ltr' id='par_1_83' title="bbox 2212 2603 3158 2674">
     <span class='ocr_line' id='line_1_83' title="bbox 2212 2603 3158 2674; baseline 0.001 -16"><span class='ocrx_word' id='word_1_503' title='bbox 2212 2603 2474 2674; x_wconf 87' lang='lat' dir='ltr'><strong>promittit</strong></span> <span class='ocrx_word' id='word_1_504' title='bbox 2507 2605 2721 2660; x_wconf 80' lang='lat' dir='ltr'><strong>veniam</strong></span> <span class='ocrx_word' id='word_1_505' title='bbox 2754 2606 2979 2660; x_wconf 89' lang='lat' dir='ltr'><strong>raritati.</strong></span> <span class='ocrx_word' id='word_1_506' title='bbox 3006 2605 3158 2660; x_wconf 77' lang='lat' dir='ltr'><strong>Vale.</strong></span> 
     </span>
    </p>
   </div>
   <div class='ocr_carea' id='block_1_84' title="bbox 2767 2696 3263 2754">
    <p class='ocr_par' dir='ltr' id='par_1_84' title="bbox 2767 2696 3263 2754">
     <span class='ocr_line' id='line_1_84' title="bbox 2767 2696 3263 2754; baseline -0.004 -2"><span class='ocrx_word' id='word_1_507' title='bbox 2767 2697 2979 2753; x_wconf 72' lang='lat' dir='ltr'><strong>EPIST.</strong></span> <span class='ocrx_word' id='word_1_508' title='bbox 3021 2696 3263 2754; x_wconf 76' lang='lat' dir='ltr'><strong>XXXVI.</strong></span> 
     </span>
    </p>
   </div>
   <div class='ocr_carea' id='block_1_85' title="bbox 2658 2805 3357 2856">
    <p class='ocr_par' dir='ltr' id='par_1_85' title="bbox 2658 2805 3357 2856">
     <span class='ocr_line' id='line_1_85' title="bbox 2658 2805 3357 2856; baseline -0.004 -10"><span class='ocrx_word' id='word_1_509' title='bbox 2658 2805 2969 2847; x_wconf 72' lang='grc' dir='ltr'>δῐιιιιιςιιυε</span> <span class='ocrx_word' id='word_1_510' title='bbox 2997 2806 3357 2856; x_wconf 71' lang='lat' dir='ltr'><strong>QUINTILIANO.</strong></span> 
     </span>
    </p>
   </div>
   <div class='ocr_carea' id='block_1_86' title="bbox 2281 2878 3804 2945">
    <p class='ocr_par' dir='ltr' id='par_1_86' title="bbox 2281 2878 3804 2945">
     <span class='ocr_line' id='line_1_86' title="bbox 2281 2878 3804 2945; baseline -0.003 -8"><span class='ocrx_word' id='word_1_511' title='bbox 2281 2881 2363 2938; x_wconf 78' lang='lat' dir='ltr'><strong>Ad</strong></span> <span class='ocrx_word' id='word_1_512' title='bbox 2406 2881 2658 2938; x_wconf 86' lang='lat' dir='ltr'><strong>indicium</strong></span> <span class='ocrx_word' id='word_1_513' title='bbox 2702 2883 2808 2937; x_wconf 90' lang='lat' dir='ltr'><strong>mei</strong></span> <span class='ocrx_word' id='word_1_514' title='bbox 2851 2884 3000 2937; x_wconf 77' lang='lat' dir='ltr'><strong>circa</strong></span> <span class='ocrx_word' id='word_1_515' title='bbox 3030 2894 3083 2937; x_wconf 92' lang='lat' dir='ltr'><strong>te</strong></span> <span class='ocrx_word' id='word_1_516' title='bbox 3121 2882 3319 2936; x_wconf 78' lang='lat' dir='ltr'><strong>amoris</strong></span> <span class='ocrx_word' id='word_1_517' title='bbox 3355 2880 3472 2935; x_wconf 77' lang='lat' dir='ltr'><strong>iure</strong></span> <span class='ocrx_word' id='word_1_518' title='bbox 3500 2878 3804 2945; x_wconf 69' lang='lat' dir='ltr'><strong>scribimus,</strong></span> 
     </span>
    </p>
   </div>
   <div class='ocr_carea' id='block_1_87' title="bbox 2215 2972 3804 3046">
    <p class='ocr_par' dir='ltr' id='par_1_87' title="bbox 2215 2972 3804 3046">
     <span class='ocr_line' id='line_1_87' title="bbox 2215 2972 3804 3046; baseline -0.004 -16"><span class='ocrx_word' id='word_1_519' title='bbox 2215 2983 2270 3030; x_wconf 87' lang='lat' dir='ltr'><strong>et</strong></span> <span class='ocrx_word' id='word_1_520' title='bbox 2317 2987 2370 3031; x_wconf 88' lang='lat' dir='ltr'><strong>ut</strong></span> <span class='ocrx_word' id='word_1_521' title='bbox 2422 2979 2538 3046; x_wconf 81' lang='lat' dir='ltr'><strong>ipse</strong></span> <span class='ocrx_word' id='word_1_522' title='bbox 2586 2977 2651 3029; x_wconf 88' lang='lat' dir='ltr'><strong>ad</strong></span> <span class='ocrx_word' id='word_1_523' title='bbox 2698 2973 3130 3044; x_wconf 79' lang='lat' dir='ltr'><strong>respondendum</strong></span> <span class='ocrx_word' id='word_1_524' title='bbox 3183 2975 3492 3042; x_wconf 86' lang='lat' dir='ltr'><strong>provoccris</strong></span> <span class='ocrx_word' id='word_1_525' title='bbox 3534 2972 3804 3042; x_wconf 77' lang='lat' dir='ltr'><strong>exemplo.</strong></span> 
     </span>
    </p>
   </div>
   <div class='ocr_carea' id='block_1_88' title="bbox 2209 3065 3807 3140">
    <p class='ocr_par' dir='ltr' id='par_1_88' title="bbox 2209 3065 3807 3140">
     <span class='ocr_line' id='line_1_88' title="bbox 2209 3065 3807 3140; baseline -0.006 -16"><span class='ocrx_word' id='word_1_526' title='bbox 2209 3065 2346 3124; x_wconf 86' lang='lat' dir='ltr'><strong>Cum</strong></span> <span class='ocrx_word' id='word_1_527' title='bbox 2375 3069 2535 3140; x_wconf 88' lang='lat' dir='ltr'><strong>igitur</strong></span> <span class='ocrx_word' id='word_1_528' title='bbox 2580 3083 2680 3138; x_wconf 88' lang='lat' dir='ltr'><strong>ego</strong></span> <span class='ocrx_word' id='word_1_529' title='bbox 2726 3078 2908 3138; x_wconf 87' lang='lat' dir='ltr'><strong>partes</strong></span> <span class='ocrx_word' id='word_1_530' title='bbox 2935 3066 3206 3136; x_wconf 87' lang='lat' dir='ltr'><strong>religionis</strong></span> <span class='ocrx_word' id='word_1_531' title='bbox 3235 3065 3590 3133; x_wconf 66' lang='lat' dir='ltr'><strong>imweverim,</strong></span> <span class='ocrx_word' id='word_1_532' title='bbox 3619 3077 3807 3131; x_wconf 81' lang='lat' dir='ltr'><strong>exspe-</strong></span> 
     </span>
    </p>
   </div>
   <div class='ocr_carea' id='block_1_89' title="bbox 2213 3153 3806 3232">
    <p class='ocr_par' dir='ltr' id='par_1_89' title="bbox 2213 3153 3806 3232">
     <span class='ocr_line' id='line_1_89' title="bbox 2213 3153 3806 3232; baseline -0.006 -16"><span class='ocrx_word' id='word_1_533' title='bbox 2213 3169 2304 3216; x_wconf 85' lang='lat' dir='ltr'><strong>cto</strong></span> <span class='ocrx_word' id='word_1_534' title='bbox 2347 3171 2408 3217; x_wconf 86' lang='lat' dir='ltr'><strong>ut</strong></span> <span class='ocrx_word' id='word_1_535' title='bbox 2444 3161 2559 3232; x_wconf 86' lang='lat' dir='ltr'><strong>ipse</strong></span> <span class='ocrx_word' id='word_1_536' title='bbox 2609 3160 2770 3217; x_wconf 81' lang='lat' dir='ltr'><strong>etiam</strong></span> <span class='ocrx_word' id='word_1_537' title='bbox 2811 3158 3190 3216; x_wconf 75' lang='lat' dir='ltr'><strong>vicissitudinis</strong></span> <span class='ocrx_word' id='word_1_538' title='bbox 3235 3157 3504 3214; x_wconf 88' lang='lat' dir='ltr'><strong>solutione</strong></span> <span class='ocrx_word' id='word_1_539' title='bbox 3551 3153 3806 3226; x_wconf 80' lang='lat' dir='ltr'><strong>fungaris.</strong></span> 
     </span>
    </p>
   </div>
   <div class='ocr_carea' id='block_1_90' title="bbox 2135 3233 2368 3308">
    <p class='ocr_par' dir='ltr' id='par_1_90' title="bbox 2135 3233 2368 3308">
     <span class='ocr_line' id='line_1_90' title="bbox 2135 3233 2368 3308; baseline 0.004 -1"><span class='ocrx_word' id='word_1_540' title='bbox 2135 3233 2186 3300; x_wconf 73' lang='grc' dir='ltr'><strong>(Ξ</strong></span> <span class='ocrx_word' id='word_1_541' title='bbox 2220 3251 2368 3308; x_wconf 80' lang='lat' dir='ltr'><strong>Vale.</strong></span> 
     </span>
    </p>
   </div>
   <div class='ocr_carea' id='block_1_91' title="bbox 2754 3339 3279 3402">
    <p class='ocr_par' dir='ltr' id='par_1_91' title="bbox 2754 3339 3279 3402">
     <span class='ocr_line' id='line_1_91' title="bbox 2754 3339 3279 3402; baseline -0.004 -4"><span class='ocrx_word' id='word_1_542' title='bbox 2754 3342 2972 3402; x_wconf 79' lang='lat' dir='ltr'><strong>EPIST.</strong></span> <span class='ocrx_word' id='word_1_543' title='bbox 3012 3339 3279 3399; x_wconf 81' lang='lat' dir='ltr'><strong>XXXVII.</strong></span> 
     </span>
    </p>
   </div>
   <div class='ocr_carea' id='block_1_92' title="bbox 2674 3446 3342 3488">
    <p class='ocr_par' dir='ltr' id='par_1_92' title="bbox 2674 3446 3342 3488">
     <span class='ocr_line' id='line_1_92' title="bbox 2674 3446 3342 3488; baseline -0.004 0"><span class='ocrx_word' id='word_1_544' title='bbox 2674 3447 2984 3488; x_wconf 69' lang='grc' dir='ltr'>εγιιιιιιοιιυς</span> <span class='ocrx_word' id='word_1_545' title='bbox 3011 3446 3342 3488; x_wconf 67' lang='grc' dir='ltr'>ειιιδοεοιιι.</span> 
     </span>
    </p>
   </div>
   <div class='ocr_carea' id='block_1_93' title="bbox 2284 3521 3809 3596">
    <p class='ocr_par' dir='ltr' id='par_1_93' title="bbox 2284 3521 3809 3596">
     <span class='ocr_line' id='line_1_93' title="bbox 2284 3521 3809 3596; baseline -0.004 -14"><span class='ocrx_word' id='word_1_546' title='bbox 2284 3524 2536 3582; x_wconf 77' lang='lat' dir='ltr'><strong>Proxime</strong></span> <span class='ocrx_word' id='word_1_547' title='bbox 2576 3526 2860 3596; x_wconf 88' lang='lat' dir='ltr'><strong>penatibus</strong></span> <span class='ocrx_word' id='word_1_548' title='bbox 2895 3525 3030 3580; x_wconf 88' lang='lat' dir='ltr'><strong>meis</strong></span> <span class='ocrx_word' id='word_1_549' title='bbox 3071 3523 3346 3588; x_wconf 90' lang='lat' dir='ltr'><strong>redditus,</strong></span> <span class='ocrx_word' id='word_1_550' title='bbox 3375 3521 3536 3577; x_wconf 88' lang='lat' dir='ltr'><strong>etiam</strong></span> <span class='ocrx_word' id='word_1_551' title='bbox 3572 3535 3716 3576; x_wconf 92' lang='lat' dir='ltr'><strong>nunc</strong></span> <span class='ocrx_word' id='word_1_552' title='bbox 3753 3528 3809 3576; x_wconf 85' lang='lat' dir='ltr'><strong>te</strong></span> 
     </span>
    </p>
   </div>
   <div class='ocr_carea' id='block_1_94' title="bbox 2210 3614 3807 3689">
    <p class='ocr_par' dir='ltr' id='par_1_94' title="bbox 2210 3614 3807 3689">
     <span class='ocr_line' id='line_1_94' title="bbox 2210 3614 3807 3689; baseline -0.002 -17"><span class='ocrx_word' id='word_1_553' title='bbox 2210 3626 2391 3673; x_wconf 86' lang='lat' dir='ltr'><strong>mente</strong></span> <span class='ocrx_word' id='word_1_554' title='bbox 2419 3626 2473 3672; x_wconf 93' lang='lat' dir='ltr'><strong>et</strong></span> <span class='ocrx_word' id='word_1_555' title='bbox 2510 3617 2835 3689; x_wconf 87' lang='lat' dir='ltr'><strong>cogitatione</strong></span> <span class='ocrx_word' id='word_1_556' title='bbox 2874 3617 3124 3686; x_wconf 86' lang='lat' dir='ltr'><strong>respicio.</strong></span> <span class='ocrx_word' id='word_1_557' title='bbox 3158 3617 3338 3684; x_wconf 85' lang='lat' dir='ltr'><strong>Itaque</strong></span> <span class='ocrx_word' id='word_1_558' title='bbox 3379 3615 3540 3670; x_wconf 88' lang='lat' dir='ltr'><strong>animi</strong></span> <span class='ocrx_word' id='word_1_559' title='bbox 3585 3614 3678 3670; x_wconf 89' lang='lat' dir='ltr'><strong>illa</strong></span> <span class='ocrx_word' id='word_1_560' title='bbox 3716 3614 3807 3686; x_wconf 82' lang='lat' dir='ltr'><strong>ju-</strong></span> 
     </span>
    </p>
   </div>
   <div class='ocr_carea' id='block_1_95' title="bbox 2213 3709 3809 3780">
    <p class='ocr_par' dir='ltr' id='par_1_95' title="bbox 2213 3709 3809 3780">
     <span class='ocr_line' id='line_1_95' title="bbox 2213 3709 3809 3780; baseline -0.001 -13"><span class='ocrx_word' id='word_1_561' title='bbox 2213 3710 2488 3767; x_wconf 86' lang='lat' dir='ltr'><strong>cunditate</strong></span> <span class='ocrx_word' id='word_1_562' title='bbox 2516 3755 2533 3780; x_wconf 90' lang='lat'><strong>,</strong></span> <span class='ocrx_word' id='word_1_563' title='bbox 2574 3727 2733 3780; x_wconf 89' lang='lat' dir='ltr'><strong>quam</strong></span> <span class='ocrx_word' id='word_1_564' title='bbox 2773 3726 2956 3766; x_wconf 87' lang='lat' dir='ltr'><strong>coram</strong></span> <span class='ocrx_word' id='word_1_565' title='bbox 3001 3713 3069 3766; x_wconf 87' lang='lat' dir='ltr'><strong>de</strong></span> <span class='ocrx_word' id='word_1_566' title='bbox 3115 3726 3366 3767; x_wconf 90' lang='lat' dir='ltr'><strong>sermone</strong></span> <span class='ocrx_word' id='word_1_567' title='bbox 3402 3720 3494 3763; x_wconf 90' lang='lat' dir='ltr'><strong>tuo</strong></span> <span class='ocrx_word' id='word_1_568' title='bbox 3532 3709 3809 3779; x_wconf 83' lang='lat' dir='ltr'><strong>hocusque</strong></span> 
     </span>
    </p>
   </div>
   <div class='ocr_carea' id='block_1_96' title="bbox 2213 3799 3809 3871">
    <p class='ocr_par' dir='ltr' id='par_1_96' title="bbox 2213 3799 3809 3871">
     <span class='ocr_line' id='line_1_96' title="bbox 2213 3799 3809 3871; baseline -0.001 -17"><span class='ocrx_word' id='word_1_569' title='bbox 2213 3799 2491 3871; x_wconf 86' lang='lat' dir='ltr'><strong>capiebam</strong></span> <span class='ocrx_word' id='word_1_570' title='bbox 2527 3800 2878 3870; x_wconf 88' lang='lat' dir='ltr'><strong>voluptatem,</strong></span> <span class='ocrx_word' id='word_1_571' title='bbox 2910 3815 3220 3868; x_wconf 84' lang='lat' dir='ltr'><strong>compenso.</strong></span> <span class='ocrx_word' id='word_1_572' title='bbox 3254 3800 3351 3855; x_wconf 87' lang='lat' dir='ltr'><strong>Cui</strong></span> <span class='ocrx_word' id='word_1_573' title='bbox 3391 3800 3436 3855; x_wconf 87' lang='lat' dir='ltr'><strong>si</strong></span> <span class='ocrx_word' id='word_1_574' title='bbox 3468 3810 3649 3854; x_wconf 91' lang='lat' dir='ltr'><strong>mutua</strong></span> <span class='ocrx_word' id='word_1_575' title='bbox 3680 3814 3809 3855; x_wconf 90' lang='lat' dir='ltr'><strong>cura</strong></span> 
     </span>
    </p>
   </div>
   <div class='ocr_carea' id='block_1_97' title="bbox 2217 3892 3810 3962">
    <p class='ocr_par' dir='ltr' id='par_1_97' title="bbox 2217 3892 3810 3962">
     <span class='ocr_line' id='line_1_97' title="bbox 2217 3892 3810 3962; baseline -0.003 -13"><span class='ocrx_word' id='word_1_576' title='bbox 2217 3892 2594 3962; x_wconf 81' lang='lat' dir='ltr'><strong>responderit,</strong></span> <span class='ocrx_word' id='word_1_577' title='bbox 2627 3908 2748 3948; x_wconf 87' lang='lat' dir='ltr'><strong>cum</strong></span> <span class='ocrx_word' id='word_1_578' title='bbox 2779 3903 2978 3948; x_wconf 86' lang='lat' dir='ltr'><strong>tantam</strong></span> <span class='ocrx_word' id='word_1_579' title='bbox 3019 3893 3149 3948; x_wconf 90' lang='lat' dir='ltr'><strong>mihi</strong></span> <span class='ocrx_word' id='word_1_580' title='bbox 3193 3892 3367 3947; x_wconf 89' lang='lat' dir='ltr'><strong>delata</strong></span> <span class='ocrx_word' id='word_1_581' title='bbox 3413 3893 3663 3946; x_wconf 80' lang='lat' dir='ltr'><strong>amicitia:</strong></span> <span class='ocrx_word' id='word_1_582' title='bbox 3703 3899 3810 3945; x_wconf 68' lang='lat' dir='ltr'><strong>tua:</strong></span> 
     </span>
    </p>
   </div>
   <div class='ocr_carea' id='block_1_98' title="bbox 2214 3983 3811 4058">
    <p class='ocr_par' dir='ltr' id='par_1_98' title="bbox 2214 3983 3811 4058">
     <span class='ocr_line' id='line_1_98' title="bbox 2214 3983 3811 4058; baseline -0.003 -15"><span class='ocrx_word' id='word_1_583' title='bbox 2214 3987 2439 4056; x_wconf 89' lang='lat' dir='ltr'><strong>scriptio</strong></span> <span class='ocrx_word' id='word_1_584' title='bbox 2466 3991 2690 4054; x_wconf 85' lang='lat' dir='ltr'><strong>gratiam</strong></span> <span class='ocrx_word' id='word_1_585' title='bbox 2723 3985 2952 4056; x_wconf 85' lang='lat' dir='ltr'><strong>tribuat,</strong></span> <span class='ocrx_word' id='word_1_586' title='bbox 2984 3995 3185 4058; x_wconf 89' lang='lat' dir='ltr'><strong>quanto</strong></span> <span class='ocrx_word' id='word_1_587' title='bbox 3224 3985 3453 4057; x_wconf 85' lang='lat' dir='ltr'><strong>amplius</strong></span> <span class='ocrx_word' id='word_1_588' title='bbox 3482 3983 3648 4040; x_wconf 86' lang='lat' dir='ltr'><strong>relata</strong></span> <span class='ocrx_word' id='word_1_589' title='bbox 3675 3999 3811 4054; x_wconf 73' lang='lat' dir='ltr'><strong>prse-</strong></span> 
     </span>
    </p>
   </div>
   <div class='ocr_carea' id='block_1_99' title="bbox 2215 4081 2601 4137">
    <p class='ocr_par' dir='ltr' id='par_1_99' title="bbox 2215 4081 2601 4137">
     <span class='ocr_line' id='line_1_99' title="bbox 2215 4081 2601 4137; baseline 0 0"><span class='ocrx_word' id='word_1_590' title='bbox 2215 4082 2417 4137; x_wconf 74' lang='lat' dir='ltr'><strong>Stabit?</strong></span> <span class='ocrx_word' id='word_1_591' title='bbox 2452 4081 2601 4137; x_wconf 80' lang='lat' dir='ltr'><strong>Vale.</strong></span> 
     </span>
    </p>
   </div>
   <div class='ocr_carea' id='block_1_100' title="bbox 2745 4170 3284 4228">
    <p class='ocr_par' dir='ltr' id='par_1_100' title="bbox 2745 4170 3284 4228">
     <span class='ocr_line' id='line_1_100' title="bbox 2745 4170 3284 4228; baseline -0.002 -1"><span class='ocrx_word' id='word_1_592' title='bbox 2745 4171 2959 4228; x_wconf 76' lang='lat' dir='ltr'><strong>EPIST.</strong></span> <span class='ocrx_word' id='word_1_593' title='bbox 2997 4171 3042 4227; x_wconf 87' lang='lat' dir='ltr'><strong>X</strong></span> <span class='ocrx_word' id='word_1_594' title='bbox 3054 4171 3144 4226; x_wconf 80' lang='lat' dir='ltr'><strong>XX</strong></span> <span class='ocrx_word' id='word_1_595' title='bbox 3157 4170 3284 4226; x_wconf 82' lang='lat' dir='ltr'><strong>\‘lII.</strong></span> 
     </span>
    </p>
   </div>
   <div class='ocr_carea' id='block_1_101' title="bbox 2731 4280 3301 4322">
    <p class='ocr_par' dir='ltr' id='par_1_101' title="bbox 2731 4280 3301 4322">
     <span class='ocr_line' id='line_1_101' title="bbox 2731 4280 3301 4322; baseline -0.004 -1"><span class='ocrx_word' id='word_1_596' title='bbox 2731 4280 3036 4322; x_wconf 72' lang='grc' dir='ltr'><strong>εῖιιιυιςκυε</strong></span> <span class='ocrx_word' id='word_1_597' title='bbox 3068 4281 3301 4322; x_wconf 73' lang='grc' dir='ltr'>ιιοιιιῑιο.</span> 
     </span>
    </p>
   </div>
   <div class='ocr_carea' id='block_1_102' title="bbox 2290 4357 3810 4433">
    <p class='ocr_par' dir='ltr' id='par_1_102' title="bbox 2290 4357 3810 4433">
     <span class='ocr_line' id='line_1_102' title="bbox 2290 4357 3810 4433; baseline -0.002 -16"><span class='ocrx_word' id='word_1_598' title='bbox 2290 4361 2450 4418; x_wconf 84' lang='lat' dir='ltr'><strong>Salus</strong></span> <span class='ocrx_word' id='word_1_599' title='bbox 2481 4361 2720 4433; x_wconf 85' lang='lat' dir='ltr'><strong>pignoris</strong></span> <span class='ocrx_word' id='word_1_600' title='bbox 2747 4361 3049 4417; x_wconf 87' lang='lat' dir='ltr'><strong>communis</strong></span> <span class='ocrx_word' id='word_1_601' title='bbox 3084 4361 3137 4416; x_wconf 94' lang='lat' dir='ltr'><strong>in</strong></span> <span class='ocrx_word' id='word_1_602' title='bbox 3168 4369 3284 4415; x_wconf 88' lang='lat' dir='ltr'><strong>tuto</strong></span> <span class='ocrx_word' id='word_1_603' title='bbox 3306 4368 3423 4426; x_wconf 88' lang='lat' dir='ltr'><strong>est,</strong></span> <span class='ocrx_word' id='word_1_604' title='bbox 3454 4358 3608 4430; x_wconf 82' lang='lat' dir='ltr'><strong>cujus</strong></span> <span class='ocrx_word' id='word_1_605' title='bbox 3634 4357 3810 4414; x_wconf 90' lang='lat' dir='ltr'><strong>studia</strong></span> 
     </span>
    </p>
   </div>
   <div class='ocr_carea' id='block_1_103' title="bbox 2219 4451 3811 4525">
    <p class='ocr_par' dir='ltr' id='par_1_103' title="bbox 2219 4451 3811 4525">
     <span class='ocr_line' id='line_1_103' title="bbox 2219 4451 3811 4525; baseline -0.003 -14"><span class='ocrx_word' id='word_1_606' title='bbox 2219 4452 2569 4511; x_wconf 87' lang='lat' dir='ltr'><strong>sollicitudini</strong></span> <span class='ocrx_word' id='word_1_607' title='bbox 2615 4467 2752 4508; x_wconf 68' lang='lat' dir='ltr'><strong>mea:</strong></span> <span class='ocrx_word' id='word_1_608' title='bbox 2795 4453 3034 4525; x_wconf 86' lang='lat' dir='ltr'><strong>delegata</strong></span> <span class='ocrx_word' id='word_1_609' title='bbox 3083 4451 3389 4523; x_wconf 80' lang='lat' dir='ltr'><strong>proficient.</strong></span> <span class='ocrx_word' id='word_1_610' title='bbox 3426 4451 3558 4508; x_wconf 68' lang='lat' dir='ltr'><strong>Meae</strong></span> <span class='ocrx_word' id='word_1_611' title='bbox 3597 4465 3811 4521; x_wconf 80' lang='lat' dir='ltr'><strong>quoque</strong></span> 
     </span>
    </p>
   </div>
   <div class='ocr_carea' id='block_1_104' title="bbox 2220 4542 3812 4610">
    <p class='ocr_par' dir='ltr' id='par_1_104' title="bbox 2220 4542 3812 4610">
     <span class='ocr_line' id='line_1_104' title="bbox 2220 4542 3812 4610; baseline -0.001 -10"><span class='ocrx_word' id='word_1_612' title='bbox 2220 4545 2540 4602; x_wconf 90' lang='lat' dir='ltr'><strong>valetudinis</strong></span> <span class='ocrx_word' id='word_1_613' title='bbox 2568 4554 2686 4601; x_wconf 89' lang='lat' dir='ltr'><strong>esto</strong></span> <span class='ocrx_word' id='word_1_614' title='bbox 2711 4559 2935 4600; x_wconf 88' lang='lat' dir='ltr'><strong>securus</strong></span> <span class='ocrx_word' id='word_1_615' title='bbox 2953 4584 2970 4610; x_wconf 92' lang='lat'><strong>,</strong></span> <span class='ocrx_word' id='word_1_616' title='bbox 2997 4553 3053 4600; x_wconf 89' lang='lat' dir='ltr'><strong>et</strong></span> <span class='ocrx_word' id='word_1_617' title='bbox 3081 4543 3149 4600; x_wconf 91' lang='lat' dir='ltr'><strong>ad</strong></span> <span class='ocrx_word' id='word_1_618' title='bbox 3175 4543 3348 4599; x_wconf 91' lang='lat' dir='ltr'><strong>vicem</strong></span> <span class='ocrx_word' id='word_1_619' title='bbox 3380 4542 3566 4598; x_wconf 89' lang='lat' dir='ltr'><strong>talium</strong></span> <span class='ocrx_word' id='word_1_620' title='bbox 3594 4543 3812 4598; x_wconf 79' lang='lat' dir='ltr'><strong>nuntio-</strong></span> 
     </span>
    </p>
   </div>
   <div class='ocr_carea' id='block_1_105' title="bbox 2137 4617 3814 4707">
    <p class='ocr_par' dir='ltr' id='par_1_105' title="bbox 2137 4617 3814 4707">
     <span class='ocr_line' id='line_1_105' title="bbox 2137 4617 3814 4707; baseline -0.004 -11"><span class='ocrx_word' id='word_1_621' title='bbox 2137 4617 2195 4680; x_wconf 78' lang='lat' dir='ltr'><strong><em>D</em></strong></span> <span class='ocrx_word' id='word_1_622' title='bbox 2217 4654 2335 4696; x_wconf 88' lang='lat' dir='ltr'><strong>rum</strong></span> <span class='ocrx_word' id='word_1_623' title='bbox 2367 4652 2551 4694; x_wconf 83' lang='lat' dir='ltr'><strong>conm</strong></span> <span class='ocrx_word' id='word_1_624' title='bbox 2587 4636 2654 4692; x_wconf 89' lang='lat' dir='ltr'><strong>de</strong></span> <span class='ocrx_word' id='word_1_625' title='bbox 2682 4648 2738 4692; x_wconf 90' lang='lat' dir='ltr'><strong>te</strong></span> <span class='ocrx_word' id='word_1_626' title='bbox 2767 4651 2940 4692; x_wconf 87' lang='lat' dir='ltr'><strong>meam</strong></span> <span class='ocrx_word' id='word_1_627' title='bbox 2971 4635 3238 4691; x_wconf 83' lang='lat' dir='ltr'><strong>similibus</strong></span> <span class='ocrx_word' id='word_1_628' title='bbox 3269 4636 3543 4707; x_wconf 78' lang='lat' dir='ltr'><strong>responsis</strong></span> <span class='ocrx_word' id='word_1_629' title='bbox 3569 4635 3814 4692; x_wconf 88' lang='lat' dir='ltr'><strong>absolve.</strong></span> 
     </span>
    </p>
   </div>
   <div class='ocr_carea' id='block_1_106' title="bbox 2217 4731 2368 4786">
    <p class='ocr_par' dir='ltr' id='par_1_106' title="bbox 2217 4731 2368 4786">
     <span class='ocr_line' id='line_1_106' title="bbox 2217 4731 2368 4786; baseline -0.013 0"><span class='ocrx_word' id='word_1_630' title='bbox 2217 4731 2368 4786; x_wconf 80' lang='lat' dir='ltr'><strong>Vale.</strong></span> 
     </span>
    </p>
   </div>
   <div class='ocr_carea' id='block_1_107' title="bbox 2772 4819 3274 4877">
    <p class='ocr_par' dir='ltr' id='par_1_107' title="bbox 2772 4819 3274 4877">
     <span class='ocr_line' id='line_1_107' title="bbox 2772 4819 3274 4877; baseline -0.008 0"><span class='ocrx_word' id='word_1_631' title='bbox 2772 4820 2991 4877; x_wconf 83' lang='lat' dir='ltr'><strong>EPIST.</strong></span> <span class='ocrx_word' id='word_1_632' title='bbox 3032 4819 3274 4876; x_wconf 77' lang='lat' dir='ltr'><strong>XXXIX.</strong></span> 
     </span>
    </p>
   </div>
   <div class='ocr_carea' id='block_1_108' title="bbox 2818 4929 3196 4972">
    <p class='ocr_par' dir='ltr' id='par_1_108' title="bbox 2818 4929 3196 4972">
     <span class='ocr_line' id='line_1_108' title="bbox 2818 4929 3196 4972; baseline -0.011 0"><span class='ocrx_word' id='word_1_633' title='bbox 2818 4929 3196 4972; x_wconf 59' lang='grc' dir='ltr'><strong>εϊδιιιλειιυε...</strong></span> 
     </span>
    </p>
   </div>
   <div class='ocr_carea' id='block_1_109' title="bbox 2285 5001 3808 5077">
    <p class='ocr_par' dir='ltr' id='par_1_109' title="bbox 2285 5001 3808 5077">
     <span class='ocr_line' id='line_1_109' title="bbox 2285 5001 3808 5077; baseline 0 -17"><span class='ocrx_word' id='word_1_634' title='bbox 2285 5007 2446 5075; x_wconf 84' lang='lat' dir='ltr'><strong>Queri</strong></span> <span class='ocrx_word' id='word_1_635' title='bbox 2475 5006 2544 5063; x_wconf 89' lang='lat' dir='ltr'><strong>de</strong></span> <span class='ocrx_word' id='word_1_636' title='bbox 2579 5001 2797 5063; x_wconf 88' lang='lat' dir='ltr'><strong>silentio</strong></span> <span class='ocrx_word' id='word_1_637' title='bbox 2837 5023 2943 5061; x_wconf 90' lang='lat' dir='ltr'><strong>non</strong></span> <span class='ocrx_word' id='word_1_638' title='bbox 2971 5018 3153 5076; x_wconf 82' lang='lat' dir='ltr'><strong>potes,</strong></span> <span class='ocrx_word' id='word_1_639' title='bbox 3182 5006 3272 5077; x_wconf 89' lang='lat' dir='ltr'><strong>qui</strong></span> <span class='ocrx_word' id='word_1_640' title='bbox 3310 5004 3445 5062; x_wconf 91' lang='lat' dir='ltr'><strong>nihil</strong></span> <span class='ocrx_word' id='word_1_641' title='bbox 3483 5006 3808 5075; x_wconf 89' lang='lat' dir='ltr'><strong>scriptorum</strong></span> 
     </span>
    </p>
   </div>
   <div class='ocr_carea' id='block_1_110' title="bbox 2218 5100 3812 5171">
    <p class='ocr_par' dir='ltr' id='par_1_110' title="bbox 2218 5100 3812 5171">
     <span class='ocr_line' id='line_1_110' title="bbox 2218 5100 3812 5171; baseline -0.001 -14"><span class='ocrx_word' id='word_1_642' title='bbox 2218 5103 2348 5157; x_wconf 90' lang='lat' dir='ltr'><strong>mihi</strong></span> <span class='ocrx_word' id='word_1_643' title='bbox 2387 5102 2662 5170; x_wconf 83' lang='lat' dir='ltr'><strong>hucusque</strong></span> <span class='ocrx_word' id='word_1_644' title='bbox 2693 5102 2943 5158; x_wconf 73' lang='lat' dir='ltr'><strong>tribuisﬁ.</strong></span> <span class='ocrx_word' id='word_1_645' title='bbox 2969 5102 3074 5156; x_wconf 88' lang='lat' dir='ltr'><strong>Sed</strong></span> <span class='ocrx_word' id='word_1_646' title='bbox 3105 5103 3148 5156; x_wconf 89' lang='lat' dir='ltr'><strong>si</strong></span> <span class='ocrx_word' id='word_1_647' title='bbox 3183 5101 3357 5156; x_wconf 88' lang='lat' dir='ltr'><strong>simile</strong></span> <span class='ocrx_word' id='word_1_648' title='bbox 3392 5101 3516 5171; x_wconf 88' lang='lat' dir='ltr'><strong>styli</strong></span> <span class='ocrx_word' id='word_1_649' title='bbox 3547 5100 3812 5171; x_wconf 84' lang='lat' dir='ltr'><strong>opperiris</strong></span> 
     </span>
    </p>
   </div>
   <div class='ocr_carea' id='block_1_111' title="bbox 2217 5190 3808 5262">
    <p class='ocr_par' dir='ltr' id='par_1_111' title="bbox 2217 5190 3808 5262">
     <span class='ocr_line' id='line_1_111' title="bbox 2217 5190 3808 5262; baseline -0.002 -15"><span class='ocrx_word' id='word_1_650' title='bbox 2217 5191 2554 5259; x_wconf 84' lang='lat' dir='ltr'><strong>auspicium,</strong></span> <span class='ocrx_word' id='word_1_651' title='bbox 2600 5207 2754 5247; x_wconf 86' lang='lat' dir='ltr'><strong>sume</strong></span> <span class='ocrx_word' id='word_1_652' title='bbox 2794 5191 3097 5258; x_wconf 79' lang='lat' dir='ltr'><strong>exemplum</strong></span> <span class='ocrx_word' id='word_1_653' title='bbox 3141 5191 3377 5261; x_wconf 88' lang='lat' dir='ltr'><strong>religiosi</strong></span> <span class='ocrx_word' id='word_1_654' title='bbox 3413 5191 3618 5257; x_wconf 84' lang='lat' dir='ltr'><strong>officii,</strong></span> <span class='ocrx_word' id='word_1_655' title='bbox 3665 5190 3808 5262; x_wconf 85' lang='lat' dir='ltr'><strong>quod</strong></span> 
     </span>
    </p>
   </div>
   <div class='ocr_carea' id='block_1_112' title="bbox 2217 5284 3806 5354">
    <p class='ocr_par' dir='ltr' id='par_1_112' title="bbox 2217 5284 3806 5354">
     <span class='ocr_line' id='line_1_112' title="bbox 2217 5284 3806 5354; baseline -0.001 -15"><span class='ocrx_word' id='word_1_656' title='bbox 2217 5285 2418 5340; x_wconf 88' lang='lat' dir='ltr'><strong>debeas</strong></span> <span class='ocrx_word' id='word_1_657' title='bbox 2444 5284 2702 5339; x_wconf 57' lang='lat' dir='ltr'><strong>aemulari.</strong></span> <span class='ocrx_word' id='word_1_658' title='bbox 2728 5286 2834 5340; x_wconf 86' lang='lat' dir='ltr'><strong>Ero</strong></span> <span class='ocrx_word' id='word_1_659' title='bbox 2856 5286 3108 5354; x_wconf 89' lang='lat' dir='ltr'><strong>deinceps</strong></span> <span class='ocrx_word' id='word_1_660' title='bbox 3136 5286 3199 5339; x_wconf 89' lang='lat' dir='ltr'><strong>ad</strong></span> <span class='ocrx_word' id='word_1_661' title='bbox 3223 5287 3584 5340; x_wconf 75' lang='lat' dir='ltr'><strong>exercendum</strong></span> <span class='ocrx_word' id='word_1_662' title='bbox 3607 5286 3806 5354; x_wconf 85' lang='lat' dir='ltr'><strong>stylum</strong></span> 
     </span>
    </p>
   </div>
   <div class='ocr_carea' id='block_1_113' title="bbox 2218 5378 3808 5447">
    <p class='ocr_par' dir='ltr' id='par_1_113' title="bbox 2218 5378 3808 5447">
     <span class='ocr_line' id='line_1_113' title="bbox 2218 5378 3808 5447; baseline 0.003 -17"><span class='ocrx_word' id='word_1_663' title='bbox 2218 5378 2537 5447; x_wconf 87' lang='lat' dir='ltr'><strong>promptior,</strong></span> <span class='ocrx_word' id='word_1_664' title='bbox 2569 5379 2614 5436; x_wconf 89' lang='lat' dir='ltr'><strong>si</strong></span> <span class='ocrx_word' id='word_1_665' title='bbox 2645 5393 2730 5434; x_wconf 90' lang='lat' dir='ltr'><strong>me</strong></span> <span class='ocrx_word' id='word_1_666' title='bbox 2762 5379 2939 5435; x_wconf 87' lang='lat' dir='ltr'><strong>fructu</strong></span> <span class='ocrx_word' id='word_1_667' title='bbox 2966 5380 3138 5435; x_wconf 88' lang='lat' dir='ltr'><strong>mutui</strong></span> <span class='ocrx_word' id='word_1_668' title='bbox 3169 5381 3438 5435; x_wconf 88' lang='lat' dir='ltr'><strong>sermonis</strong></span> <span class='ocrx_word' id='word_1_669' title='bbox 3463 5379 3808 5436; x_wconf 85' lang='lat' dir='ltr'><strong>animaveris.</strong></span> 
     </span>
    </p>
   </div>
   <div class='ocr_carea' id='block_1_114' title="bbox 2216 5470 2368 5527">
    <p class='ocr_par' dir='ltr' id='par_1_114' title="bbox 2216 5470 2368 5527">
     <span class='ocr_line' id='line_1_114' title="bbox 2216 5470 2368 5527; baseline -0.007 -1"><span class='ocrx_word' id='word_1_670' title='bbox 2216 5470 2368 5527; x_wconf 75' lang='lat' dir='ltr'><strong>Vale.</strong></span> 
     </span>
    </p>
   </div>
   <div class='ocr_carea' id='block_1_115' title="bbox 2836 5565 3193 5622">
    <p class='ocr_par' dir='ltr' id='par_1_115' title="bbox 2836 5565 3193 5622">
     <span class='ocr_line' id='line_1_115' title="bbox 2836 5565 3193 5622; baseline 0.008 -3"><span class='ocrx_word' id='word_1_671' title='bbox 2836 5565 3054 5621; x_wconf 77' lang='lat' dir='ltr'><strong>EPIST.</strong></span> <span class='ocrx_word' id='word_1_672' title='bbox 3097 5565 3193 5622; x_wconf 85' lang='lat' dir='ltr'><strong>XL</strong></span> 
     </span>
    </p>
   </div>
   <div class='ocr_carea' id='block_1_116' title="bbox 2711 5670 3298 5713">
    <p class='ocr_par' dir='ltr' id='par_1_116' title="bbox 2711 5670 3298 5713">
     <span class='ocr_line' id='line_1_116' title="bbox 2711 5670 3298 5713; baseline 0.002 -1"><span class='ocrx_word' id='word_1_673' title='bbox 2711 5670 3020 5712; x_wconf 69' lang='grc' dir='ltr'>εγιιιιΑοιιυιι</span> <span class='ocrx_word' id='word_1_674' title='bbox 3050 5671 3298 5713; x_wconf 66' lang='grc' dir='ltr'><strong>ινεκτιο.</strong></span> 
     </span>
    </p>
   </div>
   <div class='ocr_carea' id='block_1_117' title="bbox 2289 5745 3810 5820">
    <p class='ocr_par' dir='ltr' id='par_1_117' title="bbox 2289 5745 3810 5820">
     <span class='ocr_line' id='line_1_117' title="bbox 2289 5745 3810 5820; baseline 0.002 -17"><span class='ocrx_word' id='word_1_675' title='bbox 2289 5745 2663 5803; x_wconf 74' lang='lat' dir='ltr'><strong>Secessionem</strong></span> <span class='ocrx_word' id='word_1_676' title='bbox 2711 5757 2853 5802; x_wconf 90' lang='lat' dir='ltr'><strong>tuam</strong></span> <span class='ocrx_word' id='word_1_677' title='bbox 2897 5749 3058 5802; x_wconf 88' lang='lat' dir='ltr'><strong>etiam</strong></span> <span class='ocrx_word' id='word_1_678' title='bbox 3102 5752 3296 5804; x_wconf 85' lang='lat' dir='ltr'><strong>tacitus</strong></span> <span class='ocrx_word' id='word_1_679' title='bbox 3334 5749 3642 5820; x_wconf 85' lang='lat' dir='ltr'><strong>approbavi.</strong></span> <span class='ocrx_word' id='word_1_680' title='bbox 3677 5748 3810 5806; x_wconf 84' lang='lat' dir='ltr'><strong>Nam</strong></span> 
     </span>
    </p>
   </div>
   <div class='ocr_carea' id='block_1_118' title="bbox 2221 5840 3811 5913">
    <p class='ocr_par' dir='ltr' id='par_1_118' title="bbox 2221 5840 3811 5913">
     <span class='ocr_line' id='line_1_118' title="bbox 2221 5840 3811 5913; baseline 0 -17"><span class='ocrx_word' id='word_1_681' title='bbox 2221 5853 2340 5896; x_wconf 87' lang='lat' dir='ltr'><strong>cum</strong></span> <span class='ocrx_word' id='word_1_682' title='bbox 2385 5841 2772 5898; x_wconf 79' lang='lat' dir='ltr'><strong>interveniente</strong></span> <span class='ocrx_word' id='word_1_683' title='bbox 2808 5840 3077 5898; x_wconf 87' lang='lat' dir='ltr'><strong>discordia</strong></span> <span class='ocrx_word' id='word_1_684' title='bbox 3114 5842 3381 5913; x_wconf 84' lang='lat' dir='ltr'><strong>supremis</strong></span> <span class='ocrx_word' id='word_1_685' title='bbox 3423 5843 3604 5913; x_wconf 87' lang='lat' dir='ltr'><strong>generi</strong></span> <span class='ocrx_word' id='word_1_686' title='bbox 3646 5842 3811 5899; x_wconf 83' lang='lat' dir='ltr'><strong>inter--</strong></span> 
     </span>
    </p>
   </div>
  </div>
