4218 6486
447 323 546 380 εει

446 529 707 586 tisfecisse
736 532 941 600 pietati.
972 533 1092 603 Ipse
1111 576 1127 600 ,
1157 541 1415 603 quantum
1446 536 1550 591 civi
1593 536 1834 604 optimati
1861 543 2035 592 inerat

446 620 795 676 deferendum
818 665 832 688 ,
863 623 1044 679 triduo
1070 625 1211 679 domi
1247 635 1611 681 commoratus
1638 628 1850 696 implevi
1876 670 1892 696 ,
1924 644 2031 684 non

448 712 641 767 famam
670 726 910 782 captans,
944 716 1038 771 sed
1073 718 1316 773 humana:
1342 719 1568 775 fortuna:
1598 722 1742 776 vices
1767 721 2028 789 cogitans.

444 805 582 870 Quid
625 811 766 860 enint
809 817 916 860 tam
959 809 1277 864 rationabile
1313 818 1424 874 est,
1458 827 1614 880 quant
1651 811 1881 866 tribucre
1917 812 2033 866 col-

446 898 612 969 Iegte,
643 899 784 970 quod
823 901 918 955 tibi
955 904 1276 973 quandoque
1306 906 1474 961 bonos
1511 906 1696 976 cupias
1726 905 2030 962 exhibere?

450 991 602 1048 Vale.

1035 1086 1252 1144 EPIST.
1293 1087 1431 1145 XLI.

921 1196 1232 1237 ενιυλοιιυδ
1259 1199 1548 1238 Αιητιοειιο.

515 1271 666 1329 Nunc
694 1274 926 1343 primum
956 1276 1174 1330 honoris
1204 1278 1364 1333 limen
1406 1278 1678 1347 ingressus
1698 1320 1714 1346 ,
1746 1281 1906 1337 nimis
1930 1281 2031 1338 im-

443 1376 654 1424 mature
680 1369 972 1426 adventum
1010 1372 1346 1428 successoris
1374 1386 1616 1445 exoptas.
1656 1378 1904 1447 Agnosco
1932 1379 2030 1433 im-

443 1463 752 1528 patientiam
778 1462 977 1518 Grzecis
1002 1463 1207 1520 deliciis
1233 1480 1615 1536 congruentem
1638 1512 1654 1536 ,
1681 1487 1839 1540 quam
1869 1473 2028 1530 velim

441 1559 558 1608 toto
589 1554 717 1610 anni
748 1555 886 1611 orbe
923 1557 1229 1613 dissimules
1249 1599 1266 1624 ,
1293 1573 1356 1615 ac
1385 1570 1438 1615 te
1474 1563 1732 1631 migrasse
1762 1565 1818 1618 in
1861 1566 2030 1621 tribus

443 1641 732 1701 Romuleas
763 1647 1086 1704 recorderis.
1108 1648 1244 1716 Quid
1271 1652 1414 1706 enim
1444 1652 1662 1720 dignum
1687 1655 2030 1726 conquesno-

441 1749 511 1790 ne
551 1751 834 1806 perpessus
864 1739 958 1793 es?
1001 1738 1247 1797 Nondum
1296 1753 1349 1797 te
1387 1743 1649 1800 militares
1690 1748 2026 1803 contumelia:

1635 332 2059 388 EPISTOIARL
2073 333 2116 388 λι
2161 333 2358 388 ιτιξιςιὶ
2404 336 2439 384 γ
2451 335 2534 391 Ill.

447 449 566 490 esse
597 449 703 489 non
735 451 950 507 posses,
982 453 1043 493 ea
1087 449 1274 497 tntrsta
1316 441 1645 510 profectione
1673 445 1816 497 visus
1844 459 1903 497 cs
1943 460 2030 497 sa-
2059 456 2115 513 ιι

2722 445 2936 501 ΕΡΞδΤ.
2983 448 3139 503 XLV.

2662 554 2966 594 SVIIIMCIIUS
2995 557 3186 596 Ρικιιιο.

2205 625 2489 684 Redditum
2522 629 2651 684 mihi
2672 639 2754 686 est
2778 648 3011 686 annuum
3039 632 3431 702 quodammodo
3458 639 3718 691 sermonis

2135 720 2211 775 lui
2236 720 2498 777 debitum.
2521 721 2638 777 Tibi
2660 738 2872 793 quoque
2898 724 3149 795 gaudium
3174 727 3417 782 solemne
3444 728 3511 783 de
3542 730 3718 799 nobis,

2133 810 2250 866 haec
2279 829 2533 882 responsa
2567 815 2920 884 pra'stabunt,
2951 834 3072 887 qua:
3110 829 3325 888 propter
3363 832 3562 878 tantam
3597 825 3717 879 lon-

2131 903 2479 976 ginquitatem
2529 908 2868 976 frequentare
2919 927 3026 966 non
3073 928 3397 983 possumus,
3434 919 3530 971 sed
3579 918 3718 973 bona

2133 995 2239 1052 fide
2261 999 2427 1053 certis
2461 1001 2792 1069 temporibus
2819 1003 3155 1060 exhibemus.
3193 1005 3402 1064 Maneat
3437 1009 3596 1080 igitur
3632 1011 3719 1068 hic

2133 1106 2283 1157 usus,
2305 1105 2359 1147 et
2381 1093 2610 1161 quodam
2640 1097 2828 1151 salutis
2853 1097 3051 1152 indicio
3079 1109 3261 1155 mutua
3282 1100 3422 1156 inter
3446 1117 3546 1158 nos
3564 1117 3718 1160 secu-

2129 1183 2265 1238 ritas
2289 1185 2631 1242 recondatur.
2671 1186 2820 1241 Vale.

2698 1280 2918 1337 EI‘IST.
2958 1280 3142 1337 XLVI.

2600 1384 2912 1428 πηλίκος
2941 1390 3261 1431 δτκιτεωο.

2201 1458 2332 1531 Agis
2359 1474 2568 1516 mecum
2611 1463 2878 1520 desiderio
2908 1470 3171 1536 amantis,
3202 1479 3260 1524 ut
3297 1467 3513 1526 redeam
3555 1487 3571 1527 :
3603 1472 3714 1542 jam

2130 1550 2330 1608 dudum
2371 1551 2474 1609 hoc
2509 1556 2719 1612 animus
2759 1572 2912 1614 meus
2943 1565 3104 1616 vestri
3141 1564 3407 1633 expetitur
3436 1565 3714 1637 efﬂagitat.

2130 1644 2237 1702 Sed
2265 1646 2516 1703 valetudo
2539 1650 2720 1706 saucia
2747 1651 3006 1723 obstrepit
3033 1655 3316 1711 voluntati.
3345 1656 3548 1714 Humor
3570 1661 3715 1718 enim

2131 1739 2322 1796 noxius
2350 1743 2589 1799 articulis
2616 1745 2833 1815 illapsus
2858 1747 3019 1801 etiam
3045 1763 3187 1802 nunc
3212 1764 3300 1806 me
3326 1760 3473 1807 tenet
3500 1752 3716 1821 lectulo,

440 1825 786 1895 perculerunt
816 1869 836 1898 ,
905 1830 1144 1886 nondum
1204 1843 1450 1888 catervas
1512 1835 1793 1891 mulierum
1858 1839 2028 1896 scissa
2056 1834 2105 1896 Β
2131 1841 2186 1887 et
2210 1833 2296 1887 vix
2343 1834 2561 1891 littorali
2589 1837 2829 1893 siccitate
2865 1846 3134 1895 tenuatur.
3165 1840 3365 1898 Tribue
3395 1842 3555 1911 igitur
3582 1853 3715 1899 tem-

441 1927 595 1975 veste
639 1921 814 1991 lngisti
838 1962 854 1988 ,
913 1924 1149 1980 nondum
1177 1936 1300 1982 ante
1323 1928 1515 1998 januas
1544 1932 1892 1986 eminentium
1931 1949 2027 2002 po-

438 2017 688 2064 testatum
729 2010 945 2082 vigilem
985 2027 1198 2072 noctem
1241 2019 1500 2075 salutator
1545 2033 1798 2091 expertus
1836 2038 1931 2091 es;
1971 2033 2027 2081 et

435 2097 545 2168 jam
569 2101 799 2158 delicato
829 2103 1043 2161 fastidio
1077 2107 1262 2163 renuis
1287 2110 1694 2180 magistratum?
1721 2112 2024 2184 Commuta,

437 2191 484 2245 si
529 2192 708 2258 vales,
750 2193 1022 2262 animum,
1054 2204 1213 2267 teque
1258 2199 1314 2254 in
1361 2213 1583 2269 annum,
1613 2202 1696 2258 vel
1748 2202 2024 2262 biennium

437 2283 664 2339 obdura.

1018 2380 1239 2440 EPIST.
1279 2382 1440 2440 XLII.

1040 2490 1415 2532 SVIIIACIIUS...

511 2562 855 2620 I’rohabilem
895 2578 1181 2622 causam...
1227 2569 1360 2635 Quis
1406 2570 1550 2626 enim
1590 2570 1827 2628 Siciliam
1874 2581 2027 2629 recto

436 2653 628 2710 itinere
674 2666 890 2725 petens.
921 2671 1226 2715 sermonem
1273 2677 1447 2716 meum
1491 2675 1669 2734 potest
1708 2666 1936 2722 reddere
1972 2668 2027 2721 in

438 2745 743 2817 longinquis
783 2749 977 2804 studiis
1012 2752 1339 2808 constituto?
1368 2755 1472 2812 Sed
1507 2757 1716 2814 desino.
1745 2760 1822 2814 Tu
1865 2769 2022 2825 tene,

434 2853 615 2893 curam
656 2840 796 2894 circa
840 2846 892 2895 te
925 2855 1098 2896 meam
1146 2844 1214 2898 de
1259 2861 1484 2902 numero
1522 2851 1866 2918 epismlarnm
1915 2868 2023 2908 non

432 2929 632 2986 debere
660 2930 940 3001 perpendi.
973 2931 1254 3003 Diligentia
1280 2938 1424 2992 enim
1447 2952 1571 3009 erga
1602 2941 1804 2996 amicos
1823 2943 2023 3013 jungiter

433 3029 638 3089 manet,
694 3024 1036 3077 occasimium
1082 3039 1209 3080 vero
1246 3028 1439 3081 raritas
1476 3031 1672 3099 scripta
1719 3032 2018 3103 distinguit.

432 3111 539 3167 Sed
562 3112 629 3168 de
656 3115 755 3168 hoc
783 3116 916 3169 satis
943 3113 1144 3170 dictum
1174 3125 1325 3185 puto.
1353 3119 1504 3174 Nunc
1533 3123 1790 3192 elegantia
1822 3126 2019 3194 ingenii

433 3203 529 3266 tui,
557 3214 610 3259 et
632 3206 994 3262 inventionum
1027 3209 1292 3266 subtilitas
1319 3213 1652 3281 pra-dicanda
1687 3226 1789 3272 est.
1817 3217 2019 3275 Novum
2047 3217 2098 3284 Ο

431 3299 626 3369 quippe
658 3301 850 3356 musivi
881 3315 1076 3371 genus,
1104 3313 1162 3359 et
1190 3304 1507 3362 intentatum
1533 3311 1904 3379 superioribus
1929 3327 2020 3368 re-

431 3391 651 3458 peristi,
684 3392 823 3460 quod
856 3393 1015 3448 etiam
1045 3407 1224 3450 nostra
1272 3398 1476 3453 ruditas
1513 3402 1766 3457 ornandis
1791 3419 1958 3460 cantet
1973 3406 2018 3460 is

431 3481 653 3536 tentabit
705 3482 960 3553 affigere,
997 3486 1040 3538 si
1087 3487 1171 3541 vel
1225 3487 1278 3542 in
1331 3490 1548 3558 tabulis,
1583 3495 1672 3548 vel"
1722 3494 1775 3548 in
1827 3497 2017 3564 tegulis

428 3575 732 3646 exemplum
769 3578 837 3633 de
889 3586 943 3633 te
985 3581 1338 3649 praemeditati
1386 3587 1565 3654 operis
1607 3590 2013 3658 sumpserimus.

431 3665 579 3723 Vale.

1002 3764 1212 3821 EI‘IST.
1257 3766 1440 3824 XLIII.

866 3869 1178 3914 ειιηηςιιυε
1207 3874 1578 3918 ολιιιδτιλκο.

498 3941 644 4000 Inter
671 3955 863 4002 cetera
897 3959 1174 4018 parentum
1203 3952 1577 4010 decedet-tium
1617 3956 1756 4012 bona
1778 3999 1793 4024 ,
1827 3961 2014 4016 amici-

433 4037 524 4092 tize
557 4053 771 4108 quoque
801 4039 1095 4120 affectanda
1125 4046 1394 4100 successio
1417 4057 1520 4103 est.
1555 4049 1618 4102 Et
1653 4051 1876 4107 fortasse
1900 4062 2011 4108 stu-

429 4128 519 4183 dio
548 4130 804 4186 validiore
832 4134 1094 4202 captanda
1127 4134 1492 4192 familiaritatis
1522 4139 1804 4196 btereditas
1834 4161 1846 4194 :
1885 4144 2010 4214 quia

429 4222 705 4279 facultates
733 4224 940 4280 fortuna
971 4238 1207 4295 pra-stat,
1235 4229 1430 4286 caritas
1464 4233 1661 4302 judicio
1696 4236 2004 4295 fcederatur.

433 4315 562 4372 νυΙο
593 4317 751 4387 igitur
781 4317 918 4375 inter
943 4334 1042 4375 nos
1079 4324 1374 4393 promptius
1412 4329 1753 4383 convalescat
1793 4329 2008 4386 familia:

429 4417 532 4464 tute
560 4421 847 4482 propagata
879 4411 1208 4480 conjunctio.
1235 4415 1667 4474 Consentaneum
1697 4423 1892 4492 quippe
1915 4440 2008 4478 na-

429 4513 563 4557 tura;
596 4512 680 4558 est
699 4543 714 4570 ,
739 4513 793 4557 ut
821 4503 994 4559 ofﬁcia
1029 4520 1059 4559 a
1090 4515 1142 4560 te
1176 4506 1442 4574 inchoata,
1467 4526 1494 4564 a
1522 4526 1608 4566 me
1635 4514 1851 4582 probata
1881 4530 2008 4569 coa-

427 4594 650 4649 lescant.
684 4595 821 4664 Ergo
851 4595 902 4648 in
934 4596 1197 4666 reliquum
1228 4602 1493 4656 sermonis
1525 4612 1644 4658 esto
1681 4605 1962 4661 munificus
1989 4623 2004 4660 :

427 4700 511 4741 me
535 4699 662 4740 cura
695 4700 798 4741 non
830 4687 1023 4755 deerit,
1055 4703 1174 4757 qua:
1203 4698 1256 4745 te
1283 4691 1405 4762 styli
1436 4691 1797 4753 vicissitudine
1821 4713 2010 4752 mune-

426 4784 523 4830 ret.
560 4775 708 4831 Vale.

991 4867 1204 4926 EPIST.
1248 4869 1431 4927 XLIV.

892 4980 1028 5021 SVII
1040 4981 1201 5022 *ειυς
1230 4983 1536 5024 ηδτικλτο.

494 5053 726 5110 Litteras
764 5064 883 5111 tuas
924 5071 1174 5128 agrorum
1207 5057 1469 5116 fructibus
1503 5061 1624 5130 jure
1659 5063 2002 5122 contulerim.

424 5146 553 5203 Nam
607 5161 665 5204 ut
719 5149 928 5204 illorum
973 5159 1258 5218 proventus
1301 5166 1404 5206 non
1449 5153 1581 5207 fallit
1625 5157 1882 5224 temporis
1921 5159 2001 5212 sui

423 5239 658 5295 debitum
681 5281 696 5304 ,
728 5241 795 5294 ita
830 5240 987 5296 fidem
1021 5251 1218 5295 nostrse
1243 5246 1656 5313 exspectationis
1685 5261 1891 5302 annuus
1923 5251 2006 5304 di-

422 5332 688 5402 gnationis
722 5343 825 5386 tute
865 5346 1044 5387 sermo
1080 5349 1186 5387 non
1232 5334 1422 5404 decipit
1459 5352 1472 5388 :
1513 5336 1668 5407 hujus
1698 5354 1836 5394 nunc
1872 5341 2000 5396 mihi

423 5437 516 5490 per
539 5421 782 5476 homines
819 5431 1030 5478 nostros
1061 5423 1304 5478 advectio
1335 5426 1611 5482 satisfecit.
1641 5428 1816 5486 Lectis
1847 5431 2003 5503 igitur

428 5514 659 5584 paginis,
690 5514 866 5568 valere
898 5524 948 5567 te
977 5515 1185 5584 gaudeo
1206 5560 1218 5578 .
1251 5526 1305 5572 et
1333 5519 1548 5586 alloquii
1581 5521 1653 5574 fui
1682 5532 1882 5580 honore
1911 5527 2003 5579 deo

424 5617 612 5659 lector.
647 5605 752 5659 Nec
781 5621 866 5659 me
892 5607 1124 5660 arbitror
1156 5611 1528 5677 reSpondendo
1570 5613 1824 5683 imparem
1862 5617 2005 5686 judi-

422 5697 548 5749 crtri.
602 5697 877 5751 I'rtestabit
930 5697 1138 5752 divinus
1174 5701 1320 5755 favor
1366 5713 1420 5757 ut
1461 5703 1553 5758 has
1585 5707 1724 5762 inter
1764 5725 1860 5764 nos
1887 5711 2004 5765 oili-

424 5788 624 5843 ciorntn
655 5793 800 5844 vices
829 5801 957 5844 tetas
989 5791 1188 5860 piutita
1216 5795 1383 5865 multij
1406 5795 1543 5851 licet.
1580 5797 1724 5854 Vale.

2129 1939 2229 1994 pus
2279 1926 2591 1994 refectioni,
2637 1931 2780 1999 quod
2824 1946 2926 2003 ego
2975 1935 3382 1991 vcndicaveram
3431 1940 3712 2008 voluptati.

2127 2014 2244 2071 Prae
2286 2027 2340 2074 te
2383 2029 2563 2075 autem
2613 2022 2719 2077 fers
2769 2022 2824 2077 in
2869 2033 3014 2079 tanta
3057 2027 3318 2082 bonorum
3375 2031 3716 2088 multitudine

2128 2116 2248 2177 post
2275 2108 2570 2166 discessum
2599 2128 2773 2168 meum
2816 2115 2946 2170 nihil
2997 2124 3055 2171 ut
3091 2129 3216 2176 ante
3249 2121 3541 2188 jucundum
3567 2138 3708 2178 esse.

2125 2197 2232 2254 Sed
2264 2210 2392 2270 puto
2418 2204 2556 2272 quod
2584 2205 2667 2273 pia
2689 2204 2968 2262 aﬂectione
2993 2208 3216 2275 fallaris,
3268 2212 3391 2283 quia
3419 2227 3603 2270 rarum
3629 2228 3713 2272 est

2126 2288 2184 2345 in
2217 2303 2430 2347 amante
2453 2294 2736 2363 judicium.
2780 2297 2847 2352 Et
2874 2313 2976 2370 ego
2999 2301 3214 2371 quidem
3245 2318 3352 2360 non
3383 2319 3448 2361 ex
3479 2305 3564 2362 bis
3604 2313 3710 2378 pri-

2127 2398 2274 2438 mum
2303 2385 2538 2452 litteris,
2567 2388 2696 2458 quid
2747 2389 2817 2445 de
2866 2406 2953 2446 me
2985 2394 3222 2463 sentias,
3249 2397 3384 2452 scio.
3414 2397 3585 2469 Prope
3626 2411 3709 2456 est

2126 2482 2327 2538 tamen,
2358 2486 2413 2531 ut
2438 2492 2597 2547 agere
2624 2481 2825 2548 gratias
2853 2483 3110 2540 absentia:
3138 2502 3274 2542 mea:
3297 2488 3553 2555 debeam,
3582 2495 3706 2562 quia

2127 2566 2255 2622 mihi
2301 2571 2660 2641 syngrapham
2698 2576 2983 2643 quamdam
3015 2578 3310 2636 testimonii
3357 2589 3459 2636 tua!
3500 2591 3708 2652 prasti-

2127 2661 2208 2715 tit.
2237 2661 2429 2717 Verum
2453 2665 2568 2719 haec
2593 2669 2752 2722 missa
2780 2668 2992 2724 faciam.
3020 2671 3136 2726 Non
3166 2673 3418 2729 morabor
3432 2690 3708 2745 exspecta-

2127 2755 2326 2810 tionem
2368 2766 2510 2812 tuam
2554 2773 2672 2828 post
2712 2762 3138 2820 conciliationem
3176 2766 3394 2836 vigoris.
3434 2769 3539 2825 Sed
3582 2775 3706 2840 quia

2126 2847 2228 2902 hoc
2270 2848 2483 2920 longum
2522 2862 2605 2905 est
2637 2852 2896 2923 diligenti,
2930 2855 3056 2911 visis
3084 2873 3204 2926 qua:
3231 2860 3283 2913 in
3314 2864 3558 2931 proximo
3586 2879 3706 2935 pos-

2124 2938 2361 2994 sidemus
2382 2982 2397 3004 ,
2434 2942 2658 2998 reditum
2688 2949 2983 3002 maturabo.
3010 2949 3181 3018 Spero
3209 2953 3350 3006 enim
3380 2958 3706 3014 tantumdem

2123 3044 2462 3087 accessurum
2491 3037 2708 3090 sanitati
2737 3053 2871 3094 mere
2894 3054 2959 3094 ex
2989 3053 3278 3113 conspectu
3301 3057 3501 3118 vestra,
3531 3064 3703 3120 quan-

2123 3131 2235 3179 tum
2261 3129 2464 3197 sperari
2494 3139 2678 3198 posset
2701 3145 2764 3186 ex
2793 3132 2923 3187 otio.
2949 3132 3103 3190 Vale.

2689 3245 2899 3302 EPIST.
2945 3248 3150 3306 XLVII.

2607 3353 2919 3397 IVIHACIIUS
2955 3359 3021 3398 VA
3031 3360 3205 3402 ιιιιο.

2191 3426 2398 3484 Vellem
2441 3429 2679 3488 sedatam
2724 3434 2814 3489 lilii
2861 3437 2966 3492 mei
3001 3439 3374 3509 aegritudinem
3432 3449 3701 3514 nuntiare,

2119 3520 2214 3574 sed
2249 3519 2377 3575 nihil
2425 3533 2646 3592 prosunt
2695 3526 2942 3596 iigmenta
2985 3530 3246 3587 sollicitis.
3294 3536 3479 3592 Andeo
3517 3550 3697 3595 tamen

2117 3625 2337 3681 sperare
2378 3617 2617 3670 meliora.
2663 3617 2967 3675 Imminutio
2990 3623 3132 3677 enim
3165 3617 3414 3693 febrium,
3459 3630 3568 3684 Deo
3607 3647 3701 3684 au-

2117 3709 2385 3788 ctore,'ad
2416 3707 2663 3763 fiduciam
2691 3712 2935 3768 sanitatis
2959 3717 3122 3786 erepit
3150 3719 3430 3776 accedere.
3449 3721 3578 3776 Tua
3605 3739 3701 3792 pro

2119 3798 2274 3854 nobis
2297 3783 2649 3857 sollicitudini
2677 3805 2876 3869 gratias
2907 3821 3030 3875 ago,
3073 3817 3127 3863 et
3151 3811 3429 3868 caelestem
3458 3828 3702 3884 compre-

2116 3902 2212 3942 cor
2237 3898 2556 3958 potestatem
2609 3902 2666 3947 ut
2700 3903 2790 3948 tuo
2810 3895 2950 3950 circa
2975 3899 3177 3955 amicos
3212 3902 3394 3957 animo
3416 3919 3700 3976 prospero-

2117 3997 2232 4036 rum
2264 3985 2502 4041 omnium
2533 3987 2842 4043 vicissitudo
2871 3995 3211 4062 respondeat.
3248 3995 3402 4054 Vale.

2665 4099 2880 4159 EPIST.
2921 4103 3154 4164 XLVIII.

2554 4206 2856 4248 ενιιιηειιυδ
2882 4210 3248 4253 ιιλιιιιιιιλκο.

2185 4277 2342 4334 Soles
2393 4279 2445 4336 in
2488 4284 2771 4339 scribendo
2813 4300 2933 4342 esse
2975 4287 3212 4358 prolixus
3259 4305 3356 4356 pro
3397 4290 3592 4360 ingenii
3623 4294 3697 4352 tui

2112 4371 2333 4427 viribus.
2393 4371 2676 4444 Postquam
2733 4384 2785 4430 te
2825 4375 2996 4432 honor
3036 4380 3240 4434 aulicus
3283 4382 3333 4433 in
3365 4382 3696 4450 procinctum

2112 4466 2339 4532 vocavit,
2373 4473 2426 4520 tu
2457 4482 2669 4536 quoque
2702 4467 2862 4522 verba
2890 4470 3176 4540 succingis,
3200 4481 3255 4525 et
3286 4480 3534 4543 tauquam
3565 4477 3697 4532 levis

2033 4574 2086 4634 ι)
2112 4569 2399 4614 armaturae
2435 4562 2588 4617 miles
2626 4562 2860 4618 rorarios
2894 4563 3182 4620 aemularis.
3215 4567 3350 4633 Quid
3394 4569 3585 4625 faciam
3613 4587 3695 4626 se.

2113 4666 2212 4706 ne:
2229 4654 2494 4722 garrulus,
2518 4654 2604 4708 cui
2630 4669 2878 4710 mensura
2904 4659 3167 4712 sermonis
3191 4674 3220 4710 a
3240 4658 3438 4728 juvene
3453 4661 3698 4730 pra-scri-

2111 4742 2292 4799 bitur?
2319 4744 2507 4800 Trahit
2552 4762 2649 4801 nos
2681 4747 2864 4802 vitium
2896 4750 3066 4805 senile
3103 4751 3440 4807 verbositas:
3470 4753 3563 4808 sed
3605 4767 3698 4808 oc-

2109 4837 2279 4891 currit
2306 4837 2628 4906 exemplum,
2654 4847 2709 4893 et
2736 4837 2944 4893 fastidia
2985 4841 3195 4897 aurium
3234 4852 3443 4898 tuarum
3471 4843 3540 4900 de
3569 4847 3694 4916 styli
3752 4910 3755 4912 _

2111 4929 2368 4984 brevitate
2409 4930 2674 4999 conjecto.
2723 4929 2839 4986 Non
2868 4933 3012 4987 enim
3062 4933 3305 4990 violanda
3347 4945 3433 4992 est
3478 4937 3691 4994 interim

2108 5017 2238 5072 mihi
2269 5019 2472 5089 pagina:
2503 5031 2603 5074 tum
2634 5021 2882 5078 formula.
2917 5024 3249 5094 Exspectabo
3301 5036 3479 5083 tamen
3511 5047 3577 5085 an
3602 5046 3693 5088 eo-

2110 5110 2250 5180 pi.im
2283 5111 2349 5166 de
2380 5127 2464 5168 me
2485 5116 2687 5184 exigas,
2720 5118 2764 5168 si
2793 5115 2944 5183 plura
2974 5120 3361 5188 rescripserim.
3398 5119 3546 5178 Vale.

2675 5249 2891 5306 EPIST.
2935 5251 3120 5307 XLIX.

2627 5358 2930 5398 εϊωιλειιυι
2971 5360 3167 5400 VITALI.

2182 5432 2280 5486 Diu
2309 5435 2519 5488 sanitati
2542 5437 2736 5503 pariter
2765 5450 2826 5490 ac
2853 5441 3115 5493 venustati
3143 5441 3439 5497 litterarum
3459 5455 3686 5514 tuarum,

2107 5526 2392 5580 mediocris
2418 5528 2615 5596 eloquii
2641 5544 2890 5584 cottsczus
2921 5533 3247 5599 reapondere
3289 5533 3525 5592 dubitavi
3552 5554 3565 5589 ε
3594 5539 3687 5593 sed

2108 5619 2293 5683 religio
2327 5620 2464 5688 rupit
2515 5622 2779 5675 timorem.
2814 5621 2971 5676 Malui
3001 5625 3143 5678 enim
3185 5628 3350 5696 stylo,
3401 5642 3562 5698 quam
3599 5645 3688 5684 su-

2107 5713 2284 5782 perbit
2319 5714 2620 5782 displicere.
2643 5715 2905 5784 Quidqud
2932 5717 3086 5785 igitur
3114 5718 3213 5774 hoc
3241 5727 3342 5784 est,
3371 5723 3511 5791 quod
3545 5730 3687 5776 tenet

2108 5807 2316 5874 pagina,
2350 5819 2529 5873 quaso
2551 5805 2673 5861 boui
2693 5809 2964 5873 consulas,
2996 5818 3153 5876 teque
3183 5810 3464 5868 submittas
3487 5811 3552 5869 ad
3577 5828 3683 5870 me-
