4218 6444
416 310 523 371 325

1570 310 2049 369 EPISTULA-Illi"
2090 310 2291 369 L'IBEII
2335 314 2463 375 VIII.

3572 325 3681 382 3‘26

417 424 650 479 muneris
677 426 819 481 circa
849 441 945 482 vos
970 442 1091 483 esse
1117 439 1446 495 mansurum,
1480 428 1526 483 si
1556 429 1751 498 optatis
1781 427 1985 481 fortuna
2011 426 2065 486 Δ
2092 425 2300 480 cundia;
2326 427 2476 482 oneri
2507 432 2574 482 sit
2600 437 2778 484 nostra
2811 432 3072 501 purgatio.
3105 432 3253 489 Nunc
3281 434 3372 487 um
3412 435 3671 491 ιιοηοτυηι

415 517 770 573 consenserit.
804 518 951 576 Vale.

997 612 1212 671 EPIS'I'.
1252 611 1412 670 LXII.

914 719 1219 764 svautcnus
1264 720 1497 765 ιοιυιο.

483 795 598 853 Non
640 811 759 853 sum
800 798 1070 870 opinionis
1117 798 1397 871 ambiguus
1430 798 1732 871 exspectari
1785 798 1992 855 litteras

413 899 580 945 neas.
612 887 743 944 Nam
770 903 949 959 parem
976 889 1229 945 desiderii
1259 888 1642 959 impatientiam
1666 889 1738 945 de
1766 892 1873 944 tuis
1897 902 1992 959 pa-

413 984 536 1036 tior.
572 982 682 1036 lina
716 981 879 1052 igitur
903 990 988 1037 est
1016 982 1187 1037 nostri
1218 995 1379 1037 causa
1420 982 1708 1046 sermonis,
1746 992 1806 1035 ut
1839 990 1990 1036 tuum

411 1090 620 1131 merear
641 1093 659 1133 :
683 1078 860 1147 cujus,
890 1088 947 1133 ut
973 1078 1025 1131 in
1054 1088 1180 1148 potu
1208 1077 1455 1145 fontium,
1482 1076 1602 1134 ideo
1622 1077 1791 1149 major
1814 1088 1899 1135 est
1915 1078 1992 1135 si-

410 1167 505 1239 tis,
533 1171 660 1240 quia
683 1186 845 1244 sapor
871 1172 1099 1228 dulcior.
1131 1171 1284 1229 Vale.

974 1305 1193 1361 EPIST.
1231 1304 1413 1362 LXIII.

872 1409 1181 1452 snnucnus
1226 1412 1511 1473 ιλιιιιῳιο.

482 1486 868 1558 Admonueras,
896 1503 1018 1546 cum
1042 1492 1284 1561 proxime
1305 1491 1437 1548 urbe
1456 1491 1785 1562 digrederer,
1805 1492 1851 1548 si
1875 1493 1988 1549 vel-

406 1581 515 1638 lens
542 1583 637 1637 tibi
665 1582 870 1639 aditum
899 1584 1206 1655 scriptionis
1249 1587 1484 1656 aperire,
1523 1594 1580 1640 ut
1599 1585 1746 1655 prior
1778 1587 1985 1642 litteras

404 1674 735 1730 indicarem.
762 1674 1048 1732 Satisfacio
1076 1676 1335 1731 voluntati
1376 1685 1500 1742 tute,
1529 1690 1652 1747 qute
1692 1679 1986 1732 observan-

402 1765 530 1819 tiam
555 1766 717 1835 prisci
742 1766 911 1823 moris
945 1767 1305 1838 amplectitur.
1343 1768 1632 1824 Absolutus
1666 1768 1830 1840 igitur
1879 1769 1929 1825 Il:

400 1858 687 1933 religione,
729 1874 954 1933 erumpe
991 1862 1047 1918 in
1096 1860 1375 1921 familiaris
1418 1864 1542 1936 styli
1591 1881 1834 1932 munera,
1868 1881 1983 1922 me-

397 1961 631 2020 cumque
653 1952 1015 2021 communica,
1038 1951 1295 2025 quidquid
1317 1953 1370 2011 ia
1395 1954 1814 2012 administranda
1837 1960 1985 2014 urbis

400 2045 563 2101 tutela
590 2062 656 2101 es
700 2048 843 2104 bono
889 2045 1103 2119 publico
1132 2045 1347 2107 feceris.
1396 2048 1505 2105 Nec
1532 2049 1819 2121 quidquam
1855 2068 1983 2110 vero

396 2142 683 2201 scribentis
710 2144 958 2200 detrahat
985 2144 1179 2215 pudor,
1218 2159 1288 2201 ue
1320 2145 1580 2218 voluptati
1610 2161 1745 2203 metu
1781 2149 1983 2204 damno

399 2234 475 2289 sit
498 2235 740 2307 epistola:
770 2236 1107 2293 verecundia.
1138 2235 1289 2293 Vale.

971 2346 1183 2403 EPIST.
1231 2347 1410 2404 LXIV.

879 2453 1188 2494 δηιιειιιῖδ
1224 2454 1341 2495 tuos
1350 2455 1484 2495 ηιο.

465 2530 774 2587 Olfeuderat
795 2530 964 2588 bonos
989 2532 1132 2603 quod
1157 2532 1442 2589 immature
1466 2544 1591 2590 ante
1627 2533 1974 2592 discesseras.

405 2624 588 2680 Doluit
633 2625 843 2681 fortuna
885 2636 1159 2695 peccatum
1196 2642 1375 2696 suum,
1404 2645 1526 2697 quae
1568 2632 1728 2686 nobis
1777 2639 1828 2686 te
1865 2632 1978 2702 pari

397 2717 745 2774 festinatione
770 2719 1023 2774 restituit.
1057 2717 1164 2775 Sed
1180 2720 1310 2789 quid
1338 2721 1613 2776 absentem
1632 2721 1785 2789 juvat
1810 2722 1977 2777 amici

396 2809 642 2865 reditus?
683 2810 873 2867 Solare
902 2808 1045 2865 hunc
1083 2825 1268 2866 casum
1313 2810 1511 2867 litteris
1562 2810 1931 2882 frequentibus
1965 2830 1977 2866 :

392 2898 570 2959 scribe
589 2903 751 2956 etiam
774 2900 908 2971 quid
934 2900 1027 2956 tibi
1055 2901 1195 2969 apud
1221 2901 1416 2959 Urbem
1440 2902 1685 2959 mandata
1711 2918 1841 2960 cura
1861 2920 1981 2974 per-

394 2990 601 3046 miserit
636 3009 655 3046 :
693 3001 755 3047 ut
803 3008 928 3048 cum
984 2994 1111 3048 mihi
1158 3009 1313 3064 spem
1363 2996 1599 3052 visenda:
1654 2998 1978 3055 eximietatis

2091 520 2428 577 salutationis
2484 523 2766 593 impendo,
2825 543 2923 582 nec
2969 543 3235 598 reposco,
3292 535 3432 598 quod
3479 544 3673 603 sponte

2090 607 2331 667 facturus
2383 627 2463 678 es,
2518 622 2576 669 ut
2629 629 2725 668 uos
2771 618 2971 672 rnntnis
3009 618 3320 690 alloquaris;
3365 636 3485 675 cum
3540 623 3672 677 mihi

2092 702 2231 759 hanc
2268 706 2436 760 vicem
2464 716 2523 763 et
2569 707 2754 779 religio
2783 710 2949 766 animi
3001 710 3097 779 tui,
3127 721 3180 767 et
3202 714 3532 771 consuetudo
3556 732 3671 785 pro-

2087 796 2284 853 mittat.
2314 797 2465 857 Vale.

2639 912 2855 969 EPIST.
2897 913 3127 970 LXVIII.

2590 1042 2900 1083 SYIIIIACIIUS
2940 1045 3171 1086 TICIANO.

2153 1158 2497 1217 Desideratas
2520 1163 2735 1232 quidem
2750 1164 2964 1220 litteras
2993 1176 3109 1221 tuas
3131 1168 3299 1224 libens
3321 1172 3553 1239 sumpsi;
3578 1170 3672 1227 sed

2085 1250 2321 1319 cognitio
2368 1261 2580 1307 tuorum
2623 1264 2857 1320 aetrnum,
2890 1271 3115 1327 quorum
3169 1259 3319 1314 testis
3360 1269 3520 1328 atque
3551 1280 3671 1316 nuru

2084 1347 2234 1398 lator
2257 1342 2481 1400 Euscius
2508 1344 2629 1411 fuit,
2651 1348 2953 1403 uberiorem
2977 1350 3105 1404 mihi
3125 1352 3299 1405 attulit
3318 1352 3668 1420 voluptatem.

2086 1432 2268 1503 Itaque
2284 1435 2472 1490 hortor
2496 1454 2562 1494 ac
2587 1454 2780 1494 moneo
2797 1449 2856 1493 ut
2879 1442 3014 1496 bene
3035 1452 3208 1510 coepta
3234 1459 3337 1498 non
3356 1446 3591 1507 deseras,
3617 1457 3669 1501 et

2088 1527 2370 1593 praemium
2419 1527 2591 1584 laudis
2643 1528 2920 1585 honestate
2984 1534 3229 1590 secteris.
3282 1535 3669 1605 Sulijungvrem

2081 1630 2264 1672 curam
2309 1632 2573 1683 meorum,
2605 1621 2651 1676 si
2677 1630 2822 1677 esset
2849 1624 2981 1677 alius
3009 1627 3379 1692 alloquendus,
3410 1631 3502 1683 sed
3546 1646 3667 1684 cum

2083 1705 2247 1762 facias
2273 1708 2414 1764 ultro
2444 1725 2561 1780 qua:
2592 1726 2744 1766 mens
2774 1726 2953 1768 sermo
2976 1726 3153 1784 pos-et
3175 1730 3453 1786 expetere,
3489 1730 3665 1783 partes

1932 1784 1982 1825 'c
2010 1797 2057 1858 Β
2082 1801 2565 1856 commendationis
2607 1804 2794 1858 omitto
2826 1823 2837 1856 :
2872 1808 2995 1874 quiia
3049 1784 3301 1879 quidquid
3356 1826 3420 1863 ex
3479 1812 3667 1868 fiducia

2082 1893 2331 1949 amicitiae
2368 1897 2726 1966 praesumitur,
2764 1898 2882 1967 plus
2932 1899 3092 1955 habet
3123 1902 3324 1970 gratia),
3379 1908 3421 1958 si
3475 1914 3666 1970 sponte

2083 1993 2388 2054 prastetur.
2421 1985 2578 2043 Vale.

2645 2082 2861 2141 EPIST.
2902 2086 3085 2143 LXIX.

2546 2192 2859 2233 SVIMACIIUS
2890 2194 3204 2234 VALERIANO.

2156 2284 2419 2342 Rusticari
2451 2297 2507 2343 te
2556 2289 2774 2355 asseris,
2806 2300 2862 2343 et
2890 2291 3148 2345 ducendis
3189 2292 3402 2358 vitibus,
3436 2300 3529 2346 ant
3576 2310 3660 2350 ars

2083 2378 2305 2433 boribus
2351 2380 2658 2435 inserendis
2696 2381 2916 2435 crudam
2949 2395 3280 2437 senecmtem
3310 2384 3511 2440 fovere.
3541 2385 3657 2441 Non

2080 2469 2187 2523 hoc
2214 2470 2405 2525 litterae
2434 2480 2540 2525 tua:
2568 2471 2801 2539 sapiunt,
2844 2472 2942 2526 nisi
2976 2472 3113 2528 forte
3147 2474 3312 2527 Callia
3357 2485 3445 2529 tua
3489 2478 3654 2531 redux

2079 2559 2148 2613 sit
2175 2559 2245 2613 ab
2269 2560 2551 2616 IIeIicoue.
2580 2562 2729 2616 Alios
2775 2563 2952 2616 sulcos
2978 2565 3117 2632 stylo
3144 2565 3494 2631 internum-es,
3525 2567 3658 2623 alios

2078 2650 2297 2708 ordines
2343 2651 2555 2722 pangis.
2589 2652 2698 2722 Ego
2745 2663 2948 2718 autem,
2978 2653 3232 2722 quoniam
3284 2657 3425 2710 scire
3476 2667 3658 2712 nostra

2076 2742 2382 2809 desideras,
2415 2744 2467 2796 in
2496 2743 2768 2798 domicilio
2792 2744 3020 2798 Latiaris
3045 2743 3326 2815 facundior,
3344 2748 3453 2802 otio
3475 2758 3528 2803 et
3547 2756 3657 2803 διη-

2078 2830 2171 2886 dio
2222 2841 2431 2902 torpeo.
2470 2834 2549 2887 Dii
2595 2834 2799 2888 dabunt
2850 2836 3173 2891 incrementa
3226 2852 3486 2892 annorum
3540 2856 3659 2895 meo

2081 2925 2327 2994 parvulo.
2364 2925 2481 2992 Ipse
2515 2939 2621 2991 me,
2653 2925 2870 2995 prmfsta
2900 2928 3124 2981 fortuna:
3155 2928 3329 2994 venia,
3362 2929 3427 2983 ad
3457 2930 3659 2983 studiu-

2080 3033 2197 3072 rum
2221 3033 2441 3072 suorum
2464 3018 2776 3073 societatem
2809 3020 3034 3075 vocavit.
3057 3018 3261 3075 Interea
3290 3023 3654 3089 frequentibus

396 3089 500 3137 tuae
542 3083 847 3152 promiserit
895 3085 1011 3141 dies
1054 3084 1295 3155 largior,
1352 3101 1451 3158 ego
1495 3101 1706 3158 quoque
1743 3088 1825 3144 vis
1860 3099 1978 3159 post

2077 3111 2325 3176 epistolis
2352 3110 2608 3165 desidiam
2634 3126 2805 3166 meam
2853 3111 3279 3167 stimula.Ununt
3310 3083 3506 3183 quippe
3554 3115 3656 3169 hoc

397 3175 628 3235 urbanas
676 3178 955 3235 molestias
1000 3186 1260 3249 usurpato
1311 3179 1423 3235 otio
1467 3179 1679 3251 longius
1736 3179 1970 3237 defruar.

2081 3201 2374 3257 litterarum
2400 3217 2574 3272 genus
2618 3212 2888 3271 superest,
2920 3214 3035 3272 post
3080 3217 3294 3258 amaros
3338 3220 3494 3259 casus
3535 3221 3657 3258 ora-

402 3266 547 3324 Vale.
590 3340 593 3343 η

979 3363 1191 3421 EPIST.
1232 3365 1390 3421 LXV.

875 3474 1177 3514 εγκκλςιῐυε
1206 3474 1486 3516 ιιπριωο.

467 3548 665 3606 Indicio
690 3550 883 3622 quietis
906 3552 1122 3605 urbana:
1153 3562 1360 3620 tempus
1381 3549 1776 3621 quodammodo
1820 3568 1977 3608 usur-

395 3644 554 3715 pandi
579 3647 671 3701 0tii
703 3648 997 3717 prorogasti
1031 3664 1044 3702 :
1079 3647 1268 3702 abesse
1310 3647 1450 3701 enim
1481 3648 1720 3717 longum,
1753 3646 1976 3715 placidi-

396 3752 476 3797 tas
500 3743 699 3796 civium
727 3758 811 3796 me
834 3743 981 3811 sinit,
1009 3741 1112 3794 luis
1134 3747 1279 3809 parta
1304 3739 1772 3810 consiléis,quilitrs
1793 3740 1976 3809 plebes

396 3838 607 3895 redacta
647 3848 730 3893 est
769 3837 823 3891 in
870 3834 1161 3907 paenitendi
1212 3833 1607 3889 verecundiam.
1662 3830 1812 3887 Nunc
1849 3847 1975 3903 ergo

395 3945 516 4004 post
542 3948 789 3988 curarum
818 3932 1056 3987 omnium
1105 3930 1281 4001 fugam
1314 3930 1609 4001 producere
1630 3928 1765 3984 mihi
1787 3926 1970 3998 ferias,

395 4033 455 4079 ut
484 4024 555 4079 ita
580 4024 774 4090 dicam,
806 4023 1027 4095 pingues
1046 4023 1249 4079 licebit.
1276 4022 1528 4091 Quamvis
1549 4024 1838 4094 praecipere
1858 4022 1973 4077 ani-

393 4133 485 4174 mo
508 4120 709 4174 incerta
752 4132 857 4174 non
894 4115 1144 4183 debeam,
1173 4117 1263 4188 qui
1305 4118 1405 4172 sim
1442 4116 1573 4171 mihi
1622 4117 1866 4172 conscius
1892 4123 1974 4170 te-

396 4228 542 4268 nera:
572 4212 624 4266 in
659 4227 754 4266 vos
801 4209 1115 4275 affectionis,
1153 4219 1213 4265 et
1258 4208 1399 4264 illius
1428 4207 1701 4269 desiderii.
1734 4222 1836 4277 quo
1864 4221 1973 4275 prae

396 4303 600 4362 cunctis
628 4307 750 4359 vite
771 4302 1124 4373 voluptatibus
1159 4302 1380 4370 patriam
1403 4315 1575 4356 meam
1603 4299 1785 4371 diligo.
1824 4297 1969 4353 Vale.

962 4433 1176 4490 EPIST.
1223 4431 1408 4488 LXVI.

869 4541 1175 4584 svnuscuus
1202 4538 1486 4595 nuncuuo.

465 4628 694 4697 Agerent
752 4622 847 4679 tibi
900 4622 1119 4692 largiter
1164 4621 1386 4690 gratias,
1421 4619 1669 4688 quoniam
1711 4630 1796 4670 mc
1829 4614 1971 4670 haud

393 4717 595 4772 dudum
622 4731 653 4771 a
682 4715 836 4769 vobis
863 4713 1156 4783 profectum
1182 4712 1407 4768 dicenda
1431 4711 1603 4766 salute
1622 4711 1970 4780 pra-veneris,

397 4806 499 4863 nisi
542 4806 681 4860 hanc
727 4804 827 4859 sibi
872 4804 1279 4875 gratulationem
1327 4818 1499 4857 meam
1547 4815 1675 4871 spes
1716 4800 1972 4855 auctioris

395 4895 640 4952 beneficii
669 4896 993 4951 vendicaret.
1026 4895 1143 4963 Ipse
1161 4894 1303 4950 enim
1325 4892 1519 4950 diceris
1548 4894 1857 4959 adfuturus;
1878 4909 1970 4946 «τυ-

389 4986 478 5056 jus
505 4985 584 5042 rei
610 4986 827 5041 nomine
856 4986 1038 5039 vadari
1066 5000 1152 5041 me
1173 4987 1269 5040 tibi
1310 4986 1365 5041 in
1395 4986 1613 5057 majoris
1640 4986 1825 5056 gratia:
1854 5001 1969 5040 mo-

394 5082 521 5135 dum
566 5078 754 5135 fateor.
788 5080 953 5135 Velim
994 5089 1171 5133 tamen
1202 5077 1413 5147 scriptis
1443 5081 1547 5131 tuis
1587 5088 1801 5146 sperato
1829 5076 1974 5131 bono

398 5176 556 5231 fidem
601 5177 788 5238 astrui,
842 5173 1012 5243 utqui
1058 5170 1153 5225 tali
1195 5171 1449 5240 opinione
1492 5170 1752 5233 delector,
1801 5171 1971 5225 multo

391 5272 622 5339 amplius
648 5272 905 5343 gaudeam
929 5268 1353 5324 confirmationis
1382 5268 1687 5325 securitate.
1722 5268 1869 5323 Vale.

954 5402 1169 5458 EPIST.
1211 5402 1295 5458 LX
1308 5401 1415 5457 VII.

890 5512 1198 5553 SVIIMACIIUS
1235 5510 1482 5551 ῡγκΑωθ.

449 5620 678 5677 Litteras
699 5631 844 5671 meas
863 5630 1045 5670 amore
1061 5613 1351 5677 desideras,
1370 5610 1463 5665 scd
1478 5610 1861 5679 infrequentem
1884 5625 1972 5665 me

394 5715 560 5769 videri
581 5712 879 5767 communis
900 5709 1036 5762 filius
1061 5706 1205 5771 facit,
1227 5708 1316 5776 qui
1345 5704 1598 5772 rescripta
1627 5718 1730 5756 non
1753 5702 1970 5769 repetit.

395 5807 507 5860 tluc
535 5815 712 5859 tamen
747 5801 971 5858 strictim
1003 5800 1202 5855 dixisse
1242 5794 1491 5859 sufficiat.
1524 5808 1591 5851 ne
1637 5794 1777 5849 illius
1812 5810 1969 5852 verc-

2076 3295 2281 3350 tionum
2313 3310 2574 3361 mearum,
2604 3296 2747 3367 quod
2774 3310 2861 3351 me
2887 3297 2953 3349 ad
2990 3311 3144 3350 usum
3174 3297 3443 3352 scribendi
3482 3298 3658 3368 possit

2067 3384 2317 3441 allicere.
2357 3386 2507 3442 Vale.

2658 3476 2874 3531 EPIST.
2910 3477 3073 3532 LXX.

2569 3583 2881 3625 εῑωιιςιιιλε
2920 3586 3158 3627 ιιοιιΑΝο.

2147 3706 2298 3762 Nunc
2339 3707 2552 3764 demum
2601 3708 2763 3763 afllno
2809 3712 3099 3777 voluptate,
3146 3709 3289 3779 quod
3320 3718 3373 3764 te
3406 3724 3654 3765 curarum

2076 3816 2301 3856 vacuum
2332 3803 2608 3857 nuntiasti.
2640 3801 2769 3855 Nam
2812 3817 2897 3857 mc
2923 3803 3184 3857 hactenus
3215 3816 3392 3856 rerum
3440 3810 3652 3856 tuarum

2074 3892 2382 3947 amaritudo
2427 3893 2724 3948 mordebat.
2775 3894 2956 3960 Itaque
3000 3892 3186 3948 salutis
3227 3894 3483 3961 praesides
3526 3894 3655 3948 deos

2075 4000 2411 4053 comprecor,
2443 4002 2511 4041 ne
2541 4001 2771 4049 unquam
2806 3987 3022 4055 paginas
3050 3995 3167 4038 tuas
3196 3999 3346 4038 mens
3376 3985 3545 4040 tristis
3575 3986 3655 4037 in-

2073 4076 2270 4132 fuscet.
2300 4076 2508 4132 Interea
2537 4076 2731 4132 talibus
2763 4077 2951 4131 litteris
3000 4076 3225 4143 pretium
3254 4076 3652 4144 rependendum

2076 4180 2178 4225 est.
2208 4168 2386 4238 Quare
2426 4169 2659 4223 vicissim
2706 4184 2861 4221 sume
2889 4183 2994 4236 quo
3038 4168 3105 4221 dc
3151 4184 3238 4221 me
3288 4167 3540 4237 gaudeas.
3597 4167 3654 4224 In

2078 4264 2216 4318 bono
2240 4273 2379 4317 Statu
2416 4262 2731 4317 valetudinis
2758 4276 2960 4322 sumus,
2991 4271 3043 4315 et
3071 4261 3311 4328 relegere
3351 4262 3480 4318 Urbi
3526 4276 3653 4332 pro-

2078 4359 2274 4427 pinqua
2302 4357 2647 4412 meditantur.
2679 4356 2830 4410 Sinat
2860 4356 3085 4408 fortuna!
3109 4354 3405 4423 benignitas
3436 4354 3537 4408 hoc
3569 4356 3648 4407 in-

2077 4462 2158 4506 ter
2200 4466 2300 4506 nos
2330 4465 2547 4505 manere
2590 4447 2997 4513 commercium,
3027 4457 3087 4501 ut
3127 4448 3398 4517 prosperis
3441 4446 3654 4517 scriptis

1995 4543 2052 4610 D
2073 4555 2331 4612 responsa
2355 4541 2712 4596 consentiant.
2745 4539 2895 4593 Vale.

2637 4673 2852 4729 EPIST.
2889 4672 3075 4726 LXXI.

2532 4808 2599 4845 Αι)
2628 4806 2795 4843 ΡιιΑῖτ.
2831 4804 2993 4842 ιιιιιτ.
3022 4802 3187 4840 ιμνιτ.

2146 4904 2369 4959 Ρτειῖδιο
2397 4902 2692 4957 divinitatis
2718 4902 2921 4963 favore,
2952 4901 3171 4955 urbana:
3198 4906 3449 4969 praetura:
3476 4897 3650 4953 fasces

2077 4998 2215 5053 filius-
2242 5012 2391 5054 meus
2414 4997 2770 5068 Symmachus
2802 4993 3046 5048 kalendis
3075 4992 3341 5047 Januariis
3369 4993 3641 5046 sortietur.

2075 5089 2363 5144 PI’LI'SCHIII
2395 5100 2478 5142 tua
2518 5090 2694 5141 ornari
2727 5087 2846 5153 ejus
2886 5084 3120 5139 officium
3149 5084 3461 5153 participata
3508 5082 3647 5153 peti-

2074 5185 2217 5237 tione
2243 5182 2604 5251 deposcimus.
2642 5178 2789 5231 Vale.

2643 5289 2864 5345 EI‘IS’I‘.
2897 5289 3104 5344 LXXII.

2778 5421 2986 5462 Stltus.

2149 5524 2452 5580 Divinitatis
2483 5524 2689 5577 honore
2716 5523 3008 5590 praemisso,
3045 5521 3096 5572 fil
3126 5535 3187 5574 ns
3220 5535 3368 5573 mens
3389 5520 3642 5591 Symma-

2077 5618 2212 5674 chus
2243 5616 2482 5671 calendis
2529 5615 2796 5669 Ianuariis
2851 5626 3097 5682 praetura:
3149 5615 3366 5665 urlionze
3417 5612 3642 5678 accipiet

2075 5709 2464 5777 magistratum.
2496 5706 2706 5769 Qumso,
2746 5719 2802 5758 ut
2833 5705 3113 5775 pracsentia
3164 5714 3247 5757 tua
3284 5705 3413 5758 festa
3464 5716 3641 5760 nostra

2078 5800 2410 5855 cohonestet.
2451 5798 2593 5854 Vale.
