4300 6434
594 292 699 353 5‘27

1152 406 1362 466 EPIST.
1393 404 1621 462 LXXI".

1058 516 1365 559 SVIILCUUS
1390 512 1675 556 IARCIANOs

678 594 961 653 Silentium
1010 596 1140 650 mihi
1183 595 1306 649 duci
1342 592 1471 647 vitio
1502 608 1605 645 nou
1653 596 1867 656 oportet
1901 603 1916 642 :
1960 588 2183 641 familia-

609 690 746 746 rium
767 689 963 759 quippe
982 684 1279 743 officiorum
1308 697 1436 737 usus
1464 684 1606 736 inter
1627 680 1852 735 adversa
1876 681 2185 749 negligitur.

609 782 718 839 Sed
746 781 867 850 quia
889 795 1015 848 spes
1034 779 1187 833 datur
1208 775 1533 846 Symmacho
1562 789 1682 827 meo
1708 774 2031 840 integranvla:
2057 786 2187 838 piu-

610 876 759 934 latim
790 874 946 930 bonas
983 871 1327 938 valetudinis,
1372 868 1509 922 redit
1559 868 1771 921 animus
1820 864 1886 919 ad
1935 863 2185 918 amicitiae

611 970 795 1026 munia
829 986 843 1021 :
870 979 927 1023 ut
948 969 994 1023 si
1024 982 1183 1038 quem
1214 965 1309 1020 tibi
1335 963 1667 1018 taciturnitas
1704 973 1822 1015 mea
1863 968 2070 1013 metum
2103 954 2185 1011 fe-

607 1072 779 1127 cerat,
806 1060 1073 1115 sermonis
1097 1058 1357 1113 securitas
1385 1056 1649 1110 absolvat.
1683 1050 1829 1105 Vale.

1755 296 1821 364 ρ.
1866 293 2206 353 AUREIJUS
2254 292 2690 351 SYIIMACHCS.

2215 417 2270 476 Λ

3773 287 3878 345 328

2857 401 3074 460 EPIST.
3108 400 3345 458 LXXIV.

2795 507 3108 549 SYIIIACIIUS
3172 508 3385 549 ANCUIO.

2368 581 2587 638 Certum
2619 583 2812 652 habeo,
2845 585 2975 639 nihil
3007 596 3059 640 te
3084 586 3275 640 litteris
3305 584 3437 639 meis
3464 583 3734 654 antiquius
3761 600 3871 639 tes-

2298 680 2507 730 tintare.
2537 675 2667 729 Nam
2721 676 2847 729 tnilti
2894 690 3109 746 quoque
3152 678 3339 730 eadem
3378 675 3445 730 de
3492 676 3566 731 tui
3608 691 3822 731 scrmon
3849 693 3876 728 s

2289 767 2625 836 iucunditate
2676 767 2940 821 sententia
2994 776 3098 821 est.
3138 766 3327 821 lle-ritu
3380 765 3630 821 amicitias
3682 782 3874 822 munus

2294 861 2515 928 arripui.
2530 860 2681 927 Quod
2704 861 2750 914 si
2781 862 2893 928 pari
2926 860 3076 914 lance
3100 860 3417 926 reddideris,
3438 863 3671 917 studium
3694 878 3872 920 meum

2293 954 2646 1011 incitamento
2673 952 2948 1025 religionis
2976 963 3220 1011 acuetur.
3255 955 3405 1011 Vale.

627 1157 3838 1199 ww...

1667 1265 2140 1378 LIBER
2210 1262 2812 1376 NONUS.

1090 1434 1425 1493 EPISTOLA
1452 1432 1689 1489 PRIMA.

995 1547 1397 1590 BYIIACIIUS
1446 1542 1798 1585 νλιιλυιο.

675 1648 736 1706 Si
765 1646 1012 1703 amicitia:
1033 1644 1232 1701 veteris
1264 1640 1523 1699 memoria
1565 1646 1896 1711 perseverat,
1940 1650 2040 1693 nec
2083 1633 2186 1691 ulla

607 1740 878 1797 oblivione
900 1744 1116 1791 tenuata
1156 1742 1273 1797 est,
1302 1731 1464 1787 credo
1508 1732 1651 1800 quod
1697 1730 1904 1783 litteras
1951 1742 2098 1780 meas
2126 1724 2190 1779 li-

609 1832 802 1887 benter
846 1830 1097 1898 accipias,
1126 1840 1258 1897 quas
1288 1822 1478 1879 ﬁducia
1528 1822 1699 1876 mutui
1746 1818 1947 1875 amoris
1985 1817 2136 1872 emisi
2170 1832 2183 1869 :
2220 1841 2265 1901 Β

607 1924 831 1977 multum
867 1920 1135 1976 relaturus
1172 1916 1381 1988 gratiae,
1407 1916 1451 1969 si
1482 1914 1663 1970 oflicio
1709 1926 1831 1969 meo
1872 1910 2189 1965 vicissitudo

608 2015 957 2083 respondeat.
984 2012 1135 2066 Nunc
1164 2020 1217 2065 te
1248 2023 1345 2079 pro
1371 2010 1548 2063 amico
1592 2021 1713 2062 meo
1744 2003 2031 2061 Benedicto
2071 2018 2193 2056 ora-

610 2117 719 2159 tum
749 2106 891 2171 volo,
925 2116 1084 2171 quem
1107 2102 1276 2171 gradu
1308 2110 1471 2169 atque
1502 2098 1706 2152 bonore
1740 2094 1944 2151 militia:
1976 2092 2189 2147 fortuna

608 2197 783 2266 magis
801 2209 961 2265 quam
990 2192 1145 2262 culpa
1176 2190 1441 2260 privavit:
1474 2198 1531 2244 ut
1561 2187 1832 2243 innocenti
1882 2186 2057 2239 fautor
2104 2198 2189 2238 ar-

612 2290 808 2351 rideas,
839 2301 938 2341 nec
961 2299 1085 2341 eum
1116 2282 1342 2354 publica:
1370 2280 1663 2346 felicitatis,
1705 2293 1825 2347 quae
1872 2276 1939 2330 ad
1972 2273 2189 2329 univer-

604 2394 694 2435 sos
725 2378 839 2448 pari
864 2378 1071 2433 ratione
1114 2376 1371 2438 manavit,
1399 2372 1573 2427 solum
1604 2378 1876 2426 exsortem
1922 2381 2044 2422 esse
2097 2382 2188 2435 pa-

606 2473 776 2527 tiaris.
836 2468 1066 2525 lnterest
1133 2470 1277 2522 enim
1349 2465 1818 2521 serenissimorutn
1886 2470 2188 2529 temporum

603 2564 809 2635 glorias,
842 2570 900 2614 ut
926 2560 1080 2614 sicuti
1124 2558 1376 2612 omnibus
1407 2556 1459 2610 in
1513 2558 1614 2608 bae
1643 2552 1754 2608 vita
1799 2551 1986 2622 positis
2014 2564 2081 2603 ac
2108 2550 2188 2604 lo-

605 2656 761 2719 catis,
790 2650 1095 2706 communis
1114 2659 1199 2704 est
1234 2646 1357 2702 coeli
1402 2645 1639 2716 spiritus,
1673 2645 1761 2697 lux
1793 2641 1932 2707 diei;
1976 2640 2046 2696 ita
2076 2640 2185 2693 cie-

603 2745 855 2802 mentiam
895 2742 1109 2797 maximi
1151 2740 1409 2811 principis
1456 2737 1624 2793 nostri
1674 2739 1913 2792 sentiant
1957 2743 2082 2787 vota
2131 2738 2186 2787 et

606 2836 744 2891 facta
780 2842 1115 2889 cunctorum.
1143 2830 1297 2885 Vale.

1244 2919 1460 2977 El‘lST.
1491 2918 1555 2975 ll.

1062 3029 1374 3070 SYIIIACBUS
1410 3025 1683 3067 JAIIIILICO.

673 3110 951 3180 Plerisque
976 3122 1128 3162 amor
1149 3118 1230 3161 est
1273 3106 1507 3171 undique
1530 3103 1765 3173 gentium
1796 3099 2026 3170 pretiosa
2053 3111 2185 3152 con-

2291 1425 2541 1497 liepende
2585 1424 2749 1497 igitur
2793 1424 2924 1483 mihi
2973 1427 3165 1500 pignus
3210 1436 3409 1487 mutum
3457 1434 3766 1500 voluntatis,
3814 1447 3867 1493 et

2289 1520 2507 1590 suscipe
2534 1522 2587 1573 in
2613 1518 2950 1590 disciplinam
2999 1520 3247 1579 medendi
3281 1541 3417 1595 quos
3447 1536 3503 1581 et
3540 1526 3663 1584 ﬁdei
3691 1538 3793 1583 tua-
3814 1540 3869 1585 et

2292 1612 2559 1669 honestati
2596 1609 2792 1667 Euscio
2821 1611 3066 1668 tradente
3097 1612 3507 1672 committimus.
3544 1616 3691 1674 Vale.

2926 1699 3141 1759 El’lS'l'.
3176 1702 3239 1760 V.

2766 1804 3075 1850 εῖιιιιειιυς
3118 1811 3407 1853 Αυηατιο.

2363 1882 2637 1941 Amicitias
2668 1884 2812 1941 inter
2841 1901 2961 1956 nos,
2991 1903 3111 1943 cum
3142 1888 3329 1945 Romae
3350 1906 3559 1961 ageres,
3592 1890 3868 1949 inchoatas

2295 1994 2517 2033 munere
2542 1978 2849 2048 scriptionis
2870 1981 3171 2047 accumula,
3203 1990 3259 2036 ut
3282 1982 3440 2038 ﬁdem
3468 1985 3560 2040 tibi
3578 1980 3741 2041 animi
3765 1984 3867 2039 utri

2293 2072 2453 2126 faciat
2479 2071 2661 2127 collati
2702 2074 2754 2127 in
2784 2070 3061 2129 absentem
3094 2074 3284 2143 pignus
3308 2076 3491 2132 ofticii.
3526 2076 3694 2133 Tuam
3724 2080 3867 2133 circa

2290 2178 2389 2219 nos
2419 2163 2751 2233 diligentiam
2802 2162 3051 2235 privatim
3081 2164 3377 2222 litterarum
3406 2168 3718 2224 vicissitudo
3766 2184 3865 2240 pu-

2291 2258 2427 2312 blice
2457 2255 2688 2312 forensis
2714 2271 2810 2327 pro
2836 2256 3034 2311 Euscio
3061 2271 3187 2311 cura
3217 2258 3520 2315 testabitur.
3549 2259 3705 2317 Vale.

2918 2349 3131 2405 El’lS'l‘.
3168 2348 3249 2406 Vl.

2780 2456 3351 2500 δνκιυειιυε.....

2360 2535 2584 2589 Actorcs
2614 2532 3162 2602 absentium-quibus
3185 2547 3273 2589 res
3306 2536 3589 2606 longinqua
3621 2538 3862 2592 commit-

2288 2626 2439 2690 titur,
2465 2634 2716 2693 tanquam
2744 2624 2906 2680 soluti
2953 2626 3155 2694 legibus
3195 2625 3381 2681 vivunt
3408 2645 3420 2681 :
3452 2627 3705 2698 quoniam
3741 2641 3862 2698 prn-

2285 2720 2370 2771 cul
2400 2717 2587 2787 positis
2628 2717 2803 2772 nullus
2828 2717 3165 2772 dominarum
3220 2728 3395 2775 terror
3440 2719 3684 2776 incurrit.
3715 2720 3860 2793 Opus

2286 2820 2371 2865 est
2400 2811 2560 2879 igitur
2598 2809 2842 2880 judiciali
2891 2810 3095 2875 vigore,
3127 2820 3187 2867 ut
3231 2812 3586 2870 locationibus
3633 2816 3861 2886 ascripta

2288 2904 2614 2973 persolvant.
2637 2904 2816 2969 Quare
2838 2919 3021 2975 quaeso
3045 2915 3096 2959 ut
3126 2911 3495 2975 suggestiones
3521 2909 3712 2964 notarii
3734 2913 3859 2975 mei,

2285 2996 2370 3050 cui
2418 2996 2717 3051 esbibenda
2758 2998 3012 3051 nonnulla
3053 2997 3118 3051 ad
3169 2999 3475 3063 praetoriam
3514 3000 3857 3069 iunctionem,

2283 3100 2341 3146 et
2365 3091 2541 3147 debita
2583 3093 2653 3148 ab
2693 3092 2941 3149 obnoxiis
2984 3093 3156 3149 servis
3199 3093 3433 3149 eruenda
3478 3096 3752 3161 mandavi,
3780 3099 3858 3164 ju-

607 3204 840 3274 quirem.
871 3202 953 3256 ne
978 3200 1130 3271 in“,
1159 3200 1432 3253 studiosos
1476 3195 1755 3264 εεμίεηιίω
1792 3195 1937 3249 vim,
1967 3191 2019 3246 in
2049 3190 2183 3246 ami-
2209 3210 2257 3275 ε
2287 3198 2417 3240 vare
2440 3184 2707 3255 digneris;
2737 3194 2794 3241 ct
2814 3184 2983 3241 vicem
3018 3187 3395 3244 sollicitudinis
3422 3205 3557 3247 mea:
3585 3191 3639 3248 in
3679 3206 3860 3249 curam

608 3299 752 3353 citite
778 3295 1175 3363 possessionem
1216 3306 1411 3347 vocare
1437 3332 1453 3356 ,
1482 3304 1709 3359 quorum
1763 3297 1816 3345 te
1861 3300 2182 3344 summatem

601 3405 722 3446 esse
746 3390 855 3457 jam
885 3388 975 3442 diu
1014 3393 1335 3441 attestantor
1363 3382 1571 3453 experti
1607 3400 1620 3436 :
1653 3382 1705 3437 in
1737 3381 1926 3452 primis
1954 3378 2181 3434 familia-

601 3482 677 3534 ris
706 3488 890 3533 uoster
917 3477 1125 3533 cunctis
1156 3476 1412 3546 probatus
1441 3472 1741 3540 Eudoxios,
1761 3472 1990 3541 diligens
2012 3469 2179 3540 judex

599 3571 897 3636 bonorum;
936 3572 1027 3640 qui
1049 3569 1343 3639 degustatis
1367 3566 1586 3637 propius
1606 3566 1891 3620 virtutzbus
1924 3565 2048 3630 tuis,
2075 3578 2181 3618 cte-

600 3676 744 3717 teros
783 3675 936 3731 teque
983 3660 1052 3715 ad
1101 3660 1323 3714 honesta
1373 3657 1657 3714 tendentes
1700 3656 1920 3713 laudare
1971 3656 2178 3723 didicit,

605 3752 709 3806 illis
753 3750 1083 3805 desiderium
1143 3749 1402 3803 doctrina:
1456 3748 1688 3817 vimque
1752 3747 2030 3813 tribuetis,
2084 3747 2179 3802 tibi

600 3842 1002 3913 perfectionem.
1032 3840 1292 3895 Invitatus
1323 3841 1483 3909 igitur
1503 3854 1769 3894 consensu
1798 3837 1972 3905 famae,
2006 3851 2063 3894 et
2084 3855 2180 3909 op-

600 3933 852 3987 timorum
902 3930 1116 3985 testium
1172 3930 1295 3996 fide,
1328 3932 1578 3984 amicitiae
1608 3938 1713 3984 tua:
1739 3928 2015 3986 dexteram
2056 3946 2179 3999 por-

598 4026 745 4095 rigo;
772 4025 1038 4092 simulque
1070 4030 1199 4092 opto
1245 4034 1301 4078 ut
1330 4023 1458 4077 mibi
1499 4023 1723 4091 epistofa
1747 4038 1777 4077 a
1810 4032 1861 4077 te
1893 4024 2056 4077 relata
2086 4022 2182 4080 de-

595 4120 767 4170 claret
785 4114 1128 4169 concordiam
1163 4114 1455 4168 voluntatis
1487 4122 1613 4182 tuar,
1646 4123 1703 4172 et
1727 4124 1928 4171 mutum
1972 4112 2027 4168 in
2078 4129 2178 4170 nos

594 4206 886 4276 diligentia:
907 4206 1359 4271 impetrationem.
1386 4204 1531 4259 Vale.

1202 4316 1418 4371 EPIST.
1455 4316 1544 4373 ΙΙΙ.

1058 4425 1370 4465 εῐιηηειιυε
1402 4424 1695 4465 ιειηοοοιιο.

664 4503 975 4575 Repetenda
1000 4504 1130 4558 mihi
1159 4504 1298 4572 apud
1325 4513 1397 4564 te,
1439 4519 1544 4556 non
1581 4502 1879 4557 inchoanda
1909 4514 1990 4560 est
2020 4505 2176 4561 Eusci

596 4596 1013 4652 commendatio.
1041 4594 1174 4648 Nam
1201 4610 1321 4648 cum
1349 4593 1533 4647 lienis:
1564 4609 1772 4663 ageres,
1806 4610 1926 4650 meo
1957 4605 2171 4665 precatu
2204 4589 2254 4651 D

597 4691 650 4743 in
679 4689 798 4757 ejus
827 4688 1137 4757 suffragium
1161 4700 1502 4756 provocatus,
1531 4687 1759 4742 libenter
1782 4700 1967 4759 partes
1997 4690 2166 4745 bene-

595 4781 846 4834 volentia:
878 4779 1146 4848 recepisti.
1174 4778 1412 4848 Tempus
1437 4787 1522 4832 est
1565 4777 1723 4850 igitur
1770 4789 1827 4835 ut
1857 4795 2004 4835 meas
2027 4780 2173 4835 utili-

598 4885 735 4929 tates
782 4877 835 4929 in
875 4876 1070 4931 Ettscio
1095 4876 1292 4944 iuves:
1324 4877 1476 4946 cujus
1520 4879 1782 4934 modestia
1822 4876 1895 4933 ita
1943 4877 2173 4948 negotiis

595 4968 791 5025 nostris
815 4968 1007 5037 aderit,
1041 4979 1099 5025 ut
1118 4969 1271 5025 fama:
1297 4969 1493 5040 judicis
1519 4972 1650 5025 nihil
1672 4972 1914 5042 deroget.
1948 4970 2099 5027 Vale.

1225 5078 1447 5135 EPIST.
1478 5080 1562 5135 IV.

1079 5186 1386 5227 IVIIACDUS
1428 5187 1689 5229 DIUNYSIO.

664 5287 978 5344 Iamdudum
1009 5296 1060 5341 te
1098 5286 1249 5351 mibi,
1281 5296 1335 5342 et
1362 5301 1592 5353 morum,
1622 5296 1679 5343 et
1720 5287 2003 5343 medicinae
2028 5286 2167 5343 fama

592 5384 954 5435 commendat.
989 5379 1215 5435 llortatu
1258 5378 1420 5450 igitur
1449 5379 1623 5435 laudis
1650 5380 1951 5450 utriusque,
1980 5382 2170 5437 amici-

593 5484 679 5526 tu:
709 5485 811 5525 tute
844 5487 1057 5525 manum
1106 5471 1342 5541 porrigo,
1382 5480 1438 5525 et
1472 5480 1523 5526 te
1551 5481 1743 5541 sponte
1780 5471 1848 5526 ad
1878 5470 2039 5528 ﬁdem
2070 5488 2169 5529 no-

587 5578 715 5618 stra:
735 5563 1111 5618 latitiliaritatis
1138 5564 1323 5616 invito.
1341 5561 1500 5616 Dabit
1520 5572 1699 5617 autem
1727 5560 1821 5616 tibi
1841 5563 2031 5631 iudicii
2061 5560 2166 5617 mei

586 5673 691 5711 non
726 5659 995 5711 titcdtocre
1021 5656 1424 5718 documentum,
1468 5653 1607 5725 quod
1655 5655 1736 5707 bis
1768 5669 1900 5723 quos
1922 5655 2167 5713 erudien-

585 5752 682 5805 dos
733 5754 973 5805 misimus
1023 5749 1125 5804 arti
1176 5749 1457 5805 medicina:
1521 5757 1819 5817 praeceptor
1865 5746 2162 5804 adhiberis.

2290 3290 2435 3337 tuam
2466 3281 2710 3351 recipere
2734 3296 2842 3336 non
2878 3296 3112 3338 recuses.
3147 3281 3297 3338 Vale.

2890 3415 3106 3472 EPIST.
3146 3417 3259 3472 Vll.

2747 3523 3061 3564 ςγκδιλειιιῖδ
3099 3523 3387 3564 (ΣΔΙΠἙΙΙΟ.

2356 3598 2460 3656 Pro
2489 3599 2601 3655 lilio
2629 3614 2752 3655 meo
2783 3602 3072 3666 Auxentio,
3103 3603 3344 3670 parentis
3365 3600 3698 3672 religionem,
3727 3603 3862 3675 peti-

2285 3694 2418 3748 toris
2448 3694 2730 3760 ambitum,
2763 3693 2922 3746 iidem
2974 3692 3128 3747 testis
3169 3691 3222 3746 in
3267 3707 3356 3749 me
3411 3694 3609 3763 recepi.
3650 3695 3706 3753 Si
3734 3697 3860 3764 quid

2284 3789 2448 3858 igitur
2490 3795 2757 3842 tantarum
2790 3802 2969 3843 rerum
3020 3787 3310 3843 auctoritas
3351 3790 3493 3859 apud
3527 3798 3581 3844 te
3610 3792 3861 3861 ponderis

2283 3879 2469 3947 liabet,
2498 3880 2746 3947 admitte,
2773 3895 2975 3950 quasso,
3006 3880 3059 3935 in
3116 3880 3370 3937 familiam
3425 3894 3570 3938 tuam
3608 3889 3861 3954 juteucm

2282 3971 2488 4027 cunctis
2518 3972 2638 4027 vitae
2670 3974 2823 4027 bonis
2870 3980 2929 4028 et
2965 3973 3191 4029 fortuna:
3217 3976 3529 4032 muneribus
3567 3979 3860 4038 excultum.

2281 4061 2484 4120 Vadetu
2515 4079 2601 4120 me
2628 4065 2720 4120 tibi
2748 4066 2801 4120 in
2828 4065 3008 4119 omnia
3060 4067 3302 4134 spondeo
3350 4083 3469 4137 quae
3501 4070 3641 4125 solet
3671 4084 3860 4139 pareat.

2282 4169 2394 4216 tum
2426 4159 2735 4217 sollicitudo
2774 4161 3056 4229 trutinarc,
3094 4162 3220 4215 licet
3266 4162 3506 4218 noverim
3539 4162 3743 4219 futuros
3769 4180 3860 4236 ge-

2283 4268 2447 4310 neros
2493 4255 2731 4310 moribus
2772 4254 3047 4310 aestimari.
3082 4253 3146 4308 Et
3175 4262 3352 4309 tamen
3384 4255 3505 4310 huic
3545 4268 3665 4325 post
3698 4272 3860 4312 orna-

2280 4340 2459 4408 menta
2488 4360 2713 4418 naturae,
2729 4352 2889 4407 etiam
2911 4365 3104 4407 census
3131 4349 3196 4406 ad
3222 4352 3551 4405 honestatem
3578 4353 3859 4409 redundat.

2280 4448 2497 4505 Possem
2529 4448 2797 4516 cepiosius
2829 4447 3001 4517 loqui;
3026 4447 3118 4502 sed
3153 4462 3259 4501 non
3293 4446 3403 4501 vult
3433 4450 3633 4503 veritas
3678 4448 3858 4503 verbis

2277 4539 2473 4610 juvari.
2505 4540 2680 4608 Quare
2707 4539 2751 4594 si
2784 4539 2877 4594 tibi
2900 4540 3082 4593 videor
3115 4554 3217 4593 non
3250 4538 3422 4594 inanis
3449 4552 3706 4601 assertor.
3736 4556 3855 4609 per-

2282 4632 2455 4703 pende
2486 4631 2756 4687 ttominem
2798 4633 2866 4687 de
2901 4630 3205 4687 testimonio
3247 4645 3388 4700 meo,
3412 4640 3468 4685 et
3498 4631 3570 4697 ei,
3592 4644 3750 4698 quem
3780 4632 3857 4699 pi-

2277 4728 2533 4798 gnoribus
2566 4726 2700 4781 meis
2729 4725 2958 4780 libenter
2984 4736 3299 4788 annumero,
3327 4722 3546 4792 dignare
3585 4722 3707 4778 tilia:
3752 4733 3857 4777 une

2278 4821 2542 4891 spendcre
2593 4818 2918 4888 coniugium.
2948 4814 3151 4870 Credas
3187 4815 3369 4879 velim,
3412 4829 3534 4870 cum
3570 4823 3689 4868 vota
3734 4828 3856 4882 pro.

2279 4916 2541 4971 ceSserittt
2582 4913 2886 4966 interventu
2931 4924 3070 4971 meo,
3102 4922 3207 4962 non
3239 4907 3499 4962 minorem
3526 4916 3578 4962 te
3604 4906 3852 4976 gratiam,

2277 5014 2367 5081 qui
2393 5010 2615 5082 rogaris,
2648 5006 2973 5071 habiturum,
2998 5019 3158 5075 quam
3194 5005 3345 5073 illum
3369 5020 3526 5075 quem
3554 5003 3852 5060 committo.

2278 5100 2427 5156 Vale.

2874 5188 3089 5244 EPIST.
3119 5187 3232 5243 Vlll

2710 5295 3016 5336 STIIACIIUS
3040 5296 3359 5338 l‘llﬂl’ElANOa

2346 5381 2583 5449 Arguere
2628 5375 2939 5432 diuturnmn
2985 5377 3259 5433 silentium
3307 5392 3483 5432 meum
3514 5390 3618 5430 non
3673 5382 3845 5444 potes,

2272 5473 2361 5544 qtti
2388 5487 2473 5526 me
2502 5474 2551 5525 in
2592 5482 2747 5524 sacro
2776 5470 3034 5524 comitatu
3089 5470 3347 5525 hactenus
3395 5467 3559 5525 fuisse
3584 5468 3846 5535 didicisti;

2272 5564 2412 5618 unde
2442 5578 2610 5633 nuper
2631 5577 2907 5631 regressus
2942 5561 3398 5618 honoriﬁcentiam
3431 5560 3671 5615 dicenda:
3697 5559 3845 5614 ιιιιι-

2272 5656 2486 5709 talionis
2536 5669 2783 5708 exon-en.
2839 5654 3159 5709 \‘icissitudo
3200 5653 3481 5711 testabitur
3530 5652 3670 5724 quod
3701 5656 3846 5723 pagi-

2270 5763 2391 5804 nam
2425 5764 2596 5804 meam
2651 5749 2876 5803 libentcr
2924 5748 3214 5818 acceperis.
3267 5748 3474 5806 interea
3525 5748 3846 5802 commendo
