4300 6432
401 360 506 416 529

1621 368 2094 426 EPISTOLLRUM
2137 371 2340 427 LIBER
2381 374 2466 427 ΙΧ.

3567 384 3669 437 530

400 476 601 543 scripta
633 475 966 534 reddentem.
994 480 1120 535 Mihi
1153 483 1294 537 enim
1327 482 1598 551 proﬁciet,
1631 484 1675 539 si
1703 485 1828 556 quid
1861 501 1987 556 sug-
2013 491 2060 547 Α
2092 502 2352 556 equorum
2400 489 2664 544 curulium
2720 493 2952 560 paranda
3004 494 3254 552 nobilitas
3284 507 3386 552 est.
3437 498 3495 556 Si
3540 504 3668 569 quid

399 573 630 640 gestioni
658 572 775 642 ejus
813 573 1012 630 lavoris
1043 575 1395 645 impenderis.
1427 576 1580 632 Vale.

1009 696 1224 772 spts‘r.
1258 716 1347 771 IX.

855 819 1166 861 BVIIACHUS
1213 823 1518 863 VINCENTIO.

476 895 652 952 Probo
680 895 948 965 homines,
979 899 1046 952 ad
1075 900 1376 956 clientelam
1419 911 1562 956 tuam
1593 902 1863 971 pertinere
1889 916 1985 958 cu-

404 986 632 1056 pientes.
663 988 797 1043 Nam
826 990 1072 1060 quaedam
1120 992 1352 1047 scintilla
1400 995 1676 1064 sapientia:
1706 1006 1788 1049 est
1817 995 1982 1049 virtu-

406 1090 516 1132 tum
547 1079 840 1135 luminibus
887 1083 1169 1152 applicari.
1202 1085 1268 1138 Et
1304 1086 1424 1142 ideo
1468 1088 1623 1142 amici
1656 1088 1759 1142 mei
1803 1088 1982 1142 Zeno-

400 1170 520 1224 dori
581 1171 898 1226 laudabilem
961 1175 1289 1232 voluntatem
1347 1180 1813 1233 commendatione
1877 1195 1982 1233 non

403 1262 614 1330 dili‘ero,
643 1265 1003 1336 eumdemque
1034 1270 1086 1321 in
1123 1269 1316 1325 domus
1368 1279 1474 1325 tua:
1526 1272 1818 1326 sacrarium
1869 1282 1983 1324 tan-

402 1371 560 1424 quam
586 1367 928 1428 niystagogus
951 1358 1166 1415 induco.
1195 1362 1320 1428 Fac,
1351 1378 1552 1431 quasso,
1575 1374 1706 1418 utet
1729 1381 1847 1418 meo
1871 1374 1985 1418 stu-

401 1450 512 1514 dio,
543 1457 597 1502 et
628 1450 794 1520 ipsius
838 1461 962 1506 voto
1007 1451 1310 1522 iinpctratio
1342 1467 1586 1525 prompta
1633 1455 1976 1524 respondeat.

408 1539 556 1596 Vale.

1026 1612 1241 1670 EPIST.
1274 1614 1343 1670 Χ.

878 1717 1188 1760 επηιιιειιυδ
1220 1722 1460 1761 ιιροιιιο.

475 1793 723 1848 Fortunae
773 1794 882 1851 telo
928 1799 1164 1867 graviter
1206 1802 1497 1866 sauciatus,
1555 1818 1697 1856 nunc
1746 1804 1977 1872 primum

2089 578 2249 648 igitur
2276 581 2415 650 apud
2445 592 2496 636 te
2529 584 2667 638 valet
2697 585 2988 640 amicorum
3021 587 3325 643 absentium
3350 605 3498 654 cura,
3523 611 3668 661 qute-

2086 686 2148 725 so
2189 682 2244 725 ut
2273 689 2338 728 ex
2365 675 2614 729 omnbus
2654 677 2924 746 gregibus,
2973 680 3168 749 quibus
3199 683 3362 750 pollet
3393 685 3666 754 llispania.

2089 764 2413 821 lectissimos
2432 783 2629 838 genere
2655 779 2708 823 et
2731 771 3015 826 velocitate
3044 784 3363 841 przestautes
3389 776 3672 847 diligenter

2087 858 2377 927 cdecimes,
2428 877 2562 931 quos
2601 863 2756 918 amici
2802 864 2906 918 mei
2939 865 2989 918 iii
3022 881 3131 919 rem
3165 867 3312 922 missi
3338 869 3480 938 justa
3513 872 3670 938 pretii

2086 949 2399 1007 deﬁnitione
2430 963 2763 1009 mercentur.
2807 955 2982 1011 Stabit
3009 958 3147 1024 apud
3175 974 3261 1014 me
3286 959 3481 1031 jugiter
3507 962 3670 1018 bene-

2087 1043 2193 1098 ﬁcii
2231 1045 2303 1099 tui
2331 1048 2523 1116 gratia,
2555 1049 2600 1101 si
2635 1050 2759 1102 huic
2787 1051 3000 1117 negotio
3029 1050 3287 1119 studium,
3313 1053 3452 1124 quod
3483 1055 3670 1124 religio

2089 1149 2268 1193 mutua
2302 1140 2588 1210 promittit,
2620 1141 2968 1211 impenderis.
3004 1144 3152 1200 Vale.

2679 1233 2894 1287 EPIST.
2938 1233 3076 1288 XIII.

2566 1343 2697 1380 SHIM
2709 1344 2872 1383 Αειιυε
2905 1345 3186 1385 νΑιὶ-ῘΙΙΙΝΟ.

2158 1415 2494 1486 Ingeniorum
2527 1419 2685 1473 video
2714 1422 2851 1476 inter
2899 1437 2997 1477 nos
3035 1439 3160 1479 esse
3195 1437 3471 1482 certamen
3516 1430 3567 1483 in
3605 1445 3672 1485 eo

2085 1509 2321 1576 negotio,
2355 1525 2461 1578 quo
2493 1513 2647 1576 ratio,
2690 1514 2949 1580 amicitia,
2991 1525 3206 1587 tempus
3230 1519 3449 1577 abolere
3473 1524 3673 1578 debue-

2084 1607 2188 1651 rat.
2219 1598 2429 1654 hlodum
2461 1603 2620 1671 igitur
2644 1606 3164 1673 expostulationibus
3187 1614 3389 1668 mutuis
3419 1615 3576 1682 facio,
3602 1633 3671 1673 ne

2083 1693 2433 1750 amarissima
2476 1697 2828 1766 scriptionum
2874 1701 3019 1756 vices
3048 1704 3166 1758 sine
3206 1704 3312 1760 line
3351 1708 3669 1776 procedant.

2083 1782 2278 1841 Munus
2320 1788 2484 1842 totius
2515 1789 2718 1845 Liviani
2765 1795 2962 1861 operis,
3014 1798 3155 1864 quod
3188 1799 3475 1866 spopondi,
3507 1803 3671 1861 etiam

399 1885 640 1954 epistolae
665 1895 869 1942 intestze
901 1889 1060 1943 verba
1090 1891 1389 1945 committo.
1420 1891 1604 1962 Neque
1625 1867 1770 1948 enim
1798 1894 1890 1948 diu
1914 1894 1981 1948 ab
2015 1867 2060 1927 Β
2087 1893 2097 1929 ¹

1973 1912 1981 1945 ,
2015 1867 2060 1927 Β
2087 1893 2229 1934 nunc
2256 1879 2535 1950 diligentia
2564 1883 2958 1939 emendationis
2981 1897 3238 1941 moratur.
3265 1881 3371 1944 Sed
3400 1906 3432 1947 a
3461 1900 3511 1947 te
3535 1909 3671 1961 prte-

399 1977 582 2031 ol'licio
611 1979 769 2033 debui
828 1989 1150 2049 temperare,
1198 1997 1318 2037 cum
1372 1984 1504 2038 tanti
1562 1985 1798 2042 vulneris
1826 1986 1980 2040 dolor

401 2074 544 2125 nulla
587 2073 845 2141 temporis
887 2073 1236 2131 diuturnitate
1294 2078 1462 2146 possit
1514 2077 1738 2132 aboleri.
1794 2078 1980 2134 Saluto

399 2161 560 2231 igitur
591 2171 662 2227 te,
694 2161 850 2216 simul
878 2163 1262 2218 amicissimum
1308 2181 1484 2221 meum
1513 2165 1807 2236 Sylvauum
1852 2169 1978 2223 dili-

405 2254 601 2321 gentia:
658 2266 759 2307 tua:
811 2266 1087 2324 promptus
1134 2257 1540 2313 commendatur
1598 2256 1814 2315 insinuo
1846 2278 1859 2312 :
1890 2263 1980 2327 qui

400 2343 673 2397 refovendi
722 2345 1035 2414 patrimonii
1077 2346 1182 2402 mei
1231 2349 1402 2417 gratia
1452 2349 1778 2405 laboriosam
1829 2366 1982 2420 pere-

395 2435 647 2503 grinandi
699 2441 1070 2492 necessitatem
1128 2441 1369 2508 recepit:
1420 2455 1592 2511 eoque
1637 2441 1852 2512 dignior
1898 2453 1985 2498 est

400 2526 525 2578 boui
548 2527 807 2595 cujusque
854 2526 1128 2598 suilragio,
1152 2530 1292 2595 quod
1327 2531 1485 2584 nullis
1511 2531 1701 2587 edictis
1727 2534 1980 2603 designa-

401 2617 599 2672 tionem
632 2632 979 2685 personarum
1011 2620 1254 2675 videmus
1277 2636 1608 2690 expressam.
1637 2622 1743 2680 Sed
1784 2626 1982 2695 princi-

403 2705 613 2773 palibus
637 2715 692 2760 et
735 2707 1012 2761 tabulariis
1062 2710 1288 2765 liberum
1335 2722 1440 2779 est,
1491 2715 1983 2786 aliosadispendio

405 2796 699 2867 vindicare,
729 2799 849 2852 aliis
896 2799 1191 2856 indebitum
1240 2818 1434 2858 munus
1487 2805 1788 2874 imponere.
1817 2807 1973 2876 Vide,

397 2903 604 2955 quaso,
634 2898 692 2944 ut
735 2890 875 2944 hanc
928 2902 1136 2960 partem
1167 2903 1222 2948 et
1269 2905 1464 2949 nosme
1504 2896 1749 2953 utilitatis
1793 2907 1848 2955 et
1878 2908 1983 2957 tua

399 2979 573 3033 laudis
610 2981 1040 3038 consideratione
1088 2982 1364 3041 discutias.
1394 2987 1678 3046 Postulaut
1702 2992 1846 3047 enim
1893 3008 1984 3048 ca-

396 3071 630 3140 pitularii
654 3078 976 3130 taxationem
1010 3075 1198 3132 tironis
1220 3081 1288 3134 ab
1312 3079 1618 3137 hominibus
1640 3083 1793 3154 meis,
1821 3086 1968 3141 nulla

395 3180 556 3233 super
569 3165 671 3222 hoc
694 3168 916 3238 publica
937 3172 1270 3227 auctoritatis
1288 3186 1630 3230 monumenta
1652 3190 1980 3246 promentes.

397 3255 550 3311 L‘ude
577 3257 708 3310 mihi
733 3274 838 3314 non
867 3259 1064 3328 injusta
1094 3264 1329 3332 suspicio
1367 3275 1468 3333 est,
1505 3269 1644 3336 quod
1670 3270 1720 3322 in
1752 3285 1984 3326 excusa-

396 3349 596 3403 tionem
636 3351 721 3403 sui
766 3361 858 3405 aut
901 3367 1158 3420 suorum,
1211 3367 1422 3412 nostros
1480 3375 1692 3429 quoque
1741 3361 1985 3420 homines

395 3440 529 3494 falsa
555 3443 883 3510 :iscriptione
909 3445 1267 3500 subdiderint.
1302 3448 1365 3501 Et
1396 3449 1517 3503 ideo
1548 3451 1763 3518 dignum
1789 3465 1894 3519 est,
1921 3468 1982 3508 ut

395 3534 813 3600 provincialibus
840 3537 920 3589 vel
943 3535 1142 3600 edicto,
1170 3538 1249 3592 vel
1280 3541 1638 3609 suscriptioue
1667 3550 1755 3595 tua
1783 3545 1982 3598 instru-

393 3623 500 3676 etio
528 3624 682 3689 plena
715 3626 999 3691 pandatur,
1053 3642 1123 3682 ne
1171 3630 1558 3684 tabulariorum
1605 3641 1659 3686 et
1702 3635 1980 3689 curialium

391 3712 622 3768 licentia:
659 3727 791 3785 vaga
847 3724 903 3770 et
961 3717 1130 3772 libera
1169 3721 1387 3776 exactio
1424 3733 1688 3792 quaestum
1737 3736 1974 3794 praestet.

394 3803 548 3860 Vale.

1014 3878 1232 3936 EI’IST.
1268 3882 1355 3938 XI.

874 3984 1187 4026 ετιωιωιυε
1215 3989 1516 4032 κλιοειιο.

462 4058 596 4113 Cum
645 4059 816 4115 vicem
867 4064 1164 4129 prtesentite
1208 4081 1341 4121 mea:
1382 4078 1435 4123 et
1477 4067 1643 4138 possit
1677 4080 1733 4125 et
1781 4071 1979 4126 debeat

393 4159 516 4202 tuus
545 4151 878 4204 interventus
906 4153 974 4206 im
985 4155 1150 4222 plere,
1177 4158 1342 4212 miror
1361 4163 1790 4230 suggestionibtts
1814 4165 1975 4218 Ama-

392 4242 533 4296 zouii
561 4243 935 4308 occupationes
965 4257 1174 4300 nostras
1201 4247 1509 4318 {ri-quenter
1537 4253 1772 4308 onerari.
1810 4254 1976 4309 Exse-

390 4350 558 4403 quere
586 4335 767 4404 igitur,
791 4352 888 4391 oro
919 4350 992 4404 te,
1041 4354 1218 4408 partes
1245 4344 1493 4399 amicitia:
1515 4358 1890 4416 congruentes,
1917 4358 1976 4404 ut

390 4428 587 4480 auxilio
616 4437 706 4480 tuo
736 4435 898 4481 tutata
939 4432 1231 4498 poesessio,
1276 4444 1330 4488 et
1365 4436 1476 4503 ipsa
1506 4453 1535 4491 a
1569 4438 1778 4494 molesti
1799 4455 1826 4494 s
1854 4440 1973 4495 vin-

389 4519 618 4583 dicetur,
651 4526 707 4573 et
722 4520 878 4574 nobis
899 4522 1097 4593 aliquid
1119 4528 1520 4584 commoditatis
1539 4531 1809 4586 ealnbeat.
1829 4531 1971 4589 inter

391 4609 596 4680 reliqua
627 4619 836 4676 autem,
860 4627 978 4680 qua:
1020 4614 1163 4670 idem
1197 4615 1461 4674 intiniavit
1481 4664 1495 4688 ,
1524 4635 1847 4693 magnopere
1873 4626 1969 4681 de-

393 4715 640 4769 precatus
668 4710 752 4757 est
779 4713 838 4762 ut
866 4703 1083 4770 Ursum,
1115 4723 1273 4776 quem
1309 4713 1510 4767 dudum
1543 4715 1726 4769 domui
1761 4728 1960 4773 nostrae

390 4808 512 4846 cum
555 4791 758 4847 familia
787 4809 882 4848 sua
918 4794 1063 4850 dicet
1101 4800 1423 4864 obnoxium.
1469 4803 1538 4858 ab
1585 4808 1729 4860 omni
1759 4807 1967 4875 publica

389 4887 753 4939 conventione
780 4901 1056 4954 secernas,
1101 4905 1207 4960 quo
1248 4892 1456 4948 facilius
1494 4894 1673 4951 delata
1718 4901 1962 4957 munivit.

387 4976 491 5029 Sed
517 4974 686 5041 major
713 4977 996 5044 opitulatio
1025 4995 1089 5033 es
1121 4983 1193 5036 tui
1224 4984 1432 5040 arbitrii
1462 4984 1648 5043 favore
1664 4993 1963 5058 proveniet,

390 5083 512 5120 eum
554 5081 735 5121 causai
784 5070 901 5137 ejus
947 5071 1108 5126 etiam
1156 5074 1365 5143 justitia
1393 5091 1498 5132 non
1521 5077 1679 5134 desit.
1725 5082 1968 5138 Circum-

389 5161 618 5228 scriptus
651 5161 796 5213 enim
841 5173 1095 5229 quantum
1133 5180 1220 5221 res
1254 5167 1459 5236 docuit,
1507 5170 1801 5241 improvida
1841 5190 1968 5233 cau-

389 5250 552 5313 tione,
586 5264 691 5304 non
721 5249 884 5305 debet
911 5267 1104 5309 nosam
1138 5259 1351 5313 rustica:
1385 5259 1658 5317 facilitatis
1705 5265 1960 5324 incidere.

391 5341 538 5394 Vale.

989 5436 1201 5495 EPIST'.
1246 5439 1356 5496 XII.

858 5541 1167 5585 lVIIACﬂUS
1207 5545 1502 5591 ρεανετυο.

456 5613 644 5671 Vduva
666 5613 858 5670 domus
878 5633 1012 5674 meae
1032 5620 1232 5678 {unctio
1257 5635 1343 5679 tua
1366 5627 1671 5696 adjumenta
1693 5631 1956 5702 deposcit.

387 5705 632 5760 Proxime
662 5708 827 5770 enini,
859 5710 902 5761 si
935 5723 1113 5778 optata
1143 5727 1323 5771 nostra
1356 5719 1505 5775 favor
1538 5721 1834 5781 divinitatis
1859 5730 1957 5783 ad-

383 5797 599 5870 juverit,
645 5798 784 5852 Iiiius
822 5818 971 5886 metis
1017 5817 1260 5871 pt'a'tttrtn
1288 5812 1524 5873 editione
1554 5815 1823 5892 fungetur,
1869 5827 1954 5881 cui

665 5891 932 5954 Ρηιιοι..
982 5895 1213 5960 XVIII.

2082 1973 2208 2028 dicti
2239 1976 2474 2029 muneris
2509 1991 2669 2043 posco
2703 1988 3002 2045 vectorem,
3049 1982 3173 2050 quia
3203 1998 3352 2038 meos
3389 1991 3670 2056 prxtorius

2081 2074 2371 2134 apparatus
2397 2068 2627 2136 sparsim
2658 2068 2711 2122 in
2745 2070 3028 2141 longinqua
3051 2073 3179 2142 egit.
3214 2072 3366 2131 Vale.

2680 2159 2892 2214 EPIST.
2936 2161 3074 2217 XIV.

2499 2263 2810 2307 SYMIACIIUS
2850 2269 3233 2311 APULLODOMO.

2154 2337 2414 2392 Curarum
2442 2348 2648 2394 tuarum
2682 2357 2767 2396 me
2796 2357 2921 2397 esse
2960 2346 3272 2417 participem
3306 2349 3430 2419 jure
3462 2366 3668 2422 prmu-

2084 2428 2208 2493 mis,
2235 2443 2368 2498 quas
2396 2447 2497 2500 ego
2524 2434 2703 2487 animo
2730 2449 2849 2488 meo
2871 2435 3032 2490 etiam
3060 2454 3164 2492 non
3188 2444 3550 2500 commonitus
3569 2461 3667 2516 pro

2083 2522 2313 2577 amicitia
2378 2526 2726 2579 vindicarem.
2765 2527 2896 2584 Pars
2937 2530 3098 2598 igitur
3143 2533 3522 2593 sollicitudinis
3565 2550 3671 2594 tua:

2087 2613 2194 2668 Iilia
2227 2630 2343 2669 mea
2388 2617 2710 2672 adventante
2756 2619 3038 2675 minuenda
3077 2633 3177 2686 est,
3224 2641 3381 2695 quam
3429 2631 3670 2697 proxime

2086 2707 2255 2760 Iloma
2283 2696 2540 2776 suscepit,
2571 2710 2854 2764 dimissura
2886 2712 2938 2765 in
2968 2729 3314 2784 conspectum
3343 2729 3516 2790 tuum,
3546 2739 3668 2778 cunt

2083 2812 2145 2854 se
2169 2801 2482 2867 interposita
2511 2801 2802 2857 refectione
2823 2810 3168 2864 recrt-averit.
3205 2810 3409 2867 Interea
3433 2815 3500 2868 de
3522 2832 3670 2870 com-

2084 2894 2262 2946 munis
2308 2895 2492 2961 patrite
2525 2895 2665 2948 victu
2715 2896 2967 2952 celeriter
3013 2900 3336 2969 invehendo,
3383 2907 3546 2963 silere
3583 2925 3669 2966 me

2088 2987 2226 3053 apud
2263 2994 2313 3039 te
2335 3003 2440 3039 non
2466 2989 2647 3040 sinunt
2670 2990 2928 3057 angustia:
2950 2993 3306 3050 ciiiiditoruui.
3342 2997 3536 3064 Qumso
3566 3002 3669 3056 ita-

2085 3092 2190 3147 que
2233 3088 2292 3132 ut
2342 3079 2524 3147 vigore
2551 3094 2658 3147 quo
2706 3081 2962 3149 prteditus
3003 3098 3083 3149 es,
3136 3091 3461 3145 aiinonarios
3485 3106 3669 3162 urgeri

2080 3170 2270 3237 jubeas
2301 3180 2535 3239 paratus.
2568 3173 2800 3240 Adjiciet
2828 3176 2972 3230 enim
3018 3178 3309 3246 plurimum
3347 3184 3535 3253 gloriae
3566 3194 3670 3241 tua)

2088 3262 2324 3317 Romana
2351 3263 2636 3318 securitas.
2672 3265 2818 3317 Vale.

2691 3357 2902 3413 EPIST.
2945 3359 3037 3413 XV

2552 3465 2863 3508 SVIIACIIUS
2899 3470 3206 3512 GFIINIANO.

2155 3540 2608 3597 Consuetudinem
2633 3559 2806 3598 meatu
2841 3561 3024 3610 servo,
3041 3556 3098 3602 et
3123 3551 3367 3620 religiosa
3390 3553 3446 3607 in
3466 3555 3668 3611 amicos

2087 3629 2328 3686 instituta
2355 3636 2621 3688 custodio.
2645 3637 2820 3700 Quare
2845 3639 3178 3694 salutationis
3197 3641 3402 3699 honore
3424 3646 3668 3714 praefato,

2082 3732 2324 3775 mutuum
2352 3723 2418 3778 de
2446 3737 2498 3779 te
2527 3740 2690 3790 posco
2727 3740 3081 3796 responsum:
3113 3741 3189 3794 et,
3225 3734 3270 3786 si
3299 3739 3560 3791 memoria
3589 3739 3668 3793 vi-

2079 3824 2172 3883 get
2191 3815 2563 3869 mandatorum
2594 3832 2860 3883 meorum,
2912 3832 2970 3872 ut
2997 3836 3247 3877 securum
3285 3840 3372 3880 me
3397 3826 3465 3882 de
3499 3841 3668 3898 appa-

2081 3917 2200 3956 ratu
2234 3908 2496 3972 prietoria:
2534 3906 2824 3964 Iunctiouis
2863 3910 3040 3967 facere
3085 3914 3344 3985 digneris,
3385 3918 3667 3974 exhortor.

2079 3992 2286 4050 Crescit
2312 3999 2454 4052 enim
2485 4013 2580 4068 per
2608 4001 2725 4054 dies
2763 4003 3003 4072 singulos
3036 4020 3167 4060 cura
3196 4009 3336 4077 apud
3378 4025 3488 4079 me,
3532 4028 3666 4082 quo-

2079 4087 2222 4140 niam
2267 4089 2586 4160 propinquat
2622 4091 2810 4157 editio,
2849 4106 2904 4148 et
2939 4095 3072 4151 nihil
3112 4097 3181 4152 de
3220 4101 3462 4157 vestibus
3503 4115 3667 4174 atque

2079 4181 2428 4247 animalibus,
2455 4199 2578 4253 qua:
2593 4185 2723 4240 olim
2751 4186 2852 4242 sub
2873 4189 3232 4248 astimatioue
3261 4206 3326 4246 ac
3351 4193 3664 4253 deﬁnitione

2081 4281 2170 4325 tua
2202 4286 2296 4339 per
2324 4289 2474 4329 meos
2496 4277 2668 4329 coemi
2690 4275 3016 4346 debuerunt,
3052 4281 3217 4336 miror
3246 4283 3563 4341 exhibitum.
3593 4289 3662 4343 Et

2078 4366 2330 4431 quoniam
2369 4365 2624 4420 sollicitor
2659 4370 2946 4435 tarditatis,
2989 4375 3256 4427 notarium
3298 4390 3472 4430 meum
3515 4380 3659 4450 misi,

2077 4456 2169 4525 qui
2215 4457 2320 4512 tuis
2373 4461 2652 4528 prteceptis
2682 4470 2736 4516 et
2785 4463 3002 4519 monitis
3030 4466 3316 4522 obsecutus
3344 4467 3660 4527 devehenda

2078 4560 2267 4602 cuncta
2313 4551 2594 4620 suscipiat,
2638 4564 2955 4623 actoresquo
2993 4567 3206 4612 nostros
3240 4558 3306 4612 ad
3340 4562 3508 4630 pretia
3537 4580 3659 4634 qua)

2073 4641 2346 4706 statueris,
2368 4642 2624 4697 solvenda
2648 4645 2905 4714 impellat,
2924 4663 2991 4702 ne
3014 4649 3358 4717 pecuniarum
3378 4655 3661 4711 videantur

2076 4731 2251 4800 inopia
2287 4733 2546 4788 hactenus
2581 4742 2732 4790 tuum
2772 4738 3072 4795 declinasse
3107 4754 3476 4812 conspectum.
3509 4747 3659 4803 Tan-

2074 4823 2196 4875 dem
2226 4824 2385 4892 igitur
2415 4835 2593 4895 partes
2638 4829 2914 4899 religionis
2947 4847 3263 4903 exsequere,
3310 4846 3371 4892 ut
3405 4843 3656 4911 exemplo

2074 4917 2363 4988 diiigentiae
2397 4932 2501 4975 tua:
2531 4921 2583 4975 in
2609 4922 2910 4978 ofticiorum
2941 4927 3364 4986 vicissitudinem
3396 4950 3659 5002 provoce-

2074 5025 2212 5064 mur.
2242 5011 2392 5067 Vale.

2663 5105 2880 5164 EPIST.
2923 5109 3056 5165 XVI.

2541 5212 2850 5255 δγιικιαιιοι
2888 5215 3184 5258 εληυιλκο.

2138 5281 2394 5340 Leontius
2427 5300 2592 5356 agens
2621 5287 2672 5341 iii
2700 5290 2880 5356 rebus,
2907 5301 2963 5346 et
2988 5294 3270 5352 honestate
3297 5299 3420 5354 vita:
3462 5312 3518 5356 et
3549 5305 3652 5359 mi-

2069 5372 2193 5428 litia:
2221 5375 2604 5434 exercitatione
2637 5381 2792 5436 bonis
2825 5383 3127 5456 quibusque
3172 5387 3417 5458 placitus,
3465 5410 3646 5450 meum

2067 5480 2280 5536 quoque
2297 5469 2552 5536 judicium
2584 5473 2795 5530 assidua
2833 5476 3103 5546 diligentia
3137 5495 3467 5548 provocavit.
3504 5487 3651 5543 lutcr

2065 5557 2268 5612 amicos
2316 5559 2474 5628 igitur
2516 5576 2580 5615 ac
2618 5563 2912 5622 familiares
2949 5583 3100 5624 meos
3139 5571 3261 5639 jure
3305 5587 3640 5631 numeratur.

2067 5648 2218 5702 Hunc
2259 5651 2351 5705 tibi
2393 5652 2444 5704 in
2476 5668 2689 5707 manum
2731 5657 2910 5724 trado,
2967 5668 3180 5728 petens,
3233 5671 3289 5715 ut
3335 5669 3641 5736 exemplum

2067 5750 2264 5795 nostra:
2301 5743 2442 5796 circa
2485 5759 2603 5798 cum
2645 5745 2941 5803 allectionis
2983 5749 3208 5807 imiteris
3241 5769 3254 5804 :
3293 5755 3436 5822 quod
3477 5767 3529 5810 te
3559 5773 3643 5813 se-

2061 5830 2190 5885 dulo
2223 5845 2489 5901 prmsumo
2527 5834 2809 5892 iacturum.
2852 5839 3055 5897 Interea
3096 5843 3161 5899 de
3200 5844 3525 5903 animalibus
3565 5850 3641 5905 lu-

3326 5935 3392 5997 11
