4300 6448
648 336 747 394 351

1818 339 1882 406 Ο.
1925 336 2270 396 Αυκειιῑδ
2309 336 2755 397 SHIMACIlts.

3811 354 3917 413 532

644 456 834 507 itm-nni
857 453 1134 522 apparatui
1156 455 1519 523 praipat-andis
1533 453 1954 509 admonitionem
1977 455 2223 524 frequen-
2252 455 2298 512 Α
2329 456 2586 511 memoria
2633 456 2876 514 beneficii
2923 460 3035 527 tui,
3071 475 3192 516 cum
3220 463 3418 520 votivre
3453 467 3672 523 editioni
3715 483 3914 530 nostra

643 555 758 598 tare
781 543 989 606 desino,
1017 558 1138 598 cum
1179 559 1275 612 per
1312 558 1432 600 eam
1471 545 1820 614 sponsionem
1858 555 1914 600 tu
1946 559 2033 599 me
2063 542 2220 614 lijus

638 649 783 689 cura:
829 649 1053 688 vacuum
1113 635 1416 691 reddidisti.
1478 635 1714 690 Mandavi
1765 645 1941 692 tamen
1997 635 2220 689 Leontio

639 724 921 779 monitoris
951 725 1207 788 cilicium,
1237 728 1320 782 cui
1344 741 1524 782 anteiit
1557 727 1796 795 plebi-re
1818 727 2139 796 dignaberis,
2174 729 2217 782 si

635 821 848 886 quando
895 819 1010 887 ipse
1055 818 1261 887 publica
1305 829 1359 875 et
1401 821 1600 889 majora
1652 821 1743 874 tibi
1785 821 2032 875 tractanti
2080 819 2218 874 hinc

636 923 845 975 inicique
876 909 1187 972 petitionem
1219 909 1509 965 domestica
1551 911 1911 966 insinuatione
1939 923 2215 981 suggesse-

636 1010 722 1051 ιιι.
759 998 903 1052 Vale.

1209 1090 1421 1147 EPIST.
1465 1091 1623 1146 XVII.

1119 1197 1428 1238 SVIILCBUB
1472 1200 1726 1240 VtNliSlO.

707 1274 972 1342 integrum
1003 1276 1162 1328 situm
1197 1276 1429 1344 praetorii
1462 1275 1589 1338 niei,
1639 1284 1694 1328 et
1741 1275 1996 1344 picturam
2027 1291 2212 1345 quani-

631 1370 753 1417 dan.
786 1367 988 1420 fabrilis
1018 1368 1195 1434 operis
1224 1377 1348 1422 ante
1385 1367 1570 1422 oculos
1615 1367 1886 1422 collocasti
1927 1386 1941 1421 :
1985 1367 2056 1423 ita
2085 1369 2213 1425 ada-

631 1472 777 1526 perta
810 1461 1135 1522 diStribntio,
1169 1461 1249 1515 vel
1276 1459 1451 1516 adhuc
1481 1463 1836 1530 assurgcntia,
1871 1461 1951 1516 vel
1976 1461 2086 1533 jam
2115 1463 2210 1518 tib—

628 1553 799 1606 siiliiia
842 1552 1090 1622 signat-it.
1137 1551 1424 1606 Dissimulo
1475 1553 1636 1620 igitur
1679 1567 1921 1608 meorum
1952 1553 2212 1622 tantisper

627 1657 880 1696 accusare
909 1643 1212 1710 segnitiem,
1243 1642 1330 1712 qui
1362 1643 1411 1694 iii
1437 1642 1625 1697 iisdem
1656 1642 2020 1697 molitionibus
2042 1642 2204 1697 fabri-

625 1736 836 1788 catione
866 1737 1156 1800 baiseruiit,
1204 1735 1330 1788 dum
1376 1733 1641 1790 suavitate
1684 1736 1892 1804 pagina:
1920 1744 2026 1790 tua:
2066 1736 2206 1790 mul-

2329 543 2584 614 fraterna,
2614 557 2669 602 ut
2697 562 2878 618 spero,
2907 565 3033 606 cura
3063 552 3342 620 profuerit.
3378 555 3524 610 Vale.

2915 641 3130 698 EPIST.
3164 643 3305 701 XXI.

2661 744 2971 788 SVIIACIIUS
3003 749 3211 790 νιεηιο
3237 751 3558 794 πιεηιιεκςι.

2397 820 2691 879 Senatoriis
2715 825 3038 883 editionibus
3065 830 3437 896 convenimur,
3459 848 3685 900 quorum
3716 850 3905 891 neces-

2323 912 2454 966 sitas
2482 929 2742 985 equorum
2769 918 3032 972 curulium
3060 919 3330 977 desident
3359 924 3706 992 emptionem.
3736 925 3906 997 Ilujua

2323 1005 2483 1071 igitur
2522 1009 2598 1063 rei
2623 1009 2794 1078 gratia
2825 1010 3274 1070 familiarissimos
3315 1030 3464 1072 meos
3491 1017 3558 1070 ad
3594 1018 3903 1086 Hispaniam

2321 1095 2463 1162 misi,
2495 1106 2553 1150 ut
2579 1099 2864 1170 quadrigas
2903 1117 2969 1159 ex
2997 1103 3141 1158 omni
3183 1118 3403 1174 gregum
3438 1106 3716 1166 nobilitate
3757 1130 3903 1168 mr-

2319 1197 2525 1242 centur.
2559 1190 2650 1244 His
2679 1191 2746 1246 ad
2777 1193 3076 1264 peragenda
3123 1196 3372 1251 mandata
3403 1205 3550 1252 tuum
3593 1214 3756 1267 posco
3787 1203 3898 1255 suf-

2319 1277 2566 1347 fragium,
2589 1296 2905 1355 summoque
2931 1285 3189 1342 beneﬁcio
3203 1287 3461 1358 proﬁtear
3472 1289 3834 1360 obligandum,
3850 1296 3898 1347 si

2315 1383 2429 1424 rem
2459 1372 2600 1428 factu
2631 1372 2860 1441 facilem,
2884 1388 3030 1429 tuum
3062 1377 3345 1443 imperium
3369 1383 3713 1449 promoverit.
3741 1382 3892 1441 Vale.

2889 1466 3102 1525 EPIST.
3146 1466 3311 1523 XXII.

2802 1569 3114 1614 SVIMACIICS
3148 1575 3276 1614 Ali!“
3290 1575 3394 1615 ιιι).

2383 1641 2608 1698 Domum
2638 1658 2874 1702 nostrain
2906 1651 2956 1701 in
2985 1661 3240 1718 apparatu
3271 1665 3390 1706 esse
3432 1653 3676 1708 ludorum
3728 1670 3887 1724 quos.

2312 1734 2420 1789 Deo
2445 1738 2687 1804 juvaiite,
2741 1739 2834 1794 lilii
2883 1746 2986 1795 mei
3042 1753 3271 1810 pia-tura
3319 1744 3580 1809 deposcit,
3632 1755 3892 1812 quantum

623 1841 768 1881 eeor.
803 1825 936 1879 Volo
963 1835 1141 1880 tamen
1167 1824 1452 1896 relegendo
1477 1825 1572 1880 iter
1595 1823 1904 1895 Capuanum
1941 1830 2207 1883 architecti
2239 1831 2286 1894 Β
2310 1827 2492 1893 credo,
2524 1828 2779 1886 didicisti.
2827 1830 3088 1887 Missttrus
3130 1833 3288 1901 igitur
3323 1832 3388 1886 ad
3434 1833 3714 1900 Hispanias
3745 1851 3893 1891 ini-o-

624 1919 783 1970 iioitri'
808 1920 1100 1972 tui-ditatem
1121 1917 1365 1973 oratione
1387 1917 1636 1989 castiges,
1657 1927 1716 1974 ut
1737 1919 1906 1976 vicem
1928 1919 2034 1977 mei
2065 1919 2204 1976 fezlis

621 2023 913 2065 exerceas:
945 2019 1003 2064 ut
1041 2010 1110 2065 de
1158 2019 1245 2065 tua
1291 2009 1666 2080 obiurgatione
1694 2010 1965 2081 conjiciat,
2005 2021 2202 2083 quanta

622 2101 696 2157 illi
729 2102 1016 2172 pernicies,
1052 2101 1154 2158 nisi
1181 2103 1470 2160 commissa
1498 2106 1784 2172 curaverit,
1819 2118 1883 2159 ea
1916 2117 2034 2162 mea
2065 2103 2204 2161 indi-

619 2195 873 2267 gnatione
899 2196 1184 2254 metuenda
1215 2195 1304 2252 sit.
1339 2193 1491 2252 Vale.

1181 2327 1396 2384 EPIST.
1443 2327 1624 2383 χγιι..

1101 2435 1413 2474 εῑιιιλωιυς
1452 2435 1708 2475 Ροιιιθιίωῐ.

689 2513 876 2570 Votiva
907 2513 1034 2568 milii
1067 2516 1286 2568 emersit
1315 2515 1549 2579 occasio,
1595 2529 1713 2579 quae
1742 2522 1754 2564 t
1788 2513 1835 2566 ii
1861 2512 2197 2568 Salutatith

617 2616 926 2674 apportaret
954 2605 1287 2675 «bsequium.
1323 2603 1452 2659 Nam
1496 2622 1614 2659 eum
1645 2605 1715 2660 ob
1761 2610 2044 2674 prteturain
2077 2609 2192 2672 lilii,

617 2699 905 2752 familiares
947 2705 1162 2752 nostros
1189 2697 1254 2750 ad
1287 2696 1570 2766 Hispanus
1608 2698 1962 2764 mitteremus,
2001 2699 2196 2769 quibus

613 2804 872 2860 equarum
925 2787 1187 2843 curulium
1229 2787 1600 2841 mandavimus
1648 2790 2194 2858 coemptionemzlits

617 2896 850 2935 terarum
876 2879 1075 2934 t'tilttmt
1107 2881 1201 2934 tibi
1252 2895 1344 2945 par
1371 2879 1471 2934 fuit
1501 2881 1785 2942 exhibere.
1816 2881 2080 2951 simulque
2099 2884 2197 2938 ad-

613 2975 777 3041 girere
819 2974 1178 3042 postulatum;
1227 2979 1286 3024 ut
1312 2970 1676 3026 nobilissimos
1709 2986 1951 3042 quosque
1977 2973 2045 3028 de
2087 2975 2194 3027 tuis

613 3065 863 3134 gregibus
913 3077 1081 3131 equos
1130 3063 1363 3132 digneris
1413 3076 1736 3132 excerpere,
1798 3077 1934 3134 quos
1978 3065 2032 3120 in
2077 3078 2191 3120 rem

612 3160 760 3212 missi
792 3159 893 3212 sub
916 3160 1056 3225 iusta
1106 3156 1374 3211 taxatione
1413 3166 1739 3210 mercentur.
1785 3158 1980 3224 Qumso
2007 3156 2187 3227 igitur,

611 3266 665 3308 ut
690 3255 732 3307 si
763 3270 863 3324 qua
895 3259 1030 3320 apud
1064 3266 1115 3308 te
1143 3252 1400 3306 memoria
1430 3251 1622 3306 domus
1651 3266 1784 3306 meae
1812 3251 2043 3320 residet,
2075 3267 2189 3307 rem

613 3347 704 3402 tibi
735 3348 874 3401 iactu
918 3344 1149 3408 facilem,
1185 3345 1312 3397 milii
1353 3357 1480 3398 vero
1508 3341 1794 3412 iucundam
1823 3351 1982 3411 atque
2022 3343 2189 3398 Itono-

611 3440 953 3501 ratissimaiii,
997 3435 1392 3506 promptissima
1429 3433 1780 3488 beneﬁcentia
1820 3433 2054 3503 digneris
2091 3449 2187 3489 an-

609 3545 791 3584 nuere.
829 3528 974 3582 Vale.

1200 3616 1414 3672 EPIS'I‘.
1451 3615 1594 3672 XIX.

1100 3723 1410 3766 SVIIACBUS
1447 3723 1561 3763 I’LBI
1571 3722 1692 3763 Αιιο.

677 3805 867 3859 .Votiva
896 3818 978 3858 nio
1004 3800 1054 3856 in
1087 3800 1376 3855 amicitiam
1406 3809 1548 3855 tuam
1571 3814 1730 3855 causa
1763 3799 1986 3862 reducit.
2006 3815 2182 3869 quam-

603 3895 690 3948 vis
717 3897 787 3949 ob
813 3899 976 3948 decus
1004 3892 1217 3960 petieris
1245 3899 1298 3945 et
1341 3903 1552 3944 morum
1594 3898 1806 3942 tuorum
1855 3888 2183 3944 familiaritas

606 3999 694 4043 tua
721 3987 851 4039 mibi
876 3984 1034 4039 luerit
1055 3984 1356 4036 ambiendo.
1400 3980 1637 4036 Praetura
1669 3981 1762 4034 lilii
1793 3983 1916 4046 mei,
1963 3983 2074 4036 fors
2097 3983 2181 4037 di-

596 4092 748 4133 ctum
774 4081 944 4146 iuvet,
973 4074 1125 4143 equis
1160 4074 1438 4129 curulibus
1467 4070 1776 4128 instruenda
1821 4080 1925 4128 est.
1973 4072 2182 4129 Dudum

607 4185 698 4240 per
732 4183 882 4225 meos
1039 4167 1288 4236 gregibus
1315 4165 1391 4220 tui
1416 4165 1742 4234 pecoris.....

1202 4297 1417 4354 EPIST.
1462 4298 1578 4354 ΧΧ.

1122 4407 1428 4449 εῑιιδιιιῑιιιέε
1467 4411 1524 4446 BA
1537 4409 1646 4448 SSO.

672 4492 1019 4550 Saéutatioiiis
1057 4489 1262 4544 lioiiore
1309 4489 1603 4558 prteniisso,
1649 4491 1876 4549 subtexe
1922 4510 2174 4552 necessa-

2306 1933 2424 1973 rum
2447 1921 2678 1990 aliquos,
2709 1922 2796 1993 qui
2837 1924 3050 1980 curules
3079 1925 3365 1994 quadrigas
3393 1942 3457 1980 ex
3491 1930 3633 1979 omni
3664 1942 3885 1994 gregum

2305 2008 2586 2066 nobilitate
2615 2026 3015 2080 mercarentur;
3058 2017 3167 2084 jam
3216 2033 3355 2071 nunc
3395 2020 3446 2070 iii
3488 2018 3722 2072 favorem
3751 2033 3888 2085 prai-

2305 2106 2630 2160 tereuntium
2663 2121 2844 2162 curam
2873 2119 3018 2163 tuam
3052 2124 3305 2178 provoco,
3334 2121 3390 2163 ut
3423 2110 3526 2165 illis
3550 2122 3605 2164 et
3632 2111 3890 2165 velocitas

2305 2196 2636 2263 transeundi,
2684 2206 2740 2253 et
2777 2199 3114 2255 evectionuni
3158 2211 3444 2270 praestetur
3481 2203 3730 2271 adjeCIiu.
3761 2201 3887 2258 Ilaec

2303 2285 2514 2342 interim
2538 2302 2636 2358 pro
2662 2299 2903 2360 tempore
2925 2292 3341 2359 [lfil'ilbaVimttS.
3357 2291 3464 2348 Sed
3487 2295 3635 2363 plura
3659 2293 3883 2358 tribaca.

2301 2382 2383 2433 vel
2405 2388 2499 2435 tuo
2525 2384 2738 2447 provisa
2766 2384 2963 2451 studio,
2993 2384 3075 2438 vel
3113 2384 3328 2440 illorum
3364 2388 3708 2456 suggestione
3733 2400 3880 2441 como

2301 2481 2474 2540 perta.
2508 2473 2658 2530 Vale.

2865 2569 3078 2624 EPISI'.
3125 2568 3306 2624 XXIII.

2765 2678 3078 2718 ενυιλοιιυδι
3119 2680 3413 2718 ιιηειιιο.

2370 2749 2667 2818 Βειιιιίτιιιιι
2697 2761 2747 2807 te
2778 2770 2872 2822 per
2901 2753 3188 2823 Hispanias
3217 2754 3335 2809 διὶω
3359 2755 3552 2810 littera:
3583 2769 3736 2810 mea.
3765 2755 3877 2811 Illic

2295 2843 2441 2897 enim
2477 2854 2526 2898 te
2549 2844 2746 2913 degere
2775 2847 2846 2900 ub
2873 2847 2946 2900 rei
2978 2845 3257 2932 familiaris
3283 2847 3682 2913 amplitudinem
3708 2847 3879 2904 duae-

2294 2948 2432 2989 ratu.
2466 2933 2755 3006 Postquam
2780 2938 2832 2991 in
2863 2938 3019 2992 avitis
3047 2938 3328 3006 penatibus
3353 2941 3509 2991 etiai-i
3547 2940 3878 2994 constantior

2296 3023 2383 3077 fid-
2404 3040 2429 3079 s
2469 3027 2678 3089 attulit;
2730 3027 2815 3095 egi
2859 3026 2984 3082 huic
3011 3029 3183 3082 errori
3207 3028 3426 3099 gratias,
3459 3033 3546 3096 qui
3579 3029 3708 3083 milii
3740 3043 3877 3100 pra-

2293 3116 2429 3169 stitit
2472 3123 2528 3169 ut
2577 3127 2629 3170 te
2661 3132 2848 3172 rursus
2887 3119 3206 3189 alloqucrer.
3257 3121 3326 3174 lit
3357 3131 3535 3174 tamen
3584 3121 3681 3173 ista
3705 3121 3874 3189 genii-

2215 3197 2262 3259 (Σ
2293 3210 2457 3274 natio,
2482 3209 2725 3278 quamvis
2745 3209 3059 3266 satisfacere
3081 3211 3262 3266 animo
3281 3220 3375 3265 tuo
3393 3211 3611 3278 debeat,
3638 3215 3872 3268 nondum

2292 3314 2414 3353 meo
2443 3297 2658 3353 sufficit.
2709 3299 2914 3356 Vellem
2943 3303 3140 3372 quippe
3187 3299 3258 3354 ita
3303 3301 3558 3356 continue
3605 3303 3874 3358 honorare

2286 3391 2579 3445 amicitiam
2606 3393 2710 3448 tuis
2734 3391 2946 3458 litteris,
2997 3401 3054 3447 ut
3089 3405 3271 3449 mente
3294 3391 3496 3464 iugiter
3521 3394 3703 3450 colere
3728 3411 3870 3451 nuu-

2289 3498 2448 3551 quam
2477 3483 2948 3540 dissimula'vcrim.
2969 3482 3247 3556 Subiungo
3269 3484 3612 3554 postulatum.
3639 3485 3872 3553 Iampri-

2289 3574 2410 3628 dem
2438 3573 2807 3629 commendata
2840 3575 3089 3628 sensibus
3117 3574 3242 3640 tuis,
3274 3579 3520 3642 pratoria
3551 3574 3643 3626 filii
3675 3591 3798 3636 inci,
3821 3577 3869 3629 si

2287 3664 2399 3719 fors
2426 3665 2626 3721 dictttm
2649 3666 2822 3735 juvct,
2855 3665 3016 3720 instat
3057 3665 3244 3720 editio.
3279 3664 3350 3718 Ea
3382 3678 3480 3717 nos
3507 3664 3779 3728 admonet,
3810 3677 3868 3718 ut

2285 3756 2571 3828 quadrigas
2615 3757 2821 3812 nobiles
2851 3759 2902 3811 in
2931 3765 3202 3812 certamen
3231 3755 3486 3820 deducas,
3525 3772 3646 3825 qua!
3685 3770 3866 3825 posset

2284 3863 2347 3901 ex
2373 3850 2656 3903 multorum
2675 3845 2922 3919 gregibus
2943 3848 3244 3904 edecimare
3284 3847 3552 3902 meliores.
3587 3849 3701 3902 Non
3724 3849 3864 3903 obsit

2284 3942 2558 3996 securitati
2589 3957 2744 4008 meai,
2771 3942 2912 4013 quod
2943 3943 3225 4012 Hispanias
3272 3944 3555 4013 longinqua
3584 3942 3713 3996 sede
3740 3956 3863 3996 tnta-

2287 4037 2429 4102 tasti,
2479 4036 2726 4089 admotus
2753 4050 2783 4089 a
2815 4050 2901 4090 me
2941 4049 3202 4104 equorum
3246 4038 3592 4104 coemptioni.
3633 4033 3864 4090 Tantum

2285 4123 2478 4176 litteris
2501 4123 2648 4192 juva.
2670 4122 2882 4179 Valebit
2912 4140 3008 4192 pro
3031 4124 3205 4191 nobis,
3223 4138 3475 4195 utspcro,
3495 4125 3634 4195 apud
3657 4126 3863 4181 amicos

2282 4229 2426 4270 θυι-ιι
2456 4227 2558 4270 tuae
2583 4217 2865 4286 delegatio.
2905 4217 3056 4273 Vale.

2844 4309 3058 4365 EPIST.
3102 4308 3289 4366 XXIV.

2803 4414 3112 4453 SYIHACHL‘S
3152 4413 3329 4452 BASSO.

2350 4487 2570 4542 Multam
2601 4505 2754 4558 sapiu
2785 4488 2946 4544 animi
2977 4493 3326 4558 voluptatem,
3355 4489 3566 4558 quoties
3591 4492 3858 4544 sermonis

601 4593 733 4642 min;
766 4585 1110 4654 mutilatum.
1132 4582 1248 4637 Filii
1276 4583 1440 4638 nostri
1473 4585 1834 4640 instateditlo.
1857 4586 1987 4643 lluie
2012 4604 2177 4660 equo-
2202 4563 2258 4626 Ῐ)
2283 4580 2357 4636 tui
2387 4595 2580 4634 munus
2607 4584 2830 4648 accipio.
2881 4580 2975 4635 Est
3003 4581 3144 4635 enim
3191 4583 3241 4634 in
3291 4579 3485 4634 litteris
3518 4589 3572 4634 et
3613 4582 3856 4635 sanitatis

600 4695 716 4735 rum
755 4679 1016 4734 curulium
1049 4676 1282 4745 paranda
1311 4676 1578 4730 nobilitas.
1628 4677 1965 4748 Quapropter
1989 4681 2053 4734 ad
2087 4681 2177 4736 Ili-

597 4772 811 4842 spaiiias
834 4767 1172 4824 fidelissimos
1191 4782 1311 4823 cum
1333 4767 1567 4836 copiosis
1587 4769 1886 4838 sumptibus
1908 4772 2170 4837 misimus,

596 4872 655 4915 ut
683 4875 970 4929 generosas
1012 4858 1299 4928 quadrigas
1341 4857 1444 4912 sub
1487 4856 1894 4928 diligentissima
1943 4861 2009 4916 let
2029 4863 2172 4918 tione

597 4965 920 5010 mercentur.
949 4953 1055 5007 Sed
1082 4951 1202 5021 quia
1230 4965 1478 5006 veremur
1505 4966 1572 5007 ne
1597 4964 1856 5020 equorum
1888 4957 2168 5010 transitum

596 5046 789 5101 liieniis
838 5047 1165 5099 interventus
1192 5041 1476 5097 excludat:
1506 5057 1689 5112 quaso
1719 5054 1792 5108 te,
1827 5052 1882 5097 ut
1907 5044 1953 5099 si
1983 5059 2168 5101 neces-

594 5139 719 5193 sit.t‘:‘i
769 5139 1132 5206 postulat-erit,
1177 5133 1347 5187 tribus
1388 5133 1468 5187 vel
1507 5143 1737 5203 quatuor
1772 5138 2043 5192 mensibus
2085 5141 2159 5192 lii-

593 5233 770 5286 tmnis
802 5231 991 5300 pabula
1022 5228 1127 5282 illis
1153 5227 1205 5280 iii
1227 5242 1285 5282 re
1311 5233 1400 5281 tua
1422 5241 1518 5297 pro
1549 5241 1770 5283 numero
1797 5229 1986 5297 juieas
2012 5230 2164 5286 mini-

587 5328 748 5378 elidit
783 5329 889 5376 ςιιιι
918 5321 1207 5390 incipiente
1233 5319 1491 5387 temperie
1521 5320 1637 5374 siue
1669 5324 1946 5376 vexatione
1975 5335 2165 5390 perve-

589 5418 1050 5470 iii.iiit.il'r:ctei-ea
1083 5412 1448 5481 adiumentum
1487 5413 1620 5466 meis
1667 5426 1761 5466 oro
1799 5412 2057 5470 ileceriias
2095 5414 2163 5470 ad

586 5525 686 5577 ειμι
715 5520 841 5560 δτιιιη
873 5503 1286 5572 coemptionem,
1335 5501 1377 5556 si
1420 5516 1554 5573 quos
1595 5502 1648 5556 in
1688 5504 1984 5559 Arelatensi
2031 5507 2162 5563 urbe

586 5617 747 5653 iiiisu
787 5609 838 5653 et
882 5611 1074 5666 genere
1125 5603 1437 5662 priirstaiites
1477 5610 1661 5648 cuium
1710 5609 1836 5648 cura
1879 5599 2157 5665 repererit.

586 5689 964 5762 Autpleclenda
993 5699 1074 5744 est
1113 5690 1255 5743 enini
1289 5689 1473 5744 vicina:
1517 5689 1802 5758 emptionis
1850 5692 2081 5755 occasio,
2114 5691 2158 5747 si

585 5787 841 5840 caittiium
864 5777 1063 5844 aliquid
1083 5793 1240 5836 casus
1263 5778 1533 5836 obtulerit.
1560 5778 1730 5838 Stabit
1752 5780 1886 5845 apud
1911 5796 1995 5839 me
2023 5779 2159 5844 iugi;

2278 4683 2332 4727 et
2360 4674 2559 4726 amoris
2588 4672 2864 4725 indicium.
2888 4669 3157 4726 Praeterea
3187 4670 3386 4726 laetitia:
3417 4671 3550 4725 mihi
3579 4683 3681 4735 εει,
3713 4672 3853 4737 qttod

2278 4765 2424 4820 brevi
2462 4773 2511 4819 te
2536 4766 2723 4821 adfore
2765 4765 3051 4834 polliceris.
3101 4764 3222 4833 Quo
3249 4762 3417 4833 magis
3454 4773 3632 4818 autem
3676 4765 3854 4821 redire

2276 4869 2330 4915 te
2361 4873 2637 4929 properes,
2689 4861 2876 4912 nuntio
2905 4859 3068 4913 lilium
3115 4872 3294 4912 meum
3335 4858 3404 4926 (si
3451 4856 3601 4911 favor
3644 4857 3853 4912 divinus

2271 4950 2537 5020 arriserit)
2569 4952 2847 5020 prtctorios
2869 4951 3043 5006 fasces
3065 4964 3204 5004 anno
3234 4951 3449 5004 ineunte
3492 4961 3848 5020 sumpturum.

2275 5044 2350 5097 De
2377 5059 2481 5113 qua
2511 5059 2570 5099 re
2595 5043 2660 5098 ad
2685 5051 2738 5098 te
2762 5057 2856 5112 per
2882 5043 3171 5098 familiares
3213 5056 3363 5099 meos
3397 5042 3606 5111 plenius
3630 5045 3851 5114 scripsi,

2270 5137 2461 5207 quibus
2506 5152 2767 5208 equorum
2802 5136 3158 5205 Hispanorum
3206 5134 3581 5190 mandavimus
3623 5137 3847 5204 emptio-

2272 5246 2417 5286 nem.
2447 5230 2551 5285 Sed
2579 5231 2703 5300 quia
2744 5228 2936 5284 suadet
2958 5229 3192 5292 occasio,
3218 5242 3361 5281 nunc
3380 5241 3592 5297 quoque
3623 5243 3846 5292 reposco

2270 5323 2614 5391 postulatum.
2641 5322 2707 5375 Et
2727 5335 2912 5387 quaeso
2939 5330 3013 5384 te,
3065 5330 3125 5373 ut
3150 5317 3197 5372 si
3237 5319 3373 5373 forte
3399 5331 3586 5372 eorum
3614 5319 3843 5375 reditum

2267 5414 2613 5484 intemperies
2660 5413 2881 5468 hiberna
2919 5411 3304 5485 retardat-terit,
3335 5408 3592 5465 stabulari
3620 5411 3674 5466 in
3699 5414 3841 5482 agris

2269 5511 2371 5562 tuis
2393 5509 2576 5578 paucis
2599 5506 2872 5561 mensibus
2884 5504 3093 5575 iubeas.
3122 5513 3281 5573 atque
3301 5502 3367 5558 ad
3390 5519 3485 5560 nos
3508 5505 3651 5572 inde,
3677 5521 3840 5560 vernn

2266 5608 2504 5668 tempore
2528 5598 2815 5667 incipiente
2847 5597 3110 5666 proficisci
3181 5595 3388 5652 interea
3417 5596 3696 5653 hominum
3725 5608 3833 5652 tuo.

2265 5708 2382 5746 ruiii
2410 5705 2538 5746 cura
2569 5691 2816 5744 submota
2844 5702 2948 5751 est,
2979 5702 3114 5757 quos
3138 5700 3191 5742 et
3223 5686 3504 5756 praesentia
3535 5703 3651 5742 mea
3685 5699 3737 5742 et
3752 5686 3839 5754 ju—

2262 5782 2484 5840 diciaria
2521 5781 2676 5839 tuitio
2719 5777 2980 5837 defendit.
3024 5779 3336 5838 Denuntiavi
3375 5782 3518 5835 enim
3554 5777 3698 5835 litem
3725 5795 3834 5834 mo-
