4300 6428
371 342 478 400 333

1597 341 2073 398 LPISTOLARUM
2115 343 2315 401 LIBER
2358 347 2445 401 IX.

3537 357 3646 420 δεδι

369 457 539 521 venti,
586 454 729 523 quod
764 456 831 509 au
876 467 961 510 me
1006 468 1162 510 causa
1206 452 1490 525 pertineat,
1522 467 1621 508 nec
1643 453 1947 510 defuturum
1974 456 2029 520 Α
2053 464 2250 525 ratum,
2279 472 2475 514 munus
2515 460 2761 517 silvestre
2789 462 3039 531 patefecit
3067 484 3080 518 :
3112 466 3335 521 alterum
3366 482 3501 537 peric
3526 488 3644 527 rre-

374 563 452 602 ριε
482 562 613 601 mea:
656 553 884 602 actionis
914 546 1192 602 auxilium.
1240 546 1395 615 Quod
1442 561 1547 602 non
1578 546 1767 602 dubito
1789 548 1955 603 etiam

372 639 694 695 eximietatis
726 651 829 695 iure
852 640 1095 696 nomines
1126 639 1412 694 iudicasse.
1446 638 1596 696 Vale.

952 730 1147 787 EPIST
1155 767 1170 784 .
1215 731 1257 786 Χ
1269 729 1308 785 Χ
1321 731 1356 786 ι’
1366 772 1378 783 .

834 857 858 879 .i
872 840 1149 883 ruuscucs
1188 840 1305 881 \‘lNC
1314 840 1491 881 £5110.

442 916 603 974 Facio
623 916 862 974 ofﬁcium
890 933 1090 983 meum,
1120 921 1163 971 si
1194 916 1407 986 quando
1431 924 1483 973 te
1502 915 1650 972 cultu
1676 915 1951 971 salutatio-

370 1013 457 1065 nis
484 1012 752 1077 impertio.
804 1011 911 1066 Nec
934 1007 1216 1065 dissimulo
1244 1010 1444 1065 referre
1468 1016 1668 1080 grates.
1701 1008 1841 1078 quod
1865 1007 1949 1059 in-

372 1104 543 1158 vicem
566 1118 652 1160 me
669 1104 976 1173 frequentet
992 1106 1354 1158 remuneratio
1376 1104 1696 1175 scriptorum
1715 1113 1948 1157 tuorum.

369 1197 479 1252 Sed
502 1196 617 1252 hac
634 1197 855 1267 produci
880 1196 1089 1267 longius
1114 1212 1220 1252 non
1235 1206 1447 1266 oportet
1466 1214 1479 1248 :
1497 1196 1624 1267 quia
1650 1196 1802 1251 bonae
1817 1195 1951 1249 ami~

365 1288 512 1343 eitite
529 1288 851 1356 jactationes
876 1290 1130 1344 refutant.
1178 1287 1311 1343 Illud
1348 1302 1491 1343 nunc
1518 1289 1587 1342 de
1615 1298 1666 1341 te
1695 1291 1951 1355 impetra-

370 1390 488 1434 tum
517 1379 661 1444 volo,
719 1389 777 1434 ut
819 1379 1011 1434 litteris
1060 1389 1115 1434 et
1154 1384 1461 1449 apparitore
1507 1377 1727 1433 decreto
1759 1379 1952 1446 juvare

365 1469 604 1541 digneris
628 1486 813 1527 curam
840 1486 1105 1533 nieorum,
1127 1473 1322 1541 quibus
1341 1473 1595 1526 emendas
1612 1484 1677 1526 es
1700 1469 1951 1537 llispania

364 1562 584 1617 curules
620 1563 909 1633 quadrigas
938 1560 993 1616 in
1022 1572 1337 1632 apparatum
1370 1566 1633 1632 prmtoriie
1663 1561 1952 1615 [unctionis

367 1655 598 1725 injunxi.
629 1655 737 1711 Oro
780 1665 1060 1725 prxterea,
1098 1665 1152 1708 ut
1192 1668 1456 1724 equorum
1499 1653 1787 1720 tractoriis,
1818 1666 1952 1718 quas

368 1748 455 1801 vir
485 1744 708 1802 illustris
743 1744 1064 1801 Theodorus
1108 1750 1311 1809 emiszt,
1350 1743 1820 1799 conﬁrmationem
1855 1757 1952 1811 per

364 1837 649 1903 epistolam
681 1847 928 1907 praestes,
963 1844 1018 1890 et
1047 1846 1253 1891 mutato
1292 1834 1474 1904 judice
1498 1834 1748 1891 beneﬁcii
1778 1835 1950 1890 lente-

366 1938 482 1983 scat
508 1938 819 1982 auctoritas.
855 1928 1196 1982 Esainhiretn
1222 1939 1387 1998 super
1427 1926 1514 1982 bis
1540 1928 1709 1981 nimio
1727 1939 1949 1998 precatu

362 2021 589 2090 gratiam
613 2031 784 2087 tuam;
813 2022 907 2076 sed
932 2022 1073 2090 apud
1101 2020 1434 2076 verecundas
1451 2035 1613 2077 aures
1633 2021 1951 2091 simplicitas

363 2111 637 2168 ellicaciur
662 2122 767 2176 est,
798 2122 853 2167 ct
892 2112 1145 2166 libentius
1186 2115 1361 2182 pudor
1402 2115 1614 2175 annuit.
1653 2113 1799 2182 quod
1825 2127 1949 2166 cum

366 2203 557 2256 tiducia
589 2206 906 2271 postulatur.
941 2205 1105 2257 Velim
1131 2215 1311 2259 tamen
1336 2214 1543 2272 teneas,
1567 2218 1711 2259 nunc
1732 2203 1948 2271 quidem

364 2292 417 2343 iu
450 2294 679 2360 petendo
705 2309 826 2349 esse
856 2310 941 2349 me
963 2310 1208 2365 parcum,
1235 2299 1332 2351 sed
1358 2296 1478 2353 fore
1503 2295 1557 2350 in
1584 2292 1805 2365 agendis
1829 2304 1953 2361 post

364 2386 794 2453 impetrationem
825 2388 1012 2456 gratiis
1040 2392 1337 2457 copiosum.
1374 2387 1524 2443 Vale.

937 2478 1150 2534 EPIST.
1190 2478 1377 2533 XXVI.

859 2588 1166 2628 ενιιυωιιε
1205 2588 1451 2628 γλιιειιιθ.

437 2666 598 2719 Juvat
616 2666 851 2720 animum
892 2680 1091 2729 meum,
1123 2667 1264 2735 quod
1300 2680 1444 2734 stupe
1471 2664 1599 2719 vitio
1629 2667 1791 2720 vertis
1814 2666 1943 2720 scri-

364 2755 527 2810 bendi
555 2758 622 2809 ad
664 2769 717 2810 te
758 2757 1153 2825 negligentiam.
1203 2757 1419 2812 Amoris
1447 2756 1592 2812 enirn
1632 2758 1707 2813 tui
1739 2758 1948 2826 signum

361 2858 470 2913 est,
503 2849 738 2901 Vicissim
768 2849 1097 2911 desiderare,
1127 2862 1247 2918 qua:
1274 2857 1493 2918 prtestas
1523 2865 1535 2902 :
1565 2856 1619 2903 et
1641 2857 1817 2903 tamen
1839 2847 1948 2902 dis-

362 2940 794 2997 simulandi......
837 2943 1125 2997 destinatio
1173 2958 1256 2997 tua
1300 2954 1537 2999 voverat.
1596 2942 1950 2998 Contristavit

365 3049 454 3088 me
482 3033 672 3098 fateor,
707 3049 808 3089 nec
834 3033 927 3088 tibi
961 3036 1308 3099 conveniens,
1340 3050 1441 3090 nec
1467 3034 1594 3089 milii
1626 3045 1837 3103 sperata
1862 3035 1943 3101 ja-

363 3127 531 3182 ctatio
574 3129 705 3182 irriti
750 3127 1014 3183 benelicii.
1064 3127 1138 3181 Ne
1166 3126 1294 3195 quid
1330 3130 1490 3194 igitur
1528 3142 1754 3195 ingenua
1792 3141 1947 3181 vere-

2058 548 2251 616 dilum,
2278 551 2588 619 paginarum
2613 563 2821 609 tuarum
2842 558 3018 611 cultus
3039 562 3283 615 asseruit.
3306 564 3482 630 Quare
3503 567 3644 624 inter

2054 640 2270 697 sodales
2308 641 2573 711 Apollinis
2606 658 2673 700 ac
2717 644 2901 702 Diana:
2924 691 2940 715 ,
2971 659 3203 704 sectator
3238 652 3514 723 utrimque
3540 674 3643 713 uu-

2056 735 2364 799 merabere,
2396 735 2496 789 etsi
2542 742 2595 790 te
2624 736 2822 806 magis,
2853 746 2912 792 ut
2934 744 3129 809 scriptu
3162 751 3444 812 testantur,
3478 762 3644 803 vena-

2056 828 2177 881 tictc
2215 828 2347 882 artis
2378 828 2549 899 gloria
2574 828 2745 899 juvat.
2789 830 2920 888 Nam
2950 846 3073 890 eum
3103 844 3156 892 te
3180 840 3384 895 nivosis
3418 843 3643 900 saltibus

2055 918 2325 974 inerrasse
2351 921 2725 987 describeres.
2770 938 2931 994 supra
2971 925 3215 995 epistola:
3249 938 3645 1000 temperamen-

2056 1019 2168 1064 turn
2200 1010 2376 1065 verbis
2413 1012 2714 1082 tripudiasti
2745 1032 2761 1073 :
2794 1015 3046 1072 nimirum
3075 1017 3230 1076 laetus
3257 1038 3328 1078 cs
3360 1025 3553 1088 arduo.
3587 1037 3643 1083 et

2053 1098 2234 1155 adhuc
2270 1102 2455 1158 calens
2496 1107 2736 1161 montani
2781 1109 2964 1179 operis
2998 1121 3216 1166 eventu.
3258 1112 3462 1171 Interea
3509 1125 3643 1175 satis

2060 1192 2235 1249 fuerat
2278 1196 2542 1266 Apennini
2588 1200 2758 1270 spolia
2802 1204 3034 1260 misisse.
3086 1207 3307 1276 Adjecta
3347 1220 3528 1266 autem
3572 1216 3641 1269 de

2054 1283 2221 1338 corde
2250 1286 2401 1353 plura
2427 1286 2641 1341 fastidio
2668 1304 2788 1345 esse
2816 1304 3120 1358 potuerant,
3149 1301 3246 1351 nisi
3279 1315 3430 1354 amor
3456 1302 3532 1357 tui
3558 1322 3640 1359 rc-

2057 1377 2317 1431 movisset
2340 1380 2665 1434 satietatem.
2704 1383 2846 1435 Vale.

2620 1476 2837 1532 EPIST.
2885 1480 3069 1534 X.\l.\.

2597 1583 2904 1626 SYIIACH‘US
2943 1588 3103 1629 ηιευ.

2127 1654 2260 1709 Dum
2294 1658 2698 1721 provincialium
2728 1663 2961 1718 mederis
2983 1665 3243 1728 adversis.
3274 1678 3329 1723 et
3352 1672 3638 1727 salutarem

2056 1745 2424 1802 laborantibus
2453 1763 2670 1805 manum
2701 1752 2953 1823 porrigis,
2985 1759 3199 1825 gravior
3238 1757 3442 1827 Apulos
3483 1776 3643 1817 casus

1987 1831 2035 1894 Β
2062 1838 2308 1904 incessit,
2354 1856 2383 1894 ει
2426 1841 2621 1909 quibus
2660 1845 2731 1898 ob
2780 1845 2994 1901 inanem
3032 1847 3223 1902 lautam
3272 1852 3640 1916 fecunditatis.
3718 1880 3722 1887 ο

2053 1926 2321 1983 frumenta
2370 1941 2687 1997 poscuntur,
2729 1944 2786 1988 et
2842 1936 3170 1991 detrahenda
3214 1944 3539 2007 provincim,
3590 1958 3646 1999 et

2055 2024 2188 2086 reip.
2218 2022 2337 2076 usui
2369 2038 2476 2077 non
2501 2024 2697 2080 futura.
2723 2026 2948 2094 Quando
2984 2033 3126 2085 enim
3157 2034 3212 2085 in
3257 2033 3488 2089 hiemem
3524 2052 3643 2091 vcr-

2050 2123 2209 2181 gente
2230 2130 2373 2168 anno
2403 2124 2657 2184 poterunt
2683 2124 2938 2177 maturari
2964 2132 3127 2178 tanta:
3154 2127 3369 2196 fruges?
3396 2131 3451 2183 Si
3482 2132 3645 2199 igitur

2055 2206 2150 2258 tibi
2180 2210 2413 2274 suppetit
2440 2208 2661 2263 facultas
2689 2210 2900 2268 itineris
2923 2212 3173 2270 celeriter
3200 2219 3267 2271 ad
3292 2219 3641 2291 Campaniam

2054 2296 2403 2361 protnox'eiidi
2426 2342 2441 2361 ,
2483 2299 2625 2353 scire
2665 2314 2754 2356 me
2782 2302 2972 2367 facito,
3003 2316 3063 2359 ut
3091 2316 3144 2362 te
3181 2310 3446 2379 paulisiier
3475 2332 3635 2385 υμνοι

2053 2392 2189 2443 riar.
2241 2400 2329 2439 aut
2380 2393 2425 2441 si
2475 2392 2798 2457 promissum
2847 2397 3021 2465 major
3064 2414 3224 2454 causa
3273 2406 3535 2470 tttutaliil,
3588 2410 3640 2461 id

2053 2484 2224 2548 ipsum
2261 2481 2462 2535 “milia”:
2507 2499 2637 2537 mea!
2671 2486 2913 2552 protinus
2956 2490 3155 2557 pande,
3192 2505 3245 2546 ut
3284 2493 3641 2563 Symmachus

2052 2580 2236 2623 noster
2264 2572 2352 2624 diu
2388 2573 2437 2625 in
2482 2571 2781 2629 Formianis
2824 2577 3092 2634 littorinus
3137 2594 3364 2650 otiatus,
3415 2598 3639 2657 propere

2053 2675 2261 2713 mecum
2294 2664 2359 2715 ad
2389 2665 2566 2718 studia
2601 2677 2918 2722 revertatur.
2947 2669 3093 2725 Vale.

2643 2759 2857 2815 EI’IST.
2902 2763 2941 2816 Χ
2952 2764 2993 2817 X
3006 2764 3042 2818 Χ
3054 2804 3067 2816 .

2580 2871 2887 2912 διιιιιιειιυδ
2927 2876 3104 2916 130⁸1.

2122 2944 2259 3009 (ιρις)
2292 2947 2507 3013 quidem
2541 2959 2592 3005 te
2625 2951 2678 3003 iu
2711 2962 2915 3008 tantum
2944 2959 3115 3026 copiis
3144 2964 3382 3028 pecunia:
3409 2968 3635 3024 familia-

2051 3038 2123 3089 ris
2156 3037 2377 3091 attineri:
2443 3054 2497 3093 tit
2531 3046 2704 3109 possis
2725 3045 2899 3113 opima
2929 3049 3129 3116 prmdia
3164 3065 3499 3123 couipz'rare.
3531 3059 3640 3117 Sed

2052 3130 2267 3185 mallem
2301 3142 2351 3185 lc
2383 3136 2497 3186 sine
2526 3139 2818 3192 amicorum
2852 3154 2990 3194 noxa
3018 3154 3176 3211 atque
3202 3147 3393 3215 injuria
3426 3153 3639 3207 oculum

365 3219 561 3273 cundia
599 3218 777 3273 simile
816 3219 1162 3284 rescriberet,
1219 3222 1379 3274 malui
1420 3234 1662 3285 premere
1702 3230 1941 3273 mutuum
1974 3207 2017 3270 C
2051 3238 2109 3275 ac
2139 3225 2461 3280 desiderium
2487 3229 2640 3283 novis
2661 3234 3021 3299 emptionibus
3042 3207 3352 3296 admovere.
3380 3243 3510 3299 Nam
3538 3261 3641 3319 ego

365 3311 630 3367 dolorem.
679 3312 810 3364 Nam
862 3313 999 3365 inter
1045 3313 1298 3367 absentes
1346 3314 1547 3368 alterna
1596 3314 1942 3382 epistularum

366 3403 657 3456 ilecrrtatio
687 3404 1003 3472 plerumque
1042 3405 1108 3459 ad
1153 3403 1275 3458 odia
1305 3406 1565 3472 procedit.
1602 3408 1749 3459 hunc
1783 3409 1945 3460 redeo

366 3497 420 3546 iu
454 3509 604 3546 usum
630 3496 755 3561 styli
781 3494 1059 3562 simplicis,
1108 3502 1289 3563 gratus
1332 3496 1500 3565 magis
1527 3496 1784 3550 voluntati
1816 3509 1940 3554 tua}.

367 3602 526 3652 quam
572 3600 696 3639 reus
739 3588 907 3640 casui.
957 3587 1034 3641 Te
1083 3601 1182 3641 oro
1226 3589 1339 3657 jam
1387 3590 1601 3642 μυμιηιιε
1653 3589 1943 3645 amicitiam

367 3694 566 3743 meam,
616 3693 735 3745 qua:
782 3677 911 3732 nihil
958 3680 1051 3731 tibi
1084 3680 1338 3734 indixerit
1379 3682 1579 3745 oneris,
1630 3682 1944 3737 damnosam

365 3779 570 3839 putare.
616 3768 760 3825 γυιε.

924 3861 1135 3919 EPIST.
1176 3864 1384 3919 XXVII.

816 3970 1127 4009 SVMMACHUS
1164 3973 1493 4012 ALEXANMIO.

436 4048 718 4101 Silentium
748 4047 889 4100 circa
932 4060 982 4102 te
1033 4063 1209 4103 meum
1258 4050 1403 4103 nullo
1438 4050 1559 4117 jure
1594 4050 1865 4121 culpabis,
1898 4053 1944 4106 si

364 4148 515 4193 tuum
541 4138 763 4208 cogites.
800 4138 865 4192 Et
907 4137 1135 4195 fortasse
1156 4141 1354 4208 justius
1386 4142 1479 4195 tibi
1512 4140 1667 4210 hujus
1710 4144 1786 4195 rei
1819 4142 1947 4197 stib-

363 4231 537 4286 euuda
565 4243 648 4286 est
675 4233 1023 4295 verecundia,
1052 4238 1142 4303 qui
1179 4235 1250 4288 ob
1280 4248 1392 4288 rem
1422 4233 1648 4290 Romam
1687 4247 1832 4304 sarpe
1862 4236 1947 4289 lit-

364 4334 506 4380 teras
534 4324 750 4379 mittens
770 4367 785 4388 ,
813 4327 1064 4379 amicitiae
1106 4326 1250 4381 circa
1292 4339 1391 4379 nos
1420 4327 1600 4381 munia
1640 4326 1940 4394 praeteristi.

362 4414 509 4470 Meos
533 4426 710 4470 autem
738 4416 849 4469 sola
879 4414 1112 4469 ferarum
1137 4416 1339 4485 emptio
1364 4416 1661 4486 Aquileiam
1689 4417 1948 4487 compulit

362 4511 664 4575 prinicrire.
709 4504 819 4560 Nec
859 4516 1064 4560 tantum
1104 4506 1474 4562 succensionis
1517 4516 1753 4564 meretur
1788 4510 1946 4564 unius

362 4598 663 4655 occasionis
701 4598 931 4663 oblivio,
979 4608 1237 4670 quantum
1288 4600 1627 4657 Iaudaliilitas
1672 4612 1760 4655 tua
1805 4604 1945 4658 inter
1972 4579 2026 4641 θ

363 4694 614 4751 assiduos
658 4706 991 4749 commeatus
1039 4704 1252 4749 tuorum
1300 4706 1613 4763 contemptu
1667 4696 1771 4752 mei
1810 4712 1942 4751 con-

362 4788 534 4839 traxit
559 4785 791 4839 invidiaa.
824 4784 932 4840 Sed
960 4786 1033 4840 sit
1059 4787 1213 4841 venia
1244 4789 1455 4856 utrique
1477 4799 1717 4842 nostrum
1736 4827 1753 4854 ,
1777 4804 1945 4856 quan-

362 4892 523 4945 quam
558 4875 774 4943 imparis
808 4877 1160 4946 negligentia}.
1197 4878 1427 4932 l’ostliac
1460 4887 1515 4934 et
1546 4880 1660 4949 ipse
1687 4878 1944 4935 omissum

364 4981 561 5022 munus
584 4967 841 5033 instaura,
874 4977 927 5021 et
952 4967 1107 5022 nobis
1130 4968 1455 5023 rescribendi
1488 4984 1582 5038 per
1610 4971 1826 5025 eosdem
1855 4985 1944 5024 co-

364 5061 509 5129 piam
539 5068 755 5129 praesta.
778 5057 1021 5113 Diiliciiis
1043 5068 1127 5114 est
1150 5061 1293 5113 enim
1314 5058 1445 5115 milii
1469 5059 1592 5116 hinc
1612 5063 1949 5131 pergentium

365 5153 664 5221 inquisitio.
701 5152 888 5209 Denuo
923 5154 1048 5225 styli
1076 5155 1307 5209 cessabit
1333 5153 1602 5223 cilicium,
1630 5158 1731 5212 nisi
1762 5159 1835 5212 (ei
1862 5160 1947 5229 fo-

358 5252 595 5305 mili‘ares
621 5259 799 5301 nostra
813 5245 881 5300 ad
908 5253 961 5300 te
986 5244 1208 5300 redituri
1239 5248 1593 5318 susceperint.
1627 5249 1775 5305 Vale.

907 5341 1120 5399 EPIST.
1160 5341 1397 5398 XXVIII.

870 5446 1180 5488 SXIIACIIUS
1215 5448 1447 5489 ιιιιιιο.

432 5527 648 5594 Agltare
693 5535 746 5582 te
774 5526 1055 5582 venatibus
1091 5528 1231 5582 feras
1253 5567 1270 5591 .
1297 5537 1354 5582 et
1396 5523 1633 5580 hibernis
1672 5526 1947 5583 mensibus

362 5620 630 5684 Apennini
666 5620 839 5690 gelida
882 5620 1144 5687 lustrare,
1194 5619 1512 5675 valetudine
1561 5628 1669 5674 tua:
1711 5621 1946 5675 astima-

362 5709 504 5763 lionc
534 5727 804 5782 nunquam
841 5713 1061 5780 putavi:
1093 5710 1316 5768 amicior
1365 5712 1505 5767 enim
1550 5715 1741 5769 litteris
1780 5729 1940 5784 quam

364 5799 634 5857 laboribus
665 5802 947 5860 videbaris.
982 5803 1182 5859 llorum
1223 5804 1448 5861 alterum
1482 5807 1569 5861 diu
1612 5808 1678 5865 de
1708 5819 1755 5864 te
1788 5808 1936 5879 igno-

2054 3315 2548 3374 l‘ostumtanensem
2579 3336 2693 3375 rem
2717 3323 2839 3389 jure
2864 3328 3068 3394 optimo
3090 3334 3206 3385 sine
3236 3335 3341 3387 ulla
3369 3315 3642 3393 mentione

2049 3413 2303 3464 consortii
2338 3412 2409 3465 tui
2454 3417 2523 3468 ah
2561 3416 2937 3483 antiquissimo
2976 3434 3289 3489 possessore
3333 3439 3639 3495 mercatus;

2050 3516 2191 3555 nunc
2224 3504 2452 3568 primum
2493 3516 2580 3560 tua
2628 3510 2999 3567 admonitione
3026 3519 3338 3585 eonvenior,
3384 3530 3439 3575 ut
3473 3538 3639 3595 prope

2045 3610 2154 3658 tam
2186 3598 2475 3652 inveterata
2511 3606 2850 3666 possessione
2887 3604 3167 3662 decedam.
3200 3612 3365 3680 Cujus
3411 3618 3639 3684 pretium

2051 3703 2155 3740 iaon
2183 3690 2299 3758 ejus
2331 3692 2712 3748 mediocritatis
2745 3705 2862 3761 est,
2905 3709 2961 3752 ut
2990 3704 3187 3757 emisse
3213 3705 3444 3762 delectet
3473 3729 3482 3761 :
3519 3710 3643 3766 ideo

2049 3796 2168 3834 cum
2213 3788 2412 3851 possint
2444 3785 2535 3839 tibi
2570 3788 2776 3855 legibus
2805 3790 3058 3855 obviare,
3095 3804 3148 3847 et
3182 3796 3457 3853 desiderio
3483 3803 3600 3869 ejus
3624 3846 3637 3866 ,

2048 3874 2199 3942 cujus
2236 3889 2323 3926 res
2362 3885 2606 3944 aguntur.
2648 3878 2911 3934 obsiserc
2944 3898 2957 3933 :
2999 3886 3208 3949 cupiam
3239 3896 3418 3942 tamen
3460 3888 3637 3949 iacio.

2051 3975 2108 4016 ut
2136 3962 2275 4029 quod
2305 3968 2513 4035 argenti
2554 3969 2799 4024 dedimus
2831 3963 3128 4037 venditori,
3176 3978 3225 4031 id
3274 3980 3473 4036 homini
3518 4002 3642 4041 meo

2050 4058 2263 4113 Eusrio.
2287 4062 2369 4111 cui
2392 4075 2600 4115 summa
2619 4076 2892 4132 comperta
2915 4079 3015 4131 est,
3041 4068 3277 4138 digneris
3297 4076 3633 4143 expendere:

2048 4152 2092 4204 si
2123 4162 2296 4205 tamen
2342 4164 2604 4221 prteoptas
2650 4168 2829 4211 nostra
2875 4164 3137 4231 mercari,
3168 4181 3329 4234 quam
3366 4180 3453 4223 tua
3493 4187 3638 4228 nexu

2049 4246 2392 4316 obligationis
2415 4249 2714 4306 absolvere.
2750 4253 2896 4306 Vale.

2612 4342 2825 4399 EPIST.
2871 4344 3061 4400 XXXI.

2530 4448 2834 4490 SYIIACIIUS
2871 4451 3158 4496 CARTEIIO.

2121 4519 2273 4585 Quod
2299 4520 2694 4579 deicndendum
2720 4541 2912 4582 socero
2934 4539 3072 4595 erat,
3097 4532 3249 4602 cujus
3272 4542 3326 4590 te
3349 4539 3637 4599 momordit

2048 4612 2305 4683 querela,
2345 4622 2715 4684 competenter
2762 4618 2816 4671 in
2862 4618 3163 4689 Epictetum
3205 4636 3510 4691 commotus
3538 4630 3635 4685 im-

2048 4704 2225 4772 plesti.
2252 4703 2412 4760 Caret
2432 4703 2574 4773 foro,
2598 4716 2654 4762 et
2676 4708 2990 4766 inconsulta:
3014 4713 3209 4783 lingua
3235 4718 3464 4785 pretium
3492 4722 3632 4777 tulit.

2048 4798 2146 4861 Ac,
2176 4798 2220 4851 si
2249 4797 2374 4864 quid
2402 4796 2534 4852 mihi
2557 4800 2753 4867 credis,
2783 4807 3120 4859 contumeliae
3143 4808 3338 4865 talione
3359 4821 3634 4869 correctus

2048 4899 2151 4943 est.
2203 4887 2353 4943 Nunc
2404 4892 2674 4961 ingenium
2728 4904 2876 4948 tuum
2927 4911 3209 4967 moresque
3251 4903 3632 4968 considerans.

2049 4979 2205 5035 llecte
2232 4980 2298 5033 ad
2322 4981 2531 5038 veniam
2554 4984 2869 5054 placabilem
2891 4989 3241 5046 voluntatem.
3264 4993 3383 5050 Scis
3400 4998 3633 5053 causidi-

2048 5086 2237 5126 corum
2267 5087 2411 5143 saepe
2441 5074 2767 5144 improvidos
2808 5072 2987 5149 lapsus
3018 5099 3029 5132 :
3059 5093 3115 5137 et
3141 5099 3263 5139 eum
3287 5098 3510 5142 ornares
3535 5091 3628 5143 tri-

2053 5162 2291 5232 bunalia,
2318 5174 2443 5221 ante
2461 5166 2732 5234 defensor,
2762 5180 2884 5239 post
2903 5175 3145 5241 cognitor
3161 5173 3480 5246 iurgiorum,
3510 5182 3633 5236 talis

2048 5255 2417 5311 advocationis
2460 5260 2632 5313 errori
2680 5262 2994 5333 plerumque
3040 5266 3304 5322 restitisti.
3353 5269 3459 5325 Sed
3503 5274 3629 5341 quia

2049 5361 2191 5400 nunc
2216 5346 2401 5415 aliqui,
2429 5363 2655 5417 quorum
2679 5359 2788 5406 tuta
2813 5351 3007 5424 ﬂagitia
3034 5364 3189 5423 sunt,
3218 5357 3445 5427 Epicteti
3471 5363 3630 5419 amici

2055 5442 2158 5494 inei
2190 5442 2399 5495 silentio
2424 5444 2763 5507 claruerunt;
2802 5461 3018 5513 qumso,
3060 5463 3127 5503 ne
3165 5448 3258 5503 diu
3304 5451 3632 5508 infortunan

2053 5534 2230 5601 potius
2257 5548 2414 5601 quam
2465 5533 2736 5591 innocenti
2766 5538 2983 5606 patiaris
3006 5539 3175 5595 illudi.
3206 5540 3389 5599 Faciet
3415 5552 3492 5597 vir
3515 5562 3631 5599 ani-

2052 5624 2365 5694 plissimus,
2411 5629 2711 5682 communis
2754 5629 2940 5692 frater.
2985 5632 3243 5702 quidquid
3287 5647 3340 5689 te
3368 5640 3501 5692 t’cllc
3541 5654 3629 5694 co-

2048 5718 2316 5787 gnuverit.
2349 5718 2458 5773 Erit
2495 5721 2657 5775 etiam
2702 5720 2795 5775 ille
2836 5739 2853 5791 ι
2908 5733 3113 5793 impius
3143 5725 3207 5779 ad
3242 5732 3629 5784 restituendum

2048 5814 2095 5863 ei
2128 5826 2318 5866 munus
2344 5813 2560 5879 orandi,
2593 5814 2638 5867 si
2668 5813 2952 5870 voluntatis
2990 5824 3092 5871 tum
3130 5831 3302 5872 sumat
3348 5821 3623 5875 indicium.
