4300 6432
1827 343 1889 410 Q.
1933 340 2277 401 AUREIJUS
2318 342 2756 407 SVMMACIIUS.
3812 357 3919 413 335

646 459 724 511 Tu
756 456 909 509 modo
945 453 1224 524 benignam
1258 460 1490 508 mentem
1525 452 1715 508 litteris
1744 454 1878 508 meis
1910 457 2151 526 npplica;
2181 463 2233 511 et
2262 455 2311 515 Α
2339 458 2633 526 periurum.
2681 461 2789 517 Sed
2829 461 2912 519 {ac
2943 464 3285 521 mediocriter
3327 481 3355 520 a
3396 475 3448 523 te
3485 465 3756 523 hominem
3795 482 3922 525 esse

644 549 730 617 qui
765 561 897 619 togae
926 547 1128 602 amicus
1157 560 1253 612 es,
1293 545 1446 615 cujus
1475 544 1633 605 laude
1663 560 1822 615 supra
1856 546 1990 602 alios
2030 548 2229 619 splen—
2333 568 2342 622 ι

2219 576 2229 588 ι
2333 560 2667 624 perspectum
2695 573 2709 610 :
2737 556 2815 611 fas
2840 572 2948 613 non
2979 566 3087 624 est,
3111 560 3154 613 si
3181 559 3305 628 quid
3332 561 3520 616 tribuis
3548 561 3795 615 amicitia
3820 576 3917 617 no-

643 643 798 697 tluisti
818 684 834 709 ,
865 642 1089 695 honesto
1113 638 1286 693 ordini
1316 647 1495 694 notam
1521 637 1775 705 detrahe,
1819 650 1873 696 et
1906 640 2107 699 homini
2134 655 2229 711 pa-

640 752 756 791 rum
788 742 946 790 cauto
976 742 1192 804 rogatus
1227 730 1463 799 ignosce.
1500 731 1651 787 Vale.

1198 824 1415 881 EPIST.
1456 824 1675 884 XXXII.

1120 932 1433 973 δῖιιιιειιυι
1460 931 1734 975 ιλιωηιο.

710 1012 933 1069 Solebas
977 1011 1237 1077 antehac,
1285 1024 1409 1067 cum
1451 1009 1808 1068 tribunalibus
1837 1010 2220 1080 prasiderem,

640 1107 736 1171 fori
785 1106 989 1159 tirones
1035 1101 1417 1163 commendare
1455 1100 1674 1172 judiciis
1702 1118 1717 1155 :
1749 1102 1891 1173 quod
1930 1117 2072 1161 nunc
2098 1103 2222 1158 offi-

634 1200 777 1252 cium
807 1210 963 1254 versa
1006 1194 1318 1252 conditione
1359 1194 1604 1263 suscepi,
1648 1194 1741 1264 qui
1784 1196 2094 1265 magisterio
2131 1205 2223 1252 tuo

632 1288 977 1344 causidicina:
1003 1285 1215 1341 insinuo
1237 1286 1572 1340 candidatos.
1603 1285 1717 1353 Qua
1747 1286 1797 1339 in
1829 1301 1888 1340 re
1918 1302 2095 1343 meum
2123 1304 2220 1341 ne-

632 1396 788 1439 cesse
812 1392 896 1438 est
920 1380 1162 1450 sequaris
1186 1378 1489 1448 exemplum
1517 1396 1529 1431 :
1564 1387 1620 1432 ut
1642 1393 1748 1446 qua
1780 1377 2037 1434 facilitate
2071 1378 2225 1433 obla-

636 1488 719 1528 tos
747 1491 774 1527 a
803 1485 856 1530 te
881 1473 1189 1543 frequenter
1217 1471 1432 1538 admisi,
1456 1470 1643 1526 eadem
1670 1470 1930 1542 religione
1957 1472 2222 1540 suscipias

632 1588 723 1629 me
748 1580 1015 1628 assertore
1047 1569 1357 1640 productos.
1388 1568 1537 1625 Vale.

1175 1660 1388 1719 EPIST.
1428 1659 1667 1717 XXXIII.

702 1761 1077 1814 Assectatores
1097 1756 1264 1828 diligo
1290 1756 1610 1821 litterarum,
1640 1768 1747 1811 non
1761 1756 1914 1820 quod
1942 1757 2217 1815 mihicum

2327 652 2458 698 strte
2474 684 2488 709 ,
2515 655 2572 699 ut
2595 653 2717 717 post
2739 648 3098 703 testimonium
3122 665 3298 705 meum
3320 659 3568 723 tanquam
3594 667 3761 707 novus
3783 651 3919 707 ami-

2327 746 2422 789 cus
2448 735 2541 791 tibi
2563 736 2809 794 accedat.
2833 739 2982 794 Vale.

2858 830 3076 889 EPIST.
3120 832 3383 890 XXXVII.

2908 936 3334 981 $YIIACII08...”

2394 1008 2615 1066 Pumice
2643 1010 2807 1067 animi
2848 1026 3017 1081 usque
3046 1013 3113 1069 ad
3152 1015 3471 1072 valetudinis
3507 1025 3613 1071 tuae
3644 1017 3913 1072 nuntium.

2327 1096 2457 1155 Nam
2492 1101 2720 1156 infirmis
2748 1103 2925 1161 adhuc
2952 1106 3158 1163 viribus
3185 1109 3292 1163 tuis
3320 1108 3557 1165 laborent
3586 1111 3791 1166 itineris
3816 1111 3912 1167 ad.

2324 1191 2531 1258 didisti,
2563 1208 2662 1249 nec
2694 1211 2909 1265 possunt
2936 1214 3101 1267 super
3130 1199 3232 1255 hoc
3271 1203 3685 1257 commeantium
3707 1217 3917 1259 sermo-

2326 1288 2482 1343 nibus
2526 1305 2646 1345 esse
2695 1302 3006 1359 tantentus,
3052 1293 3316 1363 siquidem
3347 1295 3521 1365 major
3559 1296 3772 1352 affectio
3814 1311 3915 1366 pro

2326 1377 2476 1435 falsis
2504 1381 2711 1451 accepit
2738 1383 2896 1438 dubia
2926 1400 3222 1439 rumorum.
3251 1385 3466 1457 Exopto
3492 1387 3653 1457 igitur
3682 1387 3913 1455 litteras.

2323 1488 2550 1541 quarum
2581 1476 2713 1531 fides
2738 1486 2986 1546 apportet
3008 1478 3137 1534 mihi
3158 1480 3227 1535 de
3249 1488 3301 1536 te
3318 1488 3521 1535 certam
3542 1481 3909 1538 securitatem.

2326 1563 2384 1621 Si
2412 1564 2538 1634 quid
2564 1566 2679 1635 ipse
2711 1582 2951 1625 meorum
2983 1580 3199 1625 actuum
3230 1571 3370 1625 scire
3398 1571 3671 1642 postulas,
3697 1570 3768 1627 sb
3795 1573 3914 1642 epi-

2322 1656 2479 1713 stolas
2505 1659 2774 1729 perlatore
2803 1676 3113 1733 cognosces.
3152 1662 3249 1719 Est
3290 1666 3433 1719 enim
3464 1664 3619 1721 nobis
3654 1664 3913 1721 concilia-

2324 1749 2561 1806 tissimus
2584 1752 2657 1805 ob
2681 1756 2803 1807 vita
2829 1754 3188 1825 integritatem
3204 1797 3220 1822 ,
3250 1754 3551 1826 dignusque
3569 1794 3586 1822 ,
3625 1769 3716 1812 me
3739 1762 3909 1822 teste,

633 1854 830 1909 talibus
858 1852 1045 1908 studiis
1077 1852 1187 1905 ulla
1228 1853 1474 1919 cognatio
1505 1848 1606 1913 sit;
1647 1847 1743 1904 sed
1786 1848 1911 1919 quia
1956 1850 2218 1920 professio
2247 1831 2301 1897 Β
2323 1840 2413 1912 qui
2439 1841 2630 1900 Iedulo
2653 1844 2845 1900 domus
2876 1852 2980 1899 tum
3007 1845 3301 1902 cultoribus
3331 1847 3619 1907 inseratur.
3647 1844 3800 1904 Vale.

635 1948 893 1998 nonarum
926 1943 1151 2007 artium,
1203 1940 1353 2009 quasi
1384 1937 1729 2008 pulchritudo
1750 1939 1913 1995 etiam
1957 1940 2012 1995 in
2042 1942 2217 1998 alieno

614 2051 860 2103 corpore
901 2034 1071 2089 locata
1109 2032 1361 2088 delectat.
1412 2031 1601 2086 Merito
1630 2029 2065 2087 Valentinianum
2095 2048 2221 2089 con-

632 2147 819 2196 μτστεκυ
866 2128 996 2183 milii
1039 2126 1273 2197 primore
1297 2134 1663 2194 compertum,
1707 2124 1915 2195 paginis
1965 2128 2216 2196 prosequi

631 2221 868 2275 otticium
898 2218 1071 2278 dari;
1108 2228 1165 2274 ut
1191 2216 1242 2273 ei
1273 2215 1413 2285 apud
1458 2224 1509 2272 te
1547 2216 1776 2286 primam
1816 2215 2035 2284 januam
2066 2231 2220 2274 meus

632 2326 811 2366 sermo
839 2318 1139 2371 reserarct.
1169 2322 1265 2363 sua
1306 2308 1412 2361 vita
1451 2319 1609 2376 atque
1648 2308 1881 2364 eruditio
1906 2307 2221 2366 conciliaret

632 2408 922 2461 :unicitiam
950 2402 1267 2474 pleniorem.
1299 2400 1455 2457 Vale.

1173 2497 1217 2552 Ε
1264 2494 1389 2551 IST.
1433 2493 1672 2551 XXXIV.

706 2590 969 2654 Ileli;iosa
998 2603 1127 2643 cura
1162 2597 1273 2651 est,
1307 2601 1426 2652 qua:
1456 2589 1752 2641 amicorum
1788 2586 1971 2641 liberis
2000 2586 2221 2643 exhibe-

633 2691 720 2736 tur
758 2701 768 2733 :
814 2680 1147 2749 prmst-rtim,
1196 2679 1242 2733 si
1289 2677 1621 2733 familiaritas
1668 2678 1961 2749 majoribus
2007 2678 2219 2746 delata,

634 2776 935 2829 etnuuletur
982 2771 1187 2827 meritis
1233 2780 1593 2840 posterorum.
1638 2769 1696 2824 In
1741 2784 1855 2825 rem
1902 2778 2222 2840 praesentem

636 2878 844 2940 spectat
873 2872 1091 2937 praelata
1120 2873 1407 2920 sententia.
1440 2864 1569 2921 Nam
1596 2864 1945 2935 Lampadium
1973 2863 2035 2920 C.
2058 2863 2129 2920 ﬂ.
2157 2862 2217 2920 V.

635 2978 744 3017 non
773 2963 955 3031 utique
980 2960 1044 3013 ad
1074 2975 1132 3013 se
1162 2959 1309 3025 pensi
1336 2955 1517 3022 habui,
1543 2965 1600 3012 ut
1621 2960 1759 3013 solet
1778 2970 1901 3013 esse
1930 2956 2221 3013 multorum

631 3053 835 3109 caduca
866 3061 921 3108 et
962 3050 1165 3121 fragilis
1194 3048 1405 3104 aﬂectio
1432 3064 1448 3101 :
1480 3048 1575 3105 sed
1612 3065 1681 3105 ex
1706 3064 1772 3105 eo
1807 3050 2016 3119 genitos
2039 3092 2055 3118 ,
2087 3049 2222 3105 etin

639 3149 778 3200 bona
814 3154 1031 3214 paterna
1061 3143 1291 3198 nitentes
1328 3151 1614 3211 prorogato
1643 3156 1828 3196 amore
1864 3141 2220 3211 contemplor.

2840 1934 3060 1993 EPIST.
3104 1936 3385 1993 XXXVIII.

2892 2046 3324 2087 GVIIACHUS.....

2393 2124 2726 2182 Antistianus
2750 2126 2833 2181 vir
2857 2126 3063 2183 ordinis
3095 2128 3285 2196 nostri,
3318 2128 3451 2185 olim
3482 2126 3613 2185 mihi
3642 2128 3911 2200 probitate

2322 2217 2447 2272 vita;
2475 2218 2825 2287 complacitus
2852 2229 2953 2283 est,
2984 2229 3039 2275 et
3063 2218 3303 2276 honestis
3330 2234 3488 2276 carus
3505 2220 3722 2277 officiis.
3754 2221 3911 2291 Quod

2320 2323 2411 2363 me
2439 2322 2505 2364 es
2539 2323 2669 2365 vero
2698 2310 2904 2379 potius,
2935 2326 3094 2379 quam
3125 2311 3179 2367 in
3218 2310 3443 2382 gratiam
3473 2311 3592 2383 ejus
3630 2326 3908 2380 asserere,

2322 2400 2551 2471 qualitas
2576 2404 2858 2467 praesentis
2882 2402 3135 2459 desiderii
3159 2402 3413 2459 ostendit.
3444 2402 3577 2459 Nam
3603 2403 3694 2459 diu
3724 2403 3914 2473 patria

2323 2506 2439 2547 sum
2483 2493 2693 2549 functus
2727 2493 3079 2565 defensione,
3128 2495 3399 2551 desiderat
3444 2504 3650 2552 tantum
3700 2504 3911 2567 portum

2324 2586 2549 2654 privata
2580 2586 2777 2655 quietis
2816 2587 3061 2658 adipisci.
3090 2588 3221 2657 Quae
3260 2603 3349 2643 res
3388 2587 3483 2643 tibi
3507 2588 3911 2646 commendabi-

2325 2676 2428 2732 lem
2476 2675 2707 2744 faceret,
2738 2676 2950 2734 etiamsi
2981 2694 3135 2734 meus
3170 2695 3277 2734 non
3318 2679 3668 2735 interveniret
3696 2680 3913 2738 matus.

2325 2770 2479 2825 Soles
2514 2771 2658 2825 enim
2696 2785 2795 2841 pro
2834 2779 2921 2826 tua
2952 2772 3150 2827 virtute
3178 2772 3406 2843 diligere
3432 2770 3656 2841 cupidos
3687 2770 3821 2840 otii,
3858 2782 3914 2830 et

2326 2862 2540 2916 nescios
2554 2860 2848 2916 ambiendi.
2864 2862 3062 2918 Oratus
3084 2862 3244 2933 igitur
3264 2871 3423 2933 atque
3442 2869 3697 2918 exoratus
3718 2861 3914 2919 litteris

2328 2954 2495 3018 meis,
2544 2951 2767 3021 dignare
2814 2954 3115 3009 concedere
3161 2962 3397 3023 optatam
3441 2954 3680 3024 requiem
3722 2966 3916 3010 vacare

2328 3045 2587 3115 cupienti.
2621 3045 2729 3102 Nec
2760 3046 2933 3107 deerit
2962 3046 3365 3117 subrogandus,
3396 3059 3520 3101 cum
3560 3044 3719 3101 facile
3741 3060 3809 3101 ex
3834 3053 3916 3101 tot

2329 3139 2664 3209 optimatium
2708 3154 2936 3195 numero
2973 3154 3157 3209 parem
3193 3138 3297 3195 fide
3325 3147 3488 3207 atque
3529 3136 3796 3195 industria
3833 3136 3915 3194 vi-

640 3240 751 3295 llos
791 3210 885 3293 tibi
918 3236 1069 3292 trado
1108 3236 1179 3291 ab
1215 3233 1361 3291 omni
1398 3233 1590 3302 injuria
1620 3232 1989 3290 vindicandos.
2030 3210 2225 3299 Quaeso
2252 3210 2302 3279 ο
2331 3244 2449 3285 rum
2483 3237 2569 3284 tua
2600 3228 2904 3287 edecimare
2927 3231 3098 3299 possit
3124 3229 3337 3285 electio.
3368 3228 3522 3285 Vale.

640 3343 697 3386 nt
727 3332 896 3386 vicem
930 3345 1135 3393 meam,
1167 3328 1210 3385 si
1240 3341 1369 3382 usus
1398 3325 1611 3387 tulerit,
1638 3326 1814 3394 justus
1839 3325 2042 3382 arbiter
2065 3339 2222 3381 exse-

640 3423 839 3491 quaris.
889 3419 1109 3475 Ilultum
1151 3417 1310 3487 hujus
1353 3416 1598 3477 beneficii
1644 3415 1951 3485 impetratio
1980 3418 2032 3473 in
2078 3425 2223 3472 tuam

640 3514 875 3578 laudem,
909 3512 962 3564 in
984 3525 1159 3567 meum
1187 3508 1413 3579 gratiam
1441 3505 1801 3577 promovebit.
1834 3506 1983 3563 Vale.

1192 3598 1409 3656 EPIST.
1454 3596 1670 3654 XXXV.

1216 3708 1547 3751 εεωιλειιυς.
1560 3736 1570 3745 .
1582 3732 1647 3748 ..-

713 3792 907 3847 Multas
948 3795 1086 3846 inter
1122 3804 1221 3845 nos
1255 3789 1556 3845 officiorum
1584 3790 1730 3844 vices
1777 3786 2044 3844 scribendi
2091 3803 2224 3842 cun-

639 3889 875 3941 ctatione
900 3883 1248 3953 perdidimus.
1272 3881 1386 3935 Non
1412 3884 1582 3936 sinam
1608 3880 1827 3949 produci
1849 3880 2059 3949 longius
2080 3894 2231 3935 com-

644 3992 805 4031 mune
832 3976 1107 4031 dclictum.
1137 3973 1367 4027 Assumo
1391 3972 1550 4042 igitur
1572 3971 1699 4026 mihi
1730 3971 1965 4043 religiosi
1990 3974 2229 4025 muneris

642 4078 821 4137 partes
862 4067 1069 4135 priores
1105 4081 1121 4120 :
1160 4072 1218 4118 et
1244 4064 1290 4119 si
1328 4064 1529 4120 referre
1574 4065 1736 4120 verba
1782 4064 1815 4119 d
1840 4065 2090 4127 stuleris,
2120 4078 2227 4118 non

645 4161 864 4214 mutabo
892 4158 1244 4228 preposituni.
1276 4156 1406 4211 Tute
1434 4156 1837 4211 deliberationis
1867 4158 1968 4210 erit
1999 4158 2126 4211 inter
2140 4173 2228 4210 ca-

642 4252 781 4320 pedo
805 4250 1047 4319 rescripti
1076 4267 1088 4302 :
1118 4249 1277 4303 modo
1300 4248 1631 4311 memineris.
1658 4250 2015 4305 acceleratum
2042 4252 2228 4320 gratiae

644 4357 942 4401 recursum.
974 4341 1265 4393 voluntatis
1292 4339 1441 4408 signa
1467 4338 1747 4407 prmferre,
1780 4353 1960 4393 serum
1985 4339 2227 4395 necessi-

641 4432 786 4488 tatis.
817 4432 961 4486 Satis
989 4431 1117 4484 milii
1141 4430 1325 4483 videor
1353 4429 1718 4484 instaurandis
1744 4432 2083 4485 commerciis
2113 4432 2225 4501 epi-

639 4525 899 4580 stolarum
934 4524 1159 4578 locutus.
1197 4522 1327 4577 Dein
1351 4536 1530 4577 sermo
1559 4522 1736 4577 Probo
1756 4523 1998 4592 portitori
2027 4523 2224 4592 aliquid

2870 3321 3085 3380 EPIST.
3128 3322 3371 3378 XXXIX.

2900 3433 3252 3475 οηιλοιιυι..
3264 3458 3277 3472 .
3288 3458 3326 3473 ..

2401 3512 2736 3569 Desiderium
2766 3513 2898 3568 mihi
2930 3512 3178 3567 amicitite
3206 3524 3310 3568 tua:
3336 3514 3502 3569 frater
3525 3527 3678 3570 meus
3709 3509 3910 3579 Nicias,

2330 3619 2450 3659 cum
2499 3605 2685 3676 primis
2733 3603 3175 3675 philosophorum
3235 3605 3599 3661 numerandus
3660 3606 3913 3672 incuss't,

2331 3704 2608 3764 postquam
2632 3710 2727 3765 per
2746 3696 3029 3765 epistolam
3060 3696 3181 3751 fecit
3206 3695 3486 3775 indicium,
3518 3695 3659 3765 quod
3678 3697 3729 3753 ei
3750 3696 3913 3751 filiam

2333 3798 2475 3843 tuam
2504 3787 2605 3843 fida
2650 3789 2897 3859 pactione
2920 3788 3293 3857 desponderis.
3332 3790 3464 3856 ουκ
3492 3804 3579 3846 res
3608 3788 3916 3845 testimonio

2330 3892 2449 3943 est,
2496 3882 2766 3936 sincerum
2814 3881 2907 3937 tibi
2954 3882 3132 3937 inesse
3171 3881 3429 3951 judicium
3472 3897 3487 3935 :
3527 3890 3582 3936 et
3625 3892 3913 3950 propterea

2333 3972 2745 4027 familiaritatem
2771 3974 2845 4027 tui
2877 3972 3021 4027 ultro
3048 3987 3238 4027 omnes
3266 3972 3440 4027 bonos
3466 3971 3665 4027 debere
3694 3972 3909 4027 sectari.

2330 4067 2538 4121 Asserit
2564 4066 2706 4120 enim
2734 4064 3062 4130 probabilem
3089 4073 3322 4119 mentem
3350 4064 3471 4119 talis
3499 4063 3714 4119 electio.
3736 4062 3915 4130 Quare

2328 4159 2549 4228 optimae
2578 4156 2837 4211 voluntati
2880 4158 3059 4211 calcar
3087 4155 3370 4223 admoveo,
3418 4164 3577 4225 teque
3616 4155 3824 4219 hortor,
3854 4164 3916 4211 ut

2330 4249 2724 4318 quamprimum
2778 4247 3202 4302 Iandatissimum
3250 4261 3510 4317 generum
3570 4245 3674 4301 diis
3716 4245 3912 4316 juvan-

2330 4342 2473 4397 tibus
2502 4340 2763 4395 sortiaris.
2788 4340 2955 4409 Cujus
2983 4340 3219 4394 accessio
3252 4340 3345 4393 tibi
3376 4347 3431 4394 et
3458 4338 3764 4395 conciliabit
3785 4352 3915 4409 gra-

2332 4436 2458 4487 tiam
2488 4432 2867 4501 plurimorum,
2899 4440 2955 4485 et
2991 4432 3155 4487 decus
3188 4430 3467 4486 afﬁnitatis
3490 4430 3725 4501 adjiciet.
3757 4430 3910 4487 Vale.

2930 4524 3146 4581 EPIST.
3192 4524 3304 4579 XL.

641 4616 888 4672 utilitatis
907 4616 1070 4708 debet
1098 4614 1313 4669 afferre.
1365 4614 1454 4667 Est
1488 4614 1631 4669 enim
1663 4589 1793 4668 milii
1826 4589 2220 4670 familiaris—di-
2251 4589 2307 4651 Ῑ)
2402 4620 2557 4673 Ratio
2585 4617 2799 4688 quidem
2842 4617 3061 4687 justitize
3103 4617 3246 4671 serio
3281 4630 3497 4684 semper
3525 4614 3766 4671 habenda
3806 4622 3912 4672 est.

641 4723 883 4780 gnusque
925 4704 1227 4777 patrocinio
1276 4714 1365 4762 tuo
1404 4721 1606 4774 :quem
1655 4704 1698 4760 si
1747 4704 1958 4773 ριιιίἀη
2000 4722 2095 4763 «τε
2136 4721 2225 4763 re-

639 4801 917 4870 spexeris,
950 4799 1188 4854 fortunas
1214 4812 1338 4852 snas
1368 4799 1602 4852 crevisse
1628 4798 1899 4867 gaudebit.
1931 4799 2080 4855 Vale.

1182 4888 1394 4944 EPIST.
1438 4888 1679 4944 XXXVI.

1214 4994 1566 5035 SYIHACBUSu
1578 5016 1616 5034 ο.
1628 5020 1642 5033 .

711 5074 914 5129 Taceas
939 5072 1083 5138 licet,
1111 5079 1164 5129 et
1195 5071 1501 5126 salutationi
1532 5071 1862 5140 respondere
1885 5071 2189 5129 dissimules
2210 5113 2226 5140 ,

644 5180 915 5237 nunquam
942 5178 1029 5219 me
1051 5178 1081 5217 a
1108 5162 1360 5233 religioso
1391 5161 1572 5218 ofﬁcio
1598 5162 1919 5219 ilimovebis.
1954 5164 2226 5221 Excedam

643 5261 996 5330 quandoque,
1045 5266 1106 5313 ut
1154 5258 1257 5312 hac
1305 5255 1667 5314 obstinatione
1714 5258 1966 5315 decedas.
2021 5260 2227 5317 Interea

644 5352 872 5408 necdum
899 5356 1210 5419 recuperata
1241 5347 1430 5405 fiducia
1462 5350 1576 5413 tui,
1620 5351 1792 5405 audax
1824 5367 2016 5407 tuunus
2045 5354 2197 5422 ingie

644 5448 779 5501 dior.
821 5444 1211 5501 Commendare
1265 5442 1406 5499 enim
1470 5444 1563 5500 tibi
1616 5440 1771 5513 h‘ujtts
1809 5447 1992 5516 scripti
2034 5446 2227 5502 studeo

644 5554 944 5605 veczorcm,
973 5538 1222 5608 juvenem
1260 5539 1534 5606 gravitatis
1574 5548 1813 5604 exactae,
1859 5538 2093 5609 mihique
2130 5540 2227 5595 du-

643 5635 767 5687 dum
803 5635 1079 5702 probatum
1114 5646 1208 5700 per
1253 5630 1475 5686 honesta
1522 5631 1876 5700 documenta,
1927 5646 2027 5687 nec
2072 5632 2224 5686 inex-

644 5735 853 5795 pertum
888 5725 962 5792 (si
1002 5732 1146 5779 recte
1184 5724 1426 5792 aestimo)
1461 5724 1663 5793 Judicio
1695 5732 1785 5779 tuo
1812 5740 1827 5781 ;
1856 5725 1974 5795 quia
2004 5738 2226 5779 securus

644 5819 765 5871 vita:
793 5824 848 5871 ct
874 5813 1073 5871 militia:
1094 5816 1323 5883 veteris,
1355 5830 1624 5885 nunquam
1657 5815 1851 5885 refugit
1878 5830 2103 5873 examen
2133 5830 2226 5871 su-

2330 4712 2436 4767 Sed
2464 4711 2603 4765 circa
2632 4709 2839 4764 nobiles
2872 4707 3285 4779 probabilesque
3315 4721 3577 4776 personas
3606 4706 3725 4775 plus
3753 4704 3915 4761 debet

2330 4818 2451 4860 esse
2482 4800 2890 4865 moderaminis,
2931 4810 2989 4854 ut
3018 4798 3368 4869 perspiciatur
3398 4798 3452 4851 in
3480 4798 3805 4852 discretione
3827 4797 3905 4867 ju-

2331 4895 2553 4950 dicium.
2602 4893 2714 4947 lluc
2749 4907 2817 4947 eo
2863 4891 3171 4961 proloquor,
3224 4897 3283 4944 ut
3329 4889 3692 4945 interventum
3734 4902 3914 4944 meum

2332 4984 2680 5057 generalita'e
2737 4982 3128 5039 commendem.
3183 4980 3367 5037 Genus
3416 4990 3594 5035 autem
3646 4977 3916 5050 petitionis

2338 5077 2641 5147 hnjnsmodi
2670 5084 2772 5130 e~t.
2808 5074 2931 5146 Agri
2956 5074 3160 5129 sororis
3189 5087 3323 5128 mete
3347 5070 3559 5135 Italica,
3587 5070 3810 5127 illustris
3838 5070 3917 5126 fe-

2338 5178 2529 5235 minae,
2560 5171 2767 5224 cultore
2790 5166 2997 5222 vacuati
3018 5207 3034 5231 ,
3073 5175 3128 5221 et
3165 5165 3288 5219 fessi
3318 5178 3485 5218 onere
3508 5176 3787 5217 munerum
3818 5175 3917 5231 pu-

2336 5265 2618 5325 blicorum,
2643 5260 2926 5331 judiciaria
2949 5257 3271 5311 auctoritate
3298 5252 3572 5309 refovendi
3593 5260 3738 5308 sunt.
3768 5250 3916 5308 IIanc

2334 5374 2487 5422 mem
2514 5373 2581 5407 ue
2618 5356 2690 5407 tui
2724 5352 2889 5406 animi
2922 5350 3174 5419 aequitate
3204 5348 3444 5419 promisi.
3472 5345 3629 5400 Certa
3664 5354 3748 5399 est
3770 5344 3913 5400 enim

2333 5448 2401 5503 de
2447 5447 2706 5501 bonorum
2760 5452 2939 5497 mente
3000 5439 3367 5511 pratsumptio.
3420 5436 3706 5506 Sponsioni
3759 5435 3916 5505 igitur

2333 5553 2497 5601 meae,
2528 5537 2571 5590 si
2600 5536 2693 5590 tibi
2725 5534 2873 5589 cordi
2913 5546 3063 5595 sum,
3102 5530 3263 5586 fidem
3305 5537 3523 5600 praesta,
3578 5535 3632 5582 et
3659 5523 3915 5596 quidquzd

2332 5632 2492 5686 rebus
2523 5642 2681 5697 atque
2712 5626 3013 5682 rationibus
3053 5632 3313 5679 matrona:
3352 5622 3592 5677 absentis
3612 5633 3913 5675 accommo-

2332 5722 2460 5777 dum
2489 5729 2593 5785 est,
2625 5730 2753 5774 nutu
2778 5719 2918 5773 facili
2945 5717 3140 5783 tribue,
3166 5730 3301 5771 mea:
3324 5714 3679 5783 imputaturus
3706 5710 3914 5782 gratim,

2332 5811 2589 5882 quidquid
2618 5811 2692 5866 illi
2725 5808 2921 5867 favoris
2951 5804 3296 5876 impenderis.
3332 5804 3481 5859 Vale.
