4300 6492
436 351 538 407 337

1027 459 1240 513 ICI‘HT.
1288 458 1418 510 XLI.

504 555 676 607 Silere
707 569 810 605 non
838 552 994 605 debiti
1023 569 1087 604 eo
1113 564 1480 613 commeante,
1514 549 1603 616 qui
1644 560 1766 604 tuus
1793 559 1872 602 i-st
1902 566 1914 601 :
1947 551 2020 601 si-

434 649 649 719 quidem
709 644 1050 700 necesitudo
1103 643 1241 696 inter
1283 656 1375 694 vos
1418 643 1588 694 futura
1633 639 1918 707 persuadet
1964 648 2021 692 ut

435 745 648 812 utrique
687 753 923 795 vestrum
971 740 1161 793 similis
1203 757 1231 792 :t
1277 754 1364 792 me
1413 737 1684 805 diligen'ia
1729 739 2018 792 deleatur.

434 837 611 901 Quare
646 833 1016 890 salutationem
1072 831 1383 885 litterariam
1429 829 1522 883 tibi
1566 828 1780 891 defero,
1814 843 1862 882 ei
1897 829 2020 882 hor-

433 939 520 982 tor
549 937 604 980 ut
635 931 804 979 virum
839 924 1247 977 devotissimum
1277 922 1577 983 Ticianttm,
1612 920 1851 990 mihique
1889 921 2024 973 ami-

433 1019 753 1080 cissimum,
820 1017 1106 1085 pra-inissa:
1163 1013 1556 1081 coniunctionis
1623 1013 2018 1081 quamprimum

432 1116 736 1177 compotem
766 1117 1010 1176 pratstes.
1049 1105 1197 1157 Vale.

1020 1195 1236 1252 EPIST.
1273 1194 1433 1248 XLII.

507 1293 736 1348 Fructus
760 1290 958 1344 laboris
985 1297 1101 1354 est,
1128 1290 1339 1358 placere
1365 1288 1696 1350 melioribus.
1729 1298 1778 1343 et
1816 1302 1908 1353 pro
1939 1290 2018 1340 in-

433 1383 637 1440 dustria
670 1392 833 1450 atque
861 1379 1166 1449 integritate
1199 1381 1426 1448 palmam
1470 1380 1654 1448 judicii
1703 1395 2020 1448 promereri.

431 1479 770 1547 Quapropter
815 1477 1082 1545 Benignits
1115 1476 1177 1530 V.
1205 1477 1269 1529 (ἒ.
1306 1476 1446 1531 filius
1475 1491 1646 1540 meus,
1675 1479 1748 1530 rei
1785 1477 2021 1530 frumen-

437 1573 590 1628 taria:
618 1571 886 1642 negotium
905 1569 1144 1638 pervigili
1167 1570 1374 1635 animo,
1405 1579 1457 1624 et
1483 1570 1628 1633 puris
1661 1568 1906 1623 manibus
1934 1585 2027 1621 ex-

438 1676 693 1731 secutus,
723 1665 891 1718 solam
923 1664 989 1718 de
1022 1675 1072 1719 te
1101 1665 1404 1719 mercedem
1432 1664 1560 1733 justi
1590 1665 1790 1716 amoris
1833 1678 2026 1730 exspe-

435 1769 569 1813 ctat.
587 1757 1124 1814 Testaturinsomnes
1142 1759 1258 1824 ejus
1284 1770 1441 1810 curas
1475 1755 1810 1811 imbecillitas
1833 1771 2024 1824 corpo-

1671 345 1754 398 EI‘
1784 342 2096 397 STOLU‘tIi
2133 348 2143 393 ἱ
2194 347 2201 392 ζ
2233 344 2387 398 18ὶίίῖ
2430 344 2518 398 XX.

3606 349 3707 400 $53

2728 460 2942 518 EPIST.
2989 461 3144 517 XLV.

2711 569 3133 609 SVIIACIIUS...”

2198 645 2466 700 Pervertr
2489 659 2606 698 sunt
2628 650 2692 701 ad
2724 664 2806 702 me
2838 649 3027 703 littera:
3050 660 3173 714 tute,
3201 663 3320 702 cum
3342 649 3392 702 in
3423 647 3708 716 Campanis

2127 735 2396 792 littoribus
2436 740 2655 793 otiarer.
2698 738 2872 795 Credo
2893 749 2944 795 te
2984 741 3172 808 fando,
3199 752 3288 794 aut
3314 742 3543 796 lectione
3571 740 3706 794 didi-

2123 830 2262 884 cisse
2283 875 2296 895 ,
2331 842 2527 900 quanta
2559 833 2627 886 sit
2671 833 2828 902 bujus
2867 833 3097 904 regionis
3126 845 3396 890 venustas.
3427 834 3567 890 Vicit
3593 837 3706 903 cpi-

2126 926 2257 979 stola
2289 937 2374 982 tua
2413 929 2682 996 appositas
2707 931 3026 999 voluptates.
3055 932 3260 1000 Spretis
3287 931 3445 1000 igitur
3470 933 3703 994 caeteris,

2127 1034 2242 1087 qurc
2266 1021 2539 1089 ingerebat
2567 1022 2875 1091 locigratia,
2901 1033 3067 1079 totum
3097 1026 3330 1079 animum
3365 1027 3706 1080 recensendo

2128 1113 2331 1181 pagina:
2354 1129 2520 1184 usque
2543 1115 2607 1170 ad
2633 1117 2943 1172 memoriam
2967 1117 3289 1186 mancipavi.
3316 1117 3524 1172 Utinam
3555 1119 3706 1186 plura

2127 1205 2404 1258 ιιὶιλιηςςρε.
2442 1205 2564 1260 Milii
2600 1217 2773 1262 tamen
2803 1222 2948 1278 saepe
2977 1209 3199 1278 repetita
3233 1209 3398 1262 instar
3421 1211 3708 1262 multorum

2129 1295 2361 1350 fuerunt.
2406 1297 2632 1353 Posthac
2663 1301 2874 1368 parcius
2906 1314 3140 1368 promas,
3174 1299 3314 1370 quod
3340 1315 3402 1356 ex
3432 1300 3709 1354 abundan-

2128 1389 2201 1442 tia
2245 1389 2439 1457 ingenii
2473 1391 2543 1444 tui
2577 1393 2812 1445 nascitur
2837 1436 2850 1456 ,
2884 1409 2948 1448 ne
2993 1409 3078 1448 me
3121 1407 3358 1462 quoque,
3416 1394 3501 1446 tui
3540 1394 3709 1464 stylua

2130 1494 2328 1547 pauper
2356 1492 2466 1543 est,
2503 1483 2553 1534 in
2585 1493 2790 1537 arcium
2818 1493 3034 1539 revocet
3063 1485 3358 1539 voluntaria
3387 1495 3471 1538 tua
3497 1483 3712 1556 frug-ili-

2129 1579 2229 1623 las.
2265 1571 2417 1637 Quod
2450 1583 2632 1637 restat,
2658 1574 2930 1630 Aurelium
2955 1577 3047 1630 tibi
3077 1578 3254 1631 denuo
3282 1579 3333 1631 in
3362 1593 3574 1630 manum
3608 1587 3710 1630 tra-

2129 1661 2333 1724 dimtts,
2359 1679 2462 1717 non
2488 1680 2592 1732 quo
2622 1666 2864 1720 inefﬁcax
2909 1669 3064 1722 fuerit
3095 1669 3240 1733 prior
3283 1671 3705 1727 eotnmemlatio;

2129 1754 2226 1806 sed
2250 1765 2304 1807 ttt
2329 1756 2573 1810 meritum
2598 1758 2711 1826 ejus
2731 1770 3074 1830 nostramque
3096 1776 3276 1816 curam
3308 1773 3530 1816 testetttr
3552 1763 3711 1817 etiam

438 1853 538 1908 ris.
583 1851 724 1906 Nihil
753 1851 894 1906 enim
934 1853 1002 1905 de
1043 1848 1288 1904 Sardinia
1319 1850 1649 1916 reportavit,
1683 1848 1783 1902 nisi
1829 1849 2022 1902 bonam
2055 1839 2102 1899 Β
2131 1845 2360 1897 iteratio.
2399 1846 2544 1902 Vale.

437 1942 843 2008 conscientiam,
867 1951 922 1997 et
951 1943 1146 1996 malam
1171 1940 1527 1996 valetudinem
1552 1954 1568 1994 :
1606 1940 1816 1993 horreis
1845 1949 2022 1994 autem

439 2045 646 2090 tantttm
675 2034 842 2105 frugis
872 2034 1120 2099 invexit,
1161 2042 1415 2102 quantum
1455 2032 1534 2086 illi
1583 2033 1870 2102 provincia:
1899 2033 2022 2085 anni

440 2129 654 2185 fortuna
666 2129 984 2185 contulerat.
1003 2125 1191 2182 Nullus
1208 2126 1274 2180 de
1298 2140 1364 2181 eo
1390 2140 1574 2178 rumor
1588 2126 1650 2177 ad
1666 2140 1864 2185 versus,
1884 2125 2023 2176 nulla

435 2222 882 2291 conquestio.res
911 2235 1064 2290 semp
1084 2221 1204 2274 -rad
1233 2219 1798 2288 argucndumparatm.
1824 2220 2022 2272 florum

439 2317 678 2370 omnium
735 2315 1209 2381 locupletissimum
1271 2315 1498 2382 pretium
1541 2323 1657 2378 est,
1707 2315 1748 2367 si
1790 2315 2026 2369 amicitia

443 2416 532 2461 tua
563 2409 754 2477 dignus
787 2406 1068 2464 habeatur.
1101 2407 1252 2474 Quod
1289 2408 1416 2460 mibi
1448 2408 1655 2460 decltve
1681 2407 1747 2460 ad
1775 2408 2028 2475 impetra-

443 2503 643 2556 tionem
677 2500 887 2555 videtur
923 2517 935 2553 :
971 2499 1014 2553 si
1059 2497 1274 2568 quidem
1318 2513 1537 2552 necesse
1577 2508 1691 2562 e~t,
1723 2509 1772 2552 te
1801 2499 2030 2552 delectet

442 2608 630 2649 eorum
659 2592 898 2663 probitas
923 2606 1146 2662 quorum
1179 2607 1282 2644 non
1315 2589 1498 2645 fefcliit
1526 2593 1737 2645 eiectio.
1775 2591 1925 2644 Vale.

1024 2682 1240 2738 EPIST.
1274 2681 1452 2737 XLIII.

518 2773 794 2846 Religiosa
837 2774 1015 2845 potius
1045 2789 1202 2844 quam
1235 2773 1494 2827 invidiosa
1522 2774 1749 2843 qutcstio
1775 2782 1878 2838 est,
1909 2788 2029 2842 qua:

445 2868 605 2924 ﬁdem
638 2877 916 2938 pactorum
956 2867 1168 2934 repetit.
1203 2865 1337 2920 Nolo
1384 2865 1544 2932 igitur
1572 2865 1846 2918 existimes
1871 2905 1885 2927 ,
1916 2866 2030 2919 cnl-

447 2961 633 3030 pabilit
667 2976 694 3015 r
721 2960 786 3013 ad
825 2974 911 3012 me
933 2972 1056 3012 esse
1079 2957 1364 3026 perlatum,
1397 2957 1538 3025 quod
1573 2965 1752 3022 pactas
1779 2955 1900 3010 liii-.e
1929 2967 2030 3009 tu.t-

445 3055 660 3123 nuptias
712 3069 834 3107 cum
878 3052 1124 3107 llerculio
1162 3052 1490 3105 amicissimo
1531 3065 1650 3104 meo
1695 3050 2032 3103 lia-sitatione

447 3150 764 3218 suspendas.
812 3148 917 3203 Sed
951 3149 1182 3215 caneris,
1213 3161 1348 3216 quos
1377 3149 1700 3200 matrimonii
1741 3147 1808 3200 dc
1853 3157 1903 3199 te.
1935 3147 2033 3199 im-

2715 1942 2927 1995 κριςτ.
2975 1943 3153 1997 XLVI.

2707 2050 3132 2090 ενκκλοιιυς.....

2199 2124 2448 2191 Quisquis
2479 2139 2511 2180 a
2553 2127 2705 2180 nobis
2745 2129 2796 2180 in
2829 2130 3348 2185 commendationem
3391 2132 3472 2185 sui
3509 2131 3713 2184 litto~as

2129 2217 2259 2285 petit
2285 2257 2300 2280 ,
2333 2225 2551 2285 prtestat
2577 2221 2832 2288 gratiam,
2863 2238 3018 2289 quam
3046 2239 3097 2276 se
3131 2231 3278 2292 putat
3325 2225 3574 2292 accipere.
3609 2230 3715 2278 An-

2127 2307 2324 2376 tiquior
2345 2317 2429 2362 est
2449 2310 2593 2365 enim
2624 2310 2750 2364 mihi
2777 2312 3026 2366 amiciti-.e
3053 2316 3426 2384 cultus,quam
3456 2315 3558 2369 illis
3580 2329 3719 2383 pra--

2127 2399 2247 2453 sidii
2277 2400 2869 2471 impetratithepende
2899 2406 3057 2475 igitur
3075 2405 3228 2472 liuius
3253 2417 3509 2476 promptae
3536 2422 3714 2476 operte

2130 2493 2431 2548 mercedem
2455 2495 2654 2564 scripta
2694 2495 2958 2563 reddenti,
2989 2506 3044 2551 et
3087 2512 3180 2566 pro
3209 2497 3576 2554 mediocritate
3608 2498 3715 2552 lor-

2130 2590 2273 2636 tuna:
2303 2582 2576 2640 hominem
2607 2601 2914 2644 munerare.
2951 2589 3006 2642 ln
3037 2599 3126 2641 tuo
3153 2590 3276 2656 jure
3307 2599 3420 2656 est,
3448 2605 3534 2646 me
3554 2590 3716 2645 etiam

2128 2675 2290 2730 officii
2323 2679 2488 2732 mutui
2515 2677 2719 2734 honore
2753 2681 3007 2749 digneris.
3043 2680 3223 2752 Neque
3251 2683 3394 2737 enim
3427 2685 3720 2739 verborum

2131 2768 2288 2825 fenus
2323 2785 2550 2827 exerceo
2573 2813 2590 2837 ,
2621 2784 2679 2827 ut
2706 2784 2759 2828 te
2797 2773 2865 2829 de
2892 2775 3160 2830 solutione
3185 2775 3409 2831 conveni
3427 2791 3520 2831 tm.
3544 2777 3721 2832 Grave

2131 2874 2215 2917 est
2257 2873 2308 2920 te
2333 2865 2398 2920 ad
2430 2866 2574 2936 leges
2618 2868 2782 2925 debiti
2813 2869 3021 2940 redigi,
3053 2871 3143 2940 qui
3177 2886 3262 2927 me
3301 2870 3492 2928 ofliciis
3533 2872 3720 2928 volun-

2134 2954 2284 3010 tariis
2313 2971 2458 3025 saepe
2487 2959 2770 3029 superasti.
2802 2959 2953 3013 Vale.

2697 3052 2908 3105 EI'IS'I‘.
2953 3052 3161 3108 XLVlI.

2704 3160 3076 3201 SYMIIACIIUS...
3091 3187 3104 3197 .
3117 3184 3128 3196 .

451 3244 641 3313 petrati
668 3243 747 3297 vel
772 3241 1042 3310 adjutores
1070 3242 1170 3294 scit
1199 3240 1383 3305 fuisse,
1407 3241 1489 3294 vel
1515 3249 1697 3304 testes,
1723 3255 2031 3308 mequoque
2059 3209 2108 3272 θ
2211 3233 2477 3289 Bonorum
2517 3235 2752 3289 virorum
2799 3251 2981 3294 curam
3029 3236 3124 3292 tibi
3166 3253 3289 3292 esse
3333 3251 3437 3293 non
3485 3240 3720 3309 ambigo.

448 3335 613 3388 voluit
633 3333 921 3388 admovere
946 3374 958 3394 ,
984 3341 1041 3386 ut
1069 3346 1327 3402 suSpensa
1351 3332 1439 3386 diu
1470 3343 1594 3387 vota
1625 3335 1744 3386 novi
1792 3333 2031 3388 hortato-

448 3428 523 3479 ris
545 3425 804 3493 impulsus
833 3422 1117 3478 acceleret.
1151 3423 1357 3477 Maneat
1385 3424 1577 3494 igitur,
1602 3439 1698 3477 oro
1722 3433 1794 3489 te,
1829 3425 2036 3479 stabili-

447 3531 530 3572 tas
562 3517 982 3587 promissorum,
1027 3529 1126 3569 nec
1171 3516 1492 3569 senatoriam
1542 3516 1697 3570 Iidem
1747 3516 2033 3569 voluntatis

449 3610 674 3664 tnutatio
703 3608 1038 3662 devenustet.
1073 3605 1247 3660 Prosit
1277 3606 1438 3660 etiam
1479 3617 1634 3674 pacto
1679 3606 1866 3661 foederi
1899 3623 2032 3662 mea:

451 3716 550 3772 pro
580 3701 673 3755 illo
703 3699 971 3769 petitionis
1013 3698 1246 3767 adjectio
1277 3715 1288 3748 :
1321 3698 1404 3752 cui
1433 3712 1538 3752 non
1569 3701 1682 3752 sine
1708 3700 2030 3752 contumelia

450 3796 644 3866 placita
685 3794 972 3860 denegabis
993 3836 1008 3860 ,
1041 3807 1162 3846 cum
1192 3802 1436 3858 prompte
1468 3790 1618 3844 nobis
1641 3790 1848 3844 deferre
1869 3792 2030 3845 etiam

449 3887 708 3941 intentata
738 3885 1006 3939 debueris.
1021 3881 1177 3938 Certe
1202 3896 1262 3938 ea
1297 3883 1392 3935 viri
1422 3883 1681 3934 modestia
1706 3923 1720 3944 ,
1752 3898 1812 3934 ea
1844 3883 1891 3934 in
1919 3882 2034 3935 foro

451 3978 693 4033 Romano
723 3978 951 4046 dignitas
974 3986 1076 4038 est,
1103 3985 1159 4028 ut
1185 3983 1440 4042 quantum
1471 3975 1519 4028 ei
1547 3975 1732 4042 gratia:
1777 3975 2029 4036 ttibuisti,

450 4079 655 4128 tantum
702 4067 1003 4124 ornamenti
1049 4084 1113 4120 ex
1162 4082 1360 4134 genero
1411 4067 1782 4136 consequaris.
1832 4064 2034 4119 Uberes

450 4165 638 4220 laudes
678 4163 794 4232 ejus
821 4201 836 4227 ,
869 4169 925 4214 ct
953 4161 1073 4212 vitae
1111 4162 1516 4212 ltonestamenta
1560 4170 1938 4226 prosequerer,
1987 4156 2032 4210 si

451 4257 649 4310 bonum
672 4253 903 4322 aliquem
939 4249 1198 4304 videreris
1219 4247 1522 4302 admittere.
1556 4249 1624 4301 At
1647 4262 1768 4300 cum
1797 4247 1888 4298 tibi
1918 4247 2034 4315 ejus

451 4345 589 4400 bona
614 4359 735 4400 esse
755 4350 1026 4409 comperti
1057 4339 1336 4394 evidenter
1362 4349 1565 4393 astruat
1589 4337 1788 4391 dudum
1821 4347 2033 4406 recepta

447 4439 719 4500 conditio;
749 4449 852 4489 non
871 4433 1046 4488 debeo
1068 4431 1185 4500 ejus
1207 4429 1473 4500 protelare
1505 4434 1849 4497 prmeooinm.
1874 4445 2032 4496 quem

450 4529 544 4582 tibi
583 4526 815 4595 suscepti
851 4523 1068 4579 foederis
1116 4521 1305 4596 pignus
1345 4520 1539 4574 indicat
1574 4520 1683 4588 jam
1727 4520 2029 4588 probatum.

451 4620 600 4675 Vale.

1013 4705 1224 4760 EPIST.
1267 4703 1448 4758 XLIV.

1029 4813 1380 4851 ενιηλοιιιις..
1394 4838 1400 4844 .
1416 4836 1428 4849 .
1443 4840 1454 4850 .

522 4893 782 4956 Disarius,
797 4892 1075 4946 medicina:
1097 4889 1388 4958 professor,
1408 4888 1576 4941 virum
1600 4895 1802 4938 sancta:
1831 4899 2031 4940 memo-

447 4986 546 5042 ria
573 4997 732 5052 atque
761 4983 1003 5048 illustris,
1037 4989 1242 5049 patrem
1276 4988 1420 5032 tuum
1446 4993 1541 5047 spe
1564 4978 1816 5030 commodi
1837 4977 2036 5030 uberio-

448 5079 520 5133 n’s
541 5079 592 5131 in
619 5075 844 5132 Galliam
871 5085 1072 5128 seruiuit
1093 5074 1212 5140 fuit.
1244 5072 1308 5126 Et
1329 5072 1450 5140 quia
1483 5071 1530 5125 ei
1553 5070 1824 5124 coliiercre
1847 5070 2032 5124 decre-

449 5181 624 5236 verat,
646 5183 825 5226 rerutn
849 5183 1067 5222 suarum
1082 5167 1452 5234 Aquitanicatn
1474 5163 1725 5218 nonnulla
1753 5163 2028 5230 prtemisit.

450 5268 600 5324 Nune
629 5276 815 5321 contra
838 5263 1096 5318 bonorum
1123 5261 1358 5313 omnium
1385 5267 1563 5312 votum
1597 5257 1725 5311 tanti
1757 5254 1857 5308 viri
1884 5254 2029 5308 obitu

447 5359 759 5422 destitutus,
775 5356 1013 5424 relegere
1043 5352 1109 5405 ad
1149 5365 1276 5404 suos
1298 5350 1420 5413 iter,
1453 5360 1506 5401 ut
1533 5363 1727 5416 parens
1748 5354 2030 5401 attestatur

448 5452 773 5520 cjus,optat.
796 5447 948 5510 Juva,
972 5457 1155 5514 qua-so
1180 5454 1250 5505 te,
1274 5442 1409 5510 piam
1432 5441 1647 5508 juvenis
1665 5439 1988 5493 voluntatem
2016 5457 2026 5491 :

447 5559 506 5607 et
530 5564 648 5618 qua:
683 5546 732 5602 ei
760 5561 858 5616 pro
888 5546 1045 5598 insita
1078 5543 1316 5597 moribus
1347 5522 1448 5593 tuis
1480 5538 1734 5594 fidelitate
1759 5537 2030 5593 reddenda

450 5639 638 5696 sedulo
665 5636 1019 5708 spopondisti,
1039 5633 1169 5704 jubc
1198 5633 1346 5690 ocius
1365 5629 1648 5700 reportati,
1678 5643 1746 5685 ne
1770 5629 1846 5683 illi
1874 5643 2032 5700 supra

451 5734 644 5787 vulnus
692 5735 902 5788 amissa:
945 5730 1100 5800 spei,
1136 5726 1327 5798 injuria
1367 5726 1540 5795 longae
1585 5723 2032 5794 peregrinationis

452 5825 694 5880 addat-tr.
734 5823 882 5879 \‘alc.

2137 3329 2310 3384 Mores
2331 3329 2475 3383 enim
2506 3339 2626 3384 tuos
2667 3345 2885 3385 necesse
2912 3340 2988 3385 est
3021 3330 3274 3386 similium
3305 3334 3559 3386 virtutem
3595 3347 3720 3386 con-

2133 3420 2243 3488 jnnt
2265 3421 2408 3475 tione
2428 3423 2684 3491 gaudere.
2717 3421 2919 3491 Siquid
2955 3423 3113 3488 igitur
3141 3424 3268 3478 mibi
3301 3424 3511 3484 tribuis,
3540 3439 3724 3492 qitteso

2139 3524 2212 3579 te,
2243 3515 2569 3584 amplectere
2604 3515 2867 3568 amicitias
2889 3514 3090 3568 domini
3122 3525 3175 3568 et
3195 3513 3287 3568 lilii
3313 3516 3416 3569 mei
3441 3513 3677 3567 Flaviani
3703 3531 3717 3564 :

2138 3622 2294 3674 quem
2322 3621 2426 3660 non
2457 3607 2627 3660 solum
2661 3606 2928 3674 parentis,
2962 3620 3147 3660 verum
3183 3605 3343 3660 etiam
3373 3605 3522 3660 testis
3550 3604 3725 3660 fideli-

2140 3707 2247 3752 tate
2266 3696 2606 3752 commendo.
2626 3696 2876 3763 licperies
2890 3693 2941 3749 iii
2964 3710 3028 3751 eo
3056 3706 3288 3751 mentem
3304 3695 3518 3766 dignam
3536 3711 3733 3752 amore

2139 3797 2253 3851 tuo,
2270 3797 2325 3842 et
2345 3788 2567 3843 meliore
2592 3786 2825 3852 fortuna,
2852 3787 2974 3844 licet
2993 3789 3128 3842 sacri
3149 3787 3395 3844 beneﬁcii
3412 3789 3725 3859 magnitudo

2139 3878 2350 3932 casibus
2379 3879 2496 3947 ejus
2525 3880 2854 3944 occurrerit,
2888 3887 2942 3932 et
2970 3879 3036 3931 ad
3067 3879 3340 3933 cumulum
3365 3878 3599 3934 lenitatis
3629 3879 3725 3935 ad-

2135 3970 2275 4040 jecta
2303 3971 2374 4026 sit
2403 3972 2666 4027 evocatio.
2721 3970 2870 4025 Unde
2900 3985 3110 4040 aequum
3150 3981 3233 4025 est
3259 4011 3272 4035 ,
3318 3985 3479 4040 quem
3507 3971 3724 4040 respicit

2141 4061 2418 4128 imperiale
2459 4057 2769 4130 soﬂragium
2795 4102 2810 4125 ,
2857 4060 3189 4114 familiaritas
3233 4070 3322 4114 tua
3349 4076 3454 4115 non
3485 4059 3718 4116 deserat.

2139 4154 2289 4208 Vale.

2691 4243 2908 4298 EPIST.
2951 4243 3179 4300 XLVIII.

2716 4350 3146 4391 B‘IIACIIUS..."

2212 4430 2291 4485 Ad
2319 4439 2562 4501 posteros
2587 4430 2882 4485 amicorum
2919 4443 3100 4484 curam
3127 4428 3419 4486 transferre
3439 4430 3719 4499 debemus,

2143 4537 2210 4576 ne
2238 4521 2367 4576 fides
2396 4536 2516 4575 cum
2543 4520 2755 4575 nomine
2782 4520 3048 4575 interiisse
3073 4520 3335 4576 videatur.
3363 4523 3537 4592 Erigit
3566 4523 3726 4593 igitur

2064 4589 2118 4649 θ
2142 4627 2169 4662 a
2211 4628 2296 4666 me
2327 4613 2582 4665 memoria
2627 4612 2860 4665 Petronii
2893 4613 3288 4679 exconsularis,
3328 4616 3413 4668 cui
3460 4615 3538 4668 lar
3580 4615 3724 4684 apud

2141 4704 2439 4756 Ariminum
2475 4702 2570 4754 luit
2600 4743 2616 4764 ,
2654 4713 2710 4756 ut
2732 4703 2850 4771 ejus
2880 4704 3015 4756 filios
3047 4706 3386 4759 litereditario
3410 4721 3596 4761 amore
3625 4708 3722 4763 de-

2141 4796 2375 4851 fendam.
2411 4796 2612 4850 Horum
2642 4796 2832 4850 domus
2863 4797 3180 4852 militaribus
3227 4799 3291 4852 ba
3334 4800 3509 4854 itanda
3541 4803 3726 4856 decer-

2140 4890 2314 4952 nitur,
2343 4901 2396 4944 et
2428 4890 2480 4943 tti
2520 4889 2727 4958 publica
2759 4901 3038 4944 succurrat
3068 4893 3359 4946 auctoritas
3379 4935 3392 4957 ,
3421 4905 3724 4949 extremum
3767 4923 3769 4926 ‹

2142 4983 2374 5050 p-itietur
2391 4981 2680 5037 est-idiom.
2709 4979 2769 5035 Si
2792 4983 2914 5050 quid
2949 4983 3106 5051 igitur
3128 4984 3452 5038 interventui
3485 5000 3606 5040 meo
3627 4987 3722 5040 tri-

2143 5077 2273 5128 bues
2299 5117 2312 5138 ,
2346 5075 2483 5128 datis
2511 5075 2578 5127 ad
2609 5073 3028 5129 Aritninensiutn
3072 5075 3414 5145 magistratus
3451 5086 3609 5147 atque
3639 5093 3727 5130 οι·⁴

2140 5170 2292 5222 dines
2316 5167 2611 5222 minacibus
2640 5167 2849 5233 litteris,
2876 5167 3048 5220 arceri
3069 5170 3136 5220 ab
3157 5183 3218 5222 ca
3247 5168 3484 5238 hospites
3504 5169 3724 5237 jubens,

2139 5271 2194 5314 ot
2226 5261 2511 5316 restituere
2559 5257 2843 5329 penatibus
2873 5259 3215 5324 parvulorum
3257 5261 3485 5330 priscam
3517 5261 3726 5314 securi.

2141 5361 2320 5407 tatem.
2357 5351 2412 5404 In
2453 5347 2650 5417 judicis
2692 5349 2834 5403 enim
2863 5349 3116 5418 jubentur
3146 5363 3266 5404 esse
3306 5350 3546 5414 tutelam,
3581 5349 3725 5419 quia

2141 5443 2450 5515 parentibus
2481 5445 2820 5496 deseruntur.
2849 5439 2996 5494 Vale.

2711 5531 2923 5585 l-LI'IST.
2964 5531 3149 5585 XLIX.

2682 5638 2982 5678 εγωιλειιυδ
3005 5639 3185 5678 JUSTO.

2212 5719 2346 5774 Voto
2373 5731 2432 5770 ac
2462 5712 2727 5771 desiderio
2769 5729 2865 5768 suo
2907 5729 2992 5769 me
3032 5715 3338 5784 adjutorcm
3368 5714 3602 5769 Severus
3642 5717 3721 5768 vir

2145 5821 2399 5870 honustus
2429 5809 2614 5865 ascivit
2651 5824 2662 5859 :
2696 5807 2850 5877 cujus
2889 5822 3006 5862 cum
3049 5809 3363 5879 petitionem
3395 5809 3720 5877 probabilem
