4300 6476
1223 21 1242 26 ..-
1257 20 1520 32 ———-———:_;

1223 23 1242 26 -
1257 23 1916 47 κτ--ΗΞ-ε-
1941 28 1954 47 Ι

636 401 741 456 339

1803 399 1866 465 ρ.
1910 396 2252 454 Αιῃιιειιιυδ
2293 397 2732 457 sumamus.

632 516 953 580 judicascui
992 565 999 582 ,
1055 518 1317 588 tlagitazas
1363 521 1568 573 litteras
1617 533 1817 589 negare
1879 534 1984 572 non
2035 520 2213 573 deliui.
2244 521 2296 582 Α
2324 519 2640 576 Εδιάηηιιίε
2655 520 2725 574 de
2752 518 2899 574 cultu
2929 535 3136 573 morum
3165 518 3282 586 ejus
3309 531 3372 572 ac
3393 516 3712 585 litterarum,
3733 531 3908 586 quau-

631 610 845 661 Sttmma
893 626 1068 666 nitu-iii
1102 616 1372 679 potationis
1414 613 1717 682 ltujttsmodi
1760 625 1843 670 est
1886 623 1943 672 ut
1970 616 2080 670 lilio
2099 616 2216 686 ejus

629 699 1062 766 conjunctionem
1105 706 1226 758 lilia:
1257 716 1360 758 tua}
1388 705 1657 774 spondeas
1698 722 1711 757 :
1742 705 1901 774 cujus
1940 706 2016 760 rei
2048 708 2216 777 impe-

629 789 912 844 trationem
934 791 1139 848 facilem
1168 798 1284 848 fore
1312 811 1659 863 personarum
1676 795 2211 867 proniittitzeqmtio,

627 891 675 932 ct
701 881 982 939 honestate
1011 897 1063 941 et
1096 887 1448 954 possibilitate
1477 887 1790 958 congruitis.
1817 887 2088 957 Exspecto
2116 889 2215 959 igi-

629 992 713 1032 tur
757 988 814 1034 ut
842 983 1122 1051 responsio
1159 993 1247 1036 tua
1277 983 1644 1038 testimonium
1677 997 1854 1037 meum
1897 981 2043 1036 vires
2069 982 2212 1050 apud

625 1083 679 1134 te
703 1070 960 1132 habuisse
986 1074 1315 1132 declaret....
1344 1075 1491 1129 Vale.

1266 1163 1480 1221 EPIST.
1521 1165 1584 1220 L.

1089 1274 1224 1313 8111
1233 1273 1398 1314 Αειιυσ
1431 1272 1594 1313 65811
1605 1273 1750 1314 ΙΑΜ).

693 1349 966 1414 Quantum
1013 1350 1197 1404 domui
1249 1366 1384 1404 meae
1429 1349 1636 1406 cultum
1681 1349 1918 1406 Lucillus
1944 1348 2214 1419 quondam

627 1440 801 1508 pictor
824 1442 1081 1514 adjeeerit
1101 1487 1116 1509 ,
1159 1460 1279 1499 cum
1312 1444 1608 1516 potissimis
1636 1445 1935 1501 amicorum
1963 1459 2125 1501 nosse
2157 1457 2211 1500 te

623 1545 829 1590 certum
851 1548 952 1592 est.
988 1538 1157 1608 IIujus
1187 1539 1373 1604 lilium,
1407 1554 1504 1610 per
1523 1550 1768 1596 naturam
1796 1539 2016 1610 quidem
2045 1553 2098 1596 et
2122 1557 2218 1608 per

627 1629 998 1684 necessitatem
1024 1631 1206 1700 procul
1232 1632 1486 1702 positum,
1519 1631 1716 1700 iujusta
1746 1633 2062 1699 sollicitant,
2092 1641 2216 1689 orto

622 1728 919 1782 tertamitie
965 1728 1104 1782 inter
1143 1725 1514 1783 Numerarium
1545 1726 1830 1798 quemdam
1871 1735 1929 1783 et
1959 1725 2216 1796 Opinato-

624 1832 760 1880 rem.
792 1817 995 1873 dudum
1022 1820 1314 1889 supradicti
1344 1818 1674 1888 possessoris
1695 1816 1971 1884 colonum,
2003 1817 2094 1888 qui
2122 1833 2210 1871 su-

2320 623 2431 668 tum
2462 615 2536 670 illi
2563 614 2861 669 sludiorum
2903 629 3052 668 mora
3085 613 3344 683 potuisset
3380 612 3635 679 adjicere,
3669 612 3768 666 nisi
3815 626 3906 666 re-

2318 717 2563 774 spectum
2615 712 2821 775 paterni
2865 709 3116 765 desiderii
3172 713 3333 764 timor
3377 718 3560 765 noster
3602 705 3903 764 habuisset.

2317 796 2463 852 Vale.

2929 892 3142 949 EPIST.
3185 891 3295 946 LV.

2813 1003 3121 1040 ενηλκιηιθ
3161 1001 3396 1041 ευεεωο.

2384 1073 2699 1130 Communis
2741 1079 2900 1133 amici
2945 1078 3158 1132 Eusebii
3207 1080 3396 1132 merita
3442 1077 3602 1149 longo
3647 1094 3905 1140 sermone

2317 1179 2692 1234 prosequerer,
2707 1167 2808 1221 nisi
2823 1166 2893 1221 de
2910 1167 3176 1234 probitate
3196 1170 3316 1239 ejus
3343 1177 3506 1238 atque
3530 1169 3717 1223 militia
3747 1170 3901 1238 plura

2313 1258 2582 1325 sentires,
2612 1259 2702 1328 qui
2731 1272 2873 1315 nunc
2916 1259 2984 1314 de
3011 1260 3132 1316 loco
3158 1275 3257 1316 suo
3281 1261 3494 1324 anxius.
3525 1277 3805 1332 postquam
3835 1264 3906 1319 de

2313 1367 2382 1407 eo
2407 1351 2670 1420 comperit
2692 1366 2816 1409 esse
2833 1352 3156 1420 dubitatum,
3181 1354 3534 1426 allegatioues
3553 1370 3680 1410 suas
3712 1369 3906 1426 prope-

2314 1445 2456 1499 ravit
2481 1457 2724 1502 astruere
2752 1447 2982 1503 lectione
3004 1447 3204 1516 publici
3226 1451 3431 1518 scripti,
3467 1465 3575 1504 nou
3604 1451 3905 1505 assertione

2316 1537 2624 1592 verborum.
2653 1535 2772 1606 Qua
2799 1541 2852 1596 in
2875 1554 2934 1596 re
2961 1551 3016 1596 et
3042 1539 3217 1596 fautor
3247 1543 3505 1612 litiganti,
3535 1551 3583 1597 et
3612 1545 3747 1597 testis
3775 1543 3906 1597 alle-

2314 1629 2605 1698 gationibus
2644 1633 2757 1702 ejus
2797 1647 2830 1686 α
2857 1633 3002 1686 nobis
3031 1636 3270 1688 accedere
3287 1637 3488 1704 juberis
3515 1649 3532 1688 :
3561 1651 3789 1705 quorum
3818 1636 3904 1688 al-

2315 1732 2490 1778 terum
2522 1722 2680 1781 nobis
2695 1732 2785 1780 tua
2811 1726 3047 1781 amicitia
3076 1727 3342 1796 promisit,
3376 1725 3510 1782 ﬁdes
3539 1729 3765 1782 alterum
3791 1728 3905 1795 pol-

2315 1815 2526 1870 licetur.
2549 1813 2682 1872 Nam
2711 1817 2916 1873 dudum
2938 1831 3061 1873 eum
3090 1821 3158 1872 ad
3187 1816 3432 1874 scholam
3459 1815 3720 1874 Gallicani
3753 1819 3901 1887 pala-

629 1906 902 1974 periorum
958 1917 1259 1980 temporum
1312 1908 1590 1967 ratiocinia
1652 1908 1707 1964 in
1758 1908 1950 1964 Lucilli
2003 1918 2214 1966 vertere
2245 1892 2296 1954 Β
2323 1909 2377 1963 tii
2407 1908 2725 1966 translatum
2751 1923 2874 1967 esse
2901 1910 3212 1975 meministi,
3241 1913 3384 1982 quod
3405 1912 3529 1966 ideo
3551 1920 3604 1965 te
3632 1910 3904 1966 credimus

620 1996 841 2056 dantem
869 1998 1108 2070 Equum
1133 2015 1318 2072 posco,
1347 2016 1456 2057 non
1483 2000 1712 2074 gratiam
1731 2019 1746 2067 ;
1765 2001 1888 2057 licet
1909 2002 2211 2060 interventu

623 2103 750 2146 meo
783 2090 946 2148 etiam
980 2093 1090 2148 voti
1121 2101 1176 2148 et
1204 2092 1362 2149 studii
1405 2096 1647 2151 accessio
1684 2094 1965 2152 debeatur.
1999 2096 2066 2152 Et
2105 2099 2213 2164 pri-

623 2200 776 2243 more
817 2186 938 2243 Ioco
969 2188 1179 2258 postulo
1199 2228 1216 2254 ,
1246 2189 1436 2244 domus
1456 2189 1556 2245 viri
1573 2189 1995 2260 prudentissimi,
2030 2191 2212 2260 longe-

620 2293 727 2348 qtte
753 2281 998 2352 degentis
1040 2296 1135 2352 per
1162 2282 1339 2336 cilicia
1365 2281 1575 2351 publica
1613 2290 1664 2336 et
1692 2281 1910 2337 ordines
1931 2291 2042 2336 tuta
2072 2299 2211 2352 prac-

622 2381 812 2429 stetur.
830 2373 1054 2442 Dehinc,
1079 2385 1138 2430 ut
1165 2375 1208 2429 si
1236 2374 1362 2445 quid
1391 2376 1535 2429 inter
1555 2373 1676 2429 illos
1701 2374 2085 2430 decertationis
2102 2386 2207 2442 est,

622 2473 716 2520 tuo
733 2464 972 2521 cadatur
987 2466 1264 2522 examine:
1293 2482 1359 2521 ne
1387 2466 1600 2537 quando
1623 2466 1778 2521 alteri
1804 2467 1970 2535 judici
1998 2479 2208 2523 servata

621 2558 856 2630 cognitio
885 2560 1175 2617 recidivam
1207 2560 1392 2615 Lucilii
1425 2559 1535 2615 lilio
1562 2559 1741 2631 gignat
1770 2560 2040 2628 iujuriam.
2061 2560 2204 2617 Vale.

825 2643 830 2648 ’
1240 2649 1460 2706 EPIST.
1503 2649 1589 2704 LI.

1048 2758 1359 2798 δνιιυοιιυε
1396 2756 1777 2797 Ανοιιουοκιιι.

689 2834 921 2905 Quintus
965 2847 1020 2891 et
1053 2833 1204 2890 Felix
1238 2835 1679 2906 Hipponiensium
1705 2834 1939 2887 citriales
1967 2878 1979 2895 ,
2015 2834 2115 2888 has
2140 2835 2211 2889 de

623 2948 712 2990 me
759 2934 968 2989 litteras
1013 2931 1370 2986 summatibus
1411 2929 1543 2984 viris
1583 2927 2062 2983 intervenientibus
2112 2929 2208 2980 im-

623 3033 924 3095 petrarunt.
949 3023 1116 3079 Debui
1138 3021 1281 3078 enim
1300 3021 1619 3092 probitatem
1652 3019 1929 3074 hominum
1960 3020 2029 3076 de
2056 3022 2205 3074 testi-

621 3123 722 3177 bus
760 3123 1047 3178 asziiiiaie.
1079 3117 1300 3174 Interest
1341 3115 1504 3186 Igitur
1540 3113 1822 3182 amiritim,
1872 3131 1938 3169 ne
1971 3129 2092 3180 spes
2119 3130 2210 3166 eu-

620 3229 764 3280 rum,
798 3215 888 3284 qui
918 3228 1004 3267 me
1028 3212 1095 3265 ad
1119 3208 1550 3278 impetrationem
1579 3205 1814 3260 validum
1839 3204 2206 3268 crediderunt,

620 3270 846 3378 decepta
875 3303 1137 3360 videatur.
1165 3270 1376 3370 duare,
1399 3299 1446 3355 si
1473 3299 1598 3371 quid
1629 3313 1817 3354 eorum
1851 3313 2035 3366 poscet
2063 3300 2208 3378 utili-
2235 3270 2285 3335 θ

622 3406 736 3464 tas,
775 3395 1160 3465 benignitatem
1207 3393 1348 3450 adde
1393 3391 1634 3462 justitias.
1676 3391 1851 3447 Credo
1893 3395 2035 3448 enim
2085 3392 2208 3449 talia

623 3487 888 3558 poscenda
918 3532 932 3556 ,
965 3502 1088 3557 quae
1128 3500 1231 3542 nec
1271 3485 1677 3541 intervenientis
1707 3485 2018 3553 petitionem
2049 3526 2067 3554 ,
2111 3500 2210 3542 nec

623 3584 928 3654 picatautis
949 3581 1210 3650 judicium
1238 3577 1574 3634 decolorent.
1599 3575 1749 3632 Vale.

1227 3673 1443 3730 EI’IST.
1485 3672 1594 3728 LII.

1055 3781 1358 3823 SYIHACIIUS
1399 3779 1768 3821 IAIIIILIANO.

695 3862 776 3919 Ile
801 3877 871 3920 ex
899 3860 1165 3918 sententia
1193 3857 1380 3914 valere
1405 3856 1670 3928 signiﬁco,
1700 3855 1795 3911 tibi
1821 3856 2052 3910 secunda
2079 3863 2211 3926 opto

622 3968 908 4029 suppetere
939 3971 953 4009 :
984 3962 1108 4026 post
1127 3951 1243 4007 hac
1261 3949 1545 4020 depostulo
1569 3989 1584 4012 ,
1612 3947 1754 4020 quod
1784 3956 2080 4018 spontanca
2113 3947 2198 4001 lie-

622 4055 880 4125 nignitate
895 4051 1212 4116 fwiasesmt
1226 4043 1607 4104 conductorem
1631 4041 1710 4098 rei
1733 4057 1867 4098 mea:
1888 4040 2206 4102 Siciliensis.

620 4148 690 4205 ad
717 4145 1044 4218 provinciam
1071 4148 1460 4207 revertentem,
1491 4137 1652 4195 celeri
1683 4148 1994 4194 transcursu
2019 4136 2088 4190 ad
2114 4134 2210 4191 de-

620 4243 817 4299 stinata
846 4239 1106 4298 dimittas.

1220 4323 1442 4382 EPIST.
1483 4324 1618 4380 LIII.

1194 4432 1548 4473 STIIIACIIUS..
1563 4454 1628 4474 ..ο

693 4518 940 4576 Assidue
965 4512 1278 4585 scriptionis
1299 4509 1502 4566 nullum
1532 4515 1711 4579 potest
1736 4521 1858 4564 esse
1907 4506 2204 4562 fastidium.

623 4611 842 4683 Fuugor
867 4609 1032 4678 igitur
1057 4605 1200 4678 apud
1236 4615 1292 4661 te
1316 4603 1492 4661 salute
1509 4601 1735 4660 dicenda
1755 4643 1773 4670 ,
1795 4601 2065 4671 simulque
2085 4600 2210 4655 tior-

621 4714 727 4766 tor,
755 4713 810 4756 et
836 4700 1121 4770 deprecor,
1151 4708 1210 4752 ut
1239 4695 1516 4752 hominum
1541 4709 1784 4750 meorum
1804 4709 1991 4748 curam
2013 4706 2208 4762 gerere

622 4809 732 4850 non
754 4792 1019 4864 graveris;
1036 4790 1230 4860 quibus
1256 4804 1362 4844 non
1384 4790 1556 4844 solum
1580 4787 1856 4844 tribuenda
1884 4797 1968 4843 est
1990 4787 2204 4855 ﬁducia,

621 4887 819 4954 siquid
845 4899 974 4942 usus
1013 4883 1287 4940 desideret
1331 4881 1679 4952 suggereudi,
1715 4895 1897 4935 verum
1929 4881 2089 4934 etiam
2114 4896 2207 4936 ne-

624 4978 849 5036 cessitas
871 4975 1228 5032 admovendi.
1254 4974 1378 5030 Haec
1405 4975 1550 5029 enim
1578 4983 1662 5028 est
1681 4982 1870 5027 natura
1902 4987 2202 5039 servorum,

624 5082 683 5127 ut
709 5071 861 5126 adire
887 5074 1118 5123 renuant
1137 5065 1480 5136 profuturos,
1508 5064 1634 5117 dum
1662 5065 1874 5132 culpam
1899 5078 2050 5117 suam
2089 5079 2202 5118 mc-

624 5169 779 5215 tuunt
813 5155 1163 5227 deprehendi.
1191 5154 1346 5207 Vale.

1212 5245 1428 5299 EI’Ix’I‘.
1472 5243 1604 5299 LIV.

1118 5354 1418 5395 εςιιιιιυηιυε
1461 5353 1582 5391 ΝΕΔΙ
1591 5351 1730 5392 εΜο.

696 5435 949 5494 Tacenda
995 5443 1120 5488 sunt
1160 5435 1351 5486 damna
1378 5429 1606 5485 fortuna:
1630 5470 1646 5493 ,
1677 5443 1746 5484 ue
1771 5443 1892 5485 sera
1915 5431 2211 5483 consolatio

628 5532 839 5587 scindat
885 5526 1140 5598 prmteiiti
1186 5525 1390 5580 doloris
1436 5522 1766 5579 cicatricem.
1819 5522 2036 5578 Rectius
2081 5537 2211 5592 ergo

626 5635 806 5679 tecum
859 5621 952 5676 lilii
1004 5620 1172 5674 nostri
1226 5615 1459 5673 Nemesii
1507 5615 1850 5670 ornatissima
1883 5613 2086 5677 indole.
2123 5613 2208 5669 vel

627 5715 806 5785 potius
829 5713 1054 5769 fecunda
1080 5709 1292 5764 laudum
1317 5709 1467 5779 fruge
1494 5707 1835 5762 contulerim.
1854 5706 2028 5761 Habes
2041 5706 2209 5760 virum

627 5808 987 5880 dignissiuum
1028 5821 1126 5877 pro
1156 5818 1443 5859 numerosa
1473 5803 1625 5874 prole
1654 5803 1861 5858 censeri
1895 5819 1907 5855 :
1941 5803 2082 5858 hunc
2114 5801 2208 5857 tibi

629 5905 684 5961 iit
731 5918 946 5963 manum
991 5900 1188 5968 reddo,
1229 5900 1371 5971 quod
1417 5909 1647 5969 utroque
1689 5897 1865 5956 faccre
1898 5901 2208 5958 voluissem.

2313 2004 2431 2070 ipso
2458 2003 2685 2061 absente
2711 2005 2926 2062 siluisse
2948 2050 2961 2072 ι
2994 2023 3064 2063 ne
3088 2005 3494 2061 elistituaretur
3517 2008 3752 2077 gratiosa
3782 2021 3904 2062 esse

2311 2095 2585 2160 suggestio
2615 2110 2633 2152 :
2664 2109 2809 2153 nunc
2832 2097 3036 2165 majore
3067 2098 3259 2152 ducia
3293 2097 3474 2153 aderis
3509 2097 3749 2165 veritati,
3779 2111 3902 2152 eum

2312 2187 2659 2252 allegationes
2685 2193 2969 2260 presenti:
2995 2191 3248 2247 audieris.
3289 2190 3436 2246 Vale.

2909 2281 3125 2337 EPIST.
3170 2281 3303 2337 LVI.

2781 2384 3095 2429 SYIIACIL‘C
3129 2388 3420 2429 GEIINASO.

2384 2463 2536 2518 Felix
2557 2505 2572 2528 ,
2598 2477 2720 2520 cum
2764 2473 2821 2521 et
2847 2467 3041 2522 domus
3071 2477 3180 2521 tuae
3205 2466 3382 2523 cultor
3409 2482 3530 2523 esse
3571 2468 3799 2533 diceret.
3846 2477 3899 2523 et

2313 2557 2697 2615 humanitati-tn
2733 2561 3216 2617 commendationis
3254 2578 3390 2618 mete
3443 2563 3630 2618 amicis
3668 2565 3898 2618 interve-

2311 2651 2581 2708 nientibus
2609 2653 2924 2720 postularet,
2957 2653 3228 2711 desiderio
3258 2657 3379 2726 ejus
3406 2655 3722 2712 familiarem
3755 2657 3898 2726 pagi-

2313 2757 2433 2795 nam
2464 2758 2568 2798 non
2603 2745 2788 2812 negavi
2818 2786 2832 2811 ,
2862 2757 2963 2815 qua
2992 2746 3235 2816 principe
3277 2748 3395 2802 loco
3433 2747 3627 2818 [ungor
3666 2751 3806 2819 apud
3848 2763 3898 2804 te

2311 2837 2481 2889 salute
2510 2835 2756 2890 dicenda.
2801 2836 3001 2894 Dehinc
3040 2853 3338 2908 prosequor
3367 2851 3639 2910 receptam
3689 2843 3898 2910 petitio-

2314 2939 2464 2987 nem.
2506 2941 2626 2994 qua:
2655 2927 2966 2996 supradicto
2989 2971 3003 2994 ,
3035 2932 3081 2985 si
3106 2935 3340 2986 nondum
3372 2932 3466 2985 tibi
3495 2934 3743 3003 c'ognitus
3771 2945 3850 2988 est
3881 2973 3898 2999 ,

2313 3023 2530 3082 praestet
2558 3017 2822 3076 clientela:
2857 3019 3060 3076 aditum
3091 3021 3136 3077 si
3175 3021 3285 3091 jam
3330 3031 3487 3076 notus
3528 3035 3897 3094 augmentum.

2313 3105 2462 3160 Vale.

2903 3202 3117 3260 EPIST.
3159 3205 3315 3260 LVII.

2746 3313 3062 3358 nuncnth
3098 3317 3457 3366 aviaricum.

2385 3389 2548 3447 Moris
2576 3389 2680 3446 mei
2703 3401 2803 3457 est,
2838 3394 2972 3447 bene
3001 3395 3234 3462 tinguitis
3257 3412 3323 3449 ac
3351 3395 3592 3465 probatis
3619 3395 3766 3452 ferre
3786 3397 3897 3452 suf-

2312 3483 2536 3557 fragium
2553 3524 2568 3548 ,
2597 3499 2697 3541 nec
2724 3500 2982 3553 personas
3009 3489 3306 3554 hominum.
3331 3487 3427 3544 sed
3457 3490 3582 3544 vita:
3603 3491 3791 3544 merita
3817 3506 3899 3542 co-

2311 3577 2500 3644 gitare.
2529 3575 2663 3633 Cum
2696 3575 2856 3647 igitur
2881 3579 3119 3633 Assellus
3148 3577 3481 3635 domesticus
3515 3590 3702 3636 noster
3725 3581 3778 3634 in
3810 3597 3900 3634 ur-

2312 3669 2466 3723 banis
2493 3668 2685 3724 castris
2713 3668 2917 3725 militiae
2953 3669 3219 3739 stipendia
3248 3671 3367 3726 sine
3385 3669 3684 3726 oIIensione
3719 3673 3899 3728 conle-

2311 3761 2475 3825 cerit.
2525 3776 2710 3831 quaeso
2760 3773 2818 3816 ut
2859 3763 3130 3819 admissus
3190 3763 3244 3818 in
3289 3763 3596 3820 clientelam
3649 3777 3816 3832 tuam,
3845 3776 3900 3819 et

2313 3868 2492 3909 meum
2521 3853 2873 3924 patrocinium
2906 3854 3008 3909 sibi
3036 3855 3326 3924 profuisse,
3353 3865 3409 3912 et
3437 3865 3585 3911 tuum
3607 3856 3903 3912 accessisse

2313 3947 2545 4003 Imtctur.
2577 3943 2726 4002 Vale.

2876 4037 3100 4094 EPIST.
3144 4037 3326 4094 LVIII.

2781 4143 3094 4186 διικλωιυδ
3131 4145 3442 4187 ιῖλιιςιωλκο.

2382 4220 2715 4280 Intervenire
2743 4235 2841 4292 pro
2881 4223 3044 4292 justis
3073 4220 3270 4277 debitis
3300 4236 3405 4278 non
3445 4236 3658 4278 recuso.
3688 4220 3902 4277 Malitia:

2311 4325 2398 4375 est
2422 4319 2565 4374 enim
2609 4317 2894 4387 repudiare
2930 4317 3107 4372 locum
3136 4329 3326 4386 gratia:
3347 4357 3364 4381 .
3409 4316 3462 4372 in
3489 4316 3575 4372 bis
3601 4359 3617 4386 ,
3645 4333 3761 4388 quae
3785 4319 3902 4385 ipsa

2313 4409 2561 4478 postulati
2585 4410 2801 4481 equites
2829 4411 3174 4463 commendat.
3215 4408 3517 4465 Formianis
3537 4409 3604 4463 ad
3646 4410 3899 4478 egestatis

2311 4502 2558 4558 levamen
2577 4512 2784 4558 certum
2814 4517 2878 4558 ex
2907 4499 3084 4557 Africa
3117 4501 3222 4556 olei
3253 4502 3473 4556 modqu
3501 4501 3739 4556 decrevit
3767 4502 3898 4554 auti-

2312 4598 2514 4666 quitas.
2551 4594 2787 4652 Poscant
2814 4611 2844 4650 a
2879 4605 2930 4650 te
2971 4611 3176 4650 murem
3220 4595 3376 4664 longa
3417 4601 3578 4649 {elate
3603 4603 3904 4659 servatum.

2310 4689 2395 4745 cui
2425 4689 2584 4747 debet
2603 4688 2837 4759 adjicere
2858 4687 3194 4745 celeritatem
3223 4687 3528 4757 pra-stantis
3575 4685 3899 4742 humanitas.

2312 4779 2468 4836 Vale.

2907 4871 3122 4928 EI‘IS'I‘.
3163 4869 3299 4926 LIX.

2846 4978 3156 5019 δνιυιΑειιυε
3199 4978 3365 5019 ιονιο.

2384 5060 2504 5114 Non
2543 5073 2741 5114 novum
2772 5058 2855 5111 vel
2883 5058 3208 5124 incognitum
3230 5101 3245 5124 ,
3294 5053 3388 5110 sed
3425 5064 3761 5124 compertum
3785 5053 3900 5123 jam

2315 5153 2420 5208 ﬁde
2447 5161 2503 5208 et
2543 5154 2860 5221 antiquitate
2905 5152 3108 5206 militiai
3145 5149 3435 5205 Fusebium
3465 5152 3693 5203 amicum
3718 5164 3898 5204 meum

2314 5253 2593 5315 promptus
2633 5245 3040 5298 commendatur
3085 5243 3296 5297 insinuo
3335 5259 3347 5295 :
3385 5257 3542 5312 quem
3569 5243 3634 5296 ad
3667 5243 3767 5297 hoc
3792 5243 3904 5301 aevi

2313 5340 2457 5392 nulla
2504 5348 2717 5391 actuum
2747 5335 2902 5405 culpa
2931 5335 3176 5398 fuscavit,
3217 5332 3313 5389 sed
3341 5333 3602 5398 absentia,
3637 5348 3757 5401 quze
3781 5332 3900 5402 ple-

2311 5435 2494 5492 risque
2544 5429 2740 5484 occulit
2780 5424 2989 5491 merita,
3021 5436 3067 5483 si
3099 5427 3407 5482 testin‘iottio
3435 5427 3773 5496 prmscntium
3803 5429 3904 5481 de—

2312 5536 2546 5588 seratur,
2573 5523 2748 5580 locum
2778 5523 2896 5592 ejus
2919 5524 3116 5577 dicitur
3143 5522 3195 5576 in
3239 5521 3526 5590 ancipitem
3566 5530 3764 5574 statum
3804 5519 3904 5573 dc~

2313 5621 2531 5674 duxisse
2578 5619 2825 5674 fortunae.
2865 5615 3158 5688 Singularis
3202 5625 3381 5670 tamen
3419 5613 3580 5668 animi
3626 5618 3701 5668 tui
3735 5615 3899 5682 aequi-

2316 5724 2398 5766 tas
2437 5729 2539 5765 non
2570 5711 2821 5780 patietur,
2860 5719 2916 5765 ut
2952 5723 3141 5780 spero,
3185 5707 3469 5764 adversum
3509 5704 3900 5777 stipendiorum

2316 5805 2721 5875 prmogativam
2756 5817 2939 5858 casum
2969 5804 3049 5855 va:
3068 5816 3170 5856 .-re.
3201 5798 3270 5854 Et
3310 5814 3428 5854 mea
3458 5799 3617 5866 igitur
3643 5798 3899 5861 hortatio.

2314 5908 2366 5954 ct
2397 5898 2494 5964 ip~i
2519 5913 2559 5954 ws
2612 5896 2802 5953 ﬁducia
2841 5895 3104 5964 judicium
3158 5907 3306 5952 tuum
3351 5893 3586 5964 respicit.
3619 5891 3814 5964 Qumso
3847 5903 3902 5951 ut
