4300 6482
511 367 606 425 5M

1721 366 2199 424 EPISTOI.AIiC.‘iI
2241 372 2437 426 LIBER
2477 372 2570 427 IX.

3664 374 3771 427 512

508 498 667 537 eiusa
698 483 931 550 ηυιεειὶιτι,
961 492 1200 537 veterum
1231 481 1343 549 ejus
1387 479 1770 550 stipendiorum
1796 483 1937 549 justa
1968 500 2090 537 cutt-
2119 484 2161 541 Λ
2197 485 2356 540 missa
2389 486 2689 541 testabitur.
2725 488 2977 557 Superat
3008 505 3060 545 Ill
3094 506 3253 547 omne
3293 501 3605 557 carpentum
3639 491 3765 543 all»-

509 574 691 626 σηκοῖς
717 616 728 634 ,
782 582 1128 641 ptzestatttrus
1157 584 1205 626 et
1241 572 1391 626 nobis
1430 574 1618 627 amicis
1644 575 2004 635 securitatem,
2036 583 2089 626 et

512 667 793 717 honestum
838 662 1056 733 collegis
1100 663 1169 718 de
1197 663 1385 733 optimi
1414 662 1514 720 viri
1541 664 1842 719 retentione
1867 679 2090 719 consor—

508 753 662 809 tium.
699 751 851 809 Vale.

1113 844 1328 901 EI’IS'I‘.
1373 845 1482 900 LX.

1009 953 1320 994 ηιιιιιιαιιυε
1359 953 1595 994 νιιυΒιΝο.

578 1032 839 1087 Omnibus
882 1032 972 1101 qui
1023 1031 1361 1086 occasionem
1410 1029 1717 1097 scriptionis
1758 1032 2087 1097 impertiuut,

507 1126 991 1180 commendationis
1024 1125 1310 1194 quatttdam
1341 1123 1579 1193 rependo
1606 1122 2093 1179 mercedemﬁnuc

509 1219 712 1286 optimo
743 1219 857 1271 viro
884 1214 1134 1271 Petrucio
1163 1216 1357 1270 factum
1400 1216 1543 1282 voto,
1592 1229 1751 1279 quem
1799 1216 1912 1269 scio
1958 1214 2095 1267 hanc

509 1309 793 1377 epistulam
840 1324 948 1364 non
981 1318 1089 1363 tam
1132 1307 1217 1363 sui
1246 1307 1734 1368 commendatione.
1782 1322 1939 1377 quam
1987 1308 2092 1362 mei

511 1401 675 1455 niticii
722 1402 891 1469 gratia
943 1402 1244 1471 postulasse
1281 1418 1294 1452 :
1334 1399 1489 1469 cujus
1535 1414 1753 1470 operam
1791 1414 1943 1454 versa
1978 1399 2096 1454 vice

512 1492 896 1547 inttnerandam
926 1491 1127 1563 putavi.
1159 1492 1407 1561 Poposcit
1436 1491 1662 1555 litteras,
1694 1501 1754 1545 ut
1779 1492 1871 1545 tibi
1900 1491 2095 1560 probu-

509 1598 601 1637 rcr
639 1582 954 1651 impensius.
984 1584 1094 1652 Ego
1116 1594 1300 1639 contra
1333 1583 1454 1636 ideo
1479 1582 1760 1652 scripsiSse
1790 1597 1875 1638 me
1905 1583 2093 1649 fateor,

510 1685 568 1729 ut
598 1676 692 1730 tibi
726 1676 815 1731 ille
843 1681 1117 1746 acceptior
1144 1675 1479 1731 redderetur.
1506 1675 1655 1730 Vale.

1107 1765 1321 1823 EPIST.
1365 1766 1501 1821 LXI.

1015 1874 1325 1917 SVIIILCIIUS
1360 1873 1589 1915 ΡΑοΑτο.

584 1958 682 2010 \‘ix
727 1954 987 2021 adducor,
1018 1962 1075 2009 ut
1101 1955 1315 2009 credam
1347 1954 1554 2008 litteras
1584 1965 1731 2008 meas
1759 1964 1904 2019 sepe
1934 1964 2090 2021 repe-

512 2056 641 2108 t;st
672 2049 801 2105 nihil
827 2048 1053 2105 Leontio
1097 2047 1322 2103 remedii
1367 2045 1679 2102 contulisse.
1707 2046 1841 2115 Quia
1886 2045 1934 2100 si
1963 2044 2095 2099 nihil

513 2148 712 2200 virium
756 2145 1009 2211 frequens
1039 2142 1373 2196 interventus
1401 2149 1585 2195 noster
1613 2138 1924 2202 habuisset,
1949 2136 2096 2192 desi-

515 2244 685 2292 steret
725 2234 1036 2303 suﬂragium
1087 2246 1265 2285 meum
1315 2232 1477 2285 toties
1499 2232 1682 2285 elusus
1727 2238 1933 2298 optare.
1963 2228 2097 2282 Cum

520 2333 678 2401 igitur
705 2328 844 2399 apud
877 2342 963 2382 me
997 2328 1233 2396 querela:
1262 2327 1417 2380 istius
1444 2325 1578 2380 tides
1603 2324 1765 2379 dubia
1793 2324 1890 2383 sit;
1911 2338 2100 2392 exspe-

513 2423 609 2477 riri
640 2423 782 2483 volo.
814 2421 901 2475 cui
935 2419 1270 2489 potissimum
1308 2420 1444 2488 parti
1474 2417 1736 2471 dubitatio
1760 2430 1878 2472 mea
1907 2414 2101 2471 debeat

510 2514 793 2584 applicari.
829 2510 927 2566 Est
972 2510 1131 2580 igitur
1177 2510 1232 2564 in
1284 2523 1445 2563 manu
1494 2518 1604 2574 tua,
1655 2518 1831 2562 utrum
1881 2507 2101 2575 posthac

510 2617 699 2662 tenere
729 2605 783 2661 in
811 2603 1095 2659 scribendo
1119 2616 1325 2658 morem
1372 2601 1621 2665 debeam,
1663 2616 1732 2654 an
1764 2601 2100 2655 verecundia:

513 2708 710 2754 nostra:
738 2696 989 2753 continua
1017 2696 1181 2751 etiam
1211 2693 1578 2750 taciturnitate
1606 2692 1910 2748 consulere.
1945 2690 2094 2745 Vale.

1091 2787 1306 2847 EPIS'I‘.
1357 2788 1518 2843 LXll.

1004 2896 1319 2938 SYIIACHUS
1368 2898 1473 2937 ιιοιι
1482 2898 1509 2937 υ
1517 2902 1600 2938 L0.

580 2976 661 3032 'l'u
711 2973 925 3044 quidem
976 2984 1197 3044 paterna
1241 2972 1525 3029 all'ectione
1583 2976 1772 3043 pignus
1817 2989 2101 3030 commune

506 3068 875 3126 commendas.
953 3066 1060 3124 Sed
1111 3066 1186 3122 illi
1231 3066 1503 3123 efﬁcacius
1547 3069 1725 3125 studia
1768 3082 1824 3124 et
1862 3083 2101 3124 amorem

512 3164 774 3217 bonorum
822 3158 1115 3227 probabilis
1153 3158 1263 3214 vita
1314 3160 1581 3215 conciliat.
1634 3160 1808 3216 Habes
1848 3161 2099 3228 juvenem

2194 577 2289 631 bre
2312 589 2365 631 et
2392 580 2558 633 firmis
2581 582 2983 651 compngiuihus
3010 585 3329 653 explicetur.
3356 584 3393 637 S
3440 600 3522 640 teat
3540 599 3589 636 te
3614 588 3766 650 pretii

2193 669 2256 721 ad
2292 669 2393 722 hoc
2430 686 2566 737 opus
2594 680 2711 737 est,
2743 674 2882 742 quod
2928 677 3160 730 dandum
3203 695 3240 728 ss
3264 680 3481 743 I‘ljlatfrls'
3505 720 3518 737 ,
3575 678 3770 745 jubet“

2194 762 2481 815 numerari.
2530 762 2840 820 Ilumanitas
2887 767 3164 822 seniorum
3211 776 3418 821 tuorum
3468 770 3619 823 debet
3654 787 3772 823 esse

2196 849 2541 906 moderatior.
2588 853 2796 926 Iteligio
2823 857 2965 912 enim
3011 858 3204 913 animis
3249 858 3427 927 petitis
3472 874 3627 929 quam
3661 880 3763 912 mu-

2195 945 2413 998 ueribus
2440 946 2754 1005 aestimatur.
2774 947 2921 1003 Vale.

2760 1041 2973 1097 EPIST.
3024 1043 3207 1098 LXVI.

2582 1147 2609 1184 ὃ
2619 1148 2888 1190 ὶἸΜΑΕΒυε
2926 1154 2991 1190 AD
3029 1152 3171 1192 ελ.ου
3181 1154 3350 1192 ιΑΙιεΙ
3362 1180 3372 1191 .

2270 1240 2441 1295 Preti:-
2468 1242 2802 1299 desertornm
2831 1247 3053 1302 confuso
3085 1264 3267 1304 errore
3299 1259 3606 1317 poscuntur.
3644 1250 3773 1303 Nam

2199 1347 2372 1401 neque
2422 1332 2624 1401 judicia
2655 1378 2667 1387 .
2695 1376 2709 1390 .
2738 1378 2750 1390 .
2780 1380 2789 1389 .
2819 1350 2946 1393 cert.
2972 1356 2998 1391 s
3043 1339 3201 1393 futuri
3251 1342 3447 1394 laboris
3496 1342 3773 1396 instituas:

2199 1428 2362 1481 listtm
2409 1430 2552 1484 enim
2598 1447 2663 1487 ac
2704 1433 2982 1488 deiiuitum
3032 1444 3177 1489 tenet
3219 1437 3542 1503 amplissima
3593 1451 3778 1503 praete-

2198 1529 2350 1575 ctura
2380 1566 2394 1589 ,
2446 1522 2649 1576 nullum
2696 1526 2814 1595 ejus
2841 1540 2963 1581 esse
2993 1525 3207 1593 meriti,
3252 1540 3308 1581 ut
3336 1526 3646 1581 sublimitati
3679 1534 3780 1581 tua:

2198 1610 2391 1667 debeat
2416 1612 2716 1683 subrogari.
3348 1620 3357 1628 ’

2767 1706 2983 1762 EPIST.
3026 1706 3230 1764 LXVII.

2778 1814 3201 1855 δῖιικωυυις.....

2273 1905 2340 1962 Ει
2364 1907 2543 1977 quieto
2572 1909 2885 1977 provinciae,
2918 1921 2974 1968 et
2998 1914 3199 1983 vigoris
3230 1915 3300 1967 tui
3336 1913 3492 1968 laudo
3519 1914 3783 1969 delector.

2199 1996 2308 2053 Nec
2354 2001 2641 2071 quidquam
2690 2005 2999 2074 magisterio
3046 2020 3166 2062 meo
3206 2006 3443 2071 vindico,
3476 2024 3594 2061 cum
3628 2024 3787 2063 omne

2199 2093 2342 2160 quod
2373 2104 2579 2162 spectat
2601 2097 2667 2150 ad
2692 2098 2940 2168 gloriam,
2968 2108 3071 2154 tu.e
3095 2101 3274 2170 potius
3304 2104 3465 2157 indoli
3497 2103 3780 2158 debeatur.

2203 2184 2374 2240 Marte
2404 2186 2561 2255 igitur
2594 2187 2747 2251 primi
2781 2191 2998 2245 honoris
3028 2192 3298 2262 auspiciis,
3323 2193 3452 2247 etin
3482 2194 3783 2248 uberiorem

2200 2278 2420 2346 gloriam
2467 2280 2656 2335 felices
2698 2282 2857 2338 tende
2896 2296 3118 2339 conatus
3166 2294 3224 2340 ut
3286 2286 3379 2340 tbi
3430 2287 3495 2339 ad
3526 2290 3785 2339 celsiores

2203 2372 2396 2439 gradus
2426 2374 2641 2440 jannam
2674 2376 2897 2441 pandas.
2938 2390 2991 2431 et
3023 2379 3320 2432 Romanum
3350 2394 3541 2432 nomen
3570 2379 3784 2431 claritu-

2204 2464 2329 2517 dtue
2358 2465 2835 2521 administrationis
2864 2469 3154 2525 illumines.
3173 2470 3319 2524 \‘ale.

2750 2598 2967 2656 EI’IST.
3011 2600 3240 2655 LXVIII.

2784 2705 3107 2747 SYMIACBDS.
3125 2734 3155 2745 ..
3172 2735 3181 2743 .
3194 2730 3209 2744 .

2275 2777 2433 2833 Soleo
2460 2779 2721 2834 amicitias
2749 2782 3073 2847 optimorum
3106 2783 3309 2851 primus
3335 2794 3607 2853 expetere.
3638 2781 3788 2838 Nunc

2206 2868 2436 2923 fortuna:
2468 2885 2602 2926 mea:
2632 2872 2904 2927 inclinatio
2948 2886 3003 2926 ut
3034 2876 3359 2943 praevenirer
3406 2876 3603 2932 eﬂecit.
3657 2876 3783 2932 Tri-

2208 2961 2415 3015 bueuda
2443 2971 2527 3017 est
2554 2962 2711 3031 igitur
2737 2966 2889 3018 venia
2930 2967 3193 3023 tarditatis
3214 3008 3229 3034 ,
3277 2983 3381 3022 non
3427 2972 3785 3039 negligenttze,

2206 3053 2300 3108 sed
2334 3054 2687 3109 mmstitudini
2730 3070 2865 3109 mea:
2902 3075 2913 3109 :
2955 3066 3010 3112 et
3054 3057 3196 3112 bono
3243 3059 3420 3113 omine
3459 3060 3790 3116 familiaritas

2205 3144 2527 3212 capulanda,
2560 3147 2645 3200 cui
2673 3149 2972 3215 auspicium
3004 3149 3306 3205 fortunatus
3335 3152 3651 3219 praestitisti.
3682 3153 3788 3207 Sed

507 3255 665 3325 cujus
709 3255 859 3322 fruge
909 3251 1144 3323 gaudere
1170 3251 1392 3320 debeas,
1416 3255 1515 3309 etsi
1547 3253 1660 3308 scio
1706 3268 1883 3322 patres
1908 3269 2097 3310 avaros
2119 3233 2171 3299 ο
2202 3237 2205 3291 Ῐ

2087 3233 2171 3310 ,Ο
2202 3236 2329 3293 licet
2351 3251 2437 3293 me
2466 3238 2581 3307 ipse
2598 3237 2759 3294 officii
2789 3239 2978 3296 ordine
3006 3250 3063 3296 et
3087 3242 3393 3312 dignatione
3415 3246 3785 3311 pnrerteris;

513 3361 636 3402 esse
679 3344 823 3413 voti,
878 3360 978 3399 nec
1017 3343 1124 3399 ulla
1168 3343 1403 3399 filiorum
1448 3343 1588 3399 bona
1635 3356 1820 3412 putare
1865 3346 2099 3414 perfecta

511 3437 782 3493 desiderio
807 3445 863 3491 et
887 3436 1176 3505 cupiditate
1198 3438 1431 3507 potiore.
1463 3435 1622 3492 Forte
1653 3440 1835 3493 lactari
1866 3440 2100 3492 animum

512 3541 663 3585 tuum
704 3529 911 3598 iudicas
960 3528 1103 3585 dulci
1135 3529 1317 3597 potius
1345 3527 1535 3584 nuntio
1574 3541 1733 3597 quam
1775 3530 1939 3586 fideli.
1967 3529 2099 3585 Cum

511 3637 644 3679 vero
688 3621 784 3677 tibi
813 3623 931 3691 ejus
959 3622 1191 3678 reditum
1240 3620 1390 3676 favor
1417 3620 1630 3677 divinus
1657 3622 1929 3687 annuerit,
1962 3633 2016 3676 tu
2047 3627 2099 3676 in

512 3717 660 3772 illius
689 3718 897 3773 meritis
938 3715 1312 3788 deprehendes
1341 3718 1444 3772 mei
1477 3716 1767 3772 testimonii
1799 3716 2103 3772 veritatem.

522 3810 668 3867 Vale.

1083 3899 1298 3958 EPIST.
1357 3901 1535 3958 LXIII.

1094 4005 1467 4048 ιιιιιοιωε...
1478 4033 1517 4046 ..

583 4085 992 4144 Observantiam
1036 4092 1193 4139 vetus
1233 4096 1367 4139 usus
1412 4085 1642 4151 induxit,
1685 4093 1746 4145 ut
1788 4088 1951 4141 domo
1979 4101 2103 4155 pro-

519 4181 641 4236 fecti
702 4186 963 4250 praestent
1016 4177 1314 4246 auspicium
1362 4187 1563 4233 mutua:
1610 4180 1940 4249 scriptionis.
1992 4180 2099 4235 Sed

515 4291 617 4345 ego
658 4275 828 4341 longa
855 4270 1269 4341 exspectationis
1300 4271 1584 4343 impatiens
1610 4274 1855 4330 ordinem
1883 4288 2101 4330 servare

514 4383 620 4419 non
652 4363 819 4430 totui.
851 4360 1006 4418 Prior
1035 4362 1200 4433 igitur
1238 4363 1333 4417 tibi
1361 4364 1821 4421 honorificentiam
1852 4366 1976 4438 styli
2004 4368 2101 4422 de-

513 4456 651 4512 fero.
687 4454 891 4511 Dehinc
915 4454 1145 4524 subjicio
1174 4454 1521 4524 postulatum,
1569 4457 1726 4524 cujus
1768 4456 1885 4512 haec
1928 4459 2097 4512 forma

512 4559 593 4600 est
613 4587 630 4613 ,
663 4557 719 4600 ut
751 4545 1096 4600 Laurentium
1125 4544 1476 4600 domesticum
1520 4547 1701 4617 (quod
1742 4547 1935 4605 domus
1963 4566 2099 4605 mete

2206 3330 2259 3384 in
2284 3337 2555 3397 posterum
2584 3340 2761 3385 tamen
2785 3346 3118 3403 nequaquam
3150 3340 3378 3390 residem
3400 3334 3687 3404 judicabts.
3732 3348 3791 3393 ut

2204 3422 2503 3478 animorum
2551 3433 2856 3478 nostrorum
2904 3428 3247 3491 conciliatio,
3297 3443 3418 3497 qua:
3466 3440 3556 3483 tuo
3598 3430 3791 3484 invita-

2204 3526 2388 3569 mento
2429 3518 2661 3584 sumpsit
2698 3518 3000 3585 exordium,
3036 3521 3170 3574 meis
3218 3521 3413 3575 litteris
3458 3522 3787 3593 frequentata

2204 3605 2524 3662 cumuletur.
2544 3606 2693 3661 Vale.

2778 3699 2991 3755 EPIST.
3031 3700 3221 3760 LXIX.

2788 3806 3106 3847 διικλιυυδ.
3121 3833 3134 3847 .
3146 3834 3157 3843 .
3171 3837 3178 3844 .
3191 3838 3199 3846 .

2274 3880 2482 3937 Mallem
2526 3882 2740 3952 quidem
2789 3885 3015 3939 red-tum
3064 3894 3211 3939 tuum
3253 3901 3408 3956 quam
3446 3887 3648 3942 litteras
3690 3890 3788 3944 im-

2204 3986 2439 4046 petrare.
2484 3974 2592 4033 Sed
2623 3978 2785 4031 etiam
2837 3976 3033 4033 habent
3084 3981 3272 4034 so'atia
3320 3981 3529 4048 locum,
3574 3985 3787 4049 quoties

2205 4064 2511 4120 fraudamur
2551 4069 2769 4136 opta‘is.
2832 4068 3034 4122 Vereor
3061 4081 3238 4124 autent
3267 4086 3335 4125 ne
3366 4081 3417 4126 te
3444 4072 3531 4127 diu
3559 4074 3626 4126 ab
3654 4076 3786 4131 urbe

2204 4163 2581 4231 protermines.
2628 4160 2866 4231 Namque
2908 4162 3010 4218 hoc
3055 4166 3210 4219 nobis
3250 4142 3499 4222 minatur
3519 4170 3787 4227 tarditatis

2205 4262 2312 4308 tua:
2335 4254 2609 4309 e'abotata
2640 4254 2903 4320 defensio,
2948 4271 3113 4326 quare
3142 4259 3301 4312 velim
3350 4262 3580 4325 noveris,
3608 4264 3785 4320 nullas

2204 4357 2369 4398 more
2396 4345 2744 4413 allegationes
2772 4346 3054 4401 desiderati
3082 4349 3201 4404 ibus
3220 4351 3393 4419 justas
3417 4354 3581 4407 videri
3622 4356 3786 4420 Quid-

2202 4435 2330 4505 quid
2363 4436 2521 4504 igitur
2546 4437 2659 4505 ipse
2684 4440 3009 4493 causatiouis
3034 4442 3295 4509 attuleris,
3318 4445 3516 4509 surdis,
3534 4456 3591 4499 ut
3614 4449 3781 4511 aiunt,

2201 4527 2418 4583 auribus
2439 4528 2729 4597 ingeretur.
2751 4531 2875 4586 liae
2899 4532 3110 4587 interim
3136 4536 3200 4589 de
3224 4545 3413 4605 quarto
3436 4539 3637 4593 Latina:
3659 4542 3781 4609 vite,

517 4637 687 4704 ww“
730 4634 973 4706 υιιιευε)
1019 4633 1274 4705 wmeio
1320 4645 1413 4692 ιυο
1466 4638 1779 4695 dissimules
1820 4639 2095 4711 adjuvat
2126 4621 2322 4679 Dmox
2368 4635 2553 4690 agrum
2587 4621 2905 4678 Laurentem
2954 4625 3217 4693 petiturus
3262 4637 3469 4684 ennttu.
3506 4631 3600 4685 Est
3638 4637 3783 4694 enim

516 4728 665 4785 Vale.

1077 4817 1293 4878 EPIST.
1350 4818 1536 4876 LXIV.

1032 4927 1337 4969 SVIIACIIIII
1372 4927 1599 4969 νΑοΑτο.

587 5007 813 5062 Ιιιιιιέιτθ
857 5005 1145 5063 debueras.
1190 5004 1298 5062 Sed
1344 5006 1584 5077 prolixus
1631 5008 1685 5063 in
1721 5007 1821 5063 liae
1864 5024 2105 5080 conque-

517 5108 691 5159 stione
717 5118 837 5160 esse
883 5118 1023 5159 nunc
1052 5102 1215 5173 piget.
1246 5101 1426 5173 Itaque
1471 5102 1538 5156 ad
1573 5101 2093 5159 commendationem

518 5196 615 5249 viri
659 5196 985 5251 devotissimi
1015 5192 1246 5266 Olympii
1283 5192 1591 5249 amicissimi
1636 5195 1741 5248 mei
1787 5193 1944 5250 flecto
1977 5210 2096 5249 ser-

520 5304 766 5344 monem:
790 5299 947 5356 teque
971 5286 1162 5343 sedqu
1189 5299 1339 5355 rogo,
1372 5294 1430 5341 ut
1454 5300 1577 5341 eum
1606 5300 1828 5340 securus
1856 5290 2097 5342 testimo-

520 5382 593 5435 uii
621 5382 673 5433 in
706 5377 994 5449 penetralia
1038 5376 1418 5434 familiaritatis
1455 5376 1727 5432 admittas.
1757 5376 2013 5447 Reperies
2044 5382 2094 5433 in

514 5488 583 5525 eo
632 5486 840 5525 tuorum
888 5468 1066 5534 bona,
1116 5464 1291 5536 qualia
1330 5465 1519 5538 judicii
1571 5469 1647 5524 tui
1688 5470 2096 5540 Cll'CltltlepeCiIO

516 5565 794 5619 consuevit
821 5565 1038 5634 eligere.
1061 5561 1213 5617 Vale.

1099 5652 1313 5709 EPIST.
1354 5653 1515 5710 LXV.

1003 5762 1313 5803 εςιωλιζιιιτε
1351 5763 1594 5802 Αιυ-ῖνιο.

592 5833 827 5896 Vsbiculi
857 5850 987 5897 rota:
1029 5839 1183 5909 cujus
1211 5838 1438 5896 debeant
1467 5854 1587 5895 esse
1629 5855 1892 5896 mensura.-
1946 5840 2084 5897 linea

2202 4713 2468 4768 familiare
2492 4716 2862 4782 maerentibus,
2891 4720 3053 4773 animi
3081 4735 3237 4776 curas
3265 4725 3580 4791 migratione
3608 4726 3786 4783 discu-

2202 4813 2336 4861 tere.
2358 4804 2502 4863 Vale.

2782 4899 2996 4956 EPIST.
3039 4901 3199 4957 LXX.

2778 5008 3125 5049 εικιιΑοιιυε..
3138 5034 3199 5051 ..ο

2276 5101 2597 5158 Accusarem
2623 5102 2890 5158 silentium
2924 5116 3091 5172 tuum,
3127 5107 3228 5162 nisi
3262 5120 3313 5161 te
3344 5112 3397 5163 in
3429 5113 3588 5166 fratre
3615 5112 3783 5168 vidis-

2203 5208 2336 5249 sem.
2367 5194 2462 5251 Ille
2491 5203 2544 5250 et
2570 5196 2731 5251 oflicii
2762 5197 3179 5252 satisfactionem
3202 5246 3214 5265 ,
3245 5212 3296 5255 et
3327 5207 3620 5268 prnseutt‘r
3649 5203 3750 5257 ima
3778 5238 3786 5245 -

2202 5288 2379 5357 ginem
2424 5288 2556 5343 mihi
2606 5288 2753 5345 solus
2804 5290 3064 5345 exhibuit.
3098 5292 3226 5346 Nam
3259 5311 3435 5347 dictum
3470 5297 3602 5349 bona
3637 5297 3689 5351 in
3718 5316 3785 5353 eu

2205 5384 2416 5451 agnovi,
2438 5396 2557 5451 qua:
2586 5383 2639 5437 in
2671 5395 2721 5436 te
2747 5381 2945 5438 dudum
2976 5385 3209 5447 probavi.
3241 5392 3377 5441 Amo
3405 5390 3562 5454 igitur
3591 5405 3781 5445 tenam

2205 5474 2419 5528 familiai
2446 5483 2656 5529 vestrm.
2685 5475 2756 5529 De
2785 5492 2885 5545 qua
2918 5479 3095 5543 nobis,
3120 5482 3281 5533 etiam
3311 5484 3398 5547 qui
3436 5483 3603 5533 ‘ttIIlllc’
3636 5497 3783 5535 cont-

2158 5566 2165 5573 ’
2205 5568 2340 5634 perii
2372 5580 2477 5620 non
2503 5578 2643 5627 sunt.
2670 5570 3014 5637 pflrtlgalltit
3044 5574 3225 5639 ι-νιήιιιί
3252 5575 3462 5638 genesis
3492 5573 3781 5627 latitialtdt's

2197 5659 2308 5725 jam
2340 5660 2607 5713 videntur.
2633 5658 2889 5727 Superest
2916 5676 3057 5714 nunc
3083 5664 3211 5715 mihi
3239 5664 3492 5716 solemnis
3522 5662 3607 5716 illa
3630 5685 3641 5711 ρ
3667 5664 3780 5713 ι’έιςι-

2198 5751 2383 5822 gitatio
2430 5750 2758 5815 litterarum,
2820 5768 2979 5821 quam
3027 5770 3125 5809 nec
3174 5755 3521 5810 mntltendnttt
3564 5766 3778 5822 penitus

2196 5842 2442 5898 existimo
2466 5886 2482 5912 ,
2525 5858 2591 5901 ne
2616 5846 2885 5902 remissius
2908 5862 3084 5913 Cures,
3112 5863 3229 5917 qua:
3255 5858 3407 5917 putas
3439 5862 3545 5901 non
3570 5847 3632 5901 de
3669 5846 3779 5899 ide-
