4300 6432
621 298 725 357 IIIS

1798 299 1862 366 Ο.
1904 298 2251 355 AURELIUS
2288 298 2718 356 SYMMACIIUS.

3783 299 3890 362 3“

617 417 745 485 rari,
774 432 875 473 nec
902 430 1226 487 magnopere
1257 415 1665 486 perurgendam,
1715 429 1781 469 ne
1812 413 1905 467 tibi
1935 422 2195 483 perpetua
2218 414 2274 475 Α
2300 428 2405 482 quo
2434 416 2613 469 sortiri
2643 414 2827 471 Sicilia
2861 416 3201 486 magistratus
3223 460 3238 482 ,
3279 427 3604 471 anteriornm
3636 419 3889 473 recorda-

610 511 895 565 convctttlo
924 509 1207 580 spontanei
1238 510 1461 577 gratiam
1494 510 1747 576 decerpat
1775 506 1955 563 ofﬁcii.
1993 506 2143 562 Vale.

1181 603 1397 658 EPIS'I'.
1442 602 1626 656 LXXI.

1185 711 1608 752 SVIIACIIIJS.....

677 789 932 856 Quamvis
980 790 1217 859 relegere
1263 792 1398 849 iter,
1442 800 1602 854 atque
1650 788 1793 842 illico
1839 800 2020 855 parem
2066 798 2193 839 rure

604 881 902 947 deducere;
946 883 1047 937 boc
1078 885 1250 952 ipsum
1283 892 1463 935 tamen
1511 883 1670 934 breve
1716 880 2053 934 intervallum
2085 875 2191 932 dici

603 986 830 1027 vacuum
858 987 978 1028 esse
1012 973 1204 1027 litteris
1233 987 1338 1025 non
1366 973 1557 1039 patiar.
1588 968 1846 1034 I’timum,
1876 979 1933 1022 ut
1954 967 2189 1021 ofﬁcium

604 1065 924 1134 scriptorum
972 1076 1184 1119 tuorum
1236 1062 1603 1118 vicissitudine
1647 1062 1910 1114 sermonis
1956 1060 2191 1129 zquipa—

602 1174 737 1215 rem.
772 1158 996 1226 Dehinc,
1033 1170 1086 1212 ut
1114 1164 1379 1228 expetitas
1409 1156 1671 1210 amicitias
1705 1157 1873 1208 relatu
1902 1154 2086 1225 gratia:
2108 1154 2188 1208 in-

603 1252 808 1321 telligar
836 1251 1127 1306 munerari.
1160 1254 1456 1311 Postremo.
1484 1259 1541 1304 ut
1569 1250 1765 1304 indicio
1794 1249 2053 1304 adventus
2080 1247 2183 1305 mei

604 1344 892 1412 pauxillum
922 1345 989 1397 de
1020 1352 1093 1408 te,
1128 1343 1172 1397 si
1204 1360 1323 1397 mox
1353 1344 1501 1396 abire
1530 1341 1879 1407 decreveras,
1914 1341 2185 1396 residendi

600 1445 810 1504 tempus
837 1435 1129 1489 obtineam.
1162 1434 1243 1489 οι)
1274 1435 1369 1487 bas
1396 1449 1585 1488 causas
1614 1433 1895 1503 epistolam
1929 1442 2186 1487 venturus

596 1525 712 1594 ipse
743 1532 993 1595 tanquam
1039 1527 1319 1594 prmsnlem
1355 1524 1495 1579 misi.
1531 1524 1635 1581 Sed
1685 1525 1736 1578 in
1786 1525 1867 1579 his
1915 1526 2183 1594 prmcipua

599 1624 729 1678 mihi
778 1622 874 1678 fuit
915 1622 1052 1678 ratio
1100 1638 1208 1677 non
1257 1622 1474 1681 silendi.
1508 1620 1649 1690 quod
1678 1619 1824 1690 prior
1851 1628 2031 1673 votum
2061 1634 2185 1673 san-

593 1718 799 1773 cienda:
840 1716 1215 1772 familiaritatis
1264 1714 1518 1770 habuisti.
1565 1713 1719 1769 Unde
1743 1729 1934 1768 curare
1962 1728 2049 1767 me
2087 1712 2181 1768 de-

592 1814 741 1877 cuit,
791 1826 859 1866 ne
906 1812 1118 1880 culpam
1151 1810 1349 1865 fastidii
1379 1806 1753 1863 contraherent
1800 1807 1884 1862 dis

593 1919 872 1975 responsa.
903 1904 1059 1973 Atqui
1094 1904 1308 1959 mallem
1336 1917 1552 1973 semper
1580 1917 1697 1958 mea
1725 1916 1891 1969 opera
1922 1902 2185 1956 amicitias

592 1997 868 2061 inchoari;
914 2005 1119 2051 tantum
1150 1996 1325 2061 abest,
1354 2006 1413 2049 ut
1442 1996 1590 2065 pigre
1611 2003 1666 2048 et
1691 1994 2019 2064 negligenter
2048 1993 2185 2048 acci-

591 2092 733 2159 piam
783 2104 976 2143 munus
1028 2088 1306 2157 religionis
1357 2086 1575 2139 oblatas.
1627 2090 1741 2155 Ago
1790 2086 1947 2151 igitur
1984 2086 2185 2155 gratias

592 2185 746 2239 bona:
772 2184 988 2239 voluuta
1018 2182 1030 2235 i
1063 2190 1200 2245 tum,
1237 2190 1291 2233 et
1335 2180 1537 2234 curabo
1581 2180 1768 2234 sedulo
1803 2178 1996 2232 officiis
2023 2178 2183 2243 meis,

588 2282 650 2330 ut
694 2273 886 2329 credas
933 2274 1172 2343 potuisse
1204 2288 1290 2326 me
1336 2270 1607 2326 scribendi
1636 2269 1827 2325 ordine
1874 2267 2177 2340 prteveiiiri,

586 2364 858 2439 diligentia
887 2364 1051 2421 animi
1083 2379 1186 2419 non
1220 2376 1397 2433 posse.
1424 2361 1573 2416 Vale.

1145 2456 1361 2514 EPIST.
1413 2454 1621 2509 LXXII.

1162 2563 1586 2607 SVIIIACBUS.....

655 2644 1043 2711 Alexandrum,
1072 2643 1227 2697 sicuti
1255 2644 1545 2711 loquuntur
1571 2640 1830 2705 historm,
1858 2639 2036 2708 gravis
2064 2654 2177 2692 mo-

582 2736 781 2800 mordit
814 2735 1009 2789 invidia
1039 2734 1182 2804 quod
1212 2733 1408 2788 Achilli
1459 2732 1759 2786 fortissimo
1797 2731 1895 2784 avi
1943 2732 2023 2785 sui
2070 2730 2177 2784 Ho-

581 2846 790 2888 merum
818 2844 1121 2900 pra-conem
1152 2828 1363 2882 fortuna
1394 2827 1691 2881 tribuisset.
1714 2824 1783 2881 At
1811 2824 1937 2879 mihi
1966 2823 2175 2878 animus

582 2925 757 2995 gliscit
801 2922 997 2995 gaudio
1021 2964 1038 2989 ,
1067 2920 1211 2991 quod
1253 2929 1479 2977 eventus
1512 2920 1647 2990 reip.
1684 2933 1972 2989 prosperos
2017 2917 2172 2987 parili

580 3031 831 3074 sermone
860 3014 1087 3072 ornasti.
1122 3014 1274 3069 Unde
1304 3015 1503 3069 factum
1531 3024 1636 3079 est,
1661 3021 1719 3066 ut
1742 3010 1939 3065 nostris
1960 3025 2173 3080 quoque

581 3110 854 3166 obtutibus
880 3148 895 3171 .
942 3109 1034 3179 qui
1083 3107 1270 3178 procul
1316 3104 1524 3177 agimus
1550 3146 1567 3171 ,
1606 3105 1853 3174 quasdam
1896 3111 2168 3172 gestorum

580 3201 743 3259 facies
784 3202 1120 3258 subderetur.
1154 3200 1331 3268 Quare
1363 3197 1593 3255 fortuna:
1636 3206 1741 3253 tua:
1778 3196 2020 3267 gratulor
2047 3210 2167 3265 qua:

581 3300 944 3362 spectatorem
976 3300 1028 3347 te
1056 3292 1307 3347 secundis
1331 3292 1496 3345 rebus
1523 3288 1794 3360 apposuit,
1827 3297 1884 3344 et
1912 3287 2172 3342 facundia:

580 3402 698 3457 qua:
727 3387 911 3442 talium
947 3384 1285 3455 negotiorum
1324 3382 1680 3454 magnitudini
1708 3382 1968 3438 orationis
1994 3382 2170 3452 gravi-

579 3490 688 3536 tate
712 3480 1012 3551 respondit.
1033 3477 1283 3536 C(elcstis
1311 3486 1471 3532 nutus
1498 3476 1719 3539 efﬁciet,
1747 3486 1805 3529 ut
1827 3476 2170 3530 ornatissimo

580 3571 773 3643 linguae
805 3580 907 3627 tua:
936 3569 1303 3642 promptuario
1328 3583 1599 3640 nunquam
1627 3569 1776 3625 desit
1816 3568 2039 3624 materia
2082 3564 2165 3622 ta-

579 3664 710 3719 lium
741 3663 1071 3719 nuntiorum.
1094 3660 1243 3717 Vale.
1554 3650 1562 3657 ’

1126 3752 1341 3811 EI'IST.
1382 3750 1614 3809 LXXIII.

1157 3860 1582 3900 SVIIACIIUS..."

645 3937 790 3994 Cura
818 3939 1012 3992 anxius
1037 3951 1183 3993 eram
1227 3939 1535 4007 priusquam
1566 3937 1773 3993 litteras
1822 3944 1941 3993 tuas
1987 3951 2167 3993 sumc-

576 4045 690 4085 rem
716 4069 733 4095 ,
765 4039 943 4085 utrum
978 4027 1261 4084 commode
1304 4038 1521 4097 peracto
1550 4028 1741 4084 itinere
1784 4029 1853 4084 ad
1899 4027 2164 4084 destinata

578 4121 939 4190 pervenisses.
992 4119 1097 4176 Sed
1142 4120 1229 4175 ubi
1275 4120 1475 4175 certior
1519 4118 1693 4175 factus
1743 4134 1883 4185 sum,
1914 4119 2049 4174 nihil
2073 4133 2168 4172 va-

575 4211 797 4268 letudini
842 4224 948 4267 tum
991 4212 1177 4267 labore
1205 4211 1415 4266 itineris
1457 4209 1823 4276 deminutum,
1854 4212 2069 4265 animus
2093 4210 2160 4264 ad

573 4319 634 4359 se
664 4305 911 4361 revertit.
942 4304 1223 4361 Prwstabit
1249 4305 1462 4359 divinus
1496 4304 1666 4368 favor,
1701 4314 1759 4358 ut
1787 4304 1946 4359 sicuti
1975 4304 2168 4359 absen-

574 4400 647 4454 tia
676 4409 765 4454 tua
795 4408 975 4471 optata
1000 4396 1372 4467 cognovimus,
1393 4397 1465 4451 ita
1489 4407 1580 4453 tuo
1607 4397 1781 4453 reditu
1810 4396 2161 4469 gaudeamus.

580 4493 728 4548 Vale.

1128 4580 1347 4638 EPIST.
1386 4579 1621 4637 LXXIV.

1157 4688 1485 4729 SYIIACIIIIS.
1496 4712 1555 4727 ο..
1570 4714 1582 4727 .

642 4768 987 4827 Editionibus
1026 4770 1226 4824 nostris
1255 4767 1480 4823 amicam
1506 4782 1727 4837 operam
1759 4766 2048 4836 polliceris.
2076 4769 2160 4824 ln-

572 4861 755 4933 telligo
777 4860 975 4917 litteris
996 4860 1388 4916 benevolentia:
1416 4868 1521 4915 tua:
1547 4858 1794 4914 effectum
1821 4861 2156 4929 respondere

572 4954 811 5022 potuisse
832 4995 850 5022 ,
882 4953 927 5008 si
983 4953 1203 5006 honoris
1233 4952 1307 5006 tui
1355 4962 1562 5021 tempus
1591 4950 1823 5005 felicitas
1869 4952 2158 5020 provincia:

572 5053 941 5114 propagasset.
973 5043 1079 5098 Sed
1110 5044 1355 5111 quamvis
1384 5043 1645 5113 depositis
1673 5042 1902 5112 reipubl.
1934 5044 2157 5100 habenis

573 5152 808 5209 nequeas
835 5138 1083 5207 promissi
1114 5137 1396 5191 terminum
1438 5139 1566 5191 dare
1590 5179 1606 5204 ,
1639 5152 1741 5207 ego
1783 5146 1960 5193 tamen
1990 5138 2159 5192 fateor

492 5244 495 5245 '
573 5233 644 5284 ita
690 5244 779 5287 me
823 5230 914 5284 tibi
946 5229 1194 5285 vadatum
1241 5230 1453 5301 gratia,
1501 5240 1556 5283 ut
1587 5244 1663 5296 sp.
1686 5242 1795 5283 rata
1848 5231 2153 5300 perfeceris.

574 5322 711 5377 Volo
737 5322 881 5376 enim
912 5320 1164 5387 faventis,
1199 5336 1305 5375 non
1337 5322 1481 5376 exitu
1514 5323 1592 5374 rei
1629 5323 1842 5376 animus
1868 5322 2153 5391 obligatur.

574 5416 775 5470 Interea
797 5414 1014 5469 abundo
1029 5414 1245 5485 gaudio,
1269 5416 1412 5483 quod
1439 5415 1529 5469 tibi
1553 5415 1792 5468 omnium
1814 5432 1992 5469 rerum
2016 5416 2155 5470 fama

570 5508 725 5563 floret
751 5517 806 5563 et
829 5510 882 5563 in
912 5520 1117 5581 partem
1144 5511 1383 5575 qumsitm
1410 5524 1438 5560 a
1474 5519 1524 5561 te
1554 5508 1723 5564 laudis
1754 5509 1970 5564 accedo.
2006 5511 2154 5567 Vale.

1132 5598 1344 5655 EPIST.
1380 5598 1588 5653 LXXV.

1152 5705 1579 5746 SVIHACIIUS..."

642 5782 817 5840 Beasti
861 5784 1062 5840 curiam
1109 5794 1346 5840 nostram
1399 5784 1681 5855 forumque
1737 5784 2055 5847 Romanum.
2090 5786 2157 5840 de

2300 502 2448 559 tione
2476 508 2768 560 metuebat.
2806 508 2948 561 Ades
2994 509 3157 576 igitur
3200 508 3354 561 nobis
3382 518 3743 576 exspectatus,
3776 509 3886 564 illis

2298 597 2708 653 desiderandus.
2744 600 2809 653 Et
2837 614 3105 671 praesumo
3136 600 3231 655 tibi
3252 610 3474 669 accepto
3506 602 3810 668 ferendum,
3837 603 3885 657 si

2297 690 2592 757 provinciae
2618 692 3045 746 commodaverit
3071 693 3382 760 posterioris
3412 692 3660 747 imitatio.
3684 697 3885 749 Auctor

2298 787 2382 833 est
2405 780 2547 834 enim
2578 780 2841 837 bonorum
2877 782 3215 851 sequentium
3239 823 3258 850 ,
3301 782 3393 852 qui
3422 783 3673 855 relinquit
3700 800 3885 839 exem-

2296 870 2465 941 plum.
2491 872 2643 929 Vale.

2844 986 3061 1044 EPIST.
3102 987 3336 1044 LXXVI.

2876 1094 3302 1136 SYIIACEUE..."

2367 1168 2641 1237 Querebar
2664 1174 2858 1228 tacitus
2885 1172 3001 1242 ipse
3032 1187 3242 1229 mecum
3266 1173 3332 1228 de
3360 1173 3597 1239 silentio,
3618 1172 3713 1229 sed
3740 1174 3881 1228 ami-

2297 1277 2416 1320 cam
2464 1268 2872 1322 succensionem
2917 1281 3107 1323 recens
3148 1282 3329 1323 sermo
3377 1268 3624 1338 placavit.
3654 1266 3797 1339 Ergo
3824 1267 3881 1324 in

2296 1372 2451 1412 usum
2485 1367 2722 1414 veterem
2766 1369 3105 1416 revertamur
3128 1404 3144 1428 ,
3192 1372 3248 1416 et
3285 1371 3524 1416 mutuam
3553 1358 3880 1431 diligentiam

2293 1452 2557 1522 religiosis
2587 1452 2999 1508 salutationibus
3028 1454 3363 1509 exeolamus.
3384 1452 3533 1508 Vale.

2816 1587 3033 1645 EPIST.
3077 1588 3162 1643 LX
3174 1589 3213 1644 X
3225 1589 3335 1643 VII.

2865 1697 3292 1738 ιῐικλῦιιυε.....

1886 1805 2185 1863 simulando
2220 1797 2260 1855 η
2320 1862 2327 1863 7
2360 1770 2569 1839 Scripta
2594 1780 2684 1863 tua
2713 1772 2996 1840 plurimum
3029 1774 3156 1827 mibi
3180 1773 3420 1827 tribuunt
3440 1770 3746 1840 voluptatis.
3768 1770 3878 1830 Sed

2286 1862 2331 1916 si
2362 1865 2578 1931 paulum
2632 1862 2816 1917 Roma:
2863 1866 3101 1918 residere
3144 1863 3427 1926 voluisses.
3453 1864 3623 1918 multo
3649 1864 3879 1935 amplius

2286 1955 2442 2011 nobis
2470 1958 2752 2025 praesentia
2787 1969 2898 2022 tua,
2930 1973 3087 2027 quam
3118 1972 3301 2013 sermo
3328 1958 3509 2027 gratiae
3537 1958 3875 2014 contulisset.

2287 2046 2425 2101 Fero
2473 2056 2651 2100 tamen
2697 2064 2853 2117 aequo
2898 2050 3121 2115 animo,
3169 2048 3311 2113 quod
3363 2047 3635 2103 desiderio
3681 2060 3873 2103 nostro

2286 2157 2525 2197 amorem
2554 2144 2739 2213 patria:
2783 2145 3093 2213 prmtulisti.
3128 2144 3193 2198 Et
3237 2159 3398 2215 spero
3437 2144 3641 2201 visendi
3673 2144 3766 2201 filii
3796 2146 3877 2201 tui

2282 2236 2476 2302 gratia,
2510 2236 2600 2306 qui
2650 2251 2793 2291 nunc
2844 2236 3158 2291 liberalibus
3199 2236 3392 2291 studiis
3440 2237 3704 2306 eruditur,
3750 2238 3873 2293 red-

2283 2326 2511 2381 dendam
2543 2327 2673 2381 mihi
2710 2329 2909 2395 saepius
2939 2328 3012 2382 tui
3036 2328 3269 2397 copiam.
3313 2328 3521 2384 Interea
3552 2327 3681 2383 dum
3712 2329 3874 2385 absu-

2280 2433 2425 2479 mus.
2447 2419 2832 2487 frequentanda
2863 2419 2955 2473 tibi
2986 2428 3070 2473 est
3098 2434 3259 2489 opera
3282 2420 3610 2489 scriptionis,
3634 2430 3695 2475 ut
3719 2434 3875 2475 meus

2281 2511 2440 2566 etiam
2465 2512 2634 2583 stylus
2660 2511 2726 2565 ad
2756 2516 2840 2567 vic
2862 2514 3178 2568 ssitudinem
3204 2524 3545 2583 provocetur.
3576 2513 3724 2570 Vale.

2802 2650 3018 2708 EPIST.
3060 2648 3343 2705 LXXVIII.

2862 2756 3235 2797 δῖιωλοιιυε...
3248 2782 3285 2796 ..

2348 2831 2521 2886 Credo
2568 2832 2812 2897 miraris,
2859 2835 3001 2902 quod
3049 2834 3227 2889 adhuc
3270 2833 3437 2888 crudo
3479 2831 3708 2889 fortuna:
3732 2847 3868 2890 metu

2276 2926 2498 2981 vulnere
2524 2927 2793 2980 silentium
2821 2929 3076 2995 ruperim.
3110 2926 3234 2983 llu‘c
3264 2926 3455 2981 solatia
3479 2968 3495 2992 ,
3541 2926 3625 2981 bis
3653 2941 3864 2996 pascor,

2280 3016 2363 3069 bis
2397 3033 2611 3071 recreor
2645 3035 2656 3071 :
2687 3018 2789 3071 etsi
2823 3019 2909 3071 illa
2944 3018 3083 3073 duco
3128 3017 3334 3088 majora
3366 3032 3486 3086 qua
3514 3018 3646 3073 mibi
3675 3033 3741 3074 ex
3772 3030 3866 3073 tuo

2277 3120 2494 3178 pectore
2528 3121 2582 3167 et
2627 3126 2878 3167 sermone
2908 3112 3225 3167 redduntur.
3256 3111 3365 3167 Sed
3396 3113 3521 3166 nolo
3550 3114 3810 3182 tantisper
3829 3128 3862 3168 a

2273 3218 2359 3257 me
2407 3203 2590 3273 exigas
2655 3204 2856 3259 litteras
2905 3202 3197 3274 longiores.
3242 3204 3441 3260 Breves
3487 3214 3615 3259 sunt
3656 3203 3863 3260 doloris

2272 3294 2501 3351 inducite
2525 3336 2543 3362 ,
2590 3307 2644 3350 et
2687 3311 2809 3351 mox
2840 3297 2893 3351 In
2926 3297 3153 3352 miseras
3181 3295 3537 3367 cogitationes
3582 3307 3863 3353 recnrruut

2271 3386 2603 3443 dissimulata
2650 3390 2923 3459 paululum
2951 3390 3109 3444 mala.
3145 3388 3287 3457 Ergo
3311 3397 3402 3444 tua
3449 3389 3625 3459 potius
3666 3388 3862 3443 redun-

2270 3481 2361 3535 det
2390 3483 2582 3548 oratio,
2614 3494 2734 3550 qum
2764 3482 2855 3536 tibi
2885 3481 3096 3536 laudem
3133 3490 3361 3536 servata:
3385 3482 3633 3537 amicitia-
3663 3480 3864 3550 pariet,

2268 3581 2324 3627 et
2363 3572 2492 3628 mihi
2521 3576 2802 3644 praesentis
2828 3588 3081 3631 rerumne:
3104 3574 3345 3630 solamen
3374 3572 3582 3630 afferet.
3601 3571 3749 3629 Vale.

2826 3705 3043 3763 EPIST.
3083 3706 3324 3765 LXXIX.

2852 3814 3285 3855 SVIIIACEDS...“

2340 3892 2554 3948 Utinam
2596 3901 2649 3948 te
2690 3892 2879 3948 melior
2918 3906 3081 3947 causa
3115 3893 3377 3948 tenuisset
3405 3933 3421 3959 ,
3469 3900 3524 3946 et
3559 3889 3715 3947 facile
3759 3889 3856 3945 ab-

2267 3985 2457 4039 sentia:
2485 3993 2592 4039 tuze
2621 3983 2815 4038 damna
2845 3982 3129 4039 ferremus.
3175 3982 3459 4053 Uteunque
3495 3993 3673 4037 tamen
3708 3982 3856 4037 desi-

2266 4076 2474 4131 derium
2521 4076 2597 4131 tui
2644 4076 2940 4131 litterarum
2988 4076 3182 4131 solatio
3225 4076 3524 4146 mitigasti:
3572 4090 3705 4145 quas
3744 4074 3851 4129 fre-

2266 4176 2531 4238 quentare
2558 4168 2889 4239 dignaberis,
2922 4168 2965 4223 si
3009 4183 3170 4238 quam
3210 4169 3306 4225 tibi
3348 4168 3523 4225 adhuc
3554 4166 3849 4224 necessitas

2267 4260 2547 4317 familiaris
2574 4275 2776 4318 moram
2808 4260 3084 4316 indixerit.
3112 4260 3262 4316 Vale.

2815 4393 3034 4451 EPIST.
3075 4393 3289 4450 LXXX.

2855 4502 3276 4545 BVIIACBUS..."

2192 4548 2249 4610 Β
2341 4579 2407 4635 Et
2434 4580 2603 4634 sancti
2642 4578 2807 4635 animi
2845 4580 2920 4634 tui
2960 4580 3275 4647 aﬂectione,
3315 4591 3370 4637 et
3409 4583 3675 4638 sermonis
3713 4581 3849 4636 assi-

2267 4674 2471 4729 duitate
2508 4672 2769 4727 delector.
2818 4672 2897 4727 Ne
2938 4672 3067 4728 illud
3096 4674 3316 4742 quidem
3347 4675 3589 4729 betu'ﬁt‘il
3626 4674 3846 4729 minaris

2264 4764 2533 4828 existimo,
2561 4764 2704 4833 quod
2740 4763 2807 4818 ad
2854 4765 3195 4819 scribendum
3238 4766 3368 4820 mibi
3402 4768 3623 4821 idoneas
3658 4765 3849 4821 tribuis

2263 4856 2566 4912 facultates.
2618 4857 2790 4925 Spero
2824 4858 2965 4911 enim
2998 4858 3217 4927 paginas
3248 4869 3397 4914 meas
3438 4860 3531 4913 tibi
3565 4874 3722 4929 posse
3754 4875 3841 4913 re-

2261 4951 2433 5018 stitui,
2467 4965 2600 5020 quas
2630 4961 2943 5021 reposcunt,
2969 4954 3057 5022 qui
3087 4962 3177 5005 tuo
3200 4953 3401 5019 judicio
3427 4954 3713 5020 puititnrcs
3743 4953 3843 5003 bu-

2260 5045 2350 5116 jns
2378 5044 2542 5100 officii
2571 5044 2897 5113 deliguntur.
2930 5045 2996 5100 Et
3020 5061 3150 5102 vero
3179 5061 3297 5116 qua:
3322 5061 3419 5117 pro
3447 5054 3627 5099 mutua
3660 5045 3843 5099 amici-

2266 5138 2334 5191 tia
2370 5137 2605 5207 dignaris
2632 5136 2935 5207 lnjungere.
2966 5137 3197 5193 libenter
3225 5139 3566 5209 exsequenda
3584 5139 3836 5208 suscipio,

2262 5230 2474 5295 quoties
2515 5228 2825 5283 desiderant
2881 5244 3101 5296 operam
3155 5244 3329 5285 meam
3392 5245 3528 5299 quos
3565 5243 3842 5283 commen-

2262 5322 2480 5378 datione
2508 5323 2857 5392 prosequeris
2896 5340 2908 5373 :
2960 5322 3055 5376 sed
3094 5324 3137 5376 si
3170 5322 3296 5392 quid
3339 5332 3428 5375 aut
3461 5322 3840 5389 negligentii-s,

2266 5422 2359 5469 aut
2393 5413 2566 5467 serius
2599 5417 2823 5466 sortitur
2849 5412 3129 5478 etl'ectnm,
3173 5428 3357 5467 eorum
3403 5412 3836 5469 dissimulationi,

2265 5520 2402 5573 quos
2430 5503 2803 5558 commonendi
2832 5518 2957 5557 cura
2990 5504 3212 5569 deserit,
3241 5512 3453 5572 oportet
3479 5505 3695 5557 ascribi.
3730 5506 3837 5556 thr--

2268 5607 2438 5653 terum
2466 5606 2571 5650 tam
2598 5598 2737 5664 jnsta
2770 5605 2823 5649 et
2845 5597 3066 5651 honesta
3091 5606 3370 5666 sunt,qn:e
3393 5597 3504 5667 ipse
3530 5597 3840 5667 plerumque

2267 5689 2505 5758 delegas,
2558 5697 2616 5741 ut
2660 5688 2785 5742 mihi
2832 5688 2916 5743 vel
2956 5698 3077 5743 utro
3107 5688 3403 5759 appetenda
3445 5690 3516 5745 sit
3565 5688 3838 5745 exsecutio

2267 5783 2623 5853 probabilium
2655 5780 2972 5839 litterarum.
3012 5779 3160 5837 Vale.
