4300 6430
441 342 549 397 3ιῖ

992 458 1203 515 EPIST.
1244 459 1485 515 LXXXI.

1031 565 1436 607 εῑιιιιλειιυε....
1448 590 1461 603 .

519 639 625 696 Diu
651 639 857 697 litteras
900 650 1019 695 tuas
1058 640 1401 698 desiderasse
1431 658 1516 697 me
1552 642 1747 709 fateor,
1799 657 2041 711 quarum

440 734 749 802 apportatio
786 734 1181 804 exspectationi
1226 733 1538 804 plenissime
1567 734 1852 790 satisfrcit.
1884 733 2030 789 Prte-

443 828 603 897 cipue
646 836 826 883 autem
877 827 1075 897 gaudio
1121 827 1240 893 fuit,
1291 829 1432 897 quod
1479 839 1530 884 te
1568 844 1664 897 pro
1706 839 1832 883 voto
1869 842 2030 897 agere

445 917 726 972 nuntiasti.
765 918 968 974 Dehinc
993 918 1132 989 quod
1161 919 1425 975 adventus
1455 920 1531 974 tui
1562 920 1758 975 dedisti
1781 919 2026 973 obsidem

444 1011 816 1079 sponsionem.
865 1011 931 1067 Et
966 1011 1219 1079 quoniam
1250 1021 1303 1066 to
1330 1013 1528 1066 mutuis
1554 1012 1623 1067 de
1647 1026 1734 1067 me
1760 1024 2029 1081 pra‘sumo

442 1099 678 1169 gaudere
700 1145 713 1167 ,
757 1110 877 1171 post
908 1102 1138 1171 ingentia
1169 1102 1436 1171 pericula,
1473 1120 1591 1169 qua!
1622 1104 1767 1157 solus
1800 1103 1851 1155 in
1883 1117 2030 1155 t‘Ollt—

442 1195 620 1249 munis
646 1194 833 1264 patria:
864 1197 1262 1266 perturbatione
1294 1200 1551 1265 toleravi,
1600 1197 1654 1251 in
1688 1196 1886 1250 bouum
1917 1206 2027 1249 sta-

445 1294 556 1341 tum
587 1288 810 1343 rediisse
840 1288 1104 1359 signilico.
1137 1290 1418 1359 Superest,
1457 1302 1514 1344 ut
1540 1289 1607 1343 ad
1641 1290 2026 1357 plenitudinem

442 1392 825 1448 prosperorum
864 1379 1051 1435 laetitia
1091 1380 1246 1435 nobis
1281 1393 1492 1449 sperata
1536 1380 1845 1451 proveniat;
1884 1379 2026 1449 quod

441 1470 575 1526 mibi
607 1483 698 1527 tuo
724 1470 899 1529 reditu
930 1472 1286 1542 spopondisti.
1331 1473 1482 1527 Vale.

978 1563 1195 1619 EPIST.
1230 1563 1489 1620 LXXXII.

1015 1672 1443 1713 SVIMLCBUS.....

514 1745 696 1804 Pomis
746 1748 853 1803 tuis
902 1748 1117 1804 abunde
1159 1748 1418 1803 itonorrm
1461 1748 1663 1818 scripto
1706 1748 1937 1803 facerem
1977 1747 2024 1801 si

440 1840 701 1896 valerem.
746 1840 897 1896 Nunc
933 1842 1188 1896 obsessus
1210 1839 1572 1894 membrorum
1600 1839 1838 1894 omnium
1869 1840 2022 1893 dnlo-
2057 1834 2101 1893 Β

439 1932 626 1998 ribus,
665 1933 920 1988 silvarum
976 1943 1184 1987 tuarum
1234 1932 1443 1987 laudent
1484 1944 1784 2003 sequestro.
1841 1932 2023 1987 Faciet

445 2024 698 2094 frequens
748 2024 1054 2078 humanitas
1104 2033 1189 2079 tua
1241 2035 1300 2078 ut
1348 2040 1492 2094 saepe
1533 2026 1667 2077 alias
1716 2025 1771 2079 in
1811 2024 2019 2079 Marsos

440 2114 578 2172 bona
608 2115 895 2173 Pbcacum
925 2118 1184 2171 translata
1214 2116 1571 2171 celebremus.
1607 2114 1758 2170 Vale.

954 2207 1169 2262 EPIST.
1209 2206 1494 2261 LXXXI”.

1017 2314 1447 2355 SIIIACHUS.....

509 2392 641 2450 Ruri
664 2408 787 2450 eum
819 2393 1128 2463 parentibus
1155 2394 1397 2459 otiabar,
1442 2404 1498 2447 ut
1526 2392 1708 2463 algore
1734 2390 2017 2446 Przcnesti-

436 2486 493 2543 ni
519 2486 802 2543 diversorii
828 2485 1162 2557 ﬂagrantiam
1185 2486 1403 2541 torrida:
1429 2485 1632 2541 mtatis
1651 2484 2013 2539 excluderem.

436 2579 518 2637 Eo
546 2595 634 2636 me
659 2578 759 2635 loci
805 2590 1123 2650 repererunt
1166 2579 1360 2633 littera:
1404 2592 1539 2643 tute,
1570 2593 1704 2656 quas
1729 2588 2013 2647 exspecta-

437 2674 584 2728 tione
636 2672 996 2743 prosperioris
1049 2671 1230 2726 indicii
1280 2672 1544 2741 principio
1602 2672 1756 2727 lactus
1808 2672 2012 2739 accepi.

436 2765 674 2834 Namque
698 2765 765 2821 ad
790 2765 891 2821 hoc
919 2766 1161 2821 locorum
1191 2766 1338 2819 nullo
1364 2782 1451 2820 me
1494 2781 1719 2821 munere
1748 2768 2016 2821 sermonis

437 2856 787 2914 ltilaraveras.
837 2858 942 2913 Sed
992 2858 1083 2913 ubi
1126 2873 1317 2912 omnes
1375 2858 1649 2913 molestias
1699 2874 1832 2927 quas
1871 2857 2015 2913 Pado

435 2961 659 3008 auctore
691 2952 955 3019 tolerasti,
984 2953 1213 3008 sollicita
1240 2952 1470 3007 lectione
1495 2954 1775 3018 percensui
1802 2970 1816 3017 ;
1849 2966 2011 3005 accu-

436 3054 555 3101 sato
595 3047 817 3102 vernula
851 3058 942 3103 tuo
986 3046 1237 3111 ﬂumine.
1274 3048 1425 3117 cujus
1460 3048 1702 3102 turbidos
1731 3058 1935 3101 meatus
1960 3058 2016 3103 et

437 3139 654 3195 inti-lum
677 3156 870 3212 agmen
899 3152 1153 3211 expertus
1192 3156 1288 3207 es;
1329 3142 1677 3195 relttli'islam
1718 3157 2010 3197 conserva-

1655 342 2134 402 EPISTOLABUM
2180 345 2376 402 LlBEll
2420 342 2508 402 IX.

2055 463 2107 522 Α

2669 462 2880 517 EI‘IST.
2920 464 3107 519 LXXX
3122 465 3180 518 V.

2720 573 3145 613 SVSIIACIIUS..."

2209 650 2411 702 Amica:
2442 649 2730 704 voluntatis
2761 650 3013 704 indicium
3042 660 3149 715 est,
3181 648 3324 719 quod
3354 649 3581 718 adeptus
3606 665 3719 701 am-

2137 739 2435 806 plissimum
2466 740 2824 802 consulatum,
2854 742 3214 810 cognitionem
3241 741 3370 793 milii
3397 751 3450 795 et
3479 741 3714 794 societa-

2136 838 2244 883 tem
2274 830 2402 884 tanti
2427 831 2603 900 gaudii
2635 832 2951 901 praestitisti.
3002 833 3183 899 Quare
3231 831 3389 900 liuius
3440 834 3534 887 tibi
3576 833 3716 903 apud

2136 938 2223 977 me
2260 922 2503 978 muneris
2536 928 2711 991 Opima
2754 925 2871 977 laus
2908 933 2991 978 est
3019 941 3034 979 :
3069 924 3280 995 quando
3309 925 3377 978 ita
3410 940 3633 980 securus
3658 942 3719 979 es

2134 1014 2237 1067 mei
2276 1015 2463 1078 animi,
2506 1024 2566 1069 ut
2607 1016 2712 1069 tuis
2749 1016 2909 1070 rebus
2955 1018 3227 1085 prosperis
3272 1020 3407 1069 scias
3436 1032 3531 1070 nos
3562 1030 3718 1084 pos~e

2134 1106 2324 1161 laetari.
2355 1106 2492 1174 Quid
2514 1108 2656 1178 quod
2688 1109 2853 1164 etiam
2880 1111 3164 1165 consulare
3188 1112 3458 1179 negotium
3492 1111 3589 1165 [υἷι
3617 1110 3717 1164 Ιιο-

2134 1200 2280 1252 noris
2313 1201 2395 1253 sui
2439 1203 2683 1255 nuntium
2725 1201 2883 1257 latius
2921 1202 3273 1270 promovere?
3302 1201 3505 1257 Gaudia
3545 1202 3714 1268 enim,

2130 1290 2321 1359 quibus
2358 1292 2508 1359 pauci
2548 1292 2828 1358 fruuntur,
2869 1304 3093 1363 angusta
3124 1304 3267 1348 sunt.
3303 1294 3509 1348 Dehinc
3546 1294 3715 1363 ipsius

2128 1382 2316 1437 aeterni
2346 1384 2604 1453 principis
2627 1382 2942 1438 beneficium
2972 1383 3240 1439 celebrius
3284 1396 3442 1454 atque
3471 1386 3711 1438 ornatius

2131 1475 2430 1542 reddidisti,
2461 1478 2547 1531 cui
2576 1478 2677 1531 sub
2706 1478 2989 1532 occasione
3017 1478 3201 1531 talium
3245 1479 3541 1532 litterarum
3571 1478 3709 1545 apud

2132 1567 2328 1621 multos
2359 1570 2555 1636 gratias
2582 1569 2781 1623 videris
2803 1571 2998 1639 egisse,
3022 1585 3181 1638 quam
3212 1569 3440 1636 benigne
3470 1570 3712 1621 animad-

2127 1670 2406 1715 vertantur
2435 1660 2630 1716 officia.
2666 1661 2848 1716 Facito
2888 1672 2947 1715 ut
2971 1662 3127 1717 iuam
3159 1663 3382 1733 gratiam
3431 1660 3702 1716 scribendi

2127 1751 2441 1807 assiduitate
2472 1755 2773 1807 continues.
2808 1751 2959 1808 Vale.

2658 1842 2873 1898 EPIST.
2905 1843 3189 1900 LXXXVI.

2710 1952 3135 1993 SVMIIACIIUS.....

2193 2029 2509 2100 Compotetn
2563 2046 2647 2086 me
2694 2032 2858 2100 optati
2920 2032 3088 2085 nuntii
3136 2030 3453 2100 prmstitisti.
3516 2030 3709 2085 Fateor

2121 2126 2267 2180 cnim
2317 2140 2455 2179 vene
2493 2126 2743 2180 amicitia:
2783 2125 2921 2179 hanc
2955 2139 3078 2179 esse
3123 2126 3408 2189 rationem,
3455 2134 3510 2177 ut
3554 2138 3704 2177 eom—

2121 2218 2279 2271 moda
2309 2226 2490 2272 nostra
2522 2228 2708 2272 mutuo
2735 2218 3085 2287 gaudeamus.
3119 2216 3373 2272 Gratulor
3399 2216 3558 2283 igitur
3582 2232 3703 2270 cum

2122 2310 2215 2365 tiii
2251 2309 2627 2365 familiaritatis
2675 2317 2875 2363 nostra!
2922 2322 3116 2373 causa,
3161 2318 3269 2363 tum
3314 2308 3467 2362 [anne
3494 2318 3702 2377 tempo-

2119 2416 2236 2456 rum
2278 2417 2438 2471 Quam
2472 2403 2702 2459 recentis
2726 2402 2913 2471 iudicii
2953 2401 3177 2471 aequitas
3205 2400 3261 2455 in
3304 2409 3559 2457 mter-nam
3588 2402 3701 2470 glo-

2119 2496 2253 2550 riam
2296 2495 2609 2550 vindicavit.
2659 2495 2897 2550 Functus
2949 2509 3009 2550 es
3047 2494 3236 2564 optimi
3280 2494 3412 2549 civis
3439 2492 3698 2556 officium,

2121 2588 2286 2639 multa
2327 2600 2524 2654 opera,
2568 2590 2775 2654 perpeti
2811 2586 3194 2641 sollicitudine.
3243 2584 3346 2641 Sed
3378 2587 3502 2640 nolo
3532 2587 3698 2653 pteni~

2120 2684 2247 2730 teat.
2282 2676 2306 2722 \
2324 2675 2460 2730 irtus
2487 2676 2796 2732 durioribus
2817 2676 3045 2747 negotiis
3072 2677 3339 2741 enitescit,
3370 2688 3420 2731 et
3444 2691 3697 2746 asperna-

2118 2776 2204 2821 tur
2230 2767 2493 2824 declivem
2524 2768 2852 2835 facilitatem,
2887 2770 3227 2839 maximoque
3250 2770 3451 2825 sudore
3470 2769 3697 2823 arduum

2118 2859 2291 2914 laudis
2342 2860 2623 2915 snnititur.
2664 2861 2817 2916 Adde
2864 2862 2968 2918 huc
3007 2859 3151 2930 quod
3193 2863 3246 2914 in
3282 2876 3377 2916 ore
3422 2860 3697 2915 fortissimi

2117 2952 2373 3024 principis
2422 2954 2559 3025 agis,
2604 2964 2663 3008 et
2706 2954 2919 3023 publico
2957 2954 3099 3009 bono
3148 2956 3270 3010 sine
3316 2955 3565 3009 satietate
3599 2953 3695 3008 de-

2119 3042 2312 3097 ft-nrris
2347 3060 2361 3097 :
2404 3058 2525 3112 quae
2556 3059 2644 3099 res
2668 3059 2774 3098 non
2806 3053 3125 3113 compensat
3165 3043 3356 3109 modo,
3393 3044 3490 3101 sed
3536 3043 3699 3098 etiam

2118 3138 2460 3193 commendat
2491 3138 2748 3192 laborem.
2791 3137 2909 3193 Jam
2940 3138 3069 3193 illud
3108 3139 3267 3207 quale
3305 3148 3422 3205 est,
3463 3137 3604 3209 quod
3649 3142 3699 3189 in

437 3234 600 3288 tionis
638 3241 745 3288 tua:
772 3235 1000 3303 gratiam
1028 3232 1131 3289 diis
1158 3233 1483 3299 auctoribus,
1531 3235 1794 3303 Bonnaque
1826 3233 2009 3289 Furtu-
2038 3214 2084 3275 ο
2116 3246 2276 3286 eau<a
2323 3246 2428 3285 non
2473 3240 2678 3284 tantum
2724 3240 2813 3287 tua
2858 3229 3088 3285 fortuna:
3117 3231 3382 3286 eluctatus
3414 3232 3699 3292 incertum.

435 3342 538 3382 nae.
571 3326 930 3394 Quamobrem
960 3327 1342 3398 complacitum
1380 3343 1459 3382 est
1493 3327 1623 3381 milii
1657 3343 1836 3381 serunt
1864 3326 2016 3381 exhi-

435 3418 532 3475 bii
568 3420 835 3474 sermonis
871 3418 1132 3487 officium,
1196 3420 1347 3489 cujus
1400 3420 1612 3491 iungant
1660 3423 2015 3475 cessationem

436 3510 689 3567 secundis
719 3511 881 3567 rebus
916 3512 1019 3566 ttti<
1057 3512 1303 3566 incusare
1335 3513 1648 3582 potuissem.
1684 3510 1903 3566 Factum
1932 3521 2017 3566 est

436 3602 581 3657 enim
627 3602 884 3672 religione
932 3618 1035 3673 qua
1076 3602 1280 3667 debuit,
1338 3616 1391 3656 ut
1440 3605 1587 3673 prius
1640 3603 2016 3657 liberationem

436 3704 615 3760 tuam,
657 3710 818 3765 quam
863 3696 1156 3763 periculum
1188 3695 1471 3750 discerem.
1514 3694 1692 3762 Quare
1742 3708 1903 3763 penes
1927 3707 2017 3748 so-

435 3786 717 3856 spitatores
758 3786 832 3841 tui
861 3785 991 3840 deos
1032 3784 1270 3839 manebit
1300 3786 1416 3840 hac
1459 3800 1608 3852 cura,
1656 3796 1713 3840 ut
1741 3786 2013 3840 beneﬁciis

436 3878 549 3933 suis
569 3876 768 3949 iugiter
799 3877 1176 3944 immorentur,
1219 3888 1374 3949 teque
1412 3878 1484 3932 ob
1526 3879 1774 3934 meritum
1813 3880 2016 3933 donent

438 3971 589 4041 largo
610 3971 781 4024 artatis
809 3985 1035 4024 excursu
1062 3987 1076 4036 ;
1112 3969 1181 4024 ita
1210 3980 1269 4024 ut
1304 3982 1555 4025 senectus
1591 3972 1721 4024 nillil
1753 3971 2018 4039 decoquat

441 4062 729 4117 lirmitatis.
763 4061 967 4117 Interea
997 4063 1245 4132 quoniam
1275 4071 1325 4116 te
1352 4073 1503 4131 grata
1531 4062 1766 4116 εει-θεεἰο
1793 4073 1847 4116 et
1864 4063 2017 4130 quies

437 4152 609 4208 dulcis
650 4153 1025 4222 amplectitur;
1070 4168 1253 4223 qua-so
1293 4168 1475 4207 rurant
1515 4153 1763 4223 dignatus
1793 4154 2016 4223 arripias

443 4244 721 4299 nobiscum
764 4244 961 4314 satpius
1002 4244 1273 4315 loquendi.
1324 4244 1556 4315 Adjicies
1602 4246 1902 4315 plusculum
1933 4261 2019 4300 re—

438 4336 649 4392 fectioni
693 4338 937 4406 corporis
983 4338 1054 4402 si,
1099 4347 1187 4391 aut
1235 4338 1545 4392 emittendis
1594 4337 1835 4406 epistolis
1863 4380 1879 4405 ,
1927 4348 2019 4391 aut

437 4430 674 4486 vicissim
728 4430 1004 4485 sumendis
1059 4430 1539 4502 peregrinatitnem
1586 4430 1800 4485 levaris.
1860 4428 2018 4485 (Σο-ηε

440 4523 594 4578 nobis
624 4522 755 4576 nihil
784 4522 1054 4591 antiquius
1079 4522 1202 4584 erit,
1253 4537 1411 4590 quam
1463 4533 1514 4575 te
1561 4523 1774 4591 legere,
1823 4520 2017 4589 quibus

2122 3323 2256 3377 nulli
2307 3323 2549 3377 nost'rum
2594 3322 2759 3377 debes
2798 3321 3037 3377 victoria
3085 3331 3188 3377 tua:
3228 3322 3500 3393 gratiam?
3540 3320 3701 3375 Plura

2120 3414 2354 3481 vellem;
2393 3414 2488 3469 sed
2528 3413 2713 3469 videor
2742 3413 2873 3467 mibi
2917 3414 2970 3467 in
3016 3414 3300 3485 prmaentia
3334 3411 3466 3467 satis
3508 3410 3700 3466 fecisse

2120 3505 2430 3559 verborum.
2454 3503 2605 3559 Nunc
2627 3505 2672 3558 si
2705 3503 2797 3559 tibi
2823 3501 3059 3573 pote§tas
3083 3513 3187 3569 est,
3218 3503 3363 3558 malo
3394 3514 3448 3558 ut
3473 3502 3583 3574 jam
3616 3517 3701 3557 re-

2118 3612 2323 3653 curras.
2343 3597 2401 3653 Si
2418 3598 2543 3668 duid
2562 3612 2834 3651 morarum
2852 3604 2954 3663 est,
2973 3612 3157 3667 quaso
3177 3595 3525 3668 respondeas.
3546 3594 3696 3651 Vale.

2634 3687 2852 3744 EPIST.
2896 3687 3203 3744 LXXXVII.

2694 3797 3124 3839 SYIIACHUS..."

2193 3877 2414 3933 Summa
2465 3876 2560 3930 tibi
2607 3875 2745 3945 apud
2796 3890 2883 3930 me
2921 3876 3036 3929 laus
3081 3888 3135 3929 et
3181 3875 3349 3930 solida
3389 3877 3559 3944 gratia
3594 3887 3701 3938 est,

2118 3971 2334 4039 quando
2367 3969 2416 4022 id
2446 3968 2669 4023 affectas
2697 3967 2942 4022 amicitiae
2969 3969 3148 4029 cultu.
3198 3978 3254 4022 ut
3281 3983 3381 4021 nos
3406 3970 3704 4022 litterarum

2118 4062 2322 4115 bonore
2346 4060 2605 4123 digneris.
2651 4058 2758 4113 Sed
2782 4073 2905 4128 pars
2930 4059 3173 4125 epistola:
3200 4066 3305 4112 tua:
3345 4074 3462 4125 qua:
3494 4060 3699 4112 Iaudem

2119 4154 2245 4208 inibi
2269 4155 2556 4222 a~signavit
2580 4152 2799 4222 eloquii,
2827 4155 2895 4206 sit
2924 4152 3048 4207 licet
3072 4152 3229 4205 nimis
3248 4151 3504 4221 jucunda,
3528 4154 3702 4204 minus

2120 4256 2294 4300 tttneu
2326 4262 2472 4299 vera.
2505 4244 2620 4299 Non
2648 4243 2819 4299 audeo
2840 4244 3117 4299 scribere:
3149 4245 3382 4299 Mentiris
3412 4256 3468 4298 et
3500 4243 3702 4311 Decipis

2117 4354 2239 4392 cum
2274 4337 2387 4391 lure
2416 4337 2481 4392 de
2508 4352 2597 4391 me
2626 4337 2923 4404 praedicas,
2973 4334 3070 4390 sed
3120 4336 3248 4391 illud
3300 4339 3476 4403 potius
3523 4354 3534 4387 :
3585 4338 3701 4390 scio

2120 4432 2261 4499 quod
2294 4447 2479 4485 amore
2507 4430 2727 4485 falleris.
2758 4429 2840 4485 Tu
2866 4444 3189 4499 quemqvam
3213 4428 3498 4484 facundum
3521 4444 3698 4491 νοτες.

2122 4528 2203 4578 vir
2234 4523 2284 4576 in
2315 4522 2543 4578 dicendo
2575 4536 2906 4577 stimularum
2941 4523 3205 4590 partium,
3249 4523 3335 4575 cui
3364 4522 3433 4576 sit
3463 4521 3700 4587 patricia:

436 4614 724 4672 blanditias
752 4615 863 4671 oris
884 4587 959 4670 tui
984 4615 1195 4669 interim
1225 4587 1328 4666 non
1347 4587 2016 4684 contingit'audire.i\'ale.
2046 4587 2096 4648 θ
2120 4615 2399 4685 dignitatis
2426 4612 2633 4668 oratio?
2666 4614 2806 4685 Ergo
2835 4587 2997 4683 parce
3034 4612 3214 4669 verbis
3249 4613 3702 4675 leuocinantibus,

958 4703 1171 4761 EPIST.
1206 4703 1490 4759 LXXXtV.

1014 4813 1410 4855 Μυκηνῶν..
1424 4838 1437 4853 ο

481 4891 662 4961 Quod
692 4892 769 4947 ait
796 4903 979 4949 noster
1002 4894 1275 4948 comicus:
1312 4893 1593 4965 Nunquam
1621 4904 1668 4949 te
1703 4895 1859 4961 adeo,
1891 4898 2015 4967 quin

440 4984 530 5039 abs
568 4993 617 5038 te
654 4985 853 5039 doctior
892 4986 1090 5047 abeam,
1147 4985 1197 5041 id
1244 5000 1346 5055 ego
1389 4986 1457 5040 de
1499 4986 1742 5055 epistolis
1771 4986 1876 5041 tuis
1898 4987 2017 5055 jure

437 5078 870 5142 memoraverim.
894 5094 1012 5149 qua:
1041 5078 1227 5133 multis
1256 5078 1458 5133 salibus
1485 5094 1864 5151 nonnunquam
1895 5096 2020 5133 scn-

402 5174 748 5237 ‘tentiarum,
798 5173 1109 5243 plerumque
1156 5188 1407 5229 versuum
1464 5176 1791 5230 sarcientur.
1846 5174 2017 5231 Veluti

438 5278 582 5318 nunc
599 5263 785 5319 l'tterze
810 5273 914 5318 tua:
938 5262 1179 5318 halantes
1200 5264 1525 5319 Platonicum
1544 5274 1746 5335 nectar,
1762 5277 2016 5334 quantum

440 5355 570 5408 mihi
619 5358 853 5411 muneris
901 5355 1202 5412 dederunt!
1273 5357 1403 5411 Nam
1454 5359 1554 5412 nisi
1611 5358 1705 5414 tibi
1755 5360 2017 5415 bonarum

443 5450 673 5518 partium
702 5456 976 5517 spectatus
1001 5464 1200 5513 essem,
1232 5466 1503 5518 nunquam
1534 5466 1620 5507 me
1640 5452 1827 5507 Atticis
1849 5452 2017 5507 musis

441 5539 851 5606 impertiendum
886 5551 1147 5608 putasses.
1179 5541 1357 5608 Quare
1394 5542 1695 5612 hujustuodi
1730 5545 1879 5612 eperi
1911 5542 2018 5601 ire-

439 5642 668 5701 qucnter
714 5632 1015 5700 accingere,
1065 5644 1121 5688 et
1165 5634 1413 5688 amicitia:
1463 5634 1787 5704 diligentiam
1831 5635 2019 5693 sedulo

441 5737 720 5793 persevera
752 5762 767 5789 ,
810 5738 929 5777 cum
960 5724 1059 5779 ltoc
1092 5726 1358 5795 negotium
1401 5727 1493 5781 tibi
1537 5728 1702 5782 nostri
1746 5727 1908 5783 ofﬁcii
1941 5728 1991 5785 vi

438 5818 695 5875 cissitudo
713 5820 1052 5875 commendet
1068 5866 1069 5869 η
1110 5820 1259 5876 Vale.

2120 4720 2169 4761 et
2200 4706 2320 4762 fuco
2348 4707 2553 4772 oblitis,
2592 4715 2648 4760 et
2683 4704 2752 4759 ad
2794 4704 3017 4775 gratiam
3043 4708 3389 4773 comparatis.
3443 4702 3705 4758 Amicitia:

2122 4814 2322 4855 nostra:
2366 4801 2504 4855 forte
2531 4798 2849 4864 conveniat,
2892 4810 2953 4853 ut
2998 4798 3159 4852 talem
3190 4797 3357 4853 v'deri
3386 4813 3471 4852 me
3493 4795 3703 4851 cazte'is

2118 4894 2345 4962 cupias;
2396 4890 2619 4962 pudoris
2654 4901 2839 4945 tamen
2879 4892 2987 4945 mei
3033 4906 3140 4945 non
3179 4899 3281 4955 est,
3329 4899 3386 4944 ut
3434 4889 3567 4943 mihi
3603 4887 3703 4959 ipsi
3739 4879 3743 4882 ’

2122 4986 2281 5040 talem
2310 4998 2397 5040 me
2417 4997 2537 5041 esse
2570 4984 2911 5052 persuadeas.
2958 4981 3104 5035 Vale.

2616 5075 2829 5132 EPIST.
2870 5074 3007 5130 LXX
3022 5076 3062 5129 Χ
3075 5076 3105 5125 ν
3119 5075 3203 5130 lll.

2700 5182 3130 5224 IYIIACIIUS..."

2190 5258 2330 5315 Olim
2353 5266 2404 5313 te
2434 5258 2564 5314 mibi
2595 5259 2721 5314 fecit
2741 5258 3029 5328 optabilem
3050 5258 3218 5323 cultu,
3242 5258 3381 5312 fama
3404 5260 3700 5315 litterarum

2123 5366 2333 5413 tuarum
2360 5373 2373 5409 :
2407 5355 2501 5411 sed
2522 5354 2617 5410 diu
2645 5354 2884 5409 officium
2911 5353 3182 5408 scribendi
3210 5368 3305 5422 per
3326 5356 3700 5409 verecundiam

2120 5452 2326 5515 distuli,
2372 5468 2439 5506 ne
2489 5452 2540 5505 in
2586 5450 2711 5505 aula
2754 5451 2982 5520 positum
3024 5449 3235 5505 viderer
3274 5451 3495 5505 ambire.
3543 5451 3705 5519 Cujus

2123 5545 2295 5601 morbi
2337 5545 2408 5600 ita
2438 5546 2625 5600 crebra
2655 5552 2739 5598 est
2774 5543 3072 5607 all‘ectntio,
3114 5553 3170 5597 ut
3200 5543 3482 5616 diligentes
3522 5545 3703 5600 existir

2125 5637 2374 5692 matiouis
2406 5638 2506 5691 viri
2539 5652 2635 5707 pro
2666 5638 2853 5693 alienis
2883 5637 3026 5691 vitiis
3067 5637 3405 5693 erubescant.
3450 5636 3568 5691 1am
3620 5652 3704 5692 reo

2125 5733 2266 5783 mota
2289 5740 2370 5785 est
2399 5744 2559 5784 causa
2586 5729 2903 5783 ltmsitantize
2923 5770 2937 5794 ,
2967 5739 3244 5799 postquam
3277 5743 3362 5782 me
3393 5729 3540 5797 prior
3562 5728 3703 5781 salu-

2126 5824 2325 5879 talione
2373 5820 2621 5892 dignatus
2673 5838 2753 5879 es.
2808 5820 3059 5878 Patcutes
3107 5820 3357 5877 amicitiai
3408 5831 3514 5875 tua:
3561 5819 3702 5875 fores
