4300 6492
589 374 694 430 547

1754 361 1818 426 Ο.
1862 353 2208 414 Αυιιειιυδ
2245 351 2688 408 SHIMAUIUS.

3765 344 3871 404 348

587 487 814 557 benigne
865 485 1066 539 accitus
1117 481 1350 549 intrabo,
1393 487 1448 535 et
1484 492 1838 548 compensare
1871 475 2170 530 meditabor
2197 478 2247 538 Α
2276 481 2420 528 tuam
2450 471 2814 548 gratulatione
2833 469 3138 540 praesentia,
3187 478 3242 524 et
3287 478 3415 536 opto
3445 467 3712 537 adaugeat
3746 482 3864 534 pur

589 581 850 649 pudt-mes
873 576 1070 631 silentii
1101 588 1280 630 moras
1301 571 1665 629 crebrioribus
1687 567 1916 639 paginis.
1943 565 2021 621 Tu
2046 576 2167 618 tan-

2271 566 2400 620 dum
2422 566 2631 619 meritis
2651 565 2772 633 jure
2790 565 3029 619 delatum
3057 563 3364 616 continuata
3387 560 3639 615 (elicitos.
3667 557 3864 612 Restat

590 648 704 728 tum
731 674 869 728 bona
901 674 1052 726 venia
1081 669 1260 734 recipe
1289 663 1602 734 obsequium
1645 661 1842 729 lingua!
1881 661 2077 725 inopis,
2113 663 2170 710 et
2262 657 2392 724 ‘styli
2422 655 2732 709 assiduitate
2758 668 2921 708 actias
2943 655 3082 708 inter
3105 669 3202 708 nos
3228 653 3478 707 amicitia:
3503 648 3861 720 diligentiam.

593 768 868 838 paulipser
891 763 1183 834 imperialis
1204 757 1442 831 magistri
1457 749 1715 812 submitte
1731 752 2011 822 judicium.
2029 750 2170 803 Indi-

587 865 720 918 casti
750 872 894 917 certe
924 872 1162 914 meorum
1191 865 1244 910 te
1267 855 1445 922 aliqua
1471 849 1686 922 legisse.
1719 845 1976 902 Eamdem
2007 857 2170 912 posco

591 957 922 1028 patientiam.
954 953 1133 1006 Novus
1160 950 1252 1004 tibi
1277 963 1382 1002 non
1405 961 1524 1009 ero,
1545 958 1645 997 nec
1683 943 2024 1009 inexpertum
2054 938 2167 991 toro

593 1046 807 1102 miilabo
829 1047 1106 1101 arbitrum.
1133 1044 1322 1098 Omnia
1355 1054 1471 1094 mea
1502 1038 1646 1093 ferre
1674 1035 1932 1092 didicisti.
1975 1036 2172 1089 Acces-

590 1140 658 1193 sit
698 1142 861 1192 etiam
891 1137 1042 1191 nobis
1071 1133 1411 1190 familiaritas
1443 1145 1564 1199 qua:
1603 1139 1659 1186 te
1703 1127 1835 1182 milii
1877 1128 2170 1197 aequiorem

588 1229 821 1300 judioem
854 1229 1032 1282 iaciat.
1059 1225 1305 1280 Gratiosa
1347 1223 1546 1293 quippe
1568 1229 1653 1276 est
1674 1218 1908 1273 amicitia
1931 1231 1962 1270 a
1984 1230 2175 1272 severo

591 1324 841 1376 examine
869 1321 920 1374 in
949 1317 1252 1373 blandiores
1281 1327 1475 1370 sensus
1495 1313 1720 1368 caritate
1748 1317 2004 1364 mutatur.
2037 1305 2174 1374 Quid

592 1413 639 1467 si
671 1426 772 1481 ego
799 1410 1043 1478 deposito
1085 1406 1279 1478 ingenii
1323 1405 1577 1472 pauperis
1620 1413 1765 1458 metu
1808 1401 2050 1456 assiduas
2081 1399 2174 1454 tibi

593 1504 849 1574 epistolas
877 1500 1161 1571 spondeo?
1193 1497 1324 1553 Vide
1350 1515 1364 1562 ;
1393 1496 1608 1564 quando
1634 1495 1867 1563 amplius
1895 1507 2081 1560 speres
2110 1493 2178 1545 de

598 1596 962 1666 promptuario
988 1594 1252 1665 largiore?
1285 1591 1582 1646 Fatendum
1622 1599 1707 1644 cst
1747 1590 1920 1643 amice
1954 1605 1968 1643 :
2011 1587 2178 1640 Galli-

595 1703 748 1743 cante
797 1686 1062 1742 facundia:
1112 1686 1336 1739 haustus
1377 1683 1593 1750 requiro
1619 1721 1636 1745 .
1672 1699 1778 1734 non
1809 1680 1952 1748 quod
1985 1679 2067 1734 liis
2097 1694 2181 1732 se-

598 1791 742 1846 ntem
768 1778 1036 1833 montibus
1058 1775 1357 1843 eloquentia
1392 1773 1620 1828 Latiaris
1636 1774 1870 1828 excessit
1893 1789 1907 1829 ς
1936 1771 2030 1824 sed
2055 1772 2177 1840 quia

2270 749 2562 816 vineasque
2607 747 2802 802 ottieiis
2843 748 3174 802 intercessus
3213 755 3354 798 tuos.
3409 743 3503 798 Ille
3537 741 3687 798 enim
3737 756 3866 797 veto

2273 840 2620 894 increinentis
2659 842 2772 894 suis
2801 838 2975 908 major
3000 847 3120 906 est,
3165 852 3326 906 quem
3369 836 3675 905 sublimitas
3719 844 3862 904 parti

2277 930 2499 986 honoris
2528 930 2769 987 inclinat.
2806 929 2954 986 Vale.

2865 1023 3085 1081 EPIST.
3122 1022 3282 1078 XCII.

2859 1129 3190 1171 εῖιιιςιιιτε.
3201 1150 3288 1170 ...ι

2351 1209 2623 1264 Incassum
2661 1207 3101 1263 dissimulationis
3123 1217 3181 1261 et
3202 1203 3582 1262 taciturnitatis
3597 1217 3823 1261 accusor
3846 1243 3861 1262 .

2279 1317 2400 1356 rum
2443 1301 2676 1356 debitam
2728 1303 2803 1355 tui
2833 1299 3167 1368 diligentiam
3201 1298 3334 1355 Jove
3385 1308 3524 1353 teste
3568 1312 3674 1352 non
3703 1295 3859 1352 dese-

2281 1409 2419 1447 rum.
2467 1391 2574 1447 Sed
2623 1393 2859 1460 nequitia
2904 1405 3147 1446 meorum
3198 1390 3430 1446 arbitror
3465 1389 3762 1456 accidisse,
3804 1398 3863 1440 ut

2283 1485 2442 1538 missa
2473 1483 2538 1536 ad
2571 1493 2622 1536 te
2650 1485 2849 1550 scripta
2887 1482 3206 1538 resederint.
3257 1483 3453 1550 Qumso
3493 1481 3653 1551 igitur
3688 1494 3756 1536 ne
3793 1496 3860 1534 ex

2282 1577 2636 1645 infrequentia
2664 1575 2958 1628 litterarum
2981 1588 3132 1630 meus
3155 1577 3206 1628 in
3223 1583 3275 1628 te
3298 1574 3512 1627 animus
3535 1572 3854 1627 animetur.

2283 1670 2414 1724 Nam
2443 1673 2756 1738 plerumque
2783 1667 2978 1723 ofﬁciis
3001 1668 3285 1723 simulatur
3314 1665 3547 1723 allectio.
3597 1666 3863 1722 Amicitia:

2283 1772 2458 1816 autem
2490 1760 2772 1813 sinceritas
2802 1759 3034 1826 pectoris
3053 1758 3222 1828 magis
3250 1757 3408 1814 (idem
3426 1757 3678 1826 postulat,
3703 1773 3861 1826 quan
3905 1778 3911 1782 ·

599 1880 864 1937 ;·τ;έτε‹ιςκή
895 1869 1179 1923 rhetorica:
1209 1867 1410 1936 pectori
1435 1881 1556 1920 meo
1577 1865 2181 1920 senexulimliarumuae
2213 1853 2255 1914 Β
2282 1853 2625 1908 delitlimcnla
2657 1853 2941 1907 δοτιιιοηὶδ.
2975 1851 3124 1905 Vaic-

597 1965 842 2018 ;.lumuu:.
873 1963 1151 2015 immulsit.
1191 1960 1280 2013 list
1317 1960 1447 2012 milii
1480 1973 1600 2010 cum
1627 1956 1830 2010 scholis
1862 1955 2057 2008 vesuis
2087 1970 2182 2022 per

597 2061 874 2112 ductor-.zn
895 2061 1035 2123 justo.
1063 2053 1326 2121 cognatio.
1377 2049 1642 2119 Quidquid
1676 2049 1728 2103 in
1762 2065 1846 2102 me
1877 2056 1953 2102 cst
1980 2088 1992 2108 ,
2037 2045 2180 2112 quod

598 2150 711 2200 ;~('it)
741 2162 898 2213 cnam
928 2146 997 2199 sit
1027 2145 1276 2212 exiguum
1304 2184 1316 2204 ,
1376 2142 1514 2194 (mlo
1547 2153 1637 2194 tuo
1668 2139 1858 2192 debeo.
1915 2139 2040 2205 lliga
2085 2151 2183 2192 nos

597 2254 728 2309 ergo
757 2241 933 2292 denuo
959 2254 1024 2293 ex
1057 2238 1162 2290 illis
1187 2234 1458 2288 (iammni-i
1489 2249 1608 2301 qua:
1646 2233 1774 2286 milii
1810 2231 1890 2284 lac
1924 2231 2183 2284 bonarum

597 2333 791 2387 artium
822 2345 1052 2399 prmium
1079 2329 1362 2383 dederunt.
1410 2327 1545 2380 Etsi
1590 2337 1642 2381 te
1692 2327 1744 2378 in
1788 2327 1922 2378 meis
1969 2323 2185 2392 scriptis

598 2423 795 2492 aliquid
824 2420 1107 2474 offenderit
1129 2463 1142 2486 ,
1177 2420 1476 2472 auditorem
1501 2416 1768 2485 quondam
1793 2416 2063 2485 popularis
2087 2413 2181 2478 tui,

599 2525 692 2572 aut
719 2516 930 2570 silentio
956 2520 1233 2574 incre.aut
1253 2522 1306 2564 tu
1323 2525 1534 2579 quoque
1557 2523 1742 2563 rursus
1769 2509 2009 2562 institue.
2026 2505 2180 2560 Vale.

1121 2606 1334 2660 EPIST.
1379 2602 1664 2659 LXXXIX.

1181 2712 1604 2751 εϊωιλοηυεηυι

673 2795 885 2850 Accusa
932 2792 1139 2846 litteras
1181 2797 1300 2842 tuas
1356 2801 1488 2856 quas
1548 2785 1687 2840 male
1735 2784 1990 2840 credulus
2043 2783 2190 2840 desi-

603 2883 757 2940 derio
795 2885 846 2937 in
891 2895 941 2937 te
970 2895 1090 2937 meo
1122 2879 1355 2933 iacturas
1385 2876 1704 2931 medicinam
1736 2881 1936 2948 putavi.
1985 2879 2055 2932 At
2087 2877 2188 2930 illic

601 2975 848 3030 decursm
877 2973 1048 3028 oculis
1088 2971 1442 3026 admoverunt
1489 2968 1654 3024 taedas
1684 2968 2053 3024 lerventiorcs.
2100 2971 2190 3022 At-

605 3064 844 3120 ﬂuebaut
877 3064 1018 3120 enim
1061 3063 1230 3116 multo
1259 3061 1418 3115 melle
1447 3060 1740 3126 facundiae,
1772 3058 1914 3126 quid
1943 3074 2054 3113 arei
2077 3069 2187 3114 tum

607 3165 781 3212 tecum
809 3155 985 3209 doleo.
1036 3152 1214 3218 Itaque
1243 3167 1419 3222 parva:
1448 3151 1700 3206 lectionis
1727 3165 1921 3218 sapore
1952 3165 2189 3204 coinnio-

2847 1940 3067 1998 EI’IST.
3121 1939 3299 1997 XCIII.

2861 2047 3289 2091 ηιηιιειιυε.....

2356 2129 2583 2199 Pignora
2607 2137 2786 2183 nostra
2809 2128 3210 2198 conjunximus.
3241 2127 3417 2194 Atque
3446 2123 3565 2180 ideo
3585 2134 3869 2180 consenta-

2286 2235 2445 2272 neum
2474 2220 2715 2282 videtur,
2765 2229 2823 2273 ut
2848 2233 2984 2288 quos
3013 2228 3184 2274 cattus
3227 2215 3514 2286 participes
3545 2215 3826 2268 habuimus
3850 2253 3864 2270 .

2285 2309 2445 2365 etiam
2478 2309 2683 2364 honore
2714 2311 2966 2378 sportula:
2987 2320 3390 2378 prosequamur.
3420 2306 3560 2362 Duos
3592 2307 3751 2376 igitur
3781 2322 3868 2358 so-

2288 2401 2422 2454 lidos
2453 2399 2754 2455 oﬂereudeis
2788 2401 2878 2454 tibi
2926 2401 3188 2464 misimus,
3219 2413 3439 2468 parvum
3467 2395 3862 2460 munusculum,

2287 2497 2330 2547 si
2360 2492 2686 2545 astimcmur
2727 2490 2896 2560 pretio
2924 2490 3046 2546 sui:
3080 2489 3409 2561 religiosum,
3445 2488 3489 2543 si
3520 2502 3705 2543 amore
3738 2501 3870 2556 pen-

2288 2585 2486 2638 di-utis.
2516 2581 2667 2636 Vale.

2857 2670 3070 2729 EPIST.
3114 2670 3271 2728 XCIV
3283 2712 3298 2724 .

2861 2768 3214 2822 ara-actius.

2361 2857 2584 2912 Romam
2615 2865 2668 2912 te
2689 2867 2973 2913 venturum
2997 2867 3146 2912 certa
3178 2858 3316 2910 tanta
3339 2855 3679 2923 promiserat.
3705 2853 3870 2922 Spem

2289 2950 2522 3005 visenda:
2574 2949 2895 3018 prtestantia
2939 2959 3045 3003 tua:
3087 2949 3256 3002 multo
3298 2948 3493 3016 gaudio
3529 2962 3863 3016 ceperamus.

2290 3042 2396 3099 Sed
2429 3043 2718 3110 improviso
2760 3050 2995 3096 mutatus
3019 3043 3236 3099 nuntius
3274 3040 3564 3103 indicavit,
3610 3039 3750 3103 quod
3783 3041 3874 3107 pio

2290 3135 2460 3188 accitu
2492 3134 2690 3186 domini
2722 3142 2776 3189 et
2798 3131 3067 3202 principis
3094 3134 3262 3186 nostri
3299 3133 3364 3184 ad
3390 3130 3567 3184 votiva
3594 3143 3869 3184 remeans.

607 3259 711 3310 tus,
749 3247 1046 3302 tristiorem
1072 3219 1254 3298 damni
1283 3257 1502 3297 sensum
1525 3244 1724 3312 recepi.
1774 3241 1919 3297 Inter
1949 3243 2065 3296 lta-c
2095 3257 2187 3296 oc-
2217 3221 2264 3285 ε
2296 3224 2436 3298 δι’Βο
2459 3225 2691 3280 "meum
2710 3225 3046 3281 ε³¹¹¹¹³ιί⁰¹¹ί⁸
3066 3224 3208 3295 (1⁸³οά
3226 3239 3407 3278 ευτοιυ
3423 3236 3766 3291 ευεηνοηιη
3780 3219 3873 3312 ἀεὶ·

605 3340 773 3396 cuirit
794 3340 960 3394 altera
992 3336 1273 3406 cogitatio,
1303 3335 1540 3390 amarius
1564 3349 1709 3398 esse,
1739 3333 1783 3386 si
1811 3345 2009 3389 taceas.
2040 3333 2188 3400 Qua-

607 3442 830 3505 propter
844 3430 1082 3488 conditio
1101 3428 1288 3484 durior
1307 3430 1467 3484 vertit
1488 3442 1573 3484 me
1595 3429 1660 3481 ad
1682 3427 1953 3498 optionem
1975 3429 2188 3497 prioris.

612 3527 750 3581 Peto
793 3526 954 3595 igitur
988 3524 1215 3580 scribas.
1259 3521 1366 3578 Sed
1399 3523 1481 3576 lac
1518 3519 1763 3589 epistolis
1797 3521 1902 3576 tuis
1937 3523 2192 3590 temporis

610 3621 886 3675 intervalla
917 3619 1178 3675 breviora.
1199 3617 1408 3683 Smpius
1429 3615 1495 3671 ad
1517 3631 1605 3670 me
1631 3623 1955 3679 commeent,
1981 3623 2034 3669 et
2060 3631 2189 3670 con-

611 3711 991 3766 l'abulationem
1039 3708 1317 3778 prmseutis
1347 3708 1643 3762 imitentur.
1690 3705 1954 3762 Fruemur
1980 3707 2194 3760 assidue

612 3819 674 3857 ea
715 3813 864 3871 parte
901 3817 1001 3869 qua
1035 3799 1224 3852 molior
1264 3811 1342 3851 es.
1397 3795 1549 3863 Quod
1575 3797 1620 3850 si
1649 3797 1854 3865 aliquid
1883 3796 2195 3864 prolixioris

610 3908 756 3950 curm
785 3905 835 3947 ct
867 3892 1125 3945 elaborati
1153 3906 1182 3943 a
1212 3900 1262 3942 te
1300 3889 1483 3956 operis
1503 3886 1842 3956 adiunxeris,
1875 3901 2042 3956 prope
2071 3891 2194 3952 erit,

613 3994 674 4042 ut
698 4001 802 4040 non
830 3991 1001 4038 solum
1036 3983 1241 4045 liomze,
1265 3980 1358 4034 sed
1392 3980 1443 4034 in
1471 3979 1731 4036 Athenao
1751 3993 1964 4050 quoque
1986 3988 2193 4045 nostro,

613 4095 716 4153 qua
746 4080 893 4135 soles
913 4078 1102 4148 gratia,
1133 4089 1388 4147 perorare
1409 4072 1664 4129 videaris.
1705 4071 1859 4130 Vale.

1222 4165 1441 4222 EPIST.
1481 4163 1593 4221 XC.

1195 4271 1568 4313 SVIIIACIIIJS...
1579 4293 1618 4311 ..

682 4357 742 4410 In
785 4367 968 4410 curam
1017 4360 1165 4406 tuam
1206 4349 1437 4405 rediisse
1482 4364 1571 4405 me
1613 4347 1842 4420 gaudeo.
1891 4348 1996 4406 Sed
2037 4348 2200 4420 hujus

615 4457 723 4502 tam
745 4445 903 4500 subiti
934 4443 1116 4513 operis
1141 4441 1271 4498 boni
1295 4440 1678 4498 ornatissimus
1709 4440 1929 4510 iuvenis
1953 4440 2198 4497 Asterius

615 4537 748 4594 milii
771 4543 960 4590 auctor
987 4543 1102 4597 est;
1140 4531 1234 4602 qui
1263 4531 1518 4600 paranda:
1549 4529 2036 4592 commendationis
2077 4547 2200 4603 gra-

2293 3317 2595 3383 Ierendum,
2627 3317 2753 3388 styli
2779 3314 2983 3372 honoro
3007 3329 3337 3386 cotupenso:
3372 3324 3530 3384 teque
3567 3328 3666 3367 oro
3695 3320 3754 3366 ut
3795 3311 3875 3364 in-

2291 3423 2562 3481 gravatam
2590 3413 2761 3478 vicem
2809 3414 3032 3475 releras,
3071 3427 3193 3484 quae
3231 3411 3454 3466 suadeat
3481 3409 3777 3464 desiderari
3802 3423 3874 3462 ea

2293 3518 2379 3558 me
2404 3502 2589 3558 crebra
2636 3503 2934 3574 colloquia,
2975 3504 3023 3559 si
3061 3502 3360 3559 ostenderit
3389 3503 3556 3572 prima
3589 3500 3876 3570 placuisse.

2295 3595 2445 3652 Vale.

2877 3685 3087 3745 EPIST.
3129 3685 3290 3742 XCV.

2862 3796 3268 3836 SVIIACBUS....

2371 3875 2472 3930 Pro
2500 3884 2724 3945 utroque
2753 3883 2992 3928 00:.U‘tlm
3013 3888 3230 3928 causam
3257 3871 3446 3928 diutini
3475 3872 3672 3928 silentii
3702 3870 3884 3926 reddi—

2297 3968 2444 4023 disti.
2469 3967 2602 4023 Nam
2634 3983 2720 4022 me
2746 3981 2955 4038 quoque
2985 3966 3152 4022 lateor
3175 3966 3448 4022 scribendi
3482 3965 3664 4020 ofticio
3690 3967 3875 4021 bac-te-

2299 4076 2399 4116 nus
2424 4071 2773 4129 temperasse.
2803 4059 2916 4114 Tua
2944 4060 3104 4129 igitur
3141 4059 3458 4129 purgatione
3496 4055 3768 4119 defensus,
3799 4057 3882 4108 ili.

2301 4154 2451 4209 luere
2495 4154 2708 4221 litteris,
2754 4154 2895 4223 quod
2922 4167 3209 4209 commune
3232 4159 3335 4220 est,
3361 4167 3468 4207 non
3495 4151 3699 4205 laboro.
3731 4149 3885 4205 Nune

2299 4247 2540 4300 omnium
2569 4254 2712 4298 statu
2743 4244 2796 4298 in
2819 4244 3161 4314 tranquillum
3183 4243 3425 4310 reducto,
3455 4242 3665 4298 aemulis
3689 4241 3887 4298 studiis

2299 4338 2502 4392 omissa
2523 4351 2846 4407 repetamus.
2878 4338 2954 4393 Ita
2983 4336 3128 4392 enim
3151 4334 3368 4392 deumm
3396 4335 3707 4406 probabitur
3746 4342 3887 4388 tem-

2302 4430 2447 4499 poris
2497 4429 2691 4494 fuisse,
2717 4430 2861 4499 quod
2904 4429 2996 4484 diu
3039 4431 3178 4485 inter
3216 4443 3315 4484 nos
3341 4429 3509 4499 stylus
3561 4427 3798 4500 quierit;
3835 4428 3882 4480 si

2303 4523 2506 4579 reddita
2530 4525 2778 4580 facultate
2810 4537 3044 4579 mutuam
3073 4521 3404 4593 diligentiam
3427 4521 3682 4592 frequens
3701 4534 3885 4575 sermo

619 4592 713 4695 tia,
743 4639 800 4681 ut
827 4625 1039 4680 tandem
1364 4623 1689 4690 impetravit.
1722 4622 1788 4678 Et
1809 4623 1952 4678 illius
1979 4592 2195 4693 quidem
2226 4592 2276 4652 Β
2307 4615 2655 4685 reparaveru-

621 4717 991 4779 familiaritati,
1020 4717 1145 4771 licet
1171 4731 1201 4768 a
1227 4715 1379 4776 nobis
1405 4714 1532 4769 olim
1556 4725 1808 4784 repertm,
1848 4715 1920 4770 ob
1945 4717 2194 4772 meritum

618 4822 810 4864 recens
859 4806 1155 4876 adiecimus
1191 4804 1358 4860 animi
1401 4803 1752 4874 diligentiam.
1808 4805 1886 4861 'l‘e
1923 4821 2051 4860 vero
2089 4821 2199 4861 non

621 4900 795 4970 patiar
817 4900 953 4952 ultra
986 4907 1303 4965 exspectare
1324 4896 1619 4951 munitores
1640 4936 1655 4962 ,
1695 4905 1751 4950 ct
1773 4895 2001 4951 aliorum
2027 4898 2200 4966 potius

625 4992 743 5047 usui
772 5005 992 5060 operam
1019 5003 1217 5043 navare
1252 5003 1410 5058 quam
1438 4997 1634 5042 mutua:
1655 4989 1795 5043 inter
1815 5003 1915 5043 nos
1934 4988 2200 5043 atl‘ectioni

623 5085 864 5140 debitqu
920 5082 1060 5149 pium
1123 5079 1354 5134 solvere.
1415 5078 1534 5134 Non
1592 5079 1807 5134 invideo
1859 5081 2204 5150 poscentibus

628 5172 931 5231 testimonia
953 5171 1038 5226 vel
1059 5171 1310 5240 suitragia
1332 5180 1442 5224 tua.
1469 5171 1574 5226 Sed
1597 5171 1823 5226 validior
1842 5180 1927 5227 est
1951 5173 2202 5229 amicitia:

628 5282 824 5331 causa,
863 5280 1020 5334 quam
1065 5264 1271 5336 gratiae.
1325 5262 1604 5318 Preearias
1643 5265 1899 5334 epistolas
1942 5274 2206 5336 postpone

634 5357 881 5430 legitimis
911 5375 923 5408 :
956 5357 1042 5410 his
1065 5353 1396 5423 trequentius
1416 5355 1614 5410 caritas
1638 5355 1850 5411 studeat
1869 5396 1886 5420 ,
1919 5357 2037 5412 illas
2064 5372 2204 5413 non-

633 5467 902 5524 nunquam
932 5458 1149 5521 pt'aastet
1175 5449 1497 5503 humanitas.
1541 5448 1690 5504 Vale.

1228 5539 1444 5596 EPIST.
1485 5524 1622 5596 XCI.

1211 5645 1630 5686 SVBIAGBUS..."

705 5724 1028 5792 Exspectare
1045 5737 1148 5777 non
1170 5721 1330 5778 debui
1360 5723 1566 5778 litteras
1583 5732 1719 5788 tuas,
1742 5721 1934 5792 quibus
1958 5721 2207 5778 iudicium

638 5816 765 5871 milii
804 5816 1006 5872 laceres
1044 5813 1263 5871 ilOllOl‘i)
1305 5816 1532 5884 accepti.
1593 5813 1781 5884 Itaque
1825 5813 2203 5871 verecundiam

2820 4743 2823 4746 -
2880 4704 3093 4761 EPIST.
3131 4703 3313 4762 XCVI.

2885 4811 3311 4854 SVIIACHL’o.~-u.

2379 4887 2492 4942 Etsi
2521 4903 2550 4942 a
2577 4887 2768 4944 litteris
2793 4889 3102 4959 temperasti
3123 4928 3140 4954 ,
3169 4885 3401 4959 exempli
3439 4894 3618 4943 tamen
3645 4883 3892 4942 imitator

2308 4995 2429 5036 esse
2454 4994 2561 5034 non
2585 4979 2780 5035 debeo.
2808 4979 3021 5049 lutegro
3051 4979 3210 5049 igitur
3247 4978 3447 5047 largam
3477 4976 3855 5032 salutationem
3879 5018 3891 5034 ,

2313 5087 2412 5128 nec
2447 5073 2632 5128 difﬁde
2655 5072 2925 5128 reddenda
2945 5071 3122 5127 saltim
3145 5070 3276 5126 milii
3298 5085 3420 5127 esse
3448 5068 3626 5126 otticia
3650 5083 3768 5140 quae
3789 5083 3818 5121 a
3841 5077 3894 5122 te

2307 5165 2522 5220 fuerant
2548 5162 2871 5220 inclinanda.
2900 5161 3048 5217 Vale.

2859 5251 3084 5311 EPIST.
3124 5251 3326 5310 XCVII.

2882 5360 3206 5402 δῐιιωοιιυε.
3218 5385 3232 5402 ο
3243 5385 3257 5398 ο
3268 5375 3306 5399 .-

2380 5441 2531 5498 Solet
2574 5441 2732 5498 bonis
2773 5439 2911 5497 livor
2950 5438 3298 5508 obstrepere,
3344 5451 3404 5493 ut
3431 5451 3572 5494 nunc
3614 5444 3889 5505 speratum

2313 5535 2610 5605 prtesentia:
2631 5544 2737 5590 tua:
2757 5533 3009 5606 gaudium
3033 5531 3161 5588 mibi
3183 5532 3438 5589 subduxit
3458 5526 3674 5587 invidia.
3699 5531 3890 5587 Hauc.

2313 5643 2414 5682 nus
2442 5627 2581 5682 vires
2606 5641 2729 5682 suas
2771 5629 2824 5682 in
2863 5625 3057 5682 damna
3087 5626 3198 5681 voti
3233 5627 3535 5681 communis
3575 5624 3888 5680 intenderit.

2313 5720 2401 5774 Sic
2429 5733 2524 5774 ero
2559 5725 2863 5784 contentus,
2890 5716 3034 5788 quod
3065 5731 3152 5772 me
3181 5716 3445 5773 adventus
3492 5715 3568 5770 tui
3613 5724 3891 5784 exspecta-

2313 5815 2458 5868 tione
2495 5810 2769 5869 traudavit.
2809 5810 2985 5880 Ipsum
3018 5819 3068 5867 te
3097 5810 3355 5880 sospitem
3387 5822 3604 5867 manere
3632 5808 3891 5877 patiatur.
