4300 6466
477 363 594 420 ’353

1693 355 2170 414 Εριδτοιιιῐιυιι
2212 359 2414 414 LIBER
2455 362 2542 415 IX.

3648 377 3751 431 555

487 478 623 531 dii-is
673 475 900 530 amissos
948 471 1243 542 naufragio,
1298 478 1504 529 taxare.
1557 470 1732 527 Habes
1779 474 1832 525 in
1883 487 2063 538 manu,
2096 479 2143 533 Α
2173 475 2325 538 quias
2365 476 2780 534 submovendas.
2826 477 3007 550 Itaque
3043 491 3108 537 ut
3138 499 3328 555 promp
3355 487 3437 543 ius
3466 499 3644 557 partes
3674 493 3754 548 iii-

487 579 688 636 quanto
726 567 994 621 aestimare
1034 565 1162 617 iiiilii
1200 562 1397 619 debeas
1436 563 1726 619 inefficacis
1763 564 1872 618 voti
1916 563 2068 619 beni-

487 662 769 728 gnitatem.
816 656 1043 711 Tantum
1076 664 1292 708 maneat
1316 655 1549 710 amicitia
1580 663 1785 719 nostra,
1829 655 2070 724 nihilque

486 751 720 804 fortuna:
766 747 820 802 in
865 762 981 800 eam
1029 745 1205 800 liccat.
1249 744 1523 800 Summam
1567 760 1707 815 pono
1746 745 2066 814 dispendio:

479 858 596 894 non
637 839 926 893 subducam
968 838 1245 906 pecuniam
1297 852 1468 891 meam
1510 839 1662 892 navis
1700 847 1807 892 tute
1834 837 2068 902 casibus,

494 931 642 985 Vale.

1041 1019 1257 1075 EPIST.
1286 1020 1516 1076 CXVIII.

1052 1127 1532 1167 SVIIACIIUS.......

563 1204 840 1275 Hospitem
883 1213 1029 1257 tuum
1073 1203 1385 1257 Faustinum
1435 1203 1667 1258 Senatus
1710 1202 2073 1272 amplissimus

495 1299 547 1352 in
577 1298 888 1352 societatem
921 1298 1152 1364 recepit,
1197 1304 1341 1349 tanta
1370 1299 1508 1364 apud
1552 1312 1652 1349 nos
1681 1295 1970 1350 testimonii
1999 1295 2071 1350 tui

494 1391 779 1460 antiquitas
799 1399 902 1456 est,
934 1387 1212 1444 utditferri
1238 1405 1354 1456 qua:
1382 1390 1514 1443 velis
1542 1389 1710 1442 instar
1735 1390 1942 1458 injuria:
1979 1389 2070 1444 sit.

492 1482 610 1538 Tibi
657 1482 813 1552 igitur
865 1491 1142 1550 acceptum
1194 1481 1330 1535 ferat
1377 1482 1609 1535 studium
1642 1483 1804 1536 totius
1844 1482 2070 1538 ordinis.

494 1575 624 1630 Nam
657 1584 713 1630 ut
756 1575 1021 1629 beneficio
1063 1589 1219 1629 sacro
1258 1575 1415 1628 debet
1445 1575 1717 1644 dignitatis
1749 1575 2077 1645 impetratio-

486 1685 638 1736 nem,
668 1669 740 1724 ita
766 1677 859 1724 tuo
887 1669 1089 1724 decreti
1122 1669 1287 1723 nostri
1318 1668 1668 1722 celeritatem.
1703 1666 1857 1722 Vale.

1057 1759 1273 1814 EPIST.
1320 1758 1510 1815 CXIX.

1039 1865 1510 1908 δγιιιιιειιυε.......

565 1944 812 2012 Plerique
841 1953 894 1998 te
915 1945 1085 1998 accitu
1107 1944 1342 1998 consulis
1371 1943 1726 1997 Mediolanum
1750 1943 1934 1998 venire
1956 1958 2074 1999 cre-

489 2038 727 2094 didimus
756 2053 772 2091 :
803 2051 928 2108 pars
971 2037 1029 2092 in
1069 2036 1242 2090 Gallia
1287 2037 1553 2092 resedisse
1590 2037 1881 2106 jactabaiit.
1935 2039 2077 2093 Inter

493 2132 614 2186 haec
639 2129 951 2200 opinionum
980 2129 1146 2194 varia,
1179 2143 1409 2198 quonam
1440 2129 1698 2184 mittenda
1724 2140 1906 2185 essent
1932 2145 2076 2198 qua:-

494 2222 659 2277 storia
689 2223 828 2276 dona
858 2219 1116 2276 dubitavi.
1170 2219 1457 2292 Pestquam
1487 2222 1611 2275 inibi
1640 2221 1879 2275 solvendi
1909 2221 2073 2277 officii

490 2311 828 2368 occasionem
855 2311 1041 2367 tribuit
1068 2313 1338 2367 adventus
1369 2321 1602 2375 tuorum,
1654 2312 1948 2376 Clareniio,
1981 2329 2076 2366 cu-

490 2402 579 2471 jus
616 2411 910 2472 spectatam
957 2400 1114 2456 fidem
1164 2416 1440 2469 noveram,
1484 2415 1743 2458 consueta
1792 2417 2071 2457 munerum

491 2494 780 2552 deferenda
806 2495 1070 2549 commisi.
1093 2493 1207 2549 Non
1234 2494 1612 2564 aspernabere,
1641 2504 1696 2547 ut
1716 2495 1943 2558 aestimo,
1969 2494 2073 2566 dy-

493 2586 619 2656 ptici
647 2595 704 2642 et
730 2586 1020 2654 aplioretici
1051 2585 1398 2640 oblationem.
1433 2585 1615 2655 Neque
1636 2589 1777 2639 enim
1803 2601 1965 2655 grave
1989 2595 2074 2643 est

482 2676 830 2733 verecundia:
868 2685 972 2729 tua;
1014 2677 1275 2730 solemnia
1311 2686 1368 2730 et
1407 2679 1580 2731 votiva
1609 2677 1904 2745 suscipere.
1941 2677 2072 2745 Quae

493 2783 618 2822 cum
656 2769 906 2823 amicitias
945 2767 1277 2832 deferantur,
1309 2769 1530 2837 pertinet
1573 2770 1638 2822 ad
1669 2771 1906 2824 caritatis
1936 2785 2069 2825 con-

491 2858 805 2926 fessionem,
829 2868 886 2915 ut
908 2860 1088 2917 deberi
1113 2859 1214 2914 sibi
1247 2859 1362 2915 haec
1380 2863 1590 2917 animus
1614 2863 1876 2917 sumentis
1906 2877 2073 2932 agno-

488 2957 628 3005 seat.
662 2948 815 3004 Vale.

1081 3041 1292 3097 EPIST.
1319 3041 1483 3096 CXX.

1049 3148 1379 3189 εγιιιιλειιυε.
1394 3175 1407 3189 .
1422 3174 1510 3192 ...ο

2172 569 2368 634 genita:
2401 568 2494 623 tibi
2533 572 2800 639 aequitatis
2826 575 3074 641 arripias.
3103 586 3348 643 precatur
3375 581 3602 647 accedo;
3637 599 3754 639 ine-

2173 674 2292 712 nior
2334 676 2547 731 semper
2595 663 2804 718 futiiiiis
2856 667 2986 719 tanti
3032 665 3297 734 beneficii,
3337 669 3379 724 si
3420 687 3577 739 quem
3622 687 3752 729 co‘u-

2172 758 2378 804 stanter
2418 768 2641 821 purgare
2670 755 2921 823 dignatus
2950 772 3032 821 es,
3065 761 3277 814 tandem
3307 766 3570 818 securitas
3597 767 3752 836 plena

2172 845 2485 910 respeieiit.
2518 844 2669 902 Vale.

2721 936 2937 994 EPIST.
2968 940 3207 998 CXXIII.

2741 1043 3185 1086 SVIIACIIUS......

2246 1113 2535 1170 Plurimum
2560 1118 2844 1187 voluptatis
2862 1135 2926 1174 ex
2953 1122 3143 1178 litteris
3169 1125 3273 1179 tuis
3293 1135 3417 1182 ante
3445 1130 3752 1201 capiebam;

2175 1222 2314 1262 nunc
2343 1208 2673 1279 lacryniabili
2700 1216 3085 1282 conquestione
3111 1229 3346 1274 mentem
3371 1221 3592 1290 legentis
3616 1225 3749 1277 infu-

2173 1313 2313 1353 svas.
2348 1299 2444 1354 Ubi
2491 1300 2578 1354 illa
2624 1305 2911 1372 sententia,
2942 1323 3060 1377 quae
3099 1319 3150 1364 te
3195 1323 3250 1363 ct
3285 1324 3489 1367 natura:
3535 1314 3674 1369 bono
3698 1331 3756 1370 et

2174 1400 2417 1445 veterum
2443 1392 2672 1449 lectione
2701 1407 2884 1451 contra
2917 1401 3093 1452 omnia
3113 1400 3341 1458 fortuna:
3359 1406 3461 1459 tela
3486 1407 3756 1463 ﬁrmavit?

2176 1481 2396 1550 Dignam
2426 1483 2540 1538 viro
2568 1499 2783 1542 assume
2813 1489 3122 1553 patientiam
3143 1532 3159 1555 ,
3190 1501 3244 1546 et
3269 1508 3393 1562 qua
3430 1498 3623 1550 mutari
3661 1515 3756 1552 ne-

2174 1583 2394 1642 queunt,
2423 1573 2622 1629 desiste
2649 1577 2848 1646 lugere.
2883 1579 3108 1635 Leviora
3156 1583 3249 1636 tibi
3278 1593 3468 1640 cuncta
3511 1597 3629 1655 post
3656 1589 3757 1643 im-

2176 1663 2399 1732 probum
2440 1679 2698 1733 generum
2726 1668 2922 1723 debent
2954 1671 3142 1726 videri.
3184 1671 3293 1727 Cur
3331 1683 3511 1729 autem
3552 1680 3757 1745 torpori

2175 1767 2336 1824 atque
2361 1755 2474 1810 etin
2511 1772 2689 1823 vaces,
2736 1769 2790 1814 et
2830 1764 3132 1829 patrimonii
3171 1767 3466 1835 negligens,
3513 1769 3756 1824 feriatum

2106 1851 2148 1909 Β
2180 1863 2366 1915 pascas
2390 1850 2665 1905 dolorem?
2688 1852 2846 1906 Curre
2885 1855 2994 1909 sint
3035 1857 3275 1926 reliquias
3313 1875 3495 1916 rerum
3522 1870 3757 1926 tuarum,

2175 1955 2310 2008 quas
2352 1940 2685 1999 facinorosus
2718 1946 2933 2000 invasor
2968 1949 3281 2018 exhaustas,
3309 1963 3364 2006 et
3389 1955 3594 2009 laceras
3625 1959 3756 2011 reli-

2174 2036 2317 2100 quit;
2355 2049 2422 2086 ne
2463 2035 2516 2088 in
2549 2035 2632 2088 liis
2663 2037 2968 2105 reipublicae
2999 2026 3409 2098 necessitatibus
3443 2059 3758 2115 recuperata

2172 2135 2480 2180 sustentare
2507 2141 2614 2180 non
2643 2130 2839 2197 possis,
2868 2145 2990 2199 qua
3014 2133 3163 2201 prius
3190 2135 3389 2190 omissa
3415 2148 3758 2207 conteiiipse-

2174 2229 2281 2268 ras.
2321 2215 2468 2270 Vale.

2720 2309 2933 2366 EPIST.
2968 2310 3180 2368 CXXIV

2730 2417 3189 2463 8VllACﬂUS......

2242 2489 2500 2546 Coactum
2536 2502 2586 2547 te
2617 2493 2740 2549 licet
2770 2495 2988 2552 fatearis
3029 2510 3087 2553 ut
3124 2502 3412 2574 scriberes,
3443 2514 3544 2573 ego
3574 2515 3755 2562 tamen

2175 2597 2280 2635 non
2321 2582 2495 2637 minus
2523 2595 2800 2655 acceptum
2832 2589 2924 2642 tibi
2961 2590 3160 2656 refero,
3211 2595 3353 2662 quod
3385 2611 3470 2649 me
3499 2599 3624 2668 styli
3655 2597 3757 2652 lio-

2174 2687 2307 2728 nore
2344 2676 2592 2744 dignatus
2633 2695 2712 2743 es,
2740 2695 2899 2748 quani
2930 2683 2975 2735 si
3014 2682 3113 2736 hoc
3142 2695 3335 2752 sponte
3365 2687 3604 2742 fecisses.
3649 2690 3758 2746 Sed

2175 2767 2398 2826 videris.
2428 2770 2520 2837 qui
2548 2770 2710 2825 fuerit
2737 2780 2924 2826 auctor
2952 2777 3082 2828 tanti
3115 2780 3371 2833 muneris.
3405 2779 3529 2834 Mihi
3558 2796 3624 2836 ex
3653 2783 3759 2838 illis

2172 2855 2364 2911 litteris
2394 2874 2499 2913 non
2533 2860 2700 2922 bonos
2727 2870 2932 2917 tantum
2977 2867 3177 2933 gaudii,
3206 2867 3301 2922 sed
3331 2868 3533 2925 fructus
3558 2881 3758 2929 evenit.

2173 2948 2341 3003 Didici
2368 2954 2508 3005 enim
2542 2964 2842 3008 commeatu
2867 2961 3163 3012 annoiiario
3187 2964 3569 3020 convalescere
3608 2967 3761 3023 urbis

2171 3043 2536 3098 securitatem.
2585 3041 2840 3098 Faustum
2884 3049 3035 3101 etiam
3079 3052 3327 3120 intellexi,
3375 3071 3490 3108 cum
3534 3059 3760 3125 primum

2170 3149 2376 3186 causam
2404 3145 2618 3188 vestram
2641 3150 2985 3207 cognosceret,
3009 3158 3209 3211 equum
3235 3160 3290 3197 se
3303 3148 3536 3216 judicem
3558 3152 3760 3219 praestt-

563 3224 860 3278 Ariminnm
903 3238 1048 3294 saepe
1089 3226 1402 3291 praeteriens
1438 3227 1740 3296 magisterio
1781 3236 1872 3280 tuo
1907 3228 2069 3282 didici
2099 3212 2148 3276 Ω
2179 3226 2316 3289 tisse,
2342 3235 2388 3279 et
2419 3227 2590 3282 allatis
2619 3231 2673 3282 in
2701 3232 2921 3284 medium
2949 3212 3338 3305 allegationibus
3368 3245 3492 3304 tuis,
3511 3212 3757 3297 codicum

492 3315 692 3370 amicos
717 3315 982 3371 honorare
1006 3317 1356 3371 munusculis.
1385 3320 1561 3382 Quare
1590 3321 1861 3373 institutus
1889 3335 2070 3376 exeru-

491 3409 580 3475 plo
620 3408 919 3462 necessaria
966 3410 1082 3463 usui
1127 3411 1297 3479 magis
1353 3412 1590 3478 rependo
1636 3427 1792 3480 quam
1839 3413 2065 3468 defero:

485 3513 612 3569 qua:
657 3500 756 3554 nisi
803 3511 1046 3569 prompta
1095 3501 1402 3570 d-gnatione
1443 3505 1767 3571 susceperis,
1818 3505 2071 3559 videbere

489 3604 665 3645 meam
704 3589 1014 3647 facilitatem
1050 3591 1118 3648 de
1147 3594 1380 3662 acceptis
1428 3595 1583 3650 toties
1621 3604 1809 3649 notare
1837 3597 2069 3651 muneri-

489 3682 609 3738 bus.
645 3681 792 3740 Vale.

1062 3773 1280 3829 EPIST.
1304 3774 1491 3830 CXXI.

1044 3881 1492 3921 SVIIACHUS......

562 3959 870 4026 Promptum
893 3957 1020 4012 mihi
1046 3969 1206 4027 atque
1229 3959 1437 4014 declive
1465 3963 1732 4030 negotium
1764 3965 2064 4032 credidisti,

486 4053 541 4108 in
569 4066 676 4121 quo
701 4051 906 4105 nullum
937 4052 1110 4105 nisum
1141 4052 1235 4105 tibi
1257 4067 1438 4120 opera:
1464 4069 1598 4108 mea:
1619 4057 2068 4127 vcndito.Quippe

488 4145 578 4198 ubi
607 4145 836 4212 primum
858 4142 1204 4211 spectabilem
1230 4144 1404 4198 virum
1428 4145 1682 4200 Faustum
1712 4159 1796 4200 tua
1819 4150 2064 4216 epistola,

489 4248 641 4289 meus
682 4248 862 4287 sermo
903 4235 1178 4299 convenit,
1209 4243 1265 4288 ut
1312 4236 1473 4304 Epiro
1503 4239 1822 4306 mancipium
1869 4241 1935 4293 de
1963 4255 2068 4308 quo

488 4324 775 4395 ambigitis,
807 4324 856 4378 in
898 4339 1123 4380 examen
1165 4340 1427 4394 accersat,
1459 4344 1793 4400 nequaquam
1820 4332 2065 4388 adversa-

489 4426 578 4471 tus
594 4427 673 4472 est
689 4417 986 4487 postulatis.
1001 4417 1174 4486 Spero
1195 4417 1354 4488 igitur
1375 4423 1545 4476 accitu
1570 4423 1686 4491 ejus
1711 4424 1858 4478 brevi
1885 4425 2068 4481 adfore

493 4509 762 4565 hominem
802 4524 962 4577 quem
1002 4522 1239 4566 vestrum
1268 4513 1421 4566 alteri
1448 4513 1764 4582 disceptatio
1791 4517 2064 4572 familiaris

486 4599 777 4668 adjudicet.
808 4599 913 4655 Sed
943 4601 1010 4654 de
1038 4601 1139 4656 hoc
1166 4603 1297 4661 satis
1324 4605 1608 4660 verborum
1630 4618 1731 4662 est.
1760 4609 1834 4663 'l‘c
1859 4617 2066 4665 oratum
2097 4585 2149 4646 θ

491 4692 633 4760 volo,
667 4699 725 4747 ut
754 4704 851 4745 nos
878 4690 1106 4748 subinde
1150 4695 1469 4764 scriptorum
1500 4697 1705 4754 honore
1753 4699 2066 4768 locupletes,

489 4791 544 4840 et
568 4782 711 4852 quod
750 4798 892 4840 nunc
915 4797 1077 4839 causa
1103 4794 1328 4856 cogente
1359 4788 1534 4844 fecisti
1559 4831 1574 4857 ,
1607 4790 1659 4845 id
1684 4792 1916 4848 amicitia
1944 4795 2070 4850 bor-

492 4885 636 4932 tante
660 4893 767 4933 null
787 4877 1027 4935 deseras.
1061 4879 1217 4935 Vale.

1054 4971 1269 5028 EPIST.
1295 4973 1504 5031 CXXII.

1082 5077 1501 5120 SVIIACHUS..."

560 5149 955 5206 Prasumeham
998 5151 1218 5221 quidem
1253 5154 1510 5224 justitiam
1551 5168 1696 5215 tuam
1741 5159 1917 5218 fratris
1961 5165 2068 5220 mei

492 5242 724 5314 lfagnilli
771 5243 995 5298 sinceris
1023 5245 1228 5300 actibus
1271 5249 1594 5310 adfuturam.
1623 5252 1728 5308 Sed
1763 5254 1865 5310 fide
1889 5258 2069 5326 cogni-

491 5334 650 5388 tionis
696 5334 904 5398 audita,
957 5350 1117 5402 quam
1169 5337 1324 5395 nobis
1370 5342 1616 5397 omnibus
1665 5345 2065 5402 adventantium

488 5441 667 5480 sermo
699 5424 968 5494 patefecit,
994 5427 1281 5482 admodum
1321 5432 1616 5498 gratulatus
1641 5449 1780 5498 sum,
1817 5435 1958 5503 quod
1991 5437 2064 5492 illi

489 5533 697 5584 a-quuni
730 5517 964 5585 judiccin
1005 5519 1214 5574 fortuna
1252 5523 1584 5588 prestiterit.
1619 5525 1732 5595 Ago
1759 5527 1919 5596 igitur
1944 5543 2066 5597 gra-

490 5609 591 5662 tias
624 5624 720 5677 pro
745 5611 900 5664 amici
933 5611 1034 5665 mei
1077 5615 1384 5679 securitate,
1405 5616 1557 5685 cujus
1582 5619 2070 5679 iiinocentissimam

489 5710 648 5752 vitain
696 5703 974 5756 sententias
1026 5702 1332 5759 testimonio
1379 5709 1759 5777 comprobasti.
1803 5712 1868 5767 Et
1911 5729 2070 5784 spero

490 5793 940 5860 contemplatione
971 5797 1043 5852 tui
1075 5797 1222 5853 brevi
1250 5807 1473 5859 caeteras
1502 5801 1776 5860 infortunii
1805 5805 1920 5868 ejus
1944 5808 2071 5865 reli-

2175 3317 2483 3371 coustitisse
2513 3319 2793 3374 rationem.
2840 3322 2973 3377 Nam
3015 3333 3232 3394 castora,
3263 3343 3382 3398 qua:
3425 3341 3545 3401 post
3574 3345 3757 3390 secuta

2172 3405 2459 3476 signiﬁcas,
2496 3411 2612 3478 ipso
2640 3412 2806 3467 invito
2831 3415 3024 3483 opinor
3051 3427 3282 3484 extorta,
3338 3430 3392 3475 et
3420 3436 3639 3492 sperare
3663 3424 3761 3480 de-

2173 3499 2381 3568 bemus,
2415 3506 2572 3558 talem
2598 3503 2712 3561 fore
2741 3506 2792 3559 in
2825 3507 3045 3576 reliquis
3066 3508 3508 3581 disceptatorem,
3543 3523 3756 3586 qualem

2174 3593 2270 3648 tibi
2297 3594 2531 3650 ostendit
2559 3596 2732 3666 prima
2770 3600 3023 3670 cognitio.
3075 3602 3188 3673 Ego
3236 3615 3412 3662 tamen
3454 3609 3522 3662 ad
3569 3614 3757 3667 incita-

2170 3695 2413 3741 mentum
2440 3687 2683 3756 justitiie,
2703 3705 2862 3760 quam
2884 3693 3090 3748 meritis
3121 3695 3224 3751 tuis
3253 3698 3489 3754 arbitror
3510 3701 3758 3759 deferen-

2171 3777 2318 3841 dam,
2369 3777 2658 3834 familiares
2707 3779 2915 3837 litteras
2963 3783 3106 3852 misi,
3136 3801 3290 3854 quas,
3332 3790 3378 3844 si
3427 3793 3563 3844 ratio
3592 3809 3760 3862 popa.

2170 3871 2356 3938 scerit,
2388 3870 2443 3924 in
2474 3886 2663 3926 manus
2702 3873 2818 3942 ejus
2857 3873 3018 3929 facies
3064 3881 3366 3946 pervenire.
3411 3883 3565 3937 Aliud
3613 3888 3756 3940 enini

2169 3959 2502 4016 salubritatis
2545 3977 2712 4032 genus
2749 3965 2989 4019 conditio
3036 3970 3293 4036 temporis
3340 3987 3446 4026 non
3497 3977 3757 4043 permittit

2169 4052 2437 4110 adhiberi.
2485 4054 2620 4109 Volo
2656 4067 2834 4112 autem
2876 4059 3016 4113 scias
3055 4062 3130 4126 (et
3167 4074 3358 4131 sponte
3389 4082 3483 4134 pro
3523 4071 3755 4126 amicitia

2172 4156 2356 4201 nostra
2382 4146 2547 4202 debes
2577 4147 2881 4218 advertere)
2911 4164 3094 4204 curam
3120 4168 3219 4221 pro
3247 4163 3297 4208 te
3328 4173 3500 4210 meam
3528 4175 3633 4213 non
3661 4161 3758 4214 de-

2171 4239 2409 4294 sidcrare
2456 4242 2802 4307 monitorem,
2857 4244 2950 4297 sed
2998 4259 3103 4298 non
3148 4260 3303 4314 posse
3369 4251 3598 4318 amplius
3639 4253 3754 4308 ﬁeri

2169 4347 2327 4403 quam
2351 4343 2409 4387 ut
2431 4332 2522 4389 tibi
2543 4335 2780 4391 animum
2806 4336 3179 4406 disceptatoris
3207 4343 3391 4408 petitio
3416 4353 3601 4399 nostra
3623 4359 3757 4402 con-

2170 4425 2332 4480 ciliet.
2366 4423 2515 4482 Vale.

2743 4520 2956 4577 EPIST.
2976 4521 3184 4576 CXXV.
3549 4534 3586 4548 "

2733 4630 3065 4671 ιηιιλοιιυδ.
3078 4657 3113 4670 ο.
3128 4655 3188 4671 ..ο

2242 4703 2422 4760 Ludos
2449 4705 2731 4774 praetorios
2757 4721 3143 4774 praeparamus,
3169 4726 3394 4777 quorum
3420 4721 3642 4768 ornatus
3663 4729 3755 4784 pe-

2173 4797 2382 4864 regrina
2428 4795 2681 4851 animalia
2721 4796 3012 4863 desiderat,
3042 4810 3100 4854 ut
3143 4815 3283 4855 novo
3321 4804 3466 4857 cultu
3513 4805 3752 4862 Romana

2169 4888 2511 4957 splendescat
2544 4887 2730 4943 editio.
2779 4889 3024 4946 Addaces
3074 4893 3235 4960 igitur
3277 4903 3331 4947 cl.
3361 4909 3624 4966 pygargus
3664 4888 3775 4951 tuo

2172 4977 2352 5034 aiudio
2374 4980 2503 5034 iuilii
2525 4991 2653 5048 opto
2673 4981 2934 5050 prastari,
2950 4997 3175 5052 quorum
3191 4986 3398 5061 copiam
3427 4987 3582 5041 limes
3606 4989 3755 5044 vobis

2178 5071 2437 5126 finitimus
2466 5074 2856 5128 subministrat.
2908 5074 3152 5145 Dignare,
3187 5091 3317 5146 rogo
3361 5088 3434 5143 te,
3465 5080 3754 5135 amicitiam

2175 5173 2414 5218 nostram
2448 5165 2628 5221 votivo
2670 5166 2889 5234 pignore
2916 5165 3196 5222 fmderare.
3225 5168 3338 5223 Non
3365 5183 3459 5224 ero
3490 5171 3663 5241 impar
3687 5172 3755 5227 ad

2175 5256 2592 5313 vicissitudinem
2622 5257 3040 5326 rependendam,
3064 5258 3111 5313 si
3140 5262 3267 5330 quid
3289 5261 3451 5316 etiam
3483 5271 3606 5320 tuus
3627 5279 3757 5320 usus

2175 5349 2430 5420 exegerit.
2475 5348 2620 5404 Vale.

2720 5441 2938 5499 EPIS'I'.
2970 5442 3202 5500 CXXVI.

2733 5549 3183 5590 SVIIACHUB......

2243 5623 2406 5696 Spem
2436 5625 2567 5679 mihi
2591 5624 2851 5681 adventus
2874 5627 2948 5681 tui
2981 5627 3138 5698 longo
3167 5640 3408 5696 tempore
3441 5628 3750 5696 pollicebar.

2173 5717 2253 5770 Tu
2293 5731 2418 5772 vero
2443 5717 2604 5772 etlam
2645 5732 2786 5772 nunc
2823 5717 2890 5773 dc
2921 5733 3006 5773 me
3033 5719 3354 5788 scriptorum
3398 5722 3540 5774 vices
3581 5729 3750 5787 postu-

2174 5809 2272 5872 las,
2303 5820 2356 5866 et
2381 5810 2682 5866 diuturnam
2713 5810 2942 5877 quodam
2987 5813 3146 5870 modo
3177 5812 3399 5869 minaris
3426 5811 3744 5869 ahsenilain.
