4300 6424
586 294 697 350 ⁸359

1794 292 1860 363 Q.
1902 291 2248 351 AUBELIUS
2285 292 2727 351 Si’llllAClIUS.

3762 300 3868 356 360

596 408 701 469 l.ir,
731 405 858 460 dum
903 404 1069 477 quieti
1116 404 1254 461 ruris
1285 404 1554 479 indulgeo.
1590 406 1668 463 Da
1696 407 1876 477 igitur,
1898 418 2081 478 qttzcso
2106 414 2182 471 te,
2209 408 2262 466 Α
2291 402 2498 459 interea
2523 405 2615 459 tibi
2645 418 2745 473 ago
2783 413 2943 475 atque
2984 402 3157 461 habeo
3200 404 3419 477 gratias,
3440 412 3497 462 et
3524 416 3869 477 provocatum

592 500 700 554 off‘u
721 500 774 554 io
801 515 920 555 meo
946 500 1144 571 justam
1174 502 1581 571 remissionem,
1615 514 1670 559 ct
1696 502 1909 559 interim
1945 502 2065 559 sine
2087 518 2186 559 nu-

595 593 847 658 plinlilttts
887 592 1079 649 domus
1106 603 1299 651 vestra:
1342 595 1536 653 abesse
1566 593 1903 665 pignoribus,
1938 605 1996 652 ut
2025 593 2186 666 paulo

594 701 715 757 post
736 700 955 746 sanatus
983 691 1274 747 foederibus
1295 692 1617 748 atintiscear.
1636 689 1790 748 Vale.

1212 781 1434 839 EPIST.
1474 782 1565 839 Vl.

1166 888 1589 929 SVIIHACIIUS..."

666 965 780 1018 Non
822 965 959 1018 solet
1007 966 1073 1017 ah
1115 966 1302 1020 amicis
1347 966 1506 1021 anxie
1536 964 1685 1019 venia
1734 960 2011 1034 postulari.
2043 962 2185 1027 Qua-

597 1068 816 1124 propter
847 1073 1011 1125 pauca
1039 1072 1173 1125 cogo
1198 1074 1242 1110 St
1259 1072 1445 1111 rtnouc
1476 1056 1661 1111 utiattti
1694 1056 1820 1109 tnihi
1854 1057 1906 1109 itt
1935 1068 2064 1123 agro
2088 1066 2177 1107 so-

590 1151 713 1203 litus
756 1151 913 1204 unius
953 1150 1103 1218 pedis
1133 1151 1353 1204 morbus
1399 1150 1661 1219 obrepsit.
1695 1149 1877 1217 Itaque
1920 1146 2184 1202 obeundis

587 1243 779 1295 «illiciis
807 1245 1141 1295 vacationem
1177 1241 1465 1297 desiderati
1506 1242 1744 1297 muneris
1782 1251 1923 1310 pcto.
1968 1241 2177 1294 Dabunt

586 1335 657 1386 tbi
694 1337 940 1402 auspices
980 1335 1285 1389 facultatem
1310 1344 1369 1389 ttt
1402 1336 1728 1405 nuptialibus
1750 1334 1966 1389 familia:
1992 1342 2185 1390 vestrm

591 1426 730 1480 \UllS
760 1444 982 1497 compos
1010 1428 1251 1483 sanitatis
1282 1428 1548 1483 intersim.
1572 1428 1729 1483 Vale.

1205 1521 1424 1575 EPIST.
1471 1520 1578 1575 VII.

1176 1624 1599 1665 SYIIACIIUS..."

658 1701 847 1757 Frater
877 1719 1028 1756 metis
1065 1702 1407 1770 ltahilianus,
1435 1718 1633 1775 genere
1661 1713 1719 1760 et
1755 1718 1940 1760 amore
1965 1703 2180 1773 conspi-

2288 509 2376 549 me
2403 495 2469 547 ad
2501 495 2753 550 amicitia:
2800 496 3129 552 incrementa
3163 506 3467 566 protestor,
3500 497 3625 553 licet
3678 512 3869 565 sponte

2287 590 2523 661 digneris
2547 591 2831 647 advertere
2878 590 3102 647 honesta
3144 592 3404 647 beneficia
3430 592 3570 662 apud
3601 606 3865 650 memores

2287 698 2395 737 non
2424 689 2621 753 perire.
2653 682 2805 740 \‘ale.

2889 776 3107 834 I'IPZST.
3164 777 3250 831 XI.

2844 883 3273 924 SV‘ISIACIII'S..."

2358 957 2463 1014 Per
2508 960 2735 1013 amicum
2785 974 3127 1014 communem
3179 959 3536 1016 Gaudentium
3588 963 3871 1033 propinqui

2288 1052 2391 1105 mei
2419 1050 2681 1106 Valentini
2716 1052 3016 1121 ιιι-ειιίουιεη
3045 1053 3187 1113 misi.
3221 1068 3353 1109 sane
3376 1056 3442 1108 ad
3488 1054 3643 1110 fidem
3676 1072 3870 1119 meam,

2283 1151 2340 1196 et
2368 1142 2751 1198 con-cientiam
2783 1143 3131 1212 pertinentes.
3163 1143 3292 1197 Nam
3328 1143 3493 1200 frater
3519 1146 3638 1215 ejus
3683 1145 3873 1203 Prose-

2284 1234 2396 1289 rius
2416 1250 2538 1290 cum
2571 1246 2900 1304 premeretur
2941 1238 3199 1291 extremis
3233 1243 3289 1293 et
3316 1248 3635 1307 pnesrntem
3675 1254 3783 1305 rue,
3816 1248 3873 1296 et

2285 1341 2382 1397 per
2408 1328 2688 1395 epistolam
2720 1328 2944 1382 summis
2971 1328 3219 1397 precibus
3238 1330 3558 1395 obsecravit,
3603 1340 3661 1385 ut
3700 1332 3871 1401 impeo

2286 1431 2422 1476 trata
2456 1420 2596 1477 facili
2625 1422 2943 1478 auctoritate
2970 1422 3240 1493 rescripti,
3284 1421 3391 1478 lilia
3422 1424 3541 1493 ejus
3581 1423 3761 1480 fratris
3786 1425 3870 1480 sui

2285 1509 2397 1567 ﬁlio
2421 1511 2727 1582 copuletur,
2754 1512 2895 1582 quod
2927 1513 3108 1569 multis
3135 1527 3260 1569 esse
3281 1527 3603 1571 concessum
3643 1515 3873 1573 manife-

2284 1610 2367 1656 sta
2396 1609 2661 1657 testantur
2685 1603 2955 1672 exempla.
3005 1603 3185 1673 Quare
3238 1608 3339 1675 pia:
3369 1605 3746 1677 supplicationi
3775 1606 3872 1663 atl-

2280 1692 2581 1761 iumentum
2608 1708 2786 1749 meum
2811 1708 3007 1764 negare
3034 1711 3144 1751 non
3168 1711 3408 1767 possum,
3434 1698 3685 1767 quoniam
3708 1698 3870 1755 fidem

582 1810 745 1857 cutis,
777 1794 984 1862 injuria:
1012 1809 1124 1847 sua:
1152 1792 1500 1849 acerbitatem
1532 1795 1736 1866 privata
1767 1794 1908 1865 apud
1936 1810 2022 1849 me
2045 1809 2177 1849 cono
2211 1780 2254 1840 θ
2284 1799 2458 1840 meam
2487 1800 2650 1855 super
2676 1786 2758 1841 his
2786 1786 2985 1857 nuptiis
3007 1787 3251 1843 voluntas
3272 1789 3558 1861 propinqui
3590 1790 3871 1848 morientis

584 1888 867 1952 quastione
893 1886 1130 1939 deflevit.
1164 1886 1371 1940 Asserit
1407 1886 1552 1941 enim
1588 1896 1992 1956 procuratorem
2019 1901 2174 1942 suum

585 1977 706 2032 sine
746 1976 1063 2047 cujusquam
1106 1978 1543 2035 dettominatione
1572 1990 1882 2048 correptum
1914 2000 1928 2034 :
1959 1989 2015 2037 et
2051 1996 2173 2037 cum

584 2068 875 2123 vindictam
897 2068 964 2124 de
986 2079 1037 2125 te
1063 2070 1352 2140 impetrare
1372 2070 1640 2139 debuerit,
1667 2087 1825 2143 quam
1846 2089 1966 2129 cum
1989 2072 2175 2130 Roma

581 2160 832 2231 degeres.
866 2162 1187 2228 postulavit;
1222 2172 1429 2218 auctam
1457 2163 1652 2220 domus
1676 2179 1789 2221 sua
1813 2167 2067 2237 cognovit
2097 2166 2176 2222 in-

582 2252 799 2322 iuriam.
831 2252 887 2309 ld
909 2268 1009 2325 ego
1038 2254 1309 2310 oblivione
1332 2254 1568 2313 arbitror
1590 2256 1870 2312 accidisse.
1894 2257 2174 2325 Quomt-do

580 2349 726 2402 cnim
757 2352 1079 2419 prteciperes
1100 2392 1115 2416 ,
1148 2352 1287 2417 quod
1321 2353 1558 2406 incoram
1591 2352 1794 2419 positus
1825 2350 2175 2421 improbasti?

586 2440 795 2508 Quare.
829 2449 891 2495 ut
921 2455 1115 2512 part-ns
1148 2455 1375 2509 moneo,
1425 2456 1494 2497 ne
1532 2456 1758 2513 augere,
1803 2457 1923 2512 qua:
1969 2440 2172 2506 doluit,

582 2548 754 2602 genus
784 2541 937 2600 putes
967 2547 1088 2588 esse
1115 2534 1481 2588 conscientiae.
1512 2534 1671 2589 Certe
1695 2534 1740 2589 si
1770 2534 1925 2589 abest
1951 2535 2176 2604 aequitas

582 2623 833 2693 iudicatis
853 2664 869 2686 ,
898 2624 1234 2678 familiariter
1259 2625 1388 2679 mihi
1429 2625 1531 2681 ede
1562 2627 1822 2681 rationem
1843 2668 1860 2694 ,
1889 2626 1959 2681 ita
1992 2635 2051 2681 ut
2074 2639 2174 2680 uo-

582 2715 727 2772 veris
758 2731 856 2786 pro
884 2716 1194 2771 absentibus
1224 2718 1459 2773 dominis
1484 2730 1751 2777 rectorem
1775 2722 2047 2792 suscipere
2074 2720 2174 2778 de-

583 2808 714 2865 bere
745 2818 925 2879 partes
953 2808 1302 2866 defensionis.
1336 2812 1483 2867 Vale.

1176 2903 1390 2960 EPIST.
1437 2904 1569 2962 VIII.

1202 3010 1533 3052 BVIIMCIIUS.

654 3088 894 3144 .lttcunda
928 3090 1055 3144 mihi
1089 3090 1246 3146 fuerit
1288 3091 1560 3160 perceptio
1592 3091 1912 3161 scriptorum
1937 3101 2168 3147 tuorum.

586 3183 828 3237 Amicitia
860 3182 1004 3237 enim
1036 3185 1234 3240 mutuis
1258 3187 1454 3255 gaudet
1474 3185 1684 3240 o‘liciis.
1715 3184 1821 3241 Sed
1846 3186 2046 3240 utinam
2074 3186 2170 3241 lto-

585 3275 785 3328 tninum
832 3290 1073 3330 meorum
1119 3276 1395 3346 diligentia
1425 3276 1584 3331 ftdem
1623 3286 1727 3331 tua:
1771 3277 2169 3345 pollicitationis

584 3364 881 3437 implesset.
913 3367 1043 3422 Nam
1086 3384 1206 3423 rum
1249 3368 1564 3437 scripseris,
1604 3384 1702 3425 eos
1743 3370 1810 3424 ad
1855 3369 2168 3425 solvendam

585 3458 894 3527 pensionem
924 3460 1212 3530 profectos,
1245 3462 1489 3530 exiguam
1526 3472 1729 3532 partem
1758 3462 2025 3518 redituutn
2049 3478 2162 3533 per-

581 3549 834 3605 diderunt
864 3568 876 3603 :
907 3568 1006 3607 nec
1039 3552 1139 3608 illis
1172 3553 1359 3621 pudori
1399 3552 1529 3619 fttit,
1561 3555 1835 3609 cumulum
1866 3556 2169 3610 debitorum

583 3645 684 3697 sub
712 3652 857 3697 tanta
879 3643 1003 3698 anni
1033 3643 1353 3701 fecunditate
1380 3646 1723 3701 contrahere.
1753 3646 1985 3717 Dignare
2010 3647 2171 3716 igitur

583 3751 766 3790 Curam
808 3746 1006 3791 nostra:
1043 3738 1289 3792 utilitatis
1332 3738 1609 3809 arripere,
1652 3749 1707 3795 et
1747 3740 1816 3794 ad
1845 3739 2168 3794 solutionem

583 3843 777 3897 rogrre
804 3829 1096 3883 debitores.
1132 3828 1269 3895 Quid
1302 3828 1447 3883 enim
1484 3828 1670 3899 juvat,
1702 3830 1843 3900 quod
1874 3829 2052 3885 studio
2078 3838 2171 3884 tuo

583 3935 632 3975 et
666 3921 943 3977 beneficiis
972 3923 1316 3991 adjuvantur,
1339 3938 1461 3977 cum
1487 3922 1589 3979 hoc
1608 3922 1964 3980 commoditas
1986 3931 2168 3979 nostra

584 4030 691 4070 non
719 4014 955 4069 sentiat?
985 4012 1130 4069 Vale.

1199 4108 1413 4164 EPIST.
1458 4106 1552 4164 IX.

1148 4218 1567 4258 8ι“ιιιιΑ(;ιιυε.....

655 4295 838 4352 Salute
890 4293 1134 4364 prtefata,
1179 4310 1338 4363 quam
1393 4293 1585 4349 litteris
1611 4294 1881 4350 anteferre
1926 4295 2171 4352 solemne

585 4398 687 4451 est,
725 4398 780 4440 ut
805 4389 998 4441 seriem
1046 4388 1383 4440 familiarium
1431 4389 1753 4458 scriptorum
1806 4398 1923 4442 vnta
1963 4405 2171 4457 prteve-

585 4483 753 4541 aiant.
786 4481 945 4533 silere
970 4479 1108 4548 apud
1141 4490 1193 4532 te
1223 4493 1454 4546 nequeo,
1494 4478 1764 4547 Caietame
1808 4478 2018 4535 Forma:
2048 4488 2168 4535 ten-

496 4612 501 4613 κ
586 4579 819 4625 tatttenta
849 4570 1073 4639 frigere;
1106 4580 1156 4623 et
1186 4571 1287 4622 ttisi
1320 4571 1600 4639 praesentia
1646 4579 1733 4625 tua
1779 4573 1967 4641 cwptis
1997 4574 2175 4628 calcar

584 4664 908 4721 admoverit.
943 4679 1134 4719 vereor
1167 4678 1239 4719 ne
1262 4665 1411 4733 operi
1433 4666 1739 4721 emoliendo
1761 4670 1941 4722 aestiva
1977 4684 2176 4739 oppor-

585 4758 781 4811 tunitas
808 4756 1171 4810 subtrahatur.
1200 4755 1335 4822 Quid
1371 4757 1533 4825 igitur
1574 4772 1739 4826 super
1771 4758 1873 4815 hoc
1908 4762 2172 4830 agendum

583 4855 727 4908 sitin
758 4861 849 4906 tuo
864 4853 987 4922 jure
1028 4851 1319 4905 constituo.
1362 4852 1490 4906 Mihi
1522 4853 1655 4906 satis
1682 4862 1789 4918 est,
1824 4854 1878 4906 in
1925 4853 2007 4906 his
2054 4868 2174 4923 qua:

583 4943 650 4997 ad
679 4946 887 4997 tandem
936 4952 1077 4996 tuam
1120 4944 1414 5012 pertinent,
1452 4953 1632 5012 partes
1683 4944 1841 4999 amici
1891 4944 2171 5001 monitoris

585 5037 854 5107 implesse.
886 5034 920 5091 γ
929 5036 1027 5090 ale.

1227 5126 1440 5184 EPIST.
1471 5127 1536 5183 Χ.

1164 5238 1516 5278 εςιιιιλοιιυε..
1527 5264 1540 5279 .
1550 5261 1564 5275 ο
1576 5260 1593 5277 ο

654 5315 1123 5372 Abundamissitne
1148 5316 1354 5383 gaudeo
1383 5314 1476 5369 tibi
1501 5327 1624 5369 esse
1657 5329 1825 5381 curae,
1851 5325 1910 5369 ut
1941 5312 2033 5369 filii
2064 5314 2171 5370 mei

585 5408 749 5461 editio
806 5406 942 5461 ursis
995 5404 1239 5477 pluribus
1280 5406 1607 5469 instruatur,
1660 5405 1951 5475 statimque
1996 5408 2166 5475 pretia

585 5498 983 5553 annumeranda
1033 5497 1316 5559 misissem,
1351 5492 1453 5549 nisi
1492 5497 1734 5551 hiemalis
1769 5498 2030 5561 asperitas
2067 5496 2165 5550 int-

586 5593 791 5661 pe-lirct
814 5591 1187 5645 invectionetn.
1215 5589 1317 5643 Sed
1345 5589 1498 5656 paulo
1520 5598 1658 5657 post,
1685 5587 1771 5642 ubi
1796 5587 2165 5656 Opportunitas

586 5688 726 5741 veris
756 5684 1038 5739 tnollivcrit
1070 5682 1314 5736 itinerum
1350 5678 1744 5743 difficultatem,
1777 5678 2051 5733 curabitur
2090 5676 2165 5733 fe-

587 5794 764 5834 rarum
793 5779 1014 5848 emptio,
1046 5775 1129 5833 cui
1152 5774 1480 5831 definitionis
1506 5772 1767 5842 justitiam
1800 5769 2160 5840 spopondisti.

2277 1875 2583 1941 adstrinxit,
2617 1886 2675 1931 ut
2724 1878 2948 1946 epistola
3012 1879 3261 1948 precibus
3318 1895 3561 1937 connexa
3608 1881 3867 1943 declarat.

2278 1962 2510 2036 Dignare
2534 1968 2691 2036 igitur
2710 1968 2900 2037 iuvare
2929 1970 3177 2026 effectum
3211 1972 3299 2043 pii
3314 1970 3595 2042 desiderii,
3622 1985 3867 2042 eatenus,

2277 2066 2335 2113 ut
2359 2059 2403 2111 si
2427 2057 2545 2128 quis
2567 2059 2887 2115 conturbare
2913 2063 3200 2118 tt-ntaverit
3221 2062 3529 2118 mandatum
3561 2074 3867 2132 paternum,

2275 2150 2691 2207 comminatione
2751 2153 2987 2207 infamia:
3036 2163 3322 2209 terreatur.
3369 2154 3634 2226 Resrripti
3688 2168 3869 2214 autem

2276 2241 2595 2296 beneficium
2645 2257 2770 2295 cum
2817 2245 2978 2299 fuerit
3030 2246 3397 2315 impetratum,
3449 2258 3707 2319 spectata
3745 2248 3867 2305 fidei

2278 2334 2516 2403 perlator
2543 2343 2813 2404 apportet.
2845 2333 2993 2389 Vale.

2888 2427 3104 2484 EPIST.
3139 2428 3253 2486 XII.

2856 2534 3288 2581 SVIIACIH'S..."

2349 2612 2579 2668 Meretur
2594 2615 2851 2669 auxilium
2871 2622 3017 2668 tuum
3039 2629 3201 2671 causa
3214 2617 3535 2673 communis.
3556 2617 3691 2673 Nam
3711 2620 3866 2689 quid-

2274 2704 2403 2774 quid
2434 2706 2503 2761 ad
2548 2708 2848 2762 senatorias
2897 2709 3133 2775 pertinet
3178 2709 3502 2777 functiones,
3553 2712 3864 2781 partit-ipata

2273 2814 2377 2869 ope
2402 2810 2458 2855 et
2483 2801 2767 2870 conjuncta
2800 2802 3141 2857 animositate
3178 2803 3541 2874 peragendum
3570 2813 3678 2862 est.
3729 2806 3864 2863 Juva

2274 2894 2437 2967 igitur
2457 2900 2801 2960 auctoritate,
2830 2911 2936 2966 qua
2964 2898 3183 2966 dignum
3214 2907 3320 2962 est,
3362 2908 3542 2968 partes
3569 2909 3732 2970 atque
3776 2916 3863 2956 ra-

2274 2989 2447 3046 tiones
2476 2991 2540 3044 ad
2571 2990 2955 3057 amplissimam
2988 2992 3188 3045 curiam
3220 2994 3553 3061 pertinentes
3584 3011 3597 3046 :
3629 2995 3859 3050 multum

2272 3096 2340 3138 ex
2389 3080 2489 3137 hoc
2525 3083 2741 3152 negotio
2774 3081 2947 3136 laudis
3004 3082 3301 3149 habiturus,
3339 3083 3385 3138 si
3435 3085 3619 3139 munia
3661 3086 3864 3141 ordinis

2276 3174 2466 3241 nostri,
2482 3189 2601 3242 quae
2623 3174 2735 3243 jam
2759 3174 2958 3228 dudum
2981 3173 3243 3231 fluctuare
3267 3174 3612 3232 manifestum
3642 3186 3749 3246 est,
3773 3193 3863 3235 so-

2270 3267 2404 3323 lutio
2423 3265 2491 3320 ab
2523 3266 2772 3321 obnoxiis
2800 3266 3089 3337 efflagitata
3115 3269 3470 3337 reptraverit.
3503 3270 3656 3329 Vale.

2897 3358 3114 3416 EPIST.
3148 3359 3285 3416 XIII.

2869 3466 3294 3512 SYIIACIUS.....

2343 3542 2574 3599 Editioni
2606 3554 2805 3599 nostrae
2836 3545 3047 3601 fortuna
3077 3548 3332 3614 consulit,
3362 3563 3483 3619 qua
3528 3558 3581 3606 te
3611 3549 3862 3618 regenda

2271 3637 2482 3708 Apulia:
2505 3639 2674 3692 voluit
2699 3639 3009 3694 admovere.
3030 3639 3192 3695 Utere
3220 3640 3381 3710 igitur
3412 3643 3697 3698 occasione
3720 3658 3858 3713 pra:-

2273 3732 2435 3793 senti,
2458 3742 2511 3786 et
2539 3731 2681 3798 apud
2715 3743 2999 3798 praeturam
3027 3731 3221 3789 domus
3244 3746 3466 3800 nostra,
3495 3734 3561 3788 ad
3590 3751 3748 3806 quam
3778 3734 3860 3791 fe.

2273 3824 2446 3879 liciter
2484 3821 2552 3877 de
2595 3824 2973 3878 transmarinis
3026 3825 3135 3877 ursi
3186 3823 3434 3893 proxime
3486 3824 3856 3893 perferentur,

2272 3913 2646 3969 convenientia
2687 3912 2918 3969 tlecerne
2959 3914 3226 3983 praesidia,
3285 3923 3342 3969 ut
3369 3915 3637 3984 prioribus
3665 3916 3856 3971 officiis

2274 4004 2433 4076 bujus
2449 4018 2659 4076 quoque
2688 4005 2936 4061 cumulus
2964 4005 3283 4074 applicetur.
3313 4004 3468 4063 Vale.

2885 4095 3101 4153 EPIST.
3141 4096 3284 4154 XIV.

2868 4204 3292 4245 SYIIACIIUS...”

2346 4284 2631 4354 Diligentia
2656 4293 2743 4338 tua
2772 4292 2827 4337 et
2849 4282 3092 4352 judiciali
3122 4283 3307 4350 vigore
3325 4281 3582 4339 delector.
3610 4282 3717 4341 Sed
3746 4285 3861 4339 ino—

2276 4377 2358 4446 pia
2388 4376 2472 4430 vel
2504 4377 2682 4444 potius
2704 4383 2913 4443 egestas
2935 4373 3142 4429 ordinis
3173 4372 3522 4439 Forminiani,
3563 4377 3723 4431 etiam
3757 4391 3859 4431 cu-

2275 4467 2499 4519 rationis
2524 4464 2810 4532 impatiens
2863 4474 2965 4520 est.
3022 4463 3156 4518 Nam
3202 4464 3343 4520 sicut
3390 4464 3578 4519 affecta
3608 4465 3860 4522 diuturno

2279 4556 2466 4612 morbo
2492 4570 2742 4620 corpora,
2773 4555 3053 4609 saeviorem
3091 4555 3409 4610 medicinam
3435 4558 3574 4612 ferre
3604 4573 3711 4611 non
3734 4573 3857 4626 pos-

2274 4657 2436 4712 sunt,
2492 4651 2562 4705 ita
2590 4648 2736 4704 curia
2776 4663 3001 4703 numero
3031 4659 3086 4705 et
3138 4661 3450 4720 paupertate
3486 4660 3719 4715 tenuata,
3761 4653 3859 4707 du-

2277 4746 2397 4799 ritia
2445 4743 2748 4798 immodica:
2792 4742 3184 4798 emendationis
3234 4744 3611 4814 exstinguitur.
3663 4744 3859 4802 Libens

2277 4839 2438 4908 igitur
2466 4838 2704 4908 parentis
2743 4851 2896 4891 Sume
2924 4837 3228 4898 consilium.
3263 4835 3351 4905 qui
3382 4853 3489 4891 non
3514 4836 3747 4893 defendit
3769 4853 3859 4892 or-

2276 4931 2416 4985 dinis
2471 4931 2718 5000 culpant,
2768 4928 2862 4983 sed
2932 4930 3287 4984 correctionis
3336 4931 3554 4985 modum
3602 4931 3854 5000 postulat.

2276 5020 2534 5078 Habenda
2561 5034 2644 5077 est
2672 5022 2807 5075 ratio
2836 5019 3173 5091 vectigalium
3203 5020 3559 5090 publicorum,
3582 5030 3638 5075 et
3663 5021 3856 5078 lavacri

2274 5114 2444 5171 aestivi
2472 5115 2791 5169 instauratio
2819 5127 2941 5169 cum
2980 5112 3114 5183 reip.
3158 5112 3364 5168 viribus
3392 5110 3714 5169 conferenda
3739 5154 3756 5179 ,
3801 5124 3858 5167 ιιι

2275 5209 2320 5265 si
2343 5208 2469 5278 quid
2494 5205 2755 5262 redundat
2779 5202 3037 5274 expensis
3057 5204 3289 5267 caeteris,
3314 5203 3367 5259 in
3395 5213 3663 5273 sumptum
3680 5205 3857 5272 operis

2276 5302 2603 5357 conferatur.
2639 5296 2880 5351 Dandum
2910 5309 3125 5366 quoque
3149 5304 3231 5349 est
3258 5295 3629 5349 instaurationi
3660 5292 3857 5364 largius

2280 5407 2512 5466 tempus,
2542 5409 2610 5449 ue
2632 5391 2759 5464 quid
2788 5390 3009 5460 deroget
3057 5388 3293 5443 firmitati
3337 5386 3666 5457 praecipitata
3706 5403 3829 5457 repn

2278 5492 2433 5547 ratio.
2463 5490 2599 5545 Nihil
2627 5503 2693 5544 ex
2739 5487 2837 5541 Itac
2859 5501 3005 5540 mora
3038 5494 3140 5539 tua:
3176 5485 3358 5554 glorias
3400 5484 3720 5538 detrahitur.
3774 5482 3853 5535 Atl

2276 5590 2592 5651 praesentem
2627 5577 2768 5632 cnim
2810 5575 3050 5644 judicetn
3103 5576 3298 5630 teteris
3342 5575 3507 5628 curiae
3555 5576 3708 5643 culpa
3750 5588 3855 5628 non

2277 5673 2534 5745 pet-venit.
2571 5668 2787 5723 Possem
2828 5666 2978 5734 plura
3006 5676 3350 5731 connectere,
3393 5663 3487 5721 sed
3524 5679 3642 5719 cum
3677 5680 3853 5718 rerum

2272 5767 2509 5822 omnium
2539 5760 2897 5817 consideratio
2925 5757 3064 5829 apud
3113 5756 3429 5828 sapientiam
3474 5766 3615 5811 luam
3657 5756 3829 5821 vigent
