4300 6492
468 425 564 485 361

1642 460 1651 468 -
1709 431 2189 492 EPISTOLARUM
2231 436 2428 492 LIBER
2472 438 2535 492 Χ.

3623 439 3727 499 562

467 556 627 608 parc-i
657 556 778 597 esse
807 543 1080 612 prolixior,
1103 557 1202 596 una
1225 541 1587 598 admonitione
1605 553 1910 611 contentus,
1935 559 2046 600 ma-
2072 551 2125 611 Λ
2149 557 2276 605 ιιι-ω
2299 550 2544 620 proxime
2577 565 2696 605 esse
2722 562 2977 607 venturos
3008 552 3137 608 fides
3162 556 3353 610 asserit
3381 557 3720 615 nuntiorinn:

463 648 700 701 gniq-ere
721 637 874 689 nobis
904 651 1023 691 esse
1048 637 1368 701 curandum,
1396 648 1448 690 ut
1477 639 1720 692 levamen
1743 639 1919 708 potius
1958 655 2048 694 or-

462 728 673 784 dinibus
705 732 906 803 aliquot
933 735 1205 788 exhaustis
1240 744 1358 787 tuus
1379 735 1642 790 adventus
1666 745 1941 807 apportet.

1061 825 1276 880 EPIST.
1336 826 1450 880 XV.

1037 932 1454 972 8YIIACIIUS.....

533 1001 586 1054 Si
629 1017 825 1059 novum
873 1007 1188 1061 benefit-ium
1236 1010 1303 1064 de
1343 1025 1586 1062 ursorum
1634 1020 2040 1079 comparatione

466 1107 790 1162 pote-emus,
824 1099 1031 1168 longior
1069 1101 1296 1155 ambitus
1344 1110 1487 1155 esset
1532 1101 1886 1158 adhibendus.
1931 1104 2041 1161 Sed

463 1201 583 1237 eum
615 1188 874 1254 promissa
906 1202 1238 1258 repetantur,
1272 1193 1549 1248 admoneri
1589 1195 1765 1262 potius
1797 1205 1849 1250 te
1877 1211 2038 1265 quam

467 1282 637 1347 rogari
662 1282 936 1336 convenit.
972 1283 1093 1336 llaec
1121 1285 1279 1352 igitur
1308 1285 1548 1352 epistola:
1578 1300 1782 1341 summa
1814 1297 1929 1349 est.
1985 1296 2044 1343 ιιι

466 1371 709 1426 homines
732 1389 900 1438 uncos,
932 1376 1121 1444 quibus
1154 1376 1383 1431 ferarum
1400 1378 1508 1446 jam
1541 1377 1909 1434 mandavimus
1931 1394 2043 1434 em-

465 1469 720 1537 ptionem,
766 1474 955 1538 juvare
1011 1473 1335 1527 adminiculo
1360 1489 1467 1528 non
1511 1477 1772 1544 graveris,
1799 1487 1855 1530 ut
1876 1475 2042 1531 editio

463 1573 666 1624 nostra,
699 1577 857 1630 quam
905 1567 1125 1631 auspice
1180 1564 1309 1626 Deo,
1362 1580 1456 1632 pro
1496 1566 1605 1618 lilio
1652 1579 2038 1635 pimparatnus,

464 1653 570 1704 tuis
597 1653 832 1722 auxiliis,
857 1659 990 1709 meis
1013 1657 1314 1722 sumptibus
1354 1657 1667 1710 instruatur.
1703 1655 1853 1711 Vale.

1075 1747 1290 1803 EPIST.
1346 1746 1460 1802 XVI

1045 1855 1468 1894 δγιιιιΑειιυδ.....

2147 659 2376 711 quorum
2408 643 2806 698 subvecrionem
2847 646 3125 715 dispositis
3153 647 3414 702 vehiculis
3468 651 3723 718 privatim

2147 735 2404 790 debemus
2435 737 2720 791 instruere.
2768 738 2932 806 Ilujus
2981 740 3108 793 mihi
3141 756 3283 794 curze
3330 742 3723 797 absolutionem

2146 827 2419 896 diligentia
2457 839 2544 882 tua
2582 843 2678 882 usu
2714 832 2986 898 explorata
3019 835 3296 899 promittit.
3326 835 3518 900 Qnmso
3563 835 3725 904 igitur

2147 932 2205 974 ut
2237 921 2373 977 hanc
2400 921 2728 989 provinciam
2756 925 3038 978 confestim
3078 926 3341 981 ineundis.
3374 967 3386 978 .
3423 966 3435 978 .
3469 969 3481 980 .
3513 968 3526 980 .
3564 967 3580 981 .
3609 966 3620 979 .
3652 969 3664 981 .
3703 968 3719 982 .

2734 1015 2945 1069 EI’IST.
3008 1015 3148 1070 XXI.

2735 1123 3056 1162 SHIMAILIIUS.
3070 1147 3151 1162 ....

2218 1236 2232 1251 .
2264 1235 2279 1251 .
2298 1237 2315 1252 .
2348 1236 2362 1252 .
2385 1197 2606 1268 Capitali
2633 1203 2797 1256 exitio
2817 1214 3130 1258 cunctorum
3153 1207 3512 1280 laciyuiisque
3534 1214 3721 1280 expia-

2143 1292 2238 1343 vit.
2272 1290 2420 1346 Nunc
2443 1293 2722 1349 interlucet
2748 1297 2908 1350 homo
2933 1297 3150 1352 homini.
3180 1302 3410 1355 Senatus
3439 1318 3467 1356 a
3497 1305 3719 1373 ,tiquum

2141 1383 2369 1435 obtinet.
2405 1381 2590 1438 Vivere
2611 1383 2777 1440 libet:
2811 1397 2993 1440 natum
3018 1403 3136 1442 esse
3157 1405 3265 1442 non
3297 1394 3537 1460 paenitet,
3569 1406 3624 1450 et
3653 1396 3718 1448 ad

2142 1473 2368 1526 salutem
2392 1477 2848 1542 spectantomnia.
2873 1478 3008 1532 Nulli
3033 1496 3063 1533 a
3094 1491 3405 1549 paupertate
3431 1486 3718 1541 discrimen

2141 1576 2243 1618 est.
2277 1565 2513 1636 Ilespub.
2557 1583 2617 1622 se
2646 1568 2698 1624 in
2728 1580 3045 1626 vetustatem
3078 1577 3281 1642 recepit
3334 1589 3388 1630 et
3416 1578 3720 1648 decrepitus

2144 1672 2420 1713 intravere
2456 1660 2688 1724 animos,
2730 1671 3010 1730 postquam
3043 1677 3136 1718 vos
3157 1666 3220 1718 ad
3275 1669 3523 1724 virtutem
3553 1673 3715 1726 verba

2144 1748 2363 1801 leclaIiS.
2392 1749 2512 1802 Pari
2543 1751 2718 1820 vigilia
2750 1766 3092 1824 prospectum
3129 1758 3371 1813 videmus
3408 1771 3464 1816 nt
3506 1779 3592 1818 res
3622 1782 3718 1819 an—

2144 1840 2364 1893 ltuttatia
2398 1843 2632 1896 satietati
2672 1844 2892 1898 urbana:
2919 1846 3192 1901 liberalius
3221 1851 3492 1921 inge-ratur
3525 1871 3538 1908 :
3570 1855 3721 1910 Fian-

531 1928 725 1985 Suessa
758 1929 1103 1984 honestorum
1124 1930 1318 1984 civium
1349 1931 1514 1998 patria
1547 1942 1647 1996 est,
1672 1941 1744 1986 tta
1769 1941 1824 1986 nt
1848 1934 2040 1988 merito
2073 1919 2117 1977 Β
2143 1934 2224 1985 da:
2248 1943 2472 1989 moneta:
2492 1937 2783 2004 nequitiam
2809 1938 3067 2008 decoqua:
3108 1941 3250 2011 larga
3273 1949 3544 2013 purgatio:
3571 1952 3720 2005 nullo

458 2021 704 2088 dixerim,
739 2023 972 2076 minium:
996 2039 1208 2092 quoque
1236 2025 1458 2077 fortume
1495 2025 1739 2080 homines
1769 2040 1916 2079 extra
1961 2025 2037 2080 vi-

460 2115 529 2167 tia
562 2115 762 2183 plebeia
812 2133 841 2168 e
874 2133 932 2170 se
975 2119 1295 2170 censendos.
1326 2115 1461 2170 Volo
1510 2119 1666 2186 igitur
1686 2118 1891 2181 credas,
1921 2119 2037 2172 nul-

458 2206 564 2258 lum
586 2222 652 2259 ex
681 2206 765 2260 illa
782 2222 831 2258 ui
848 2207 912 2260 be
933 2209 998 2259 ad
1016 2206 1113 2260 furi
1138 2208 1420 2274 strepitum
1444 2223 1816 2275 processurum
1849 2209 2033 2276 fuisse,

457 2298 557 2352 nisi
587 2299 777 2352 acerba
814 2299 1076 2365 coegisset
1120 2299 1422 2367 impressio,
1456 2299 1523 2352 de
1552 2316 1654 2368 qua
1684 2316 1815 2355 mea:
1847 2298 2037 2355 littera:

458 2404 562 2441 non
618 2390 917 2454 Inquentnr.
947 2391 1328 2444 Vehementius
1357 2393 1497 2445 enim
1530 2407 1630 2444 vox
1668 2393 1872 2462 publica
1927 2395 2036 2449 suf-

456 2480 745 2550 fragabitur
773 2499 954 2535 eorum
990 2482 1156 2535 dolori
1196 2498 1353 2551 quam
1384 2481 1586 2551 privata
1619 2487 1896 2548 potuisset.
1928 2491 2035 2540 Au-

453 2575 669 2628 dientia:
724 2584 930 2628 tantum
974 2591 1066 2645 per
1103 2592 1186 2627 me
1230 2585 1416 2645 optant
1468 2577 1773 2632 facilitatem
1816 2580 2030 2633 mereri.

454 2669 534 2730 Qu
559 2667 719 2735 dqnid
745 2676 920 2721 autem
952 2667 1196 2735 spoliatis
1217 2677 1377 2737 atque
1399 2671 1604 2724 vexatis
1632 2670 2030 2740 properandum

450 2766 554 2823 est,
603 2759 751 2810 lavor
782 2769 900 2811 tuus
940 2770 997 2812 et
1024 2760 1197 2827 trgum
1231 2775 1416 2812 norma
1453 2761 1745 2829 prmstabit.
1777 2760 1925 2817 Vale.

1030 2849 1246 2904 EI‘IST.
1295 2850 1454 2906 XVII.

1024 2957 1455 3000 SYIIIACIIUS.....

520 3032 906 3088 Suessanorum
930 3033 1283 3102 allegationcs
1309 3037 1652 3091 commendat
1678 3039 1768 3092 tibi
1790 3038 2031 3107 publicus

445 3126 808 3193 magistratus,
845 3123 974 3176 mihi
1005 3127 1204 3191 privata
1237 3127 1531 3182 miser-aiio.
1568 3131 1741 3196 Atque
1773 3128 1894 3181 ideo
1926 3145 1951 3180 a
1979 3141 2031 3186 te

444 3215 706 3279 pidiciarii
737 3215 932 3283 vigoris
956 3215 1171 3278 auleia,
1197 3231 1225 3266 a
1250 3231 1333 3269 me
1364 3219 1518 3270 verba
1545 3229 1848 3284 poscuntur.
1879 3216 2021 3272 Fun-

2135 2026 2244 2089 jam
2280 2024 2620 2092 provincialis
2649 2028 2765 2081 ausi
2795 2027 3131 2085 incremento
3164 2035 3416 2090 trutinam
3445 2051 3718 2106 spectatur

2139 2113 2380 2168 inclinet.
2411 2116 2550 2170 Mille
2577 2116 2704 2181 alia,
2734 2133 2854 2187 quae
2905 2120 2951 2175 si
3004 2124 3249 2193 persequi
3283 2128 3463 2193 velim,
3521 2142 3716 2186 vestra:

2140 2205 2324 2274 glorise
2342 2221 2566 2270 memor,
2581 2223 2714 2262 mea:
2735 2209 2970 2265 infantia:
2995 2213 3276 2271 immemor
3293 2216 3711 2285 deprehendam.

2140 2300 2269 2352 Nam
2299 2314 2458 2354 nemo
2476 2301 2709 2368 prudens
2733 2302 2996 2357 humanus
3011 2308 3187 2361 verbis
3211 2313 3448 2378 corrutiit
3474 2319 3713 2374 oracula.

2141 2389 2303 2457 Igitur
2320 2389 2495 2444 divina
2521 2407 2670 2446 mens
2701 2401 2808 2457 tua,
2837 2395 3049 2462 juvenis
3074 2397 3330 2468 Auguste,
3367 2402 3587 2460 Romani
3620 2426 3714 2461 no-

2139 2479 2296 2534 minis
2324 2481 2507 2543 decus,
2532 2482 2756 2538 vehatur
2781 2499 2945 2540 curru
2971 2488 3167 2557 elaquii
3196 2493 3306 2556 sui;
3341 2510 3436 2548 nos
3467 2499 3517 2550 in
3551 2513 3713 2568 agru-

2136 2571 2218 2624 dis
2243 2572 2425 2638 gratiis
2467 2572 2612 2626 humi
2640 2585 2932 2642 reptamus,
2955 2593 3115 2635 socco
3136 2583 3304 2651 magis
3328 2584 3518 2651 idonei,
3551 2606 3712 2658 quant

2135 2662 2421 2729 cothurno,
2457 2675 2734 2732 postquam
2765 2668 3003 2722 facundia
3035 2687 3120 2725 res
3146 2690 3265 2729 esse
3289 2689 3452 2746 crept
3481 2683 3711 2750 imperii.

2135 2751 2292 2816 Num,
2322 2755 2464 2824 quod
2487 2757 2672 2820 sciam,
2701 2759 2939 2815 tnu~-isin
2965 2765 3162 2829 palatio
3191 2765 3326 2832 loca,
3357 2771 3518 2825 lautia
3542 2785 3596 2826 tu
3620 2777 3714 2831 de-

2135 2844 2261 2897 disti
2286 2862 2298 2896 :
2331 2860 2448 2914 qnze
2477 2863 2561 2900 res
2591 2831 2845 2916 prospere
2876 2863 3046 2906 vertat
3068 2855 3220 2909 vobis
3248 2871 3550 2932 veStreque
3598 2869 3714 2935 pio-

2136 2938 2251 2999 tati,
2275 2938 2394 3005 quia
2427 2937 2617 2993 fastum
2647 2949 2704 2995 et
2729 2943 2920 3008 otium,
2959 2945 3186 3002 fortunae
3216 2953 3521 3018 grandioris
3557 2959 3708 3028 vitia,

2133 3033 2265 3084 nihil
2301 3036 2605 3089 moramini.
2651 3036 2776 3090 Mihi
2804 3041 2938 3091 satis
2963 3041 3152 3095 salutis
3197 3055 3281 3098 est
3322 3062 3441 3101 cum
3496 3051 3709 3110 valetis.

2135 3121 2384 3177 Felicitas
2410 3135 2530 3178 voto
2558 3128 2679 3194 publ
2704 3144 2768 3181 cn
2791 3145 3009 3184 exora'a
3054 3139 3346 3202 praestabit,
3382 3149 3438 3194 ut
3471 3143 3709 3200 clemen-

2136 3215 2220 3265 tia:
2254 3231 2466 3277 vestrm,
2494 3229 2689 3284 quanta
2717 3227 2800 3271 est
2831 3223 3087 3278 reddendi
3117 3230 3380 3296 voluntas,
3409 3240 3553 3287 tanta
3577 3248 3710 3306 sup-

439 3319 540 3370 gnr
567 3306 724 3370 igitur
755 3305 993 3371 partibus
1021 3309 1174 3369 meis,
1215 3319 1268 3360 et
1309 3321 1359 3360 te
1391 3307 1724 3362 f.uniliariter
1766 3325 1893 3377 ηις.»
1945 3321 2020 3374 ιιι,
2049 3286 2099 3349 C
2131 3322 2137 3374 1

1445 3308 1724 3362 tuiliariter
1766 3325 1893 3377 rogo
1945 3321 2020 3374 ut,
2049 3286 2099 3349 ε
2131 3309 2440 3374 petatcopia
2474 3312 2700 3378 negotiis
2735 3316 3133 3377 promovendis.

444 3395 950 3450 auditis-infelicium
981 3399 1010 3449 il
1055 3398 1229 3466 plorat
1250 3401 1464 3457 ortibus.
1520 3401 1570 3452 in
1621 3417 1737 3454 cani
1794 3415 2020 3470 partem,

442 3502 565 3556 qua:
595 3498 677 3542 est
700 3487 808 3556 juri
836 3501 887 3543 et
919 3493 1243 3545 miserationi
1276 3496 1465 3555 arniui,
1509 3495 1792 3548 movearis.
1825 3495 1968 3550 Vale.

1007 3583 1221 3640 EPIST.
1267 3583 1444 3638 XVIII.

1025 3690 1450 3733 SYIIACIIUS..."

517 3762 690 3817 Prima
721 3766 989 3822 scribendi
1027 3783 1184 3822 causa
1227 3779 1308 3823 est
1345 3778 1401 3824 ιιι
1444 3771 1903 3831 honorificentiam
1931 3792 2019 3832 sa-

439 3856 707 3910 lutationis
732 3858 1041 3913 exhibeam.
1069 3859 1340 3926 Secunda,
1369 3875 1426 3916 ιιι
1449 3865 1720 3933 probatam
1737 3868 1867 3921 mihi
1899 3884 2014 3924 mo.

434 3947 657 4001 tlestiant
718 3960 858 4002 tuam
905 3950 1046 4017 justa
1098 3950 1354 4019 petitione
1403 3956 1740 4010 conveniam.
1791 3957 2014 4014 I'Iurinti

434 4038 577 4091 enim
610 4037 676 4092 de
701 4037 896 4092 familia
924 4041 1114 4093 domus
1140 4056 1274 4095 mea:
1300 4057 1394 4111 per
1421 4045 1598 4113 fugam
1623 4047 1814 4115 elapsi,
1844 4048 1895 4103 in
1931 4051 2013 4104 his

435 4129 589 4193 locis,
637 4147 756 4198 qua:
801 4130 891 4183 tibi
935 4133 1267 4186 contermina
1311 4144 1470 4200 sunt,
1515 4136 1855 4205 delitescunt,
1888 4144 2009 4206 bos,

431 4221 626 4274 auditis
653 4221 1060 4291 allegationibus
1091 4228 1452 4292 procuratoris
1481 4230 1608 4294 mei,
1637 4246 1822 4299 quaso
1853 4235 2014 4289 resti-

433 4319 570 4364 tuas.
602 4310 864 4365 Convenit
890 4311 1031 4366 enim
1063 4314 1166 4368 tuis
1195 4317 1432 4372 moribus
1453 4327 1505 4373 et
1535 4319 1785 4376 amicitia:
1811 4335 2009 4380 nostra:

430 4403 934 4469 contemplationem
964 4419 1176 4474 gerere,
1207 4416 1263 4461 et
1297 4409 1478 4463 servili
1533 4410 1788 4481 nequitia
1812 4429 2008 4485 negare

433 4489 750 4559 perfugium.
779 4491 933 4548 Vale.

1009 4585 1224 4642 EPIST.
1274 4587 1427 4645 XIX.

993 4692 1427 4739 ‘YIIMCIIUS.....
2031 4659 2085 4719 D

499 4764 782 4835 Postquam
810 4765 879 4822 de
919 4767 1055 4824 freto
1077 4770 1256 4826 Siculo
1281 4773 1485 4830 litteras
1529 4785 1647 4832 tuas
1683 4781 1907 4850 sumpsi,
1936 4783 2003 4838 ad

425 4871 610 4911 curam
641 4859 1021 4914 vicissitudinis
1050 4861 1323 4927 incitatus,
1368 4866 1599 4922 salutem
1649 4871 1777 4922 mihi
1816 4875 2003 4927 nuntio

424 4947 741 5013 sei-undare,
776 4950 867 5004 tibi
900 4961 1028 5017 opto
1060 4966 1370 5020 suppetere.
1407 4956 1609 5013 Dehinc
1639 4961 1708 5015 de
1741 4976 2000 5030 apparatu

424 5049 620 5093 nostris
644 5042 894 5095 editionis
919 5045 1205 5104 admoneo.
1227 5051 1469 5117 quamvis
1498 5053 1774 5122 religiosus
1791 5058 2000 5112 animus

422 5133 742 5185 monitorem
765 5133 993 5188 alterum
1020 5152 1125 5190 non
1158 5141 1411 5207 requirat.
1444 5143 1560 5197 Prae
1591 5149 1800 5201 cmteris
1824 5161 2000 5205 autem

418 5237 539 5291 qua:
567 5222 805 5278 Romana
847 5232 1154 5295 spectacula
1181 5232 1511 5299 desiderant,
1543 5240 1845 5294 crocodilos
1877 5246 2002 5296 lun-

417 5315 524 5368 crio
550 5315 824 5370 theatralis
845 5318 1122 5388 efflagitat.
1160 5322 1233 5378 De
1256 5325 1449 5393 quibus
1473 5327 1630 5382 fidam
1657 5341 1802 5386 tuam
1837 5349 2000 5402 spon-

417 5407 624 5460 sionem
655 5417 842 5464 teneo:
876 5411 961 5464 coi
990 5411 1162 5469 facilis
1188 5420 1443 5474 succedet
1486 5423 1728 5490 ell‘ectus,
1758 5427 1799 5480 si
1832 5442 1998 5496 pecu-

419 5494 618 5551 liariter
648 5497 701 5553 in
732 5515 844 5554 rem
877 5501 1069 5558 missos
1098 5504 1335 5577 sulfragii
1401 5511 1474 5565 tui
1517 5512 1664 5567 nisus
1706 5494 1986 5586 adjuverit.

424 5583 577 5642 \‘ale.

1021 5685 1234 5744 EPIST.
1270 5690 1383 5746 XX.

985 5791 1408 5841 οςιιιιΑιῑιιυε.....

493 5855 674 5918 Plures
705 5864 771 5918 ile
803 5865 1058 5921 Dalmatii
1087 5887 1239 5924 ursos
1259 5875 1309 5928 in
1332 5886 1640 5945 apparatum
1671 5877 1868 5934 domus
1897 5895 1993 5936 no-

660 5952 929 6018 ΡΑΤιιυι..
987 5960 1208 6021 XVIII.

2701 3402 2914 3459 EPIST.
2952 3405 3110 3460 XXII.

2194 3505 2394 3546 DOHINO
2419 3508 2804 3551 VALENTINIANO
2829 3511 3029 3553 BEIIPEB
3061 3517 3298 3559 AUGUSTO
3324 3518 3634 3566 3VlﬂACIIUS

2657 3602 2706 3640 V.
2751 3603 2800 3642 C.
2833 3604 3002 3644 1³1117.
3047 3607 3165 3647 ωιιι.

2190 3675 2381 3743 Quieto
2413 3676 2542 3730 mihi
2583 3687 2638 3732 et
2682 3681 3001 3749 jampridem
3047 3698 3076 3735 a
3117 3686 3402 3745 desideriis
3433 3691 3699 3754 honorum

2122 3776 2372 3832 remoto,
2424 3768 2800 3838 prafecturani
2850 3773 3033 3826 inultis
3086 3777 3318 3846 copiiam
3372 3795 3566 3852 sponte
3607 3787 3699 3841 tri-

2120 3861 2332 3916 buistis.
2358 3862 2472 3930 Ago
2491 3862 2694 3931 gratias
2723 3873 2799 3917 tot
2830 3862 3094 3920 bonorum
3121 3871 3260 3926 circa
3285 3887 3372 3929 me
3398 3875 3696 3945 principum

2117 3959 2395 4012 voluntati.
2449 3960 2556 4015 Sed
2610 3962 2848 4032 intelligo
2895 3977 3095 4033 quanto
3148 3969 3266 4036 plus
3319 3971 3699 4031 sollicitudinis

2118 4049 2308 4105 habeat
2327 4053 2666 4121 magistratus
2715 4058 2804 4124 qui
2829 4073 2890 4110 ex
2915 4058 3139 4126 judicio,
3168 4077 3327 4129 quam
3351 4066 3441 4134 qui
3480 4083 3546 4122 ex
3575 4085 3696 4138 gra-

2115 4141 2186 4192 tia
2219 4142 2383 4196 venit.
2412 4143 2503 4198 Ille
2529 4147 2698 4210 enim,
2731 4161 2786 4200 ιιι
2810 4152 3014 4203 meritis
3036 4151 3213 4218 datus,
3251 4171 3400 4223 spem
3425 4160 3506 4213 sui
3534 4160 3696 4216 debet

2113 4249 2355 4301 stuprare:
2389 4235 2491 4290 iste
2524 4247 2579 4289 ut
2610 4253 2702 4305 per
2732 4238 3051 4295 beneficium
3083 4246 3362 4314 quaesitus,
3392 4264 3422 4302 a
3455 4254 3694 4319 periculo

2117 4327 2474 4391 pra-stationis
2498 4329 2706 4384 alienus
2733 4341 2836 4398 est,
2873 4331 2934 4387 D.
2966 4333 3274 4402 imperator.
3304 4339 3434 4406 Quis
3457 4357 3584 4412 ergo
3607 4360 3692 4400 me

2113 4417 2236 4471 huic
2267 4420 2416 4474 oneri
2451 4435 2631 4488 parem
2666 4423 2856 4476 faciet?
2893 4425 3114 4481 Scilicet
3159 4440 3335 4486 vestra
3379 4433 3691 4500 clementia,

2109 4508 2263 4577 cujus
2313 4510 2534 4564 interest
2593 4526 2661 4566 ne
2718 4522 2916 4568 temere
2971 4516 3173 4574 electus
3221 4521 3517 4579 existimer.
3564 4524 3689 4579 Mihi

2109 4601 2174 4652 ad
2216 4600 2599 4655 conscientiam
2648 4604 2779 4657 satis
2818 4615 2900 4659 est
2939 4623 3045 4662 non
3095 4610 3373 4668 affectasse
3422 4614 3687 4683 publicam

2110 4705 2312 4745 curam.
2359 4692 2476 4748 Jam
2505 4695 2675 4762 qualis
2698 4696 2940 4752 inveniar
2968 4700 3020 4753 in
3065 4717 3222 4754 manu
3256 4713 3554 4774 temporum
3583 4719 3685 4764 eat.

2110 4785 2286 4840 Bonos
2311 4787 2453 4841 enim
2488 4788 2829 4856 magistratus
2863 4789 3011 4845 favor
3038 4794 3333 4863 principum
3369 4797 3513 4862 facit,
3545 4813 3688 4853 seni-

2112 4892 2313 4943 perque
2333 4878 2402 4932 de
2451 4881 2691 4933 moribus
2721 4881 2914 4934 vestris
2959 4885 3183 4938 virtutes
3218 4887 3455 4953 judicum
3494 4889 3685 4942 fluunt.
3719 4907 3723 4910 ν

2109 4968 2286 5022 Facite
2313 4978 2370 5022 ut
2409 4985 2598 5026 omnes
2638 4972 2952 5042 intelligant,
2978 4977 3022 5028 si
3052 4975 3190 5031 forte
3215 4979 3355 5031 desit
3389 4983 3687 5035 rectoribus

2108 5063 2314 5127 integer
2344 5063 2512 5130 vigor,
2556 5072 2610 5115 et
2631 5064 2773 5132 justa
2820 5066 3163 5132 conscientia,
3199 5068 3430 5125 hominis
3474 5074 3686 5140 culpant

2110 5166 2250 5213 esse,
2278 5168 2391 5206 .non
2412 5155 2615 5207 saeculi.
2649 5154 2764 5208 Non
2797 5170 2912 5208 sunt
2946 5159 3054 5210 voti
3085 5158 3421 5223 immodicus,
3446 5176 3565 5215 curn
3599 5166 3687 5217 ho-

2111 5259 2297 5297 norem
2323 5260 2498 5296 meum
2529 5247 2851 5299 commendo
2897 5251 3206 5302 auctoribus
3242 5266 3371 5304 suis.
3419 5253 3684 5317 Quantum

2109 5346 2190 5388 est
2213 5335 2353 5389 enim
2377 5337 2516 5404 quod
2539 5353 2637 5405 ego
2663 5337 2864 5391 numini
2892 5349 3073 5392 Vestro
3094 5357 3194 5409 ago
3223 5342 3462 5411 gratias?
3497 5341 3682 5400 Facito

2106 5436 2165 5481 ut
2201 5426 2351 5480 vobis
2382 5428 2542 5480 etiam
2570 5429 2871 5494 respublica
2905 5445 3000 5498 pro
3029 5448 3112 5486 me
3141 5447 3287 5501 grata
3316 5436 3408 5490 sit.

2680 5522 2893 5575 EI'IST.
2929 5522 3113 5578 XXIII.

2108 5621 2140 5660 υ
2177 5623 2468 5663 τιιιῖυοοδω
2496 5625 2695 5662 εειιριςιι
2726 5628 2775 5664 ΑΙ
2796 5627 2846 5666 G.
2875 5628 3180 5669 BVMMMIIIUS
3209 5632 3256 5669 V.
3285 5632 3335 5671 C.
3371 5633 3535 5672 ΡΕᾹΞΓ.
3564 5636 3677 5676 ωιιι.

2179 5700 2315 5752 Ulint
2341 5714 2444 5762 tne,
2471 5710 2524 5751 ut
2554 5715 2636 5752 res
2656 5702 2870 5766 indicat,
2900 5708 3231 5770 cognitiones
3266 5712 3494 5763 ttutnints
3520 5715 3679 5767 veSJri

2107 5792 2344 5843 secundo
2376 5791 2555 5845 favore
2586 5794 2903 5860 respiciunt.
2937 5796 3118 5865 Neque
3147 5802 3286 5853 enim
3335 5802 3491 5854 aliter
3520 5801 3678 5872 iurpec

2110 5882 2372 5938 ratoribus
2396 5883 2527 5939 nihil
2552 5896 2752 5941 temere
2782 5893 3176 5959 prazstaniibus,
3209 5893 3346 5946 inter
3375 5895 3576 5956 primos
3593 5905 3680 5950 aut

3333 5980 3402 6039 I2
