4300 6432
637 330 747 386 3G7

1818 330 1879 396 ρ.
1926 328 2266 385 manus
2307 330 2745 387 srttuicutzs.

3813 336 3918 391 568

643 452 768 501 rint.
800 446 913 500 Non
943 454 1065 499 sunt
1089 458 1245 498 avara
1275 452 1421 508 vota,
1457 459 1575 513 qua:
1604 444 1783 497 srrruli
1830 443 2083 497 excitavit
2124 443 2221 495 lnt-
2251 448 2298 504 Λ
2331 446 2551 500 Romani
2577 448 2886 501 inusitatum
2910 446 3173 513 dolorum,
3196 449 3359 503 etiam
3388 460 3604 505 senatus
3626 450 3914 519 impatiens

642 542 888 594 tuanitas.
922 539 995 593 De
1026 538 1288 606 exemplis
1317 538 1461 592 venit
1508 539 1608 591 ista
1654 536 1868 591 tiducia.
1908 536 2094 606 Magna
2129 552 2220 589 stt-

643 634 841 689 ntetnlo
866 633 1067 702 mttj'll'a
1108 631 1505 699 prmsumimus.
1541 629 1692 685 Nune
1729 629 1887 699 legite
1917 637 2133 684 senatus
2162 642 2224 682 ac

644 726 820 797 populi
857 728 1027 780 fausta
1060 722 1308 795 rulfragia
1339 740 1352 778 :
1386 725 1510 779 lii-et
1548 724 1714 777 sciant
1749 725 1866 791 plus
1902 722 2078 779 inesse
2107 723 2225 775 ani-

643 824 740 873 mis
769 836 927 888 quam
958 817 1178 873 vocibus
1206 818 1460 888 explicari
1509 837 1521 869 ;
1579 824 1634 871 et
1682 817 1928 885 quaedam
1966 814 2222 869 libamina

644 912 839 979 publici
870 912 921 965 in
946 926 1041 965 vos
1068 909 1267 966 amoris
1286 908 1533 978 accipite.
1578 908 1635 966 Si
1671 921 1833 978 parva
1881 905 2058 961 adhuc
2100 912 2227 959 sunt

639 1012 806 1073 dicta,
838 1018 1117 1061 munerum
1146 1010 1443 1059 vestrorum
1477 1002 1737 1071 imputate
1768 997 2066 1054 miraculis.
2090 996 2221 1052 Nam

641 1097 953 1168 magnitudo
987 1096 1217 1166 Stuporis
1252 1094 1427 1148 locum
1460 1094 1643 1147 multis
1689 1091 1966 1161 plausibus
1996 1104 2102 1146 non
2135 1105 2224 1146 rc-

646 1192 753 1257 liqtt
781 1201 817 1243 t.

1213 1276 1425 1333 EPIST.
1467 1275 1560 1331 XX
1575 1275 1637 1330 Χ.

641 1394 721 1429 ll).
767 1387 1057 1429 TllEObOSIO
1104 1387 1169 1426 ΕΤ
1218 1385 1351 1425 ARCA
1394 1384 1443 1423 ιο
1490 1383 1694 1423 SEUPEI’I
1745 1381 1867 1422 ACO.
1916 1379 2227 1421 εγιωλαιυς

1162 1456 1215 1495 ν.
1256 1455 1307 1494 C.
1348 1455 1520 1495 PREF.
1565 1455 1687 1494 ιιιιι.

712 1563 978 1616 La-tarttm
1013 1574 1192 1612 rerum
1226 1555 1386 1609 inde:
1417 1568 1538 1609 esse
1568 1554 1881 1617 maluerant,
1912 1550 2021 1605 DD.
2053 1550 2223 1613 impe-

642 1665 885 1718 ratores;
927 1652 1020 1706 scd
1069 1651 1205 1704 ratio
1246 1646 1408 1701 ullicri
1442 1645 1636 1714 puinci
1690 1645 2061 1699 necessitatem
2094 1642 2225 1696 mihi

641 1747 810 1801 nuntii
845 1747 1011 1799 tristis
1041 1740 1315 1810 imposuit.
1351 1739 1703 1793 l’rxtextntus
1753 1747 1953 1801 vester,
2000 1745 2223 1805 prates-

2328 540 2592 609 dispendii
2628 542 2709 595 sui
2752 543 2999 596 solatium
3034 543 3165 608 petit
3203 544 3271 599 dc
3313 543 3517 598 honore
3544 544 3792 609 virtutis,
3825 560 3919 599 ve.

2327 643 2604 704 strntnipte
2657 651 2853 690 numen
2904 645 3184 706 precatur,
3234 646 3289 693 ut
3335 638 3506 691 virum
3539 648 3719 693 nostra
3759 652 3918 693 aetate

2330 726 2632 781 mirabilem
2679 738 2975 782 statuarum
3004 729 3327 783 diuturnitas
3350 732 3522 785 tradat
3547 731 3719 786 oculis
3739 743 3916 802 poste-

2329 834 2510 873 rorum
2543 837 2555 873 :
2585 835 2690 875 non
2719 821 2861 891 quod
2893 823 2978 875 ille
3005 823 3224 891 praemia
3257 831 3470 878 terrena
3499 824 3793 889 desideret,
3820 824 3914 892 qui

2326 913 2519 983 gaudia
2532 914 2798 983 corporis,
2813 915 2973 970 etiam
2988 930 3107 969 cunt
3131 915 3400 970 hominem
3422 925 3624 986 ageret,
3649 916 3916 970 utcadttca

2327 1006 2586 1068 calcavit;
2610 1006 2704 1060 sed
2730 1006 2851 1075 quin
2871 1006 3206 1061 oruatttentis
3236 1006 3499 1061 bonorum
3529 1008 3777 1061 incitatur
3797 1006 3917 1061 imi-

2330 1097 2480 1158 tatio.
2504 1106 2555 1152 et
2583 1097 2751 1151 virtus
2782 1097 2973 1151 n-mnla
3005 1099 3169 1151 alitur
3196 1096 3451 1167 exemplo
3484 1096 3707 1151 honoris
3731 1096 3915 1151 alieni.

2332 1187 2466 1243 Ilittc
2519 1190 2713 1241 factuttt
2757 1200 2841 1242 est
2889 1201 2945 1242 ttt
2996 1189 3211 1244 ru~ticis
3254 1189 3432 1243 adhuc
3476 1188 3689 1243 arcentis
3726 1187 3915 1256 Optimi

2329 1279 2521 1349 quique
2552 1278 2744 1334 civium
2787 1296 2947 1333 tuanu
2984 1288 3041 1335 et
3062 1291 3177 1335 arte
3208 1279 3418 1334 formati
3460 1281 3515 1332 in
3558 1280 3772 1349 longant
3802 1296 3917 1335 utu-

2330 1387 2554 1426 mortam
2584 1370 2944 1427 mitterentur.
2984 1375 3156 1441 Atque
3188 1374 3387 1425 utinam
3419 1371 3549 1425 nihil
3582 1370 3705 1426 Ituie
3726 1371 3911 1426 decori

2333 1464 2553 1519 facilitas
2572 1464 2792 1519 adulant
2814 1480 2902 1518 ttnt
2928 1480 2975 1532 pi
2995 1474 3109 1519 slca
3131 1464 3472 1533 dcrogassct!
3496 1464 3745 1533 quamvis
3767 1466 3916 1533 paria

2331 1571 2435 1611 non
2472 1556 2615 1619 sint,
2655 1571 2777 1625 qua:
2812 1555 3015 1625 dispari
3046 1564 3162 1610 arte
3193 1564 3526 1625 quaeruntur.
3566 1554 3788 1626 Dignum
3833 1566 3919 1609 est

2331 1649 2491 1719 igitur
2520 1661 2574 1703 ut
2598 1649 2689 1718 qui
2714 1648 2764 1702 itt
2794 1647 3103 1717 pectoribus
3129 1647 3369 1702 omnium
3399 1653 3601 1715 manet,
3642 1646 3716 1701 sit
3741 1646 3793 1699 itt
3821 1659 3921 1701 ore

2332 1741 2704 1809 plurimorum.
2723 1741 2815 1796 llle
2829 1756 3045 1811 semper
3064 1741 3460 1809 magistratibus
3482 1738 3594 1794 suis
3622 1737 3843 1803 celsior,
3862 1738 3917 1794 in

640 1850 777 1894 tatus
826 1839 1089 1891 honorum
1110 1876 1128 1901 ,
1160 1833 1393 1899 antiqua:
1418 1829 1698 1901 probitatis
1728 1838 1997 1893 assertor,
2048 1825 2225 1881 invida
2260 1815 2302 1872 Β
2330 1851 2338 1887 ε

2222 1852 2225 1879 ι
2260 1815 2302 1872 Β
2330 1832 2468 1888 alios
2494 1842 2856 1900 temperatus,
2886 1832 2937 1886 in
2960 1846 3021 1887 se
3050 1845 3291 1897 severus,
3316 1847 3344 1887 s
3363 1844 3432 1886 ne
3460 1839 3768 1899 contemptu
3791 1829 3920 1884 faci-

640 1944 814 1987 tnorte
839 1932 1144 1985 subtractus
1172 1935 1274 1990 est,
1311 1924 1391 1980 vir
1409 1925 1648 1980 omnium
1675 1920 1821 1977 domi
1853 1921 2087 1988 fori-que
2119 1922 2225 1974 vir-

641 2036 835 2080 tutum.
879 2024 935 2077 lu
971 2020 1125 2090 cujus
1166 2020 1339 2073 locum
1361 2056 1378 2081 ,
1424 2028 1617 2072 vestr-.e
1651 2030 1862 2086 quoilue
1898 2014 2186 2071 :eternitati
2208 2054 2224 2077 ,

636 2133 759 2185 quae
783 2116 1018 2183 optimos
1046 2114 1193 2167 novit
1220 2112 1438 2180 eligere,
1465 2109 1624 2164 nimis
1645 2108 1869 2164 arduum
1895 2120 1979 2163 cst
1997 2106 2225 2163 similem

639 2211 950 2278 subrogare.
968 2205 1148 2273 Itaque
1166 2220 1430 2257 summum
1452 2201 1532 2255 sui
1578 2217 1610 2254 n
1629 2200 1855 2269 llepubl.
1873 2197 2224 2256 desiderium.

639 2314 998 2370 magnumque
1022 2295 1227 2352 civibus
1250 2298 1415 2366 gratis
1449 2295 1661 2365 reliquit
1687 2292 1949 2347 dolorem.
1976 2289 2107 2345 Nam
2136 2290 2226 2343 ubi

638 2412 699 2464 pr
724 2410 869 2450 mum
904 2396 1087 2447 Home:
1117 2404 1335 2445 amarus
1362 2390 1427 2441 ile
1451 2405 1517 2441 eo
1543 2402 1726 2441 rumor
1748 2384 2043 2445 iucrelmit,
2074 2396 2229 2437 recu-

636 2490 779 2545 savit
818 2487 1047 2555 populus
1074 2486 1345 2541 solemnes
1381 2483 1573 2537 tltcatri
1613 2481 1915 2547 voluptates
1956 2492 1972 2533 :
2018 2491 2225 2533 memo-

640 2584 881 2649 riamque
902 2579 1021 2647 ejus
1052 2577 1313 2632 illustrem
1344 2575 1511 2628 multa
1550 2573 1934 2629 acclamatione
1971 2580 2225 2634 testatus,

638 2671 870 2739 μηνίων
888 2670 996 2738 egit
1020 2683 1140 2721 cum
1164 2668 1329 2719 livore
1345 2664 1593 2728 fortunae,
1615 2664 1754 2732 quod
1779 2662 1880 2717 sibi
1906 2661 2225 2732 inclytortnn

641 2762 937 2829 principum
1000 2756 1317 2811 beneficium
1368 2757 1690 2810 sustulisset.
1746 2752 1809 2807 Et
1866 2751 1958 2806 ille
2009 2751 2225 2817 quidem

638 2856 851 2905 Iunctus
882 2860 964 2904 est
1002 2850 1117 2916 lege
1148 2858 1355 2901 natum
1390 2863 1401 2898 :
1438 2859 1536 2899 nos
1572 2859 1701 2899 vero
1727 2844 1904 2897 socios
1931 2840 2097 2897 animi
2143 2842 2224 2895 sui

642 2944 911 3012 \Cn‘ll‘inIC
934 2940 1121 3010 judicii
1157 2950 1305 2993 tanto
1335 2937 1519 2992 dolore
1552 2936 1817 3003 confudit,
1851 2943 1909 2989 nt
1932 2935 2023 2990 otii
2053 2950 2227 2991 ri-me-

637 3034 781 3085 ilium
814 3034 1165 3102 pustulettttts.
1198 3029 1346 3085 Silet)
1370 3038 1562 3081 tacti-ra
1604 3042 1725 3097 qua!
1771 3040 1856 3081 me
1891 3040 2000 3079 tton
2044 3026 2226 3080 sitiunt

641 3125 1007 3193 pimfecturam
1045 3123 1184 3177 ferre
1228 3121 1509 3191 patienter.
1542 3118 1637 3175 Vel
1672 3118 1784 3173 haec
1815 3133 1917 3172 una
1957 3118 2225 3172 consortis

638 3216 1015 3285 :nuissiojusta
1045 3223 1129 3268 ρει.
1152 3214 1213 3266 :id
1240 3212 1627 3281 impetrandam
1650 3212 2005 3266 vacationem.
2034 3209 2229 3265 Ament
2255 3192 2299 3252 ο

638 3306 725 3360 alii
771 3314 1055 3374 perpetuas
1086 3312 1381 3372 potc~lllcs
1412 3320 1425 3354 :
1465 3302 1593 3357 mitti
1634 3314 1882 3356 summus
1908 3309 1991 3354 est
2026 3301 2228 3354 lructus

639 3398 908 3451 felicitatis
929 3436 944 3460 ,
978 3407 1035 3449 ut
1075 3411 1257 3449 coram
1302 3402 1536 3449 vestrum
1566 3407 1764 3449 numen
1785 3392 2103 3457 advenerer,
2150 3392 2228 3445 itt-

641 3498 795 3541 toear
826 3486 1169 3557 benignitatis
1193 3493 1384 3539 vestra:
1403 3484 1605 3542 sidera.
1634 3481 1746 3539 lloe
1766 3497 1954 3548 unum,
1981 3496 2091 3551 prae
2114 3495 2230 3537 om-

640 3581 959 3647 nibus,quae
994 3576 1315 3648 prmStttislis
1342 3584 1559 3648 exopto.
1610 3575 1847 3645 Simplex
1886 3574 2072 3643 petitio
2113 3582 2226 3635 est.

638 3688 739 3729 nec
764 3674 902 3725 viam
931 3668 1250 3739 capessendi
1276 3668 1495 3725 ltottoris
1516 3665 1752 3723 alfectat.
1773 3665 1919 3720 Satis
1944 3666 2089 3721 enim
2120 3664 2230 3717 cla-

640 3767 767 3830 ruit,
798 3764 928 3820 nihil
959 3763 1101 3817 aliud
1136 3776 1256 3818 esse
1282 3760 1424 3831 quod
1453 3759 1693 3830 cupiam,
1740 3772 1861 3813 cutu
1889 3755 2111 3826 supplex
2143 3770 2227 3812 re-

636 3860 859 3930 fugerim
883 3856 1272 3926 magistratum.

1203 3940 1420 3998 EI’IST.
1463 3938 1655 3997 XXXI.

734 4055 787 4094 ιι.
825 4049 1215 4093 νιιεκτιιιιιιω
1243 4048 1290 4089 3.
1317 4048 1441 4087 AUC.
1470 4044 1778 4087 SYIIMACIIUS
1806 4044 1975 4085 PIEF.
2006 4044 2126 4084 ('80.

710 4131 859 4187 Licet
899 4130 1133 4185 arbitrer
1181 4140 1330 4181 meas
1377 4126 1583 4184 litteras
1625 4124 1829 4180 nuntiis
1871 4134 1963 4178 aut
2013 4138 2229 4178 rumore

640 4232 942 4294 przeventas
976 4237 991 4274 :
1033 4218 1162 4287 quid
1209 4220 1353 4272 enim
1382 4216 1521 4271 fama
1562 4224 1739 4284 potest
1778 4228 1901 4269 esse
1947 4215 2225 4278 velocius,

641 4317 683 4370 ι)
740 4312 1066 4384 imperator?
1109 4324 1209 4380 ego
1247 4320 1423 4364 tamen
1468 4306 1629 4361 oftlcii
1670 4306 1866 4376 publici
1904 4306 2229 4360 necessitate

637 4416 862 4478 cogente
904 4417 1183 4461 excessum
1214 4402 1314 4456 viri
1364 4399 1585 4455 illustris
1614 4398 1787 4455 crudo
1826 4397 2002 4453 adhuc
2040 4398 2227 4453 dolore

639 4517 744 4557 non
780 4500 937 4555 sileo.
977 4494 1209 4551 Vettium
1257 4493 1640 4549 Pmtextatum
1692 4490 1963 4548 veteribus
2004 4506 2222 4561 parem,

2333 1926 2420 1991 lis,
2445 1924 2562 1983 sine
2601 1934 2809 1982 terrore
2837 1924 3183 1981 reverendus.
3208 1921 3305 1979 Cui
3332 1923 3377 1979 si
3406 1923 3546 1994 quod
3575 1920 3920 1978 commodum

2329 2019 2687 2077 succes-ionis
2715 2018 2913 2089 evenit,
2947 2018 3012 2072 ad
3040 2026 3324 2073 testatores
3351 2016 3626 2085 proximos
3662 2031 3784 2069 mox
3831 2029 3921 2070 re-

2337 2109 2522 2165 vertit.
2553 2107 2653 2175 Qui
2682 2109 2845 2163 nullis
2875 2107 3147 2176 prosperis
3177 2108 3374 2162 tractus
3416 2115 3497 2162 est
3517 2112 3549 2172 ,'
3576 2106 3772 2159 nullius
3801 2106 3922 2159 risit

2331 2200 2581 2266 adversa,
2611 2199 2876 2255 indi-eorm
2908 2199 3119 2255 nescius
3142 2200 3401 2269 largitatis
3426 2216 3439 2251 :
3474 2198 3565 2253 ille
3593 2214 3749 2269 quem
3774 2215 3916 2252 srm-

2334 2306 2428 2361 per
2444 2292 2665 2347 invitum
2679 2301 2894 2347 secutus
2907 2302 2987 2345 est
3003 2291 3190 2353 ltonor,
3211 2290 3363 2360 cujus
3375 2306 3493 2360 :equ
3504 2290 3612 2344 tati
3630 2290 3920 2345 conterrui-

2333 2399 2433 2438 nus
2458 2385 2682 2453 quisque
2704 2383 2900 2438 limites
2924 2395 3050 2437 suos
3079 2382 3327 2437 credidit.
3348 2382 3501 2436 Piu-a
3524 2381 3589 2435 de
3610 2395 3678 2435 eo
3701 2380 3914 2443 vellent,

2334 2477 2484 2545 plura
2507 2476 2575 2533 de
2598 2491 2665 2531 eo
2686 2476 2939 2531 deberem
2963 2474 3057 2530 sed
3079 2474 3381 2531 clementiae
3402 2484 3546 2528 vestr
3562 2489 3591 2523 is
3617 2471 3921 2527 nationum:

2332 2578 2519 2622 runt-ta
2540 2568 2801 2623 servanda
2825 2578 2967 2622 sunt.
3004 2566 3266 2622 lllustrior
3289 2567 3434 2623 enim
3465 2565 3580 2619 laus
3595 2574 3699 2627 est,
3720 2564 3789 2620 de
3811 2579 3921 2618 ro:-

2332 2662 2449 2717 le.-ti
2470 2662 2703 2729 protecta
2724 2660 2948 2729 judicio.
2976 2658 3119 2730 Ergo
3146 2668 3201 2713 ut
3222 2659 3504 2729 probitatis
3527 2658 3757 2725 patroni,
3780 2657 3917 2711 bona

2334 2762 2635 2821 temporum
2660 2761 2960 2806 vestrorum
3004 2749 3197 2805 fu'uris
3224 2765 3438 2819 quoque
3476 2749 3693 2804 visenda
3724 2764 3857 2819 prop
3882 2773 3921 2793 ι-

2333 2846 2461 2900 uite.
2492 2845 2652 2901 Certe
2680 2844 2773 2901 ille
2800 2854 2881 2899 est
2913 2843 3291 2904 Prstextatus,
3322 2858 3481 2912 quem
3506 2843 3628 2910 jure
3643 2842 3916 2895 consulem

2330 2935 2611 3004 fecer-stis,
2645 2947 2702 2990 ut
2732 2936 2848 2990 fasti
2880 2950 3145 2991 metueres
3172 2934 3388 2990 celebre
3431 2950 3623 2991 nomen
3659 2933 3919 2989 extettde-

2330 3038 2471 3084 rent.
2498 3027 2630 3084 Aliis
2652 3028 2835 3093 utiles,
2861 3027 3037 3083 fatalia
3058 3026 3252 3082 damna
3279 3036 3544 3094 reparate.
3562 3025 3773 3082 Abierit
3794 3042 3918 3081 runt

2332 3121 2547 3176 homine
2580 3122 2856 3187 praemium
2877 3160 2895 3188 ,
2928 3119 3023 3175 sed
3050 3118 3310 3188 judicium
3345 3131 3459 3187 post
3494 3120 3762 3174 hominem
3799 3134 3917 3188 per-

2331 3220 2569 3267 severet.
2601 3210 2832 3266 Prolzate
2866 3211 3082 3267 casibus
3109 3212 3365 3267 adversus
3402 3210 3629 3281 gloriam
3671 3212 3804 3266 nihil
3869 3213 3916 3267 i-

2329 3320 2474 3359 cere.
2503 3304 2632 3358 Nam
2656 3302 2796 3374 quod
2826 3305 3024 3359 meruit
3048 3320 3078 3359 a
3102 3304 3309 3360 civibus
3339 3304 3609 3371 singulare
3632 3314 3718 3362 est
3750 3322 3765 3359 :
3794 3307 3918 3361 il'nd

2330 3396 2513 3450 multis
2541 3411 2827 3451 commune
2852 3394 2995 3465 quod
3027 3394 3278 3465 perdidit.

2870 3486 3089 3544 EPIST.
3128 3486 3374 3543 XXXIII.

2403 3598 2451 3634 Ι).
2486 3594 2779 3635 τκεοεοειο
2805 3595 3009 3635 BBIPEI
3039 3595 3161 3635 AUC.
3186 3593 3496 3636 δγιηιλοιιυε
3522 3594 3694 3635 PIEF.
3726 3596 3846 3635 ιλιι.

2403 3673 2459 3727 Si
2487 3672 2683 3728 divine
2711 3672 3011 3728 clementiae
3040 3682 3145 3726 ture
3176 3671 3367 3726 merita
3396 3673 3721 3743 cogitantur,
3758 3673 3918 3725 nullm

2330 3778 2483 3834 opes,
2512 3777 2647 3835 quas
2666 3773 2760 3817 aut
2780 3774 2967 3817 natura
2992 3762 3210 3829 sufﬁcit,
3233 3773 3329 3817 aut
3353 3765 3564 3817 fortuna
3585 3762 3912 3830 circumfert,

2330 3855 2557 3925 gratiam
2590 3857 2756 3911 nostri
2788 3870 2914 3924 erga
2945 3865 2995 3909 te
3025 3855 3224 3910 amoris
3244 3855 3557 3924 :rqttabuut,
3590 3856 3655 3911 D.
3688 3858 3920 3927 impera-

2332 3956 2437 4002 tor.
2463 3946 2592 4011 Sed,
2624 3955 2681 4000 ttt
2708 3962 2823 4002 mea
2852 3945 2954 4001 fert
2980 3945 3185 4016 Opinio,
3207 3946 3477 4015 publicum
3503 3946 3571 4001 de
3591 3947 3794 4016 optimo
3818 3947 3923 4001 im-

2332 4049 2581 4107 peratore
2604 4036 2864 4107 judicium
2896 4053 3001 4091 non
3038 4046 3121 4092 est
3148 4036 3457 4091 muneribus
3494 4036 3867 4091 testimnndum
3898 4051 3917 4090 :

2330 4139 2548 4185 senatus
2578 4139 2755 4184 tamen
2789 4139 3066 4197 promptus
3104 4127 3357 4196 obsequi,
3399 4142 3587 4183 omnes
3615 4127 3919 4184 ciliciorum

2332 4230 2512 4290 partes
2541 4219 2683 4275 ultro
2711 4220 2920 4289 arripit,
2953 4220 3149 4288 quibus
3180 4218 3444 4272 indicatur
3471 4216 3721 4283 affectio,
3749 4228 3805 4272 ct
3830 4231 3918 4273 sa-

2329 4314 2499 4369 lutare
2528 4327 2723 4367 numen
2749 4320 2899 4368 tuum
2924 4321 3191 4381 precatur.
3220 4320 3279 4365 ut
3300 4312 3351 4365 in
3371 4310 3772 4376 bacciblatione,
3795 4327 3918 4381 quae

2329 4405 2572 4461 nonnihil
2632 4403 3001 4471 superioribus
3041 4404 3285 4466 addidit,
3332 4402 3603 4473 intelligas
3653 4403 3754 4457 ltoc
3792 4418 3917 4458 esse

2328 4507 2574 4551 curatum
2602 4511 2670 4551 ne
2693 4496 2791 4549 sub
2817 4506 2868 4550 te
2895 4498 3072 4550 minus
3099 4509 3260 4565 posse
3284 4494 3581 4550 videamur.
3622 4494 3752 4549 Nam
3780 4494 3919 4551 divis

639 4596 897 4647 virtutum
926 4590 1163 4644 omnium
1196 4590 1297 4642 fata
1332 4595 1645 4657 rapuerunt.
1676 4598 1889 4639 summo
1915 4584 2099 4651 patria:
2125 4598 2224 4654 ge-
2252 4559 2307 4620 D
2332 4589 2641 4657 parentibus
2664 4589 2791 4651 tuis,
2819 4587 2889 4641 ob
2915 4586 3234 4641 decennium
3258 4585 3483 4656 singulis
3507 4587 3682 4640 minor
3708 4601 3916 4640 summa

641 4688 803 4746 snitu,
830 4682 916 4739 citi
946 4680 1109 4735 decus
1139 4677 1343 4745 insigne
1377 4677 1683 4747 pra-s'abat.
1713 4673 1879 4744 Cujus
1910 4689 2009 4742 ego
2042 4674 2225 4728 laudes

641 4787 693 4831 it
742 4776 885 4846 justa
941 4772 1207 4844 put-conia
1248 4769 1416 4823 animi
1456 4768 1887 4823 consternatione
1933 4774 2221 4834 prmtereo.

642 4869 821 4938 Neque
864 4867 1009 4921 enim
1050 4865 1200 4918 locus
1244 4872 1327 4917 est
1364 4864 1679 4929 cujusquam
1714 4860 2060 4925 testimonio,
2097 4874 2224 4913 cum

643 4962 759 5016 rice
788 4958 906 5028 ejus
946 4956 1171 5027 gloriam
1212 4953 1515 5009 clementia:
1560 4964 1749 5007 vestra:
1786 4954 1981 5022 judicia
2025 4961 2226 5008 testen-

645 5062 744 5115 tur,
770 5060 996 5105 mortem
1021 5045 1175 5103 celeb
1205 5062 1287 5099 ent
1310 5045 1463 5099 dolor
1489 5043 1727 5099 omnium
1753 5042 1960 5099 fecerit.

1189 5159 1406 5215 El’IST.
1450 5156 1663 5214 XXXII.

642 5277 728 5317 ID.
779 5268 1071 5313 TBEODOSIO
1108 5270 1175 5308 Ετ
1216 5267 1440 5307 ARCADIO
1479 5266 1682 5307 SEIPER
1735 5267 1857 5307 Αυϐ.
1910 5265 2218 5307 ηιιιιιειωε

1262 5339 1431 5378 ΡΠΖΡ.
1474 5338 1590 5377 una.

706 5414 852 5471 Licet
875 5414 1079 5470 Vettius
1104 5414 1452 5468 Praetextatus
1474 5422 1680 5468 natura:
1703 5413 1819 5482 lege
1839 5416 2103 5469 resolutus
2125 5414 2219 5480 sit,

636 5508 764 5561 vivit
792 5518 967 5561 tamen
998 5508 1051 5560 in
1083 5507 1338 5562 memoria
1371 5516 1426 5560 et
1453 5520 1637 5559 amore
1663 5515 1977 5559 cunctorum
2012 5522 2025 5559 :
2055 5515 2218 5575 atque

638 5602 739 5655 lini:
790 5619 895 5654 uno
936 5600 1081 5668 punit
1114 5599 1400 5664 invidiam,
1434 5600 1573 5667 quod
1620 5609 1822 5653 tantum
1868 5615 1913 5652 et
1955 5615 2100 5654 mors
2146 5598 2214 5653 ad

634 5694 854 5762 gloriam
877 5692 1126 5755 contulit,
1152 5699 1209 5743 ut
1234 5690 1357 5745 huic
1378 5706 1591 5759 quoque
1608 5690 1837 5744 fortunae
1864 5691 1998 5743 livor
2020 5690 2213 5746 debeat

635 5784 894 5851 invidere,
926 5784 1035 5839 DD.
1068 5784 1439 5854 imperatores.
1468 5783 1596 5837 Nam
1632 5791 1826 5852 praeter
1858 5784 2003 5837 illum
2030 5783 2212 5852 populi

2330 4685 2545 4737 decreta
2571 4690 2655 4735 est
2696 4680 2867 4734 Etiam
2891 4680 3047 4735 divus
3070 4679 3231 4734 frater
3253 4678 3681 4733 mansuetudinis
3697 4689 3912 4744 vestrm,

2329 4787 2450 4827 cum
2469 4774 2687 4825 tertium
2708 4771 2935 4825 lustrum
2959 4772 3059 4826 navi
3081 4769 3377 4838 imperialis
3395 4769 3653 4838 exigeret,
3674 4769 3917 4837 parciore

2329 4862 2691 4918 muniﬁcentia
2726 4862 3020 4916 honoratus
3050 4861 3329 4916 asseritur.
3373 4858 3525 4914 Nunc
3571 4858 3625 4914 in
3674 4874 3913 4913 amorem

2333 4964 2477 5008 tuum
2506 4953 2679 5007 studia
2731 4964 2911 5006 nostra
2941 4959 3250 5008 creverunt.
3282 4949 3413 5005 Nam
3453 4950 3603 5004 mille
3631 4959 3917 5005 sescentas

2332 5047 2447 5099 auri
2504 5046 2669 5100 IIIII‘JS
2696 5043 3081 5099 deccunalibus
3115 5042 3325 5113 imperii
3376 5042 3453 5096 tui
3494 5042 3645 5096 fastis
3688 5042 3913 5096 devotus

2333 5139 2467 5191 ordo
2513 5139 2789 5206 promisit,
2838 5138 3052 5189 urbanis
3078 5135 3402 5205 ponderibus
3436 5133 3817 5202 conferendas,
3860 5135 3911 5187 id

2332 5241 2433 5295 est,
2479 5232 2693 5284 trutinae
2727 5230 2969 5299 largioris
2998 5230 3266 5283 examine.
3290 5227 3442 5293 Quod
3474 5226 3518 5280 si
3550 5240 3705 5295 pares
3733 5227 3912 5279 animo

2332 5321 2472 5377 vires
2502 5336 2596 5376 seu
2616 5334 2717 5375 itus
2746 5320 3045 5383 habuisset,
3079 5321 3247 5373 scires
3280 5322 3330 5371 in
3361 5317 3574 5386 publii-o
3601 5332 3784 5372 amore
3813 5331 3909 5387 pe-

2335 5415 2610 5469 rennitatis
2654 5426 2758 5468 tum
2784 5428 2903 5468 esse
2955 5412 3186 5466 divitias.
3244 5410 3347 5466 Sed
3393 5410 3580 5464 maluit
3612 5410 3911 5467 clementia:

2334 5516 2440 5560 tua:
2455 5506 2737 5559 solutionis
2762 5505 2865 5560 [ide
2890 5504 3115 5573 plan-ere,
3138 5516 3297 5571 quam
3314 5500 3677 5571 magnitudine
3695 5499 3907 5566 perfida:

2324 5598 2651 5664 sponsionis.
2704 5599 2901 5652 lletiinc
2943 5595 3043 5649 sub
3089 5594 3414 5665 imperati-re
3453 5596 3708 5660 primaevo
3745 5608 3908 5647 sanus

2325 5690 2564 5745 tttttttcris
2597 5688 2787 5742 ιιιηιίυε
2809 5728 2823 5750 ,
2858 5695 3039 5739 votum
3080 5695 3161 5739 est
3197 5699 3341 5753 εαιιιθ
3382 5683 3630 5738 faciendi.
3663 5683 3814 5738 Absit
3853 5692 3912 5737 ut

2326 5785 2465 5837 bono
2482 5781 2703 5851 principi
2731 5781 2848 5850 plus
2865 5795 3024 5849 quam
3044 5793 3326 5848 possumus
3350 5777 3674 5849 ingeramus.
3700 5775 3872 5830 Aman
3903 5806 3909 5813 ι
