4300 6478
622 380 716 439 371

1799 375 1859 437 ρ,
1908 363 2187 422 Αυιιιξιλι
2213 358 2250 414 s
2292 357 2729 419 svstuitznus.

3778 351 3895 406 372

624 496 693 553 Ει
730 494 853 552 ideo
894 509 994 552 oro
1038 508 1328 565 qztzsoque
1374 492 1725 562 perennitatis
1770 502 1959 542 vestra:
2001 482 2216 538 salubre
2244 488 2292 538 Δ
2322 499 2437 538 nes.
2468 483 2617 539 Tunc
2638 484 2902 540 edivcrso
2937 501 3155 544 \‘0lllctt3
3184 503 3245 543 es
3274 488 3562 547 Placidiatii
3596 490 3657 547 C.
3701 492 3761 545 ι’.
3795 505 3902 548 tio-

625 590 958 661 prasidinm,
986 600 1038 645 ut
1067 588 1273 658 judices
1305 588 1606 647 Africanos,
1638 595 1690 635 et
1720 602 1749 635 ιι
1776 582 2005 636 narium.
2030 578 2111 631 cui
2142 590 2215 629 re-

628 685 852 741 ternitas
895 692 1069 737 vestra
1109 680 1381 737 mandavit
1423 675 1806 732 fruinentaiios
1848 680 2218 732 COIlllItcaluS,

628 775 899 834 severiora
946 772 1141 842 scripta
1182 772 1553 833 dissimulent,
1597 767 1779 819 missis
1820 765 1871 816 iu
1919 763 2023 815 hoc
2057 773 2219 825 nego.

629 870 762 924 tium
792 868 1046 929 strenuis,
1073 868 1165 933 qui
1212 877 1377 918 onera
1422 870 1711 920 consueta,
1750 856 1878 909 dom
1926 849 2224 905 tractabilis

632 957 903 1029 navigatio
918 968 1025 1020 est,
1050 956 1214 1010 victui
1245 953 1403 1011 Urbis
1427 952 1738 1007 exhibeant.
1769 947 1893 1000 “me
1913 944 2111 997 saaculo
2134 956 2227 993 ve-

631 1061 776 1116 stro,
811 1051 910 1103 hoc
938 1049 1228 1104 virtutibus
1256 1046 1453 1101 divinis
1482 1045 1696 1112 dignum
1727 1049 1832 1105 est,
1865 1048 1921 1089 nt
1966 1036 2225 1088 securita-

633 1151 740 1198 tem
771 1140 993 1195 Romani
1021 1139 1206 1209 populi
1243 1136 1384 1191 inter
1420 1135 1686 1201 priet-ipim
1712 1139 1765 1183 et
1797 1129 1969 1196 prima
2002 1126 2223 1178 curetis.

634 1236 873 1291 Aderant
899 1231 1097 1301 optatis
1122 1231 1370 1285 cursibus
1413 1228 1567 1295 plena
1600 1225 1836 1293 navigia,
1864 1231 1923 1275 et
1957 1220 2230 1271 Romanus

635 1338 821 1399 portus
852 1326 1108 1393 frequens
1145 1334 1304 1393 atque
1336 1330 1527 1376 onusta
1555 1320 1745 1371 classis
1790 1314 1965 1368 iutiab
1988 1320 2028 1380 ι,
2062 1314 2106 1365 si
2139 1323 2227 1363 as-

639 1418 931 1489 piraverint
964 1414 1203 1472 numinis
1230 1416 1398 1469 veStri
1422 1410 1655 1466 secunda
1684 1406 1957 1476 suilra-o-ia.

1184 1505 1398 1561 EPIST.
1444 1502 1686 1558 XXXIX.

711 1620 761 1658 lt.
790 1615 1083 1657 TIIEHDOSIO
1109 1613 1314 1653 ςειιιιει
1342 1612 1460 1650 AUC.
1486 1606 1805 1649 SVIIACIIUS
1833 1606 1998 1644 ιιιιιιε.
2037 1602 2160 1640 liltB.

713 1693 959 1750 Difﬁcilis
986 1702 1071 1746 est
1097 1692 1279 1746 exitus
1307 1697 1552 1743 veterum
1583 1686 1905 1753 jurgiorum.
1940 1682 2044 1733 Res
2088 1694 2232 1731 enim

643 1787 824 1844 multis
862 1785 1057 1855 agitata
1098 1782 1345 1853 judiriis,
1369 1789 1425 1835 et
1452 1779 1724 1834 actionum
1754 1775 2036 1835 varieta'e,
2067 1781 2121 1826 et
2144 1785 2237 1826 ω·

2321 575 2486 643 mitte,
2516 576 2607 646 qui
2651 587 2804 645 pater
2833 576 3028 634 οειυιιω
3072 582 3167 631 fuit
3209 581 3615 637 ininiodiiartttn
3656 584 3902 640 donatio-

2322 685 2447 723 nutn
2480 685 2639 724 causa
2677 687 2798 724 tnatt
2820 686 2923 723 isse
2956 674 3253 738 respondit.
3286 674 3730 743 Supplementttin
3771 692 3907 731 vero

2323 760 2600 816 unciarum
2640 760 2708 817 ab
2737 763 2951 818 luerede
2991 762 3269 830 l‘tacidim,
3313 770 3398 819 cui
3440 780 3597 821 soror
3647 768 3904 823 Martiana

2323 854 2603 918 successit,
2645 853 2874 907 asseruit
2920 854 3197 921 postulari.
3238 854 3360 911 "me
3388 856 3728 909 adversarius
3757 869 3908 912 eate-

2327 964 2425 1002 nus
2452 946 2747 1008 refellebat.
2777 954 2835 1001 ut
2861 946 3061 1001 diceret
3081 947 3143 1000 C.
3171 948 3231 1002 Ρ.
3258 948 3527 1018 juniorem
3562 949 3905 1013 Marcianam,

2330 1057 2433 1096 non
2460 1040 2746 1095 Placidiaui
2772 1050 2973 1094 tantum
2998 1041 3161 1111 patris
3181 1043 3602 1105 successiooem,
3628 1044 3722 1097 sed
3745 1045 3908 1099 etiam

2331 1134 2577 1191 Placidia!
2599 1147 2867 1203 germana:
2896 1148 3007 1189 sine
3033 1151 3130 1202 pro
3149 1135 3311 1190 certis
3342 1135 3514 1189 unciis
3540 1145 3908 1200 consecutam,

2332 1242 2431 1282 nec
2462 1234 2641 1280 tamen
2674 1226 2835 1282 ullam
2866 1226 3119 1281 Placidia:
3151 1226 3477 1281 mentionem
3508 1240 3726 1295 precum
3769 1226 3913 1281 serie

2334 1320 2617 1375 contineri.
2654 1318 2759 1374 Sed
2789 1333 2909 1374 cum
2943 1319 3193 1388 allegatio
3222 1319 3452 1374 diversa:
3496 1320 3668 1387 partis
3701 1329 3914 1374 astrue-

2336 1423 2438 1477 ret,
2481 1426 2597 1467 rem
2626 1425 2685 1466 se
2715 1411 3002 1467 obnoxiam
3036 1410 3280 1481 persequi
3312 1411 3605 1481 designatis
3631 1412 3796 1467 titulis
3819 1425 3915 1466 ac-

2339 1508 2565 1565 tionum,
2612 1512 2666 1558 et
2696 1503 2770 1570 id,
2798 1502 2940 1572 quod
2971 1505 3024 1557 in
3054 1505 3199 1560 litem
3228 1503 3394 1569 venit,
3450 1518 3545 1572 pro
3586 1512 3732 1558 certa
3766 1517 3861 1571 par
3885 1516 3919 1558 ο

2342 1596 2656 1651 Martianunt
2691 1592 2753 1649 C.
2787 1592 2846 1647 Ε.
2890 1594 3165 1664 Μίδεω
3190 1613 3203 1647 :
3228 1593 3345 1663 ejus
3385 1608 3580 1648 nomen
3611 1608 3730 1648 cum
3770 1591 3919 1649 de-i-

2338 1689 2590 1758 gnatione
2613 1703 2895 1742 causarum
2918 1688 3135 1744 doceret
3168 1688 3414 1757 precibus
3439 1688 3911 1757 comprehensum,

2343 1782 2491 1834 stetit
2518 1780 2703 1849 iudicii
2742 1780 2847 1835 mei
2878 1780 3194 1836 deliberatio
3256 1780 3359 1835 hoc
3386 1789 3686 1847 asserente,
3736 1794 3921 1849 perito.

644 1845 1014 1950 poscentium
1049 1845 1219 1939 motu,
1248 1883 1304 1930 et
1328 1886 1681 1942 personarum
1708 1868 2091 1924 mutationibus
2132 1866 2202 1919 im
2270 1845 2312 1904 Β
2344 1889 2467 1928 nam
2504 1845 2752 1927 [itacidize
2786 1872 3161 1940 supplicationi
3206 1872 3364 1943 adjici
3390 1872 3640 1928 debuisse
3711 1845 3800 1927 illo
3826 1886 3924 1929 ne-

648 1971 895 2037 plicatur,
923 1969 983 2021 ὓ.
1009 1967 1320 2033 imperatur.
1355 1963 1421 2020 Ut
1447 1963 1574 2018 mibi
1600 1976 1741 2016 nunc
1768 1964 1917 2015 venit
1942 1974 2092 2022 usus,
2115 1973 2239 2010 eum

650 2062 787 2114 inter
807 2057 1165 2112 Gaudentium
1188 2068 1494 2108 curatorem
1527 2055 1804 2108 Martiano:
1829 2054 2142 2105 elar.ssiin-.n
2171 2052 2241 2100 ie-

650 2151 844 2213 ltlillﬂ‘,
878 2152 1113 2218 itemque
1151 2147 1424 2201 Liberium
1458 2157 1861 2215 procuratorem
1901 2144 2080 2197 amitte
2123 2140 2241 2206 eiu.-

648 2244 837 2299 eodem
873 2243 1110 2304 nntniue,
1151 2242 1278 2296 dum
1322 2243 1548 2302 viveret,
1594 2250 1933 2305 nuneupatte,
1977 2249 2243 2288 annosum

651 2336 921 2391 luctamen
960 2334 1228 2389 audirem.
1274 2334 1405 2388 Nam
1441 2334 1493 2387 in
1526 2331 1647 2400 ipso
1676 2334 1860 2384 limine
1888 2328 2202 2399 qi-tcstiouis
2226 2366 2241 2388 ,

650 2442 772 2482 euut
816 2425 1145 2495 procuratio,
1184 2441 1343 2494 quam
1390 2424 1451 2478 ϐ.
1488 2424 1550 2479 F.
1581 2438 1678 2479 Sen
1702 2438 1763 2476 ον
1795 2421 2051 2475 Mariana
2097 2436 2243 2471 nian-

651 2520 893 2583 daverat,
930 2515 1160 2572 invalida
1187 2515 1490 2578 diceretur,
1522 2513 1665 2583 quod
1702 2523 1828 2566 ante
1856 2512 2067 2565 cuidam
2102 2509 2246 2575 priu—

652 2608 760 2678 cipi
788 2618 933 2663 esset
965 2606 1199 2677 injuncta
1219 2646 1234 2669 ,
1270 2606 1359 2659 tibi
1389 2603 1599 2659 refusas
1628 2602 1681 2657 iu
1714 2603 1986 2655 dominatu
2032 2615 2248 2666 compe-

658 2702 825 2755 rimus
849 2699 1112 2763 actiones,
1143 2707 1304 2765 atque
1326 2697 1463 2751 actis
1493 2699 1760 2766 praetoriis
1784 2693 1835 2748 in
1866 2693 2132 2746 Liberium
2158 2690 2249 2743 de-

657 2807 764 2844 nuo
783 2790 904 2860 jura
929 2788 1181 2843 translati
1205 2805 1220 2851 ;
1243 2787 1450 2857 objecta
1476 2801 1645 2843 easne
1670 2784 2064 2855 procurationis
2087 2798 2249 2851 agno-

657 2883 870 2935 vimus:
902 2887 1029 2934 tunc
1056 2876 1300 2933 defensio
1344 2876 1513 2947 partis
1560 2873 1803 2931 adversae
1850 2872 2063 2942 negavit
2105 2882 2253 2924 stare

660 2985 970 3042 peisonam,
996 2969 1151 3039 cujus
1177 2970 1611 3040 procurationem
1641 2965 1942 3036 superioris
1966 2973 2120 3033 gesta
2156 2962 2247 3032 ju-

660 3062 789 3125 dicii
824 3076 931 3119 non
965 3068 1232 3119 tenerent.
1270 3058 1474 3114 Contra
1499 3057 1619 3113 tunc
1647 3066 1893 3112 exactam
1922 3054 2071 3124 prius
2101 3068 2252 3107 inan-

676 3159 791 3207 dari
825 3152 1219 3216 recitationem,
1252 3163 1302 3205 et
1335 3153 1473 3205 inter
1504 3159 1682 3217 partes
1713 3150 1966 3201 tributum
1995 3159 2251 3216 procura-

680 3243 787 3298 ιοιί
817 3242 1139 3299 beneﬁcium
1172 3209 1528 3310 t'i-parationis
1559 3241 1806 3294 aiebant:
1830 3238 1953 3291 liuie
1982 3209 2113 3306 parti
2142 3240 2229 3291 Ion
2278 3209 2327 3274 Ο

674 3334 825 3404 gius,
860 3347 1019 3400 quam
1057 3331 1331 3400 oportuit,
1372 3340 1652 3385 immorata
1693 3330 1967 3385 contentio
2007 3340 2110 3382 est.
2152 3330 2257 3384 Sed

675 3435 798 3498 quia
842 3430 987 3497 prior
1030 3428 1309 3495 cognitor,
1361 3434 1419 3479 ut
1453 3426 1595 3495 justo
1642 3423 1912 3478 deieusori
1956 3424 2262 3478 restituerat

677 3534 982 3587 temporum
1012 3532 1233 3573 cursum
1256 3560 1269 3583 ,
1292 3516 1384 3587 qui
1417 3532 1511 3586 per
1547 3526 1760 3572 actores
1788 3531 1894 3570 non
1925 3524 2133 3584 poterat
2160 3517 2253 3571 ἱιιιο

677 3613 906 3680 petrari,
954 3622 1011 3669 et
1056 3614 1364 3681 procuratio
1418 3611 1693 3680 legebatur
1745 3610 1992 3678 pra-toris
2046 3610 2258 3680 alligata

676 3707 912 3775 judicio:
941 3706 1055 3763 haec
1082 3722 1293 3777 quoque
1320 3706 1656 3776 praescriptio
1675 3706 2002 3775 conquievit.
2036 3705 2259 3762 Succes-

674 3800 747 3854 sit
773 3798 939 3866 aliud,
971 3808 1027 3852 tit
1052 3798 1201 3854 obitu
1234 3799 1505 3854 Martianae
1524 3797 1586 3852 Ο.
1618 3796 1677 3852 l".
1710 3799 2018 3852 mandatum
2043 3800 2256 3853 dicere-

678 3902 764 3944 tur
790 3891 1133 3945 exstinctum.
1160 3889 1265 3945 Sed
1324 3901 1535 3949 centra,
1563 3890 1883 3942 venerabilis
1910 3889 2105 3943 Juliani
2138 3906 2261 3943 san-

678 3984 787 4037 ctio
815 3994 959 4038 stare
987 3992 1399 4051 ptocuratorum
1424 3985 1583 4050 jussit
1613 3980 1786 4037 cilicia
1808 4024 1823 4047 ,
1855 3997 2136 4038 causarum
2163 3987 2257 4037 do-

676 4072 835 4127 minis
862 4073 1166 4129 viventibus
1183 4073 1450 4129 incltoata.
1475 4072 1615 4144 Ergo
1636 4088 1758 4128 cum
1783 4084 1840 4128 et
1862 4073 2257 4141 reparationem

674 4168 967 4238 superstite
993 4166 1277 4232 Martiana,
1305 4176 1362 4222 et
1382 4168 1793 4223 conventionem
1823 4166 1988 4236 partis
2015 4167 2258 4219 adversas

678 4273 840 4327 super
855 4259 1182 4314 :rstimandis
1207 4259 1359 4313 bonis
1378 4258 1615 4312 Liberius
1637 4257 1993 4326 impetrasset,
2018 4269 2253 4324 pronun-

684 4348 943 4404 tiavimus
988 4364 1092 4402 non
1137 4347 1360 4415 periisse
1403 4349 1731 4402 atandatum.
1790 4346 1995 4401 Dehinc
2031 4347 2258 4418 petituro

684 4450 1032 4510 properante,
1062 4451 1122 4497 ut
1148 4457 1212 4496 ex
1247 4445 1628 4498 constitutione
1658 4444 1891 4496 numinis
1917 4443 2107 4507 vestri.
2136 4459 2254 4500 ser-

688 4536 848 4589 vandi
885 4535 1048 4589 drbiti
1080 4549 1237 4589 causa
1275 4536 1330 4590 in
1368 4545 1608 4590 materna
1648 4551 1871 4605 corpora
1910 4538 2212 4593 mitteretur
2235 4579 2252 4605 ,

677 4626 818 4691 quod
864 4625 1177 4680 adversaria
1226 4626 1635 4681 mstiniationcm
1677 4626 1946 4681 bonorum
1990 4637 2253 4683 conventa

678 4717 856 4771 facere
898 4715 1195 4783 noluisset,
1232 4732 1550 4787 responsoin
1585 4727 1669 4775 est
1692 4759 1706 4782 ,
1747 4719 1817 4773 de
1848 4720 2255 4791 supplicationis

680 4808 785 4860 tide
819 4808 965 4875 prius
992 4821 1117 4862 esse
1148 4807 1505 4864 tractandum.
1539 4809 1593 4865 Id
1622 4810 1767 4878 quod
1798 4810 2074 4878 probabile
2101 4810 2252 4867 vide~

676 4902 863 4969 batur,
898 4900 1109 4955 admisi.
1137 4899 1299 4955 Facto
1330 4903 1490 4970 igitur
1520 4902 1667 4954 aditu
1690 4903 1759 4956 de
1784 4901 2030 4970 precibus
2058 4902 2255 4969 dispu-

677 4992 839 5051 tattdi,
866 4990 1117 5045 defensor
1143 4990 1206 5046 ϐ.
1248 4990 1313 5045 F.
1345 4992 1617 5047 Martianae
1646 5002 1836 5048 notare
1872 4993 1975 5047 sibi
2006 4995 2151 5049 visus
2170 5004 2256 5051 est

676 5098 797 5134 uicit
825 5083 1011 5136 aciutu
1056 5083 1445 5150 supplicantis:
1489 5084 1629 5150 quod
1669 5098 1790 5139 cum
1829 5085 2021 5141 Priscae
2065 5086 2252 5142 matris

676 5188 785 5227 sua:
832 5182 1157 5228 testamento
1205 5184 1390 5241 neptes
1433 5175 1552 5245 ejus
1587 5190 1653 5230 ex
1695 5176 2004 5230 Placidiano
2045 5178 2252 5246 genitas

678 5268 1039 5326 lizercditatem
1077 5270 1282 5336 cepisse
1313 5270 1561 5332 dixisset,
1596 5286 1699 5324 non
1740 5286 1929 5327 omnes
1960 5282 2143 5339 neptes
2184 5275 2250 5326 ab

682 5375 729 5412 ει
764 5361 990 5426 scriptas
1018 5359 1272 5426 probaret
1300 5359 1563 5414 bteredes.
1590 5361 1922 5426 Responsum
1948 5375 2055 5429 est,
2080 5363 2147 5419 de
2169 5364 2254 5419 bis

681 5446 920 5505 tantum,
961 5455 1094 5537 quas
1132 5446 1251 5502 avia
1280 5446 1524 5513 bmredes
1562 5456 1826 5530 instituit,
1859 5467 2259 5537 supplicatum,

679 5542 779 5583 nec
808 5545 1038 5599 unquam
1069 5535 1259 5594 laetam
1287 5546 1524 5600 omnium
1553 5556 1911 5622 mentionem,
1931 5535 2046 5615 sed
2078 5535 2261 5617 earum

678 5622 871 5685 quibus
903 5623 1073 5681 fuerat
1104 5631 1279 5687 delata
1305 5642 1599 5699 successio.
1633 5645 1726 5701 His
1751 5648 2018 5707 delectum
2050 5668 2264 5712 curato-

680 5714 756 5766 ris
806 5721 1161 5783 panni-inium
1209 5728 1371 5792 ('(Bpil
1408 5732 1623 5803 exigere
1660 5748 1713 5792 ut.
1759 5744 1954 5810 petitor
2002 5749 2259 5813 edici-ret,

677 5822 741 5860 es
775 5811 968 5876 quibus
998 5831 1031 5868 ιι
1073 5818 1299 5874 minibus
1330 5829 1618 5890 ptopositm
1658 5833 2048 5897 descenderent
2092 5811 2261 5901 actu);

2342 1973 2524 2033 gante,
2562 1972 2682 2033 post
2713 1964 3134 2031 designationem
3166 1966 3241 2017 rei
3279 1973 3335 2019 et
3363 1964 3483 2033 ejus
3511 1979 3774 2029 personat,
3806 1977 3925 2033 qua

2346 2058 2505 2113 hodie
2525 2072 2809 2124 corporum
2837 2058 3173 2124 pos~essiooe
3194 2057 3473 2123 deiruitur,
3496 2058 3781 2127 quidquam
3806 2071 3927 2113 esse

2346 2147 2708 2217 quarendmn.
2746 2148 2989 2203 Accessit
3022 2148 3348 2201 cunctationi
3390 2162 3523 2201 mea:
3551 2162 3715 2202 causa
3759 2146 3927 2202 velte-

2349 2241 2605 2301 inentior;
2637 2240 2776 2307 quod
2802 2240 3021 2309 jubente
3043 2240 3179 2310 lege,
3205 2248 3264 2295 ut
3293 2241 3429 2295 intra
3456 2248 3686 2311 quatuor
3714 2252 3929 2295 menses

2346 2334 2415 2387 ad
2456 2334 2864 2388 :cstimationem
2907 2332 3168 2388 bonorum
3204 2345 3485 2403 possessor
3510 2332 3718 2403 petitori
3750 2340 3930 2389 tenea-

2350 2438 2470 2491 tur;
2508 2442 2646 2481 nunr
2678 2440 2726 2481 ut
2753 2436 2902 2495 gesta
2931 2426 3327 2491 monstrabunt,
3368 2438 3649 2496 angustum
3682 2427 3838 2483 nimis
3862 2443 3930 2483 es

2349 2520 2703 2573 conventione
2744 2530 2952 2586 tempus
2978 2518 3142 2572 fuisse
3168 2520 3342 2574 visum
3369 2528 3453 2575 est
3487 2517 3787 2588 peregrinis
3810 2533 3932 2574 cor-

2352 2613 2569 2683 poribus
2590 2611 2939 2666 testituandis.
2975 2610 3042 2666 Et
3065 2610 3185 2666 ideo
3213 2621 3388 2667 motus
3412 2612 3692 2681 ambiguis,
3716 2613 3933 2667 oraculo

2353 2704 2587 2759 numinis
2615 2705 2779 2757 vestri
2809 2702 3182 2773 disdnguenda
3220 2715 3409 2760 cuncta
3443 2706 3671 2760 servavi.
3722 2704 3850 2759 Nam
3880 2704 3935 2761 in

2353 2798 2514 2852 rebus
2542 2795 2718 2852 dubiis
2748 2811 2849 2850 una
2882 2807 2964 2851 est
2994 2796 3328 2851 salubritatis
3358 2798 3464 2862 via,
3494 2808 3551 2851 ut
3586 2796 3761 2851 divina
3788 2811 3937 2859 qua-

2350 2905 2454 2958 que
2477 2887 2561 2941 vel
2591 2885 2700 2942 Deo
2719 2889 2959 2956 proxima
2983 2888 3348 2943 consolantur.
3372 2888 3686 2955 Conjuncue
3706 2887 3934 2958 paginae,

2351 2978 2696 3045 allegationes
2740 2979 2990 3047 partium,
3037 2989 3093 3034 et
3133 2980 3501 3049 supplementa
3542 2988 3885 3047 sumpserunt
3918 2995 3938 3037 :

2351 3084 2472 3139 qua:
2496 3084 2619 3124 cum
2650 3070 2946 3138 majestatis
2975 3081 3168 3125 vestra:
3195 3071 3399 3140 justitia
3428 3070 3793 3142 perpenderit,
3822 3086 3938 3141 pre-

2352 3177 2468 3226 cor,
2514 3172 2569 3217 ut
2612 3172 2785 3218 metas
2822 3163 3047 3219 curiosa
3090 3164 3168 3220 liti
3210 3166 3451 3220 absoluta
3496 3165 3806 3222 deﬁnitione
3842 3180 3937 3237 po-

2359 3256 2520 3309 uatis.

2961 3326 3177 3383 EPIST.
3219 3327 3331 3383 XL.

2429 3434 2482 3471 υ.
2511 3432 2803 3473 τιιεοοοςιο
2830 3432 3033 3472 δεκνειι
3062 3435 3185 3475 Alli).
3215 3434 3527 3474 ενιιιιλειιυσ
3547 3436 3715 3476 ι’κεῖ.
3742 3436 3861 3477 υιιι.

2430 3532 2565 3585 Cum
2586 3532 2865 3586 clementia
2887 3545 3059 3586 vestra
3083 3534 3404 3591 meminisset
3428 3533 3683 3589 iacienda:
3703 3547 3936 3590 carrum

2362 3624 2690 3694 impendium
2718 3623 2786 3678 de
2809 3640 2963 3678 sacro
2990 3625 3183 3679 :rrariu
3210 3639 3331 3679 esse
3361 3627 3460 3681 dcc
3491 3640 3658 3693 etutn,
3690 3629 3893 3683 censuit
3920 3669 3937 3695 ,

2362 3726 2423 3771 ut
2461 3714 2577 3784 ejus
2620 3728 2896 3783 argentum
2944 3716 3169 3783 publicis
3205 3716 3440 3770 conditis
3484 3718 3829 3782 redderetur,
3874 3719 3938 3772 D.

2362 3807 2654 3878 imperator
2680 3807 2805 3861 :sed
2831 3808 3093 3861 examinis
3126 3808 3321 3872 reperit
3352 3809 3503 3869 lides.
3533 3824 3600 3863 ex
3624 3810 3745 3865 aliis
3775 3809 3942 3864 titulis

2363 3908 2689 3969 assumptam
2715 3916 2823 3967 spei
2845 3900 2980 3961 ient,
3012 3917 3169 3970 quam
3205 3903 3429 3956 vehiculi
3460 3913 3681 3957 ornatus
3711 3903 3940 3970 accepit.

2362 3988 2528 4059 Cujus
2552 3990 2652 4052 rei,
2683 3991 2842 4045 etiam
2866 3994 2944 4043 vir
2970 3992 3192 4046 illustris
3222 3993 3584 4058 praulecessor
3614 4010 3796 4058 meus,
3832 3996 3941 4049 An-

2365 4081 2597 4136 tltentius
2623 4079 2849 4148 Bassus,
2888 4084 3205 4149 pi-rentiitati
3243 4093 3432 4139 vestrae
3462 4092 3722 4140 rationem
3751 4086 3941 4141 dici‘ttr

2367 4175 2660 4230 intimasse.
2694 4174 2760 4228 Et
2788 4175 2908 4229 ideo
2936 4177 3117 4229 smrttli
3159 4178 3320 4231 vestri
3360 4182 3585 4247 aequitas
3631 4179 3942 4248 imperavit,

2368 4278 2423 4324 ut
2452 4270 2752 4323 examinata
2772 4308 2790 4333 ,
2818 4277 2874 4322 et
2895 4280 3166 4339 comperta
3207 4286 3569 4342 seggerrrrm.
3613 4275 3745 4327 Cum
3786 4273 3946 4329 fiscus

2369 4362 2423 4416 in
2453 4369 2729 4431 tempore,
2758 4361 2901 4429 quod
2945 4362 3247 4416 habendum
3290 4364 3483 4430 fuerat,
3528 4381 3635 4419 non
3678 4365 3900 4421 liabet-et
3925 4406 3944 4431 ,

2366 4468 2431 4510 es
2456 4469 2580 4510 arca
2605 4454 2842 4524 questuri
2854 4473 2899 4519 ι,
2918 4455 3151 4523 ito-utque
3172 4472 3235 4510 ea
3267 4458 3554 4511 formarum
3584 4459 3946 4528 condis,pr:c-

2291 4588 2345 4650 υ
2372 4557 2515 4604 terea
2546 4562 2610 4603 es
2647 4548 3071 4618 argentariorum
3102 4550 3450 4628 part-intonia,
3487 4560 3762 4618 argentum
3793 4551 3948 4618 ju-su

2367 4638 2514 4708 operi
2537 4637 2893 4696 ministratorii
2916 4653 3019 4695 est.
3041 4636 3206 4712 Cujus
3233 4623 3450 4708 solutio,
3480 4644 3523 4694 si
3560 4655 3796 4697 carruca:
3816 4656 3948 4697 usus

2368 4740 2639 4796 maneret,
2670 4732 2738 4786 de
2781 4729 3048 4788 thesauris
3093 4732 3459 4803 lmpeiialibns
3497 4734 3618 4805 jute
3648 4747 3944 4803 peteretur.

2365 4827 2471 4882 Sed
2504 4839 2645 4879 nunc
2669 4826 2909 4894 carpenti
2940 4829 3177 4883 novitate
3215 4827 3488 4897 submota,
3523 4842 3678 4885 suum
3717 4828 3947 4898 quisque

2366 4918 2647 4988 deposcit:
2670 4931 2771 4973 nec
2798 4917 3016 4973 dllilcile
3038 4918 3306 4975 credimus
3333 4919 3626 4993 impetrari,
3651 4919 3792 4991 quod
3816 4935 3843 4971 a
3869 4918 3946 4974 le-

2367 5026 2489 5081 gum
2523 5008 2833 5080 parentibus
2864 5010 3178 5079 postulatur.
3209 5013 3403 5079 Qumso
3450 5020 3509 5067 ttt
3544 5010 3703 5082 digna
3738 5020 3946 5080 tenipo-

2369 5102 2517 5157 ribus
2541 5115 2794 5170 responsa
2827 5099 3081 5171 reddatis,
3123 5118 3231 5173 quo
3260 5104 3339 5158 vir
3366 5103 3699 5159 clarissimus
3735 5114 3789 5157 et
3818 5103 3943 5155 illu-

2370 5198 2498 5252 stris
2530 5211 2740 5251 sacrum
2774 5196 3111 5267 largitionum
3155 5210 3374 5262 comes,
3407 5196 3792 5251 ret'undendum
3822 5212 3945 5253 esse

2368 5297 2656 5358 cognoscat
2695 5287 2918 5358 publicis
2953 5288 3120 5343 titulis
3152 5288 3477 5363 privatisque
3504 5290 3768 5361 personis.
3798 5289 3942 5356 quod

2370 5382 2487 5436 sine
2518 5383 2703 5435 lacuna
2736 5381 3027 5451 imperialis
3059 5382 3238 5437 aurarii
3267 5382 3597 5451 deprompsit
3626 5384 3798 5439 aliena
3828 5382 3942 5437 col-

2372 5475 2520 5531 latin.

2964 5568 3179 5626 EPIST.
3223 5567 3355 5626 XLI.

2370 5679 2457 5717 DD.
2510 5674 2804 5718 τιιευυοδιο
2848 5672 2902 5717 ει
2945 5678 3171 5718 ARCADIO
3215 5680 3417 5721 SEMPER
3465 5684 3587 5725 AUC.
3633 5684 3947 5729 ιγκιηςιιιεδ

2996 5750 3166 5791 Ριιίεῖ.
3200 5752 3316 5794 [ΕΒ.

2440 5846 2562 5904 Scio
2608 5845 2823 5912 quidem
2900 5859 3103 5905 natura:
3152 5850 3395 5908 humana:
3446 5853 3569 5908 vitio
3625 5854 3945 5925 probitatem
