4300 6444
556 283 662 342 575

1732 290 1795 357 ρ.
1840 290 2178 347 AURELIUS
2218 292 2660 356 svuuscuus.

3723 309 3829 367 376

553 396 754 465 jt'ctum
782 406 881 463 est,
909 399 1049 466 quod
1078 400 1421 458 dissimulare
1449 417 1554 456 non
1587 417 1821 471 possum.
1856 403 1985 458 Nam
2015 420 2137 460 cum
2168 409 2214 465 Α
2244 406 2362 476 ejus
2391 412 2535 467 azdes
2571 414 2737 469 semel
2769 429 2926 485 a'qtlc
2969 428 3162 473 uorum
3204 421 3451 490 princeps
3488 424 3649 481 ofﬁcii
3679 439 3829 480 cout-

554 490 620 542 ad
649 505 713 543 cx
736 491 1031 545 utinandos
1069 502 1222 547 actus
1256 493 1403 547 Bassi
1433 495 1665 561 praefecti
1710 494 1865 549 Urbis
1901 506 2137 563 potcstts

552 582 751 637 vicaria
782 582 846 636 ad
884 584 1232 638 secretarium
1264 600 1548 638 commune
1584 587 1907 652 protliisset;
1955 588 2135 641 nescio

551 674 694 744 quis,
725 674 922 729 vicario
953 675 1129 729 libello
1157 678 1304 741 dato,
1335 677 1401 731 dc
1431 677 1588 730 ofﬁcii
1624 678 1729 732 mei
1762 678 2018 744 colludio,
2049 680 2132 734 vel

554 766 833 835 iniquitate
862 780 1187 835 conquestus
1215 776 1324 833 est;
1370 784 1439 838 qu
1465 771 1510 820 ul
1555 769 1841 823 Mentor-ius
1874 768 2132 837 litigator,

547 859 730 927 jussus
756 873 785 911 a
816 857 980 912 Basso
1007 859 1249 913 solvendi
1280 859 1440 913 debiti
1471 864 1637 925 gratia
1667 860 1730 913 ad
1759 861 1957 929 judicia
1992 860 2133 914 Afri-

549 967 679 1005 cana
710 951 930 1017 detluci,
962 956 1103 1007 ‘cum
1146 966 1203 1007 et
1244 970 1272 1004 :t
1309 953 1424 1007 viro
1463 952 1652 1007 illustri
1683 953 1971 1007 decessore
2014 968 2135 1007 meo

548 1046 801 1114 Aventio,
832 1057 886 1101 et
912 1062 941 1100 a
972 1061 1058 1101 me
1087 1062 1180 1116 per
1208 1047 1439 1114 libellos,
1471 1063 1536 1101 tte
1576 1063 1643 1102 eo
1675 1058 1920 1116 pergeret
1952 1061 2134 1115 j-Osltt-

549 1136 742 1199 lasset,
793 1140 911 1191 n.tvi
952 1148 1094 1192 esset
1135 1138 1415 1192 abductus.
1474 1138 1625 1192 lltmc
1670 1138 1814 1191 illico
1858 1138 1921 1193 V.
1968 1140 2029 1191 (Σ.
2079 1151 2135 1193 et

546 1232 855 1294 spectabilis
882 1234 1143 1291 vitarius,
1198 1244 1255 1285 ιιι
1298 1232 1623 1299 subscriptio
1673 1232 1841 1286 libelli
1892 1232 2127 1299 indicat,

545 1324 735 1379 adesse
767 1327 1038 1396 pra-cepit.
1086 1326 1182 1381 Ubi
1226 1327 1426 1395 pariter
1454 1326 1613 1379 ambo
1655 1326 2029 1389 consedimus,
2077 1334 2131 1379 et

546 1419 739 1473 seriem
794 1420 1130 1487 querelarum
1186 1420 1499 1474 recitatione
1547 1418 1774 1486 cognovi
1804 1459 1818 1481 ,
1871 1417 2128 1472 admonui

548 1518 603 1564 ut
630 1509 673 1564 it
703 1510 792 1579 qui
823 1511 1006 1565 aderat
1032 1510 1283 1564 vicariam
1311 1508 1493 1564 sedem
1528 1508 1851 1579 probaturus
1885 1510 2126 1562 ιιιιηιι-νι.

544 1601 695 1657 Tunc
721 1602 955 1656 ofﬁcium
997 1602 1114 1671 ejus
1154 1601 1425 1655 hominem
1466 1601 1657 1656 deesse
1685 1600 1992 1669 respondit,
2039 1601 2129 1669 qui

548 1702 815 1759 pnnccpto
839 1692 1033 1763 judicis
1056 1693 1136 1746 sui
1168 1692 1221 1746 in
1246 1706 1469 1747 examen
1494 1692 1656 1747 acciri
1679 1693 1954 1747 debuerat.
1990 1691 2069 1758 Qu
2094 1691 2127 1745 d

548 1783 634 1839 hic
658 1783 1029 1838 azttimaudum
1057 1784 1147 1852 sit,
1181 1784 1426 1853 relinquo
1457 1782 1805 1852 sapientibus.
1840 1783 2019 1838 Scotol
2052 1797 2132 1836 at—

547 1895 650 1950 quo
682 1881 876 1934 iterum
909 1880 1171 1949 prmeonis
1201 1880 1421 1933 vocibus
1452 1880 1745 1933 advocatur
1770 1920 1784 1935 .
1820 1892 1919 1931 nec
1954 1888 2130 1930 tatnt-n

547 1972 865 2027 iuclamatus
889 1973 1138 2027 accurrit.
1173 1972 1322 2027 Tunc
1350 1972 1497 2026 nullo
1526 1971 1835 2031 assistcnte.
1867 1972 2132 2039 apparitio

546 2064 748 2119 urbana
787 2064 951 2135 coepit
986 2081 1204 2136 urgere,
1254 2067 1394 2135 quo-.l
1427 2064 1492 2120 ad
1526 2065 1760 2120 Africam
1792 2075 2131 2120 transvtrctus

547 2167 718 2220 esset,
761 2172 866 2226 quo
895 2157 1112 2213 Bassum
1143 2158 1503 2213 clarissimum
1532 2158 1707 2213 virum
1735 2157 1976 2212 criminis
2006 2171 2129 2226 pos-

547 2258 631 2305 set
658 2264 902 2319 arguere.
934 2249 1249 2320 Suggestum
1276 2258 1364 2305 est
1409 2250 1637 2319 paritttm
1662 2262 1785 2303 esse
1810 2251 2127 2303 sentcntiae:

544 2354 703 2410 quam
725 2355 847 2395 cum
874 2342 1070 2396 llassus
1094 2353 1211 2411 post
1240 2345 1505 2397 luctamen
1538 2340 1768 2411 partium
1797 2342 2128 2411 protulisset,

546 2434 854 2502 provocatio
893 2451 999 2489 non
1039 2435 1288 2490 removit.
1339 2434 1419 2490 Ad
1466 2435 1583 2490 hate
1627 2434 1939 2505 Fulgentim
1964 2435 2033 2488 Ὗ.
2065 2432 2127 2489 C.

544 2526 787 2579 tribunus
830 2536 883 2581 et
929 2528 1188 2601 notarius,
1240 2539 1538 2582 conventas
1584 2526 1859 2597 adjutores
1910 2528 2130 2582 urbaute

543 2619 687 2674 sedis
715 2618 945 2675 asseruit
986 2636 1052 2674 ue
1093 2620 1384 2675 Hemorius
1414 2621 1719 2690 navigaret,
1772 2634 1801 2672 a
1845 2634 1956 2690 quo
2003 2634 2126 2674 cum

544 2709 908 2779 requireretur
944 2726 1011 2765 an
1063 2711 1127 2764 ad
1170 2726 1291 2766 eum
1334 2712 1531 2781 aliquid
1572 2725 1735 2779 super
1762 2712 1909 2768 hisce
1946 2711 2130 2767 crimi-

542 2803 703 2859 nibus
735 2804 1021 2859 Memorius
1049 2804 1367 2871 detulisset,
1415 2807 1490 2859 ait
1526 2805 1775 2874 querelas
1813 2804 1930 2875 cjus
1964 2805 2128 2862 libel-

543 2897 714 2952 lorum
748 2897 953 2967 paginis
989 2898 1291 2953 contineri:
1336 2898 1499 2953 credo
1528 2897 1789 2953 simulare
1819 2914 1923 2953 non
1966 2914 2127 2954 ausus

543 2991 682 3063 quod
706 2998 985 3047 accusator
1005 3006 1125 3047 esse
1152 2991 1424 3047 voluisset.
1450 2991 1529 3046 Ad
1558 2991 1676 3048 haec
1702 2991 1889 3046 urbani
1914 2992 2129 3062 adjutor

544 3080 705 3138 ofﬁcii
751 3096 844 3151 per
876 3080 1104 3138 Felicem
1137 3083 1235 3136 sibi
1275 3098 1305 3138 a
1355 3083 1654 3137 clarissimo
1694 3085 1805 3137 viro
1840 3083 2125 3150 Fulgentio

544 3176 850 3230 mandatum
881 3190 1007 3231 esse
1038 3176 1345 3245 respondit,
1393 3186 1449 3229 ttt
1478 3175 1771 3230 secundum
1801 3176 2123 3232 sententiam
2153 3154 2201 3219 (ἶ

544 3268 836 3325 Memorius
862 3270 928 3322 ad
963 3267 1196 3324 Africam
1226 3269 1537 3324 duceretur.
1586 3267 1707 3323 Mox
1738 3267 1967 3324 Felicem
1998 3283 2127 3325 cen-

540 3361 747 3415 suimus
786 3360 1121 3416 attiucudum
1149 3402 1164 3425 ,
1215 3377 1322 3431 quo
1368 3370 1546 3429 posset
1589 3360 1796 3432 liquere
1852 3378 1917 3414 an
1969 3362 2127 3432 hujus

542 3454 777 3510 mandati
818 3453 1183 3510 internuntius
1218 3454 1504 3509 extitisset.
1556 3453 1765 3509 Interea
1797 3454 1877 3509 vir
1912 3463 2125 3524 specta-

540 3548 662 3604 bilis
692 3548 946 3618 vicarius,
968 3563 1089 3605 cum
1119 3548 1372 3605 adessent
1397 3548 1511 3617 alii,
1534 3563 1669 3620 quos
1699 3548 1751 3604 in
1776 3549 1923 3605 Bassi
1947 3564 2047 3605 catt
2081 3548 2127 3605 is

541 3656 821 3711 possemus
845 3641 1052 3709 audire,
1079 3642 1150 3697 ob
1174 3642 1293 3711 ejus
1318 3641 1637 3708 absentiam,
1665 3657 1827 3712 quam
1859 3641 2018 3699 facile
2042 3652 2128 3698 est

543 3750 610 3789 ex
632 3732 901 3790 Africanis
932 3747 1187 3789 revocare
1214 3734 1521 3800 provinciis,
1550 3732 1808 3804 judicium
1838 3748 1998 3789 omne
2024 3733 2121 3788 de-

541 3829 712 3883 seruit
743 3844 756 3881 :
793 3828 975 3883 nescio
994 3841 1061 3881 an
1084 3840 1149 3881 ex
1174 3826 1322 3894 jussu
1349 3840 1539 3881 eorum
1564 3827 1673 3895 qui,
1704 3836 1761 3879 ut
1787 3825 2121 3888 audirentur,

538 3919 796 3976 afﬁusera
841 3930 881 3973 ι.
930 3918 1197 3974 Promissa
1230 3918 1486 3972 relatione
1514 3916 1755 3972 discedo.
1804 3915 1988 3984 Felix,
2031 3918 2121 3985 qui

540 4013 595 4065 in
633 4010 906 4065 communi
946 4009 1130 4078 jussus
1158 4019 1240 4064 est
1272 4006 1520 4074 attineri,
1566 4006 1728 4063 ofﬁcii
1771 4012 2124 4063 exsecutione

536 4102 845 4172 corripitur.
898 4100 981 4168 la,
1012 4116 1133 4157 cum
1165 4116 1196 4156 a
1242 4117 1327 4156 tuo
1366 4100 1666 4170 insequenti
1699 4100 1938 4155 tuitionis
1968 4103 2125 4155 anxi-

538 4195 669 4251 lium
701 4197 1056 4267 poposcisset,
1079 4203 1136 4248 et
1162 4195 1320 4247 unius
1344 4192 1779 4257 nomenclatoris,
1809 4201 1865 4247 ut
1903 4194 1955 4245 in
1994 4193 2125 4246 urbe

537 4298 722 4359 pacata
758 4288 1085 4343 adminiculo
1115 4287 1283 4340 fretus
1316 4285 1622 4349 incederet,
1669 4294 1788 4353 post
1817 4284 2121 4339 vehiculum

537 4382 892 4454 prafecturte,
920 4382 1074 4449 jussu
1105 4378 1398 4449 Fulgentii,
1436 4392 1532 4447 per
1560 4375 1916 4432 Gaudentium
1947 4383 2002 4429 et
2035 4374 2124 4427 νι-

537 4485 741 4531 ctorem
771 4483 992 4545 agentes
1023 4475 1080 4527 in
1106 4472 1286 4537 rebus,
1332 4482 1388 4527 et
1430 4470 1760 4525 Bottifacitun
1801 4470 2119 4540 palatinum.

534 4569 627 4640 qui
676 4537 933 4624 hactenus
981 4568 1033 4621 itt
1080 4564 1259 4620 officio
1300 4568 1508 4621 urbano
1548 4537 1827 4633 militavit,
1858 4566 2124 4623 violenter
2154 4537 2204 4598 υ

539 4670 786 4733 arreptus
815 4661 1096 4717 deducitur
1133 4660 1184 4713 itt
1234 4661 1354 4729 ejus
1382 4661 1547 4727 a'des,
1581 4661 1647 4715 de
1676 4661 1830 4729 cujus
1858 4661 2124 4717 mandatis

533 4755 713 4811 fuerat
751 4752 1069 4807 audiendus.
1121 4752 1271 4820 Quod
1313 4766 1434 4806 cum
1476 4752 1579 4807 sibi
1624 4752 1933 4821 Fulgentius
1964 4751 2026 4805 ιτ.
2056 4751 2121 4807 C.

535 4854 724 4901 auctor
753 4844 1091 4900 contumeliae
1124 4857 1258 4900 mea:
1286 4844 1605 4898 invidiosum
1634 4851 1867 4913 putaret,
1898 4844 1965 4898 ad
1991 4843 2122 4899 circi

538 4937 886 4993 secretarium
912 4935 1213 4991 convolavit
1239 4980 1254 5003 ,
1288 4935 1411 4990 facti
1454 4936 1622 4990 illiciti
1653 4934 1842 4990 volens
1869 4948 2125 5007 praestare

535 5030 827 5093 rationem,
852 5028 992 5096 quod
1022 5026 1121 5082 sibi
1155 5037 1353 5082 metunt
1398 5027 1563 5083 fuisse
1589 5029 1822 5096 dicebat,
1865 5045 1933 5085 ne
1961 5029 2122 5084 ofﬁcii

534 5120 918 5174 subornaretur
944 5118 1204 5189 impulsu.
1240 5119 1594 5189 Exspectatis,
1626 5122 1814 5189 credo,
1854 5123 2123 5191 augustis-

534 5211 657 5265 sitni
687 5211 979 5280 principes,
1003 5221 1060 5265 ut
1085 5210 1368 5280 prtefectus
1397 5223 1452 5266 et
1477 5211 1664 5280 judicii
1689 5211 1851 5269 vestri
1875 5227 2119 5279 securus,

535 5313 589 5357 et
620 5305 937 5358 innocentia:
958 5317 1071 5359 sua:
1092 5304 1288 5372 aliquid
1312 5320 1557 5360 severum
1588 5309 1863 5362 censuisse
1889 5308 2119 5361 dicatur.

534 5397 748 5463 Fateor,
800 5412 975 5468 neque
1025 5399 1271 5466 prettitet,
1324 5400 1560 5453 animum
1611 5401 1940 5469 temperavi,
1991 5401 2118 5455 dum

533 5499 734 5542 tortam
783 5488 852 5544 de
900 5489 1051 5543 vobis
1093 5503 1254 5560 spero
1283 5490 1593 5546 vindictam.
1645 5492 1817 5547 Statui
1862 5502 1922 5549 ut
1963 5493 2112 5550 Felix

532 5582 775 5646 νιύίὺιις,
818 5582 905 5651 qtti
935 5580 1216 5650 Fulgentio
1245 5598 1355 5639 non
1383 5598 1565 5640 essent
1592 5586 1791 5656 cogniti
1814 5626 1828 5650 ,
1874 5586 2117 5641 tradet-e-

533 5683 637 5727 tt.r.
690 5673 828 5740 Quid
879 5674 1060 5729 utilius
1104 5673 1344 5742 decerni,
1391 5677 1517 5748 quid
1565 5678 1843 5733 remissius
1897 5679 2118 5745 potuit?

534 5763 683 5820 'fuoc
710 5770 822 5831 ille.
860 5775 1106 5835 tanquam
1136 5780 1384 5825 οοδιιιιιιε
1413 5771 1700 5838 egreditur.
1756 5770 1859 5829 Sed
1888 5787 2007 5828 cum
2072 5771 2105 5827 d

2242 515 2491 569 titca~set,
2536 517 2590 561 et
2634 508 2957 564 obstinatam
3007 512 3237 568 hominis
3282 517 3669 572 ctmtumaciam
3716 535 3824 572 uoti

2239 608 2413 663 posset
2442 596 2735 660 inﬁet'terc,
2762 600 2845 652 ina
2888 618 2971 655 cui
3000 604 3357 672 syngrapham
3382 610 3694 676 reportavit,
3720 624 3822 677 qua

2239 686 2653 745 redhibitionem
2706 690 2895 747 Felicis
2952 694 3004 747 in
3060 694 3287 751 alterum
3337 695 3479 751 diem
3529 699 3823 769 sponsione

2238 780 2538 835 distulerat.
2583 782 2751 837 Tenet
2782 784 2926 839 domi
2962 795 3152 840 testt-m
3174 830 3188 851 ,
3225 803 3383 858 qtu-m
3414 790 3482 844 de
3512 806 3570 843 se
3600 800 3822 846 noverat

2236 875 2583 932 audiendum.
2615 877 2785 932 Etiam
2818 880 2975 947 hujus
3006 880 3214 947 injurth
3240 897 3457 936 assumo
3483 883 3817 950 patientiam.

2233 966 2456 1036 Culpte
2500 970 2573 1023 uti
2620 970 2799 1037 voltis,
2848 980 2908 1024 ut
2946 970 3165 1042 dignum
3207 983 3311 1029 est.
3366 973 3507 1029 Scivi
3540 975 3819 1031 meliorem

2233 1074 2353 1114 esse
2376 1063 2611 1129 jtttlicum
2629 1076 2843 1117 causam
2874 1079 2994 1134 qua:
3026 1082 3205 1120 rerum
3233 1068 3465 1123 dominis
3487 1079 3815 1125 reservatur.

2237 1152 2627 1221 Exspectamus
2662 1164 2719 1207 ut
2755 1154 2931 1211 altero
2959 1157 3049 1212 die
3088 1159 3381 1213 instructus
3410 1159 3591 1215 ofﬁcio
3620 1160 3813 1217 redde-

2235 1252 2398 1297 retur.
2454 1246 2521 1299 At
2549 1244 2639 1300 ille
2667 1245 2897 1301 crastina
2930 1248 3078 1313 luco,
3119 1259 3179 1304 ut
3219 1260 3367 1321 gesta
3399 1254 3813 1321 monstrabunt,

2232 1336 2517 1391 adversum
2539 1339 2806 1394 cautionis
2829 1338 2985 1395 ﬁdem
3011 1342 3228 1397 vicaria!
3253 1345 3503 1409 potestati
3529 1346 3820 1401 tradendus

2233 1427 2535 1483 abducitur.
2588 1428 2700 1485 lloe
2729 1429 2817 1484 ubi
2847 1431 3096 1500 princeps
3122 1431 3282 1487 ofﬁcii
3315 1436 3601 1504 comperit,
3633 1439 3818 1507 paucis

2233 1519 2519 1577 comitatus
2558 1522 2839 1580 excurrit:
2889 1523 3085 1579 retinet
3132 1524 3367 1580 Felicem
3413 1526 3613 1583 celebri
3658 1528 3817 1584 Urbis

2236 1611 2373 1675 loco,
2418 1627 2518 1668 uec
2552 1622 2729 1668 tamen
2770 1614 2955 1685 eripit.
3011 1616 3191 1687 Itaque
3229 1617 3572 1688 Fulgentius,
3620 1621 3711 1690 qui
3756 1636 3818 1677 se

2233 1707 2449 1760 simulat
2477 1707 2841 1779 verberatum,
2896 1723 3057 1763 manu
3102 1710 3362 1766 validiore
3408 1712 3617 1782 legibus
3660 1728 3817 1784 repu-

2167 1787 2209 1846 B
2236 1802 2435 1865 gnavi.
2487 1797 2691 1854 Interea
2722 1798 2870 1855 Felix
2912 1815 2941 1853 a
2986 1802 3245 1857 militibus
3284 1805 3500 1859 vicaria:
3539 1808 3820 1875 potestatis

2232 1890 2533 1947 abducitur.
2566 1892 2777 1946 Etcum
2807 1894 3056 1963 princeps
3077 1894 3238 1950 oﬂicii
3270 1896 3372 1951 mei
3404 1897 3505 1950 sub
3526 1908 3817 1967 conspectu

2236 1982 2492 2038 Romam:
2531 1984 2701 2054 plebis
2738 1986 2974 2055 auditur,
3024 1987 3181 2042 video
3220 1986 3347 2054 quid
3395 1988 3464 2044 de
3514 1990 3617 2045 hoc
3673 1989 3817 2046 facto

2233 2078 2543 2148 perennius
2573 2088 2746 2134 vestra
2775 2079 2964 2133 debuit
2994 2080 3259 2150 judicare.
3312 2083 3423 2152 Ego
3457 2082 3701 2138 ordinem
3738 2092 3817 2138 te-

2234 2177 2374 2229 nebo
2401 2183 2697 2244 gestorum.
2748 2173 2969 2229 Fatetur
2992 2175 3093 2229 sub
3121 2176 3343 2231 alterius
3371 2176 3663 2245 cognitoris
3690 2192 3817 2233 exa-

2234 2269 2378 2324 mine
2419 2268 2676 2337 litigator,
2721 2268 2850 2321 nihil
2880 2267 2981 2322 sibi
3014 2267 3081 2322 ab
3110 2269 3504 2338 apparitoribus
3545 2270 3678 2324 meis
3720 2269 3817 2325 ad-

2232 2373 2448 2413 versum
2485 2358 2823 2429 Fulgentium
2853 2373 2975 2414 esse
3006 2356 3333 2413 mandatum.
3384 2359 3481 2413 llic
3508 2373 3661 2428 jussu
3697 2360 3817 2430 ejus

2232 2451 2298 2506 ad
2327 2465 2669 2508 communem
2699 2450 3068 2515 secretarium,
3111 2464 3220 2519 quo
3247 2448 3508 2507 faciendae
3534 2451 3817 2508 oblationis

2231 2542 2399 2610 gratia
2424 2552 2721 2597 summates
2743 2555 2986 2611 quosque
3011 2540 3398 2609 conduxeram,
3429 2556 3459 2596 a
3486 2542 3817 2613 principibus

2231 2632 2394 2688 ofﬁcii
2444 2632 2725 2701 utriusque
2772 2632 3104 2703 perducitur.
3157 2632 3297 2688 Nihil
3346 2634 3492 2689 enim
3542 2645 3814 2703 repertum

2232 2724 2408 2782 fuerat
2470 2723 2612 2796 quod
2667 2723 3041 2794 prafecturam
3100 2734 3279 2797 posset
3321 2726 3614 2783 involvere.
3667 2728 3815 2784 'l‘uttc

2234 2817 2546 2873 Fulmntius
2587 2816 2709 2872 facti
2750 2816 2833 2871 sui
2871 2816 3198 2871 conscientia
3230 2816 3466 2886 percitus
3502 2831 3701 2872 casum
3747 2832 3809 2873 se

2230 2924 2350 2964 csse
2372 2910 2740 2980 conqueritur.
2776 2907 2881 2965 Sed
2913 2924 3033 2964 mox
3062 2907 3303 2977 cjustlem
3331 2906 3526 2964 Felicis
3553 2922 3618 2965 ac
3645 2909 3813 2964 devo-

2232 3003 2425 3058 tissimi
2452 3002 2552 3057 viri
2594 3002 2851 3072 principis
2892 3001 3247 3069 responsione
3286 3013 3413 3071 pars
3453 3000 3557 3056 ista
3595 3012 3815 3072 purgata

2229 3104 2331 3149 cst.
2382 3093 2447 3149 Et
2485 3100 2666 3148 tamen
2695 3090 2929 3160 querela
2956 3092 3073 3161 ejus
3104 3092 3433 3148 audientiam
3461 3107 3570 3148 non
3600 3094 3810 3164 negavi,

2230 3185 2530 3242 clarissimo
2573 3194 2629 3240 et
2673 3182 2951 3253 spectabili
2992 3185 3111 3239 viro
3152 3183 3353 3239 vicario
3401 3183 3452 3237 in
3501 3185 3814 3240 societatem

2229 3277 2554 3349 cognitionis
2582 3277 2783 3342 ascito,
2823 3276 2871 3331 si
2900 3276 3057 3331 vellet
3086 3288 3297 3332 struere
3336 3276 3553 3331 nomina
3597 3276 3812 3333 testium

2231 3372 2563 3442 plebeiorum
2605 3369 2800 3424 danda.
2851 3368 3103 3424 Promisit
3129 3387 3142 3421 :
3167 3367 3356 3435 credo,
3382 3376 3439 3424 ut
3477 3382 3577 3439 per
3611 3383 3815 3425 moram

2230 3478 2382 3520 meus
2410 3462 2584 3527 dolor,
2620 3461 2706 3517 vel
2754 3474 2850 3531 per
2887 3458 3310 3515 satisfactionem
3353 3460 3693 3526 mitesceret,
3731 3459 3814 3515 vel

2230 3556 2346 3628 ipse
2374 3568 2561 3610 rursus
2590 3554 2724 3607 alias
2753 3552 3035 3608 moliretur
3062 3550 3306 3607 insidias.
3345 3551 3445 3617 Qui
3470 3559 3533 3605 ut
3563 3565 3652 3606 res
3676 3548 3816 3606 indi-

2227 3656 2344 3713 cat,
2391 3645 2719 3702 conscientia
2753 3643 2987 3698 hominis
3015 3643 3324 3707 subornati,
3369 3658 3397 3694 a
3443 3656 3555 3711 quo
3598 3641 3816 3699 vicaria

2229 3738 2478 3810 potestati
2524 3737 2734 3793 libellus
2778 3735 2990 3790 oblatus
3033 3744 3146 3800 εει,
3194 3733 3492 3789 domestice
3531 3731 3817 3791 confessus

2228 3832 2368 3901 apud
2400 3828 2630 3885 eundem
2663 3828 2859 3883 factum
2887 3841 3052 3883 ausus
3083 3835 3165 3881 est
3195 3826 3489 3895 postulare,
3537 3842 3605 3882 ne
3647 3840 3813 3897 appa-

2229 3927 2422 3979 ritores
2458 3923 2606 3992 ejus,
2650 3935 2784 3990 quos
2814 3922 2885 3975 ob
2911 3920 3212 3976 discessum
3260 3918 3539 3989 litigatoris
3565 3920 3813 3976 custodia

2226 4016 2460 4071 carceris
2491 4016 2725 4085 jusst'rat
2753 4013 3002 4079 attineri,
3040 4013 3247 4083 injuria:
3272 4012 3633 4083 subjacrrent.
3680 4012 3809 4069 Post

2229 4108 2345 4164 hate
2384 4117 2641 4175 usurpato
2684 4120 2896 4161 rursum
2941 4106 3154 4175 pul=lico
3197 4106 3544 4175 neglectoque
3584 4103 3812 4175 judicio,

2226 4201 2446 4257 audacis
2471 4199 2594 4255 facti
2627 4199 2877 4256 conscius
2904 4199 3137 4255 evolavit
3171 4207 3230 4253 ttt
3282 4197 3613 4268 prefeeturte
3634 4198 3812 4268 justas

2225 4294 2594 4365 querimonias
2633 4293 2949 4362 pmveniret
2974 4331 2992 4359 ,
3046 4290 3294 4362 ignarus,
3338 4303 3397 4345 ut
3437 4306 3525 4348 res
3560 4299 3677 4356 est,
3720 4305 3813 4361 pa-

2229 4398 2409 4441 rentes
2434 4387 2652 4456 generis
2694 4385 2911 4438 humani
2951 4387 3119 4454 magis
3153 4383 3359 4452 justitia
3408 4398 3571 4452 quam
3612 4383 3811 4437 invidia

2228 4478 2577 4534 commoveri.
2625 4478 2749 4532 llac
2779 4477 2852 4532 ita
2878 4491 3001 4532 esse
3026 4486 3174 4546 gesta
3192 4519 3206 4541 ,
3245 4491 3343 4531 nec
3378 4475 3483 4530 ulla
3507 4486 3627 4531 arte
3654 4477 3811 4546 tingi,

2229 4572 2512 4628 instructio
2540 4572 2778 4641 subjecta
2808 4570 3108 4625 testabitur.
3165 4568 3220 4621 ltt
3257 4583 3359 4637 qua
3391 4569 3625 4633 re,~eriet
3656 4578 3813 4622 ater-

2231 4667 2371 4721 nitas
2399 4673 2574 4719 vestra
2617 4663 3020 4732 perfecturam,
3049 4675 3209 4728 quam
3246 4660 3299 4712 iit
3339 4674 3425 4714 me
3451 4675 3585 4729 puro
3608 4658 3813 4729 judicio

2229 4759 2560 4825 contulistis,
2606 4758 2739 4812 nihil
2769 4756 2946 4811 saltim
2975 4755 3043 4808 ad
3073 4754 3361 4809 vindictam
3396 4752 3621 4820 publica:
3649 4751 3813 4807 disci-

2231 4853 2388 4922 plina:
2408 4865 2528 4905 esse
2549 4849 2790 4905 molitam
2811 4865 2827 4902 :
2854 4863 2976 4902 cum
3004 4846 3253 4901 omnibus
3278 4844 3486 4915 injuriis
3506 4843 3807 4907 cederetur,

2229 4958 2362 5013 quas
2394 4943 2516 4997 boni
2548 4944 2745 5011 quique
2777 4948 3106 5007 przesumunt
3142 4953 3242 5008 pro
3267 4938 3451 5007 vigore
3478 4935 3662 4991 δεουιί
3694 4936 3812 4987 vin-

2230 5036 2506 5089 dicandas.
2538 5033 2666 5089 Haec
2689 5034 2833 5089 enim
2861 5045 2986 5100 spes
3014 5040 3070 5085 ct
3097 5029 3287 5084 ﬁducia
3315 5028 3403 5098 jus
3430 5027 3649 5084 credita
3677 5026 3807 5081 mihi

2226 5127 2508 5197 potestatis
2546 5122 2793 5195 infregit,
2840 5131 2899 5176 ut
2923 5129 3172 5175 auctores
3202 5121 3423 5176 honoris
3448 5119 3586 5185 mei,
3625 5127 3682 5174 et
3710 5134 3803 5186 pu-

2225 5220 2378 5276 blic:e
2424 5220 2726 5290 dignitatis,
2777 5228 2829 5273 et
2876 5217 3063 5287 judicii
3113 5218 3195 5271 sui
3240 5215 3617 5272 contumeliam
3665 5214 3807 5286 jusa

2226 5311 2514 5368 severitate
2542 5309 2853 5366 delendam.

2800 5399 3012 5455 EI’IS'I'.
3055 5399 3235 5455 XLIV.

2225 5512 2421 5552 DO'INO
2448 5509 2737 5550 ΤΒΕΟΒΟΒΙΟ
2764 5509 2967 5549 εκιιιιειι
2999 5510 3117 5549 AUC.
3144 5508 3455 5548 εγιιιιλῦιιυε
3484 5507 3649 5547 ηερ.
3684 5508 3805 5545 Ulli.

2302 5588 2402 5642 Per
2450 5590 2599 5641 vices
2651 5588 2912 5640 mensium
2961 5586 3291 5655 singulorum
3339 5586 3404 5638 ad
3451 5585 3810 5655 perennitates

2225 5689 2431 5735 vestras
2487 5680 2687 5749 scripta
2726 5690 2944 5732 senatus
2997 5687 3052 5733 et
3095 5677 3273 5746 pottuli
3324 5686 3438 5730 acta
3482 5674 3763 5731 mittuntur
3792 5719 3804 5734 .

2227 5788 2297 5843 qu
2312 5789 2342 5821 ι·
2368 5779 2618 5841 poterunt
2646 5768 2881 5824 indicare
2909 5768 3037 5840 quid
3062 5770 3142 5824 vir
3174 5768 3443 5839 praecelsa:
3473 5765 3805 5835 illustrisqus
