4300 6480
464 307 566 364 377

1695 309 2174 368 EPISTOIARUM
2215 310 2416 366 LIBER
2460 311 2521 366 Χ.

3626 311 3730 366 378

463 423 735 478 inemorizt-
761 422 1133 489 Praetextatus,
1160 421 1243 476 vel
1267 420 1331 476 ad
1355 420 1743 490 amplissimum
1765 421 2031 488 ordinem,
2072 427 2111 484 Α
2142 432 2302 489 atque
2330 423 2558 477 obsecro
2589 431 2643 477 ut
2675 424 2938 480 incertum
2980 424 3145 480 animi
3184 441 3236 480 tn
3275 425 3289 480 i
3320 424 3595 495 responsis
3627 423 3727 480 im-

463 514 548 569 vel
591 513 658 568 ad
703 513 954 568 devotum
987 514 1138 569 vobis
1181 513 1467 584 populum,
1513 527 1610 582 pro
1653 513 1836 568 szceuli
1878 513 2042 567 vestri

461 605 927 662 commendatione
967 604 1272 672 pertulerit,
1319 603 1380 657 I).
1421 605 1733 673 imperator.
1785 604 1890 659 Sed
1921 606 2042 672 quia

459 695 739 766 speciatim
769 697 936 750 seris
964 695 1153 749 litteris
1181 695 1515 760 imperastis,
1553 707 1611 747 ut
1649 695 1692 747 si
1733 709 1834 764 qua
1873 696 1941 747 ab
1977 709 2042 748 co

465 787 647 844 80min
677 788 730 844 in
761 787 846 841 bis
887 787 1117 842 canibus
1161 796 1309 855 gesta
1351 797 1507 851 sunt,
1555 778 1734 856 agenti
1784 788 1836 839 in
1883 785 2042 839 rebus

460 887 711 951 excerpta
757 879 1068 934 tradantur:
1119 878 1240 932 tn‘si
1289 877 1468 932 omnia
1512 877 1680 946 jtnsis
1727 877 2041 930 (‘fBit‘SlibttS

460 973 781 1038 obscenius,
825 987 944 1040 qua:
990 971 1105 1039 ipso
1147 979 1409 1033 praesente
1451 967 1833 1022 venerabilintn
1877 967 2042 1020 ratio-

462 1080 588 1118 num
616 1073 915 1118 vestrarnm
943 1061 1150 1116 sanctio
1179 1061 1445 1125 definivit,
1475 1071 1526 1113 et
1556 1068 1762 1128 patrum
1795 1058 2039 1128 probavit

461 1158 773 1213 auctoritas.
819 1156 1108 1220 Prii-terea,
1141 1169 1174 1223 q
1198 1170 1259 1208 uae
1307 1153 1447 1221 apud
1482 1152 1687 1222 plebem
1721 1152 1926 1205 locutus
1955 1160 2038 1205 est

460 1259 518 1305 ut
553 1259 771 1306 cunctos
801 1249 854 1304 in
887 1263 1124 1303 antorem
1152 1247 1413 1302 bonorum
1442 1257 1743 1315 temporum
1777 1258 2038 1312 provoca-

460 1352 571 1404 rel,
608 1340 848 1410 adjunxi.
899 1339 1164 1395 Judicium
1195 1353 1321 1392 vero
1349 1336 1578 1402 civium,
1613 1334 1754 1404 quod
1783 1347 2038 1402 supremo

459 1435 549 1490 die
578 1435 645 1490 de
672 1434 866 1487 virtute
893 1440 1055 1499 atque
1083 1429 1386 1484 innocentia
1417 1427 1533 1496 ejus
1563 1426 1889 1488 habuerunt,
1918 1437 2036 1493 spe-

459 1526 637 1582 ciatim
662 1526 778 1578 viro
800 1522 1099 1579 clarissimo
1125 1530 1179 1575 et
1205 1519 1396 1574 illustri
1428 1518 1727 1573 officiorum
1753 1517 2034 1584 magistro,

456 1619 683 1674 subditis
706 1627 976 1687 gestorum
997 1613 1412 1682 exemplaribus,
1433 1612 1672 1665 intimavi
1698 1628 1710 1662 :
1738 1610 1859 1664 licet
1885 1608 2036 1662 Vehi-

455 1715 576 1768 eulo
604 1711 813 1782 publico
839 1725 960 1764 cum
989 1707 1232 1773 ett-teris,
1272 1722 1392 1776 qua:
1430 1721 1496 1759 ex
1536 1719 1686 1760 more
1726 1704 2031 1764 mittuntur,

2148 514 2439 582 pcrialibus
2464 515 2774 569 instruatur.

2710 606 2923 662 EPIST.
2967 605 3149 663 XLVI.

2146 712 2231 751 DD.
2263 711 2554 752 τηευοοςιο
2595 714 2661 752 ετ
2696 713 2919 752 ΔΒΩᾹΙΗΟ
2949 715 3154 753 δςιιιιιιι
3186 714 3306 755 AUG-
3336 713 3646 755 εικιιλςιιυε
3681 715 3731 751 ν.

2740 783 2791 822 C.
2820 785 2984 823 Ριιες.
3022 786 3141 824 CRB.

2211 879 2429 935 Certum
2484 890 2567 937 est
2643 882 2856 949 quidem
2914 883 3253 937 clementiam
3313 890 3545 936 vestram
3606 878 3733 934 fidei

2139 985 2356 1037 amore.
2403 983 2459 1028 et
2505 973 2682 1029 studio
2727 975 3004 1037 verit-«tis,
3071 975 3122 1027 in
3175 989 3400 1028 examen
3449 972 3726 1028 assiduum

2141 1077 2284 1133 smpe
2313 1065 2588 1132 explorata
2622 1080 2894 1131 revocare,
2930 1064 3038 1119 DD.
3067 1067 3436 1134 imperatores.
3466 1062 3569 1118 Sed
3601 1077 3722 1117 cum

2146 1157 2442 1209 Atnentius
2483 1155 2546 1210 ν.
2578 1155 2641 1210 C.
2695 1167 2748 1212 et
2777 1156 3030 1226 Cyriades
3071 1169 3252 1210 eomes
3281 1172 3344 1209 ac
3384 1153 3728 1209 mechanicas

2141 1248 2322 1318 parilis
2347 1249 2637 1317 dignitatis,
2671 1250 2895 1319 quadam
2933 1249 3072 1306 inter
3107 1264 3165 1305 se
3191 1248 3585 1304 concertatione
3612 1246 3726 1301 dis-

2138 1339 2380 1394 sentiunt
2405 1378 2420 1404 ,
2454 1339 2698 1395 nonnihil
2726 1341 3097 1410 superioribus
3120 1340 3389 1408 iudicibus
3412 1340 3719 1408 derogatur.

2138 1429 2255 1485 1am
2285 1429 2484 1485 dudum
2513 1430 2658 1486 enim
2687 1431 2819 1486 v.c.
2851 1442 2905 1488 et
2935 1433 3158 1488 illustris
3182 1431 3501 1488 Anthemius
3533 1433 3724 1486 Bassus

2140 1521 2315 1589 pontis
2339 1521 2462 1575 novi
2487 1536 2652 1591 opere
2675 1531 2975 1593 perspecto,
2998 1526 3098 1578 sub
3125 1534 3364 1578 actorum
3390 1526 3724 1579 confectione

2139 1611 2368 1681 signavit
2393 1613 2604 1683 culpam
2634 1616 2715 1670 vel
2745 1615 3120 1686 negligentiam
3148 1616 3508 1685 singulorum;
3544 1617 3722 1670 denuo

2137 1714 2422 1757 successor
2447 1705 2565 1773 ejus
2593 1705 2781 1761 eadem
2815 1706 2930 1761 loca
2961 1708 3182 1762 rimatus
3212 1706 3488 1762 asseritur.
3524 1707 3722 1760 llehiue

455 1805 633 1857 omnia
659 1816 880 1858 necesse
902 1803 1193 1865 sit,rursus
1224 1799 1288 1853 ad
1319 1798 1626 1854 serenitatis
1664 1806 1861 1852 vestra:
1899 1797 2036 1850 noti-
2068 1788 2112 1847 B
2138 1806 2259 1845 cum
2298 1794 2440 1861 apud
2483 1810 2597 1861 me,
2628 1811 2695 1850 ex
2742 1796 3026 1863 re~cripto,
3073 1800 3214 1867 quod
3265 1797 3521 1867 Cyriades
3565 1796 3631 1853 V.
3657 1796 3719 1851 Ο.

455 1899 582 1952 tiam
611 1896 908 1967 pervenire.
1026 1963 1222 2020 ENST
1293 1961 1364 2018 XI
1394 1963 1432 2012 ν

525 2076 576 2116 ο.
605 2071 901 2113 τυεουοειο
929 2071 1132 2111 διεκίνει
1163 2069 1280 2110 Alc.
1312 2067 1615 2107 M‘IItCIIUS
1645 2067 1809 2107 ΡΙᾹΞΙ.
1840 2066 1958 2105 ιτιιιι.

521 2171 638 2226 Jam
684 2171 900 2242 quidem
943 2168 1263 2239 rescriptum
1312 2167 1545 2220 numinis
1581 2165 1748 2221 vestri
1775 2162 2032 2236 Cyriades

450 2263 517 2319 ν.
558 2261 620 2319 C.
661 2277 844 2316 comes
892 2273 948 2317 et
990 2261 1314 2314 mechanica-
1347 2258 1618 2327 professor
1645 2254 1920 2317 exhibuit,
1965 2254 2028 2306 Il.

449 2355 788 2424 imperator:
833 2366 941 2419 quo
988 2359 1246 2404 statuerat
1293 2349 1567 2402 aeternitas
1613 2353 1821 2408 vestra,
1872 2354 1930 2397 ut
1970 2357 2030 2396 se

449 2449 563 2518 ipse
592 2464 619 2502 a
651 2446 1003 2517 quorumdam
1035 2442 1411 2498 crimiuazione
1445 2448 1725 2509 purgaret,
1756 2452 1819 2491 ac
1842 2449 2029 2491 rursus

447 2547 662 2609 urgeret
692 2537 939 2607 objectis,
970 2535 1013 2588 si
1044 2549 1178 2604 quos
1204 2529 1406 2585 lraudis
1433 2531 1747 2585 incesseret.
1781 2528 1880 2594 Qui
1906 2541 2028 2580 cum

445 2631 776 2686 Auxentium
809 2627 871 2684 V.
899 2627 961 2682 ε.
1008 2625 1109 2680 sub
1149 2623 1394 2678 examine
1435 2618 1738 2676 decessoris
1777 2619 1882 2674 mei
1918 2630 2030 2674 caa-

448 2724 614 2793 pisset
661 2735 924 2790 arguere,
992 2730 1273 2788 postquam
1323 2713 1387 2768 ad
1437 2713 1799 2784 cognitionem
1851 2724 2027 2766 meam

445 2825 660 2870 ventutn
704 2820 815 2876 est,
861 2825 1024 2881 super
1055 2808 1289 2862 basilicae
1327 2815 1486 2877 atque
1525 2807 1701 2874 pontis
1740 2802 2026 2856 immodico

445 2914 689 2974 sumptu,
724 2903 980 2958 Auxentii
1013 2901 1073 2955 \'.
1102 2902 1163 2953 ϐ.
1197 2915 1327 2953 voce
1361 2898 1676 2968 perstrictus
1704 2903 1805 2950 est.
1853 2893 2024 2961 Quem

445 2997 721 3072 Cyriades,
768 2997 852 3050 vir
897 2993 1079 3061 parilis
1124 2989 1418 3060 dignitatis,
1468 2998 1648 3044 mutua
1678 2986 2026 3042 accusatione

444 3090 671 3148 credidit
697 3086 1132 3144 remordendum.
1165 3083 1350 3139 Visum
1393 3093 1476 3139 est
1518 3083 1676 3152 igitur
1714 3093 2022 3136 accommo-

2137 1888 2473 1958 itnpetruvit,
2529 1889 2758 1944 recidiva
2810 1891 3113 1960 cogu'tione
3168 1889 3510 1959 refugerent,
3563 1897 3721 1956 atque

2137 1979 2266 2048 ipsis
2309 1980 2723 2035 consistentibus
2772 1982 3134 2047 cen~uis~cm,
3181 1991 3238 2034 ιιι
3281 1981 3554 2050 utriusque
3610 1993 3716 2034 tant

2133 2078 2400 2139 sumptus,
2432 2084 2590 2140 quam
2623 2069 3029 2125 aedificationem
3062 2071 3399 2141 ituestigatio
3425 2071 3717 2125 discussio-

2135 2163 2217 2216 nis
2265 2162 2603 2228 inquireret,
2667 2163 2723 2214 \’.
2761 2163 2818 2218 C.
2867 2163 3172 2218 Attxcntius
3215 2172 3440 2232 repente
3483 2164 3720 2216 deseruit

2129 2245 2444 2319 judicatum.
2473 2254 2544 2307 De
2569 2255 2722 2320 cujus
2748 2253 2885 2309 facto
2908 2257 3166 2308 misanrm
3199 2256 3529 2310 relationem.
3555 2269 3713 2322 quam

2132 2345 2439 2400 Sollicitudo
2485 2346 2775 2401 intcrmissi
2818 2349 2997 2414 operis
3039 2349 3304 2418 exigebat,
3337 2346 3438 2400 alia
3481 2347 3714 2399 mtuinis

2131 2439 2297 2494 vestri
2321 2439 2534 2493 decreti
2565 2455 2753 2495 rursus
2781 2441 2985 2512 accepi,
3012 2443 3200 2510 quibus
3232 2441 3462 2494 examini
3497 2456 3617 2495 meo
3650 2441 3710 2494 \'.

2129 2534 2191 2586 (ᾇ.
2219 2544 2275 2586 et
2311 2531 2657 2601 spectabilem
2705 2533 2962 2587 vicarium
3015 2536 3343 2600 copulastis,
3391 2542 3444 2585 ιιι
3488 2544 3712 2600 utroque

2130 2623 2420 2690 residente,
2468 2633 2714 2679 accusata
2765 2624 2941 2691 pontis
2986 2625 3107 2679 vitia
3151 2639 3541 2695 qua-rerenur.
3602 2623 3714 2678 Nec

2127 2715 2443 2785 obsequium
2493 2714 2660 2772 defuit
2708 2715 3002 2786 imperatis.
3055 2716 3235 2785 Itaque
3270 2714 3514 2769 adhibito
3553 2714 3619 2770 V.
3647 2714 3711 2768 C.

2128 2805 2366 2873 tribuno,
2407 2817 2462 2862 et
2503 2807 2714 2861 notario
2741 2805 3082 2876 Aphrodisia,
3121 2807 3206 2860 cui
3241 2814 3362 2876 post
3385 2805 3707 2862 Auxentium

2130 2897 2191 2951 ν.
2219 2894 2282 2952 C.
2311 2912 2566 2953 novarum
2610 2896 2947 2953 molitionuin
2998 2912 3126 2954 cura
3177 2898 3346 2965 legata
3390 2905 3492 2960 est,
3534 2895 3710 2951 habita

2125 2995 2208 3044 est
2249 2987 2318 3044 de
2348 2987 2430 3043 bis
2462 2989 2687 3059 qtuestio
2723 2988 2814 3058 qui
2853 2988 3034 3059 pontis
3077 2988 3317 3058 ejusdem
3367 2987 3706 3043 fundamenta

2129 3086 2442 3148 posuerunt.
2477 3081 2651 3150 Atque
2678 3080 2750 3135 ita
2779 3079 3022 3137 constitit
3051 3091 3251 3149 partem
3291 3082 3508 3137 brevem
3547 3089 3710 3150 atque

445 3183 572 3238 dum
616 3191 673 3236 ut
710 3182 986 3246 utriusque
1039 3175 1446 3233 aedificationem
1486 3175 1588 3229 fida
1621 3175 1912 3230 aestimaret
1944 3171 2026 3227 in-
2053 3159 2100 3224 C
2130 3173 2417 3227 discretam
2445 3172 2545 3228 sub
2574 3173 2796 3229 exordio
2823 3172 3032 3246 byemis
3062 3173 3362 3229 inchoatam
3396 3176 3444 3226 vi
3471 3173 3710 3228 ﬂuminis

442 3274 669 3343 erectio.
721 3270 851 3326 Dedi
883 3271 1150 3339 negotium
1185 3266 1449 3328 sollicitis,
1477 3273 1734 3334 quantum
1770 3263 2022 3330 arbitror,

445 3365 605 3430 viris,
651 3371 707 3418 et
745 3360 976 3432 Cyriade
1021 3375 1154 3428 pene
1196 3368 1510 3425 recusante,
1561 3355 1774 3412 decrevi
1820 3354 2026 3411 fabrilis

445 3455 576 3511 artis
614 3453 932 3524 magistros,
971 3466 1104 3521 quos
1137 3449 1448 3504 adversario
1475 3450 1739 3517 aequiores
1771 3446 2022 3517 putabat,

444 3545 784 3602 aestimationi
814 3543 994 3609 aperis
1022 3541 1386 3596 admovendus
1412 3557 1427 3595 :
1473 3549 1723 3594 manente
1750 3537 2024 3592 nihilomi-

443 3655 544 3695 nus
589 3653 754 3710 penes
797 3637 1119 3694 Auxentium
1173 3649 1300 3690 cura
1351 3643 1512 3704 atque
1557 3632 2026 3687 alministratione

443 3741 771 3802 coeptorum,
817 3729 960 3800 quod
1003 3729 1228 3784 necdum
1271 3727 1544 3781 aeternitas
1581 3737 1757 3781 vestra
1787 3722 2024 3779 ofliciunt

444 3825 562 3894 ejus
608 3824 953 3878 successione
1004 3827 1282 3874 mutasset.
1343 3817 1526 3886 Itaque
1573 3816 1777 3870 exactis
1823 3814 2026 3882 aliquot

444 3917 651 3982 diebus,
680 3924 735 3970 et
758 3912 932 3968 adhuc
952 3912 1219 3982 pendente
1243 3911 1421 3978 operis
1445 3908 1710 3974 examine,
1734 3908 2021 3977 apparitio,

445 4025 563 4077 qua:
598 4006 864 4062 Auxentio
900 4004 1074 4060 fuerat
1118 4003 1390 4073 deputata,
1442 4017 1538 4072 per
1581 3999 1849 4056 notarium
1891 3997 2022 4053 mihi

445 4100 571 4157 fecit
607 4098 892 4164 indicium,
923 4096 1230 4152 deseruisse
1254 4094 1609 4148 clarissimum
1638 4092 1812 4147 virum
1839 4105 2028 4146 susce-

445 4203 655 4264 ptorum
685 4204 868 4247 curant
896 4188 1160 4252 locorum,
1189 4195 1245 4241 et
1272 4185 1373 4239 sub
1401 4185 1518 4253 ipso
1550 4183 1751 4239 a'statis
1777 4183 2022 4250 exordio,

443 4303 549 4359 quo
576 4285 742 4356 possit
768 4280 1040 4355 profectus
1065 4278 1435 4334 aulilieationis
1461 4290 1768 4347 assurgere,
1798 4275 2024 4328 nihilum

445 4375 766 4449 promoveri.
817 4373 922 4430 Sed
955 4371 1076 4444 quia
1121 4369 1387 4426 senatoris
1432 4367 1552 4439 fuga
1599 4381 1706 4422 non
1743 4365 2027 4423 videbatur

446 4478 648 4524 temere
673 4464 976 4530 credenda,
1022 4471 1079 4516 ut
1121 4461 1408 4531 impensius
1448 4459 1813 4529 requireretur
1837 4458 2027 4510 admo-

2125 3270 2414 3331 corruisse,
2445 3269 2597 3337 cujus
2622 3269 2949 3338 impendium
2979 3269 3165 3340 viginti
3190 3268 3484 3324 solidorum
3509 3267 3704 3323 delini-

2127 3359 2272 3415 tio..e
2315 3360 2548 3416 artifices
2595 3353 2946 3416 :r-stit'naruut.
2990 3360 3096 3416 Sed
3139 3375 3295 3416 casus
3323 3359 3488 3429 partis
3532 3359 3705 3422 istius,

2129 3460 2222 3520 utp
2246 3460 2311 3506 ste
2347 3453 2521 3508 adhuc
2549 3467 2578 3504 a
2607 3462 2806 3508 cancro
2848 3467 3076 3522 corpore
3112 3463 3430 3522 segregata»,
3461 3451 3592 3507 nihil
3628 3451 3708 3506 vi-

2125 3541 2283 3596 detur
2312 3543 2519 3611 injuria:
2542 3543 2674 3598 locis
2703 3544 3024 3599 distantibus
3061 3544 3307 3600 attulisse
3334 3561 3349 3596 :
3377 3559 3534 3614 quam
3564 3543 3706 3597 facili

2125 3634 2480 3689 a'ilificatione
2523 3635 2871 3700 reparandam
2911 3634 3170 3706 Cyriades
3212 3634 3273 3690 V.
3306 3635 3369 3688 (Σ.
3403 3636 3703 3706 pollicetur.

2126 3725 2257 3779 Post
2291 3724 2405 3780 haec
2427 3725 2649 3781 alterius
2677 3726 2777 3782 luci
2806 3728 3105 3796 exploratio
3136 3726 3367 3783 Ιιίυιςιιιι
3394 3742 3705 3797 compagem

2127 3815 2361 3884 lapidum
2428 3816 2818 3887 deprehendit,
2885 3835 3043 3888 quam
3098 3820 3356 3892 Cyrades
3407 3834 3592 3874 comes
3653 3828 3709 3876 et

2127 3909 2468 3965 mechanicns
2493 3913 2721 3968 consilio
2749 3928 2848 3968 suo
2876 3923 2929 3969 et
2969 3916 3174 3970 ratione
3208 3928 3342 3968 artis
3370 3915 3438 3968 ita
3481 3915 3707 3983 positam

2127 4006 2484 4070 suggerebat,
2538 4014 2592 4056 ut
2638 4003 2812 4060 inluso
2863 4015 3045 4074 postea
3097 4006 3458 4071 impeisartttn
3504 4006 3710 4076 liquore

2127 4093 2326 4147 lt‘antia
2366 4094 2780 4162 stringerentur.
2824 4097 2979 4163 Quod
3023 4112 3145 4152 cum
3193 4095 3372 4153 facere
3411 4098 3709 4163 debuisset,

2128 4186 2468 4242 succedentis
2518 4187 2831 4243 industriam
2863 4189 3144 4246 affectasse
3185 4192 3363 4262 potius
3393 4191 3619 4260 dicitur,
3650 4201 3712 4247 ut

2127 4281 2181 4333 in
2208 4289 2384 4336 auctet
2399 4281 2442 4334 is
2471 4281 2720 4337 iniidiant
2752 4282 2854 4337 feni
2883 4294 2935 4338 et
2965 4300 3029 4353 sp
3049 4287 3131 4338 orti
3175 4286 3460 4355 manipulis
3490 4286 3707 4341 claude-

2125 4384 2336 4426 rentur.
2375 4373 2525 4440 Quod
2576 4387 2696 4428 cum
2747 4386 3013 4430 astro-Tel
3059 4377 3370 4431 recitatione
3412 4388 3704 4447 gestorum,

2128 4463 2324 4519 factum
2353 4467 2566 4535 quidem
2595 4469 2837 4522 urinandl
2869 4470 3057 4523 artifex
3091 4486 3198 4524 non
3227 4473 3438 4533 neaavit
3461 4513 3475 4534 ,
3508 4472 3601 4525 sed
3642 4489 3705 4526 ex

446 4564 557 4615 nui.
606 4559 702 4614 Diu
733 4569 995 4627 nusquam
1026 4554 1262 4625 gentium
1292 4553 1660 4621 deprehensus
1683 4595 1699 4621 ,
1732 4551 1826 4606 ubi
1855 4553 2020 4606 cotni-
2054 4533 2106 4595 Ῑ)
2130 4570 2230 4610 usu
2255 4533 2455 4626 operis,
2483 4572 2589 4613 non
2617 4561 2669 4613 in
2700 4559 2890 4615 dehon~
2911 4573 3232 4617 stamentutn
3262 4563 3502 4633 Cyriadis
3551 4561 3614 4618 V.
3645 4563 3706 4619 (Ζ.

449 4666 614 4708 latum
642 4667 851 4708 sacrum
882 4648 1114 4704 numinis
1144 4646 1307 4701 vestri
1333 4646 1483 4701 adire
1504 4645 1689 4715 jussus
1717 4654 1820 4712 est,
1844 4647 2025 4700 evola-

447 4757 540 4802 vt.
590 4747 795 4800 Interea
833 4742 1120 4814 Cyriades,
1149 4739 1214 4794 V.
1243 4739 1305 4795 Ο.
1337 4752 1520 4793 comes
1561 4747 1616 4792 et
1654 4736 2020 4801 mechanicas,

443 4853 564 4892 cum
607 4845 861 4892 statutum
908 4848 1085 4888 meum
1115 4832 1359 4886 discessu
1388 4829 1505 4899 ejus
1537 4828 1742 4884 videret
1781 4829 2022 4897 elusum,

447 4929 670 4983 multum
723 4928 922 4981 anxius
967 4940 1036 4981 ne
1084 4924 1210 4992 quid
1262 4922 1314 4977 itt
1359 4922 1638 4976 absentem
1682 4920 2026 4975 adversarius

447 5020 719 5083 moliatur,
764 5027 821 5071 ut
859 5014 1143 5072 aeternitati
1170 5023 1361 5070 vestra:
1407 5021 1462 5067 et
1507 5012 1826 5067 relationem
1859 5011 1921 5066 V.
1953 5011 2018 5066 Ο.

449 5109 857 5182 ιινιεάθρθεεοιὶε
885 5109 1012 5174 mei,
1042 5117 1099 5162 ct
1126 5120 1268 5162 nunc
1295 5114 1410 5160 acta
1439 5120 1810 5175 suggercrcm,
1857 5105 2024 5175 depo-

446 5205 651 5273 poscit:
683 5201 766 5257 cui
793 5201 1116 5257 audientiam
1145 5215 1339 5270 negare
1377 5214 1483 5252 non
1515 5200 1691 5268 potui;
1725 5199 1911 5252 eadem
1940 5200 2022 5252 via

447 5305 715 5367 praecepto
752 5295 984 5350 numinis
1017 5293 1180 5349 vestri
1209 5292 1430 5359 cupiens
1477 5291 1691 5346 edoceri
1729 5290 1852 5362 quid
1887 5291 2026 5346 facto

447 5403 573 5442 usus
601 5389 673 5443 sit
720 5388 788 5441 de
824 5388 1180 5441 mltimatione
1213 5394 1542 5451 sumptuum,
1573 5397 1708 5452 quos
1749 5383 2026 5454 utriusque

447 5481 734 5549 insumpsit
776 5478 1076 5547 espensio:
1124 5475 1388 5545 siquidem
1438 5490 1613 5528 meum
1657 5485 1864 5543 Spectat
1907 5475 2023 5528 olli-

445 5585 476 5623 c
499 5587 585 5623 ttm
609 5570 872 5640 jacturam
905 5571 1142 5637 pecunia!
1193 5567 1416 5636 publica:
1452 5581 1556 5619 non
1588 5575 1785 5620 lacere.
1844 5566 2027 5622 Fidem

447 5661 636 5716 literis
663 5662 861 5716 sociata
889 5659 1418 5731 gesmpraestabunt.
1465 5657 1598 5724 Quze
1631 5658 1720 5713 ubi
1751 5658 1816 5712 ad
1847 5673 2030 5714 sacras

446 5765 605 5808 aures
641 5751 987 5822 percnnitatis
1015 5758 1207 5807 vestra:
1245 5749 1461 5806 tecitata
1508 5751 1844 5816 pervenerint
1871 5794 1884 5815 ,
1929 5766 2026 5805 oro

2125 4649 2429 4717 asserebat,
2499 4652 2796 4709 remedium
2865 4655 3168 4724 huiusmodi
3229 4671 3351 4712 esse
3413 4659 3707 4728 provisum.

2127 4740 2280 4796 Tunc
2321 4744 2729 4813 responsionum
2775 4748 3030 4802 varietate
3070 4750 3347 4819 commoti,
3377 4752 3710 4805 cocicuimus

2127 4848 2158 4888 a
2189 4834 2475 4902 prxteritis
2504 4835 2916 4907 discrepantem.
2959 4841 3029 4892 At
3060 4840 3147 4894 ille
3174 4840 3456 4911 Cyriadem
3495 4844 3592 4897 sibi
3636 4848 3710 4913 ait

2127 4924 2328 4981 dudum
2378 4926 2539 4981 fuisse
2578 4930 2788 4983 tc-rori.
2833 4928 2986 4997 Quod
3016 4930 3272 4986 credibile
3301 4949 3407 4986 non
3457 4935 3664 4987 videtur
3693 4977 3709 4999 ,

2129 5031 2251 5073 cum
2284 5019 2426 5074 illius
2455 5021 2710 5088 temporis
2740 5021 2985 5089 cognitor
3020 5022 3086 5075 ad
3128 5022 3284 5077 fidem
3316 5025 3424 5078 veri
3454 5025 3709 5078 destricta

2124 5113 2424 5180 quastione
2455 5113 2778 5179 pervenerit.
2812 5113 3016 5168 Interea
3039 5115 3294 5186 Cyriades
3324 5117 3383 5171 ν.
3410 5117 3469 5172 C.
3502 5118 3708 5173 facilem

2134 5212 2473 5270 prospectum
2517 5219 2637 5256 esse
2677 5206 2942 5272 suggessit
2987 5209 3164 5274 operis
3205 5208 3506 5272 sarciendi,
3557 5211 3712 5279 cujus

2131 5294 2500 5356 s:abilitatent,
2545 5297 2677 5350 sicut
2723 5308 2983 5352 assertum
3025 5309 3126 5364 est,
3171 5303 3355 5370 hyetns
3401 5305 3554 5357 tertia
3604 5319 3709 5358 non

2134 5401 2172 5439 τε
2195 5402 2221 5438 s
2244 5388 2372 5440 'Ivit.
2426 5387 2541 5455 ipse
2582 5399 2757 5441 autem
2786 5389 2853 5442 de
2883 5390 3324 5446 :cdificatiouilius
3352 5396 3596 5447 Ausi-utii
3649 5395 3708 5448 V.

2135 5474 2194 5528 (Ξ.
2225 5489 2278 5530 ct
2306 5477 2372 5530 de
2401 5479 2746 5546 usurpatione
2776 5478 3045 5535 ἱιιιιιιι-ιιίοι
3074 5484 3188 5537 auri
3217 5487 3470 5538 nonnulla
3504 5486 3712 5540 indictis

2135 5568 2416 5623 itttitttatvtl.
2475 5572 2605 5636 Quae
2670 5570 2790 5624 ideo
2853 5570 3136 5627 Gcalut’lllll
3206 5575 3407 5644 paginis
3460 5578 3713 5645 applicari

2133 5660 2326 5728 piat’lIll
2358 5669 2412 5715 ut
2443 5660 2715 5717 aternitas
2754 5675 2947 5729 vrstra,
2981 5667 3188 5720 tune-tis
3214 5681 3308 5734 per
3334 5669 3576 5722 ordinem
3624 5684 3714 5735 pa-

2137 5754 2332 5808 titnter
2381 5753 2595 5820 auditis,
2635 5756 2918 5825 providere
2959 5757 3208 5829 dignetur
3267 5760 3714 5829 quctu-idtuodutu
