4300 6476
525 408 628 460 585

1775 434 2254 491 lil'lS'l‘ULARUM
2297 437 2497 492 LIBER
2545 439 2606 494 Χ.

3702 454 3807 511 386

532 546 701 599 vendo
751 551 970 611 nomini,
1009 550 1089 601 vel
1146 550 1368 604 edeudm
1413 551 1604 605 rationi
1646 552 1770 606 fecit
1827 555 2111 610 obnoxios.
2143 561 2192 619 Α
2221 560 2564 628 retinebit,et
2589 564 2891 634 plerosque,
2917 567 3460 637 titarbitrorjthtitts,
3486 585 3529 626 Si
3551 575 3639 642 qui
3668 576 3805 634 forte

531 637 712 706 Itaque
758 654 803 690 eu
857 656 884 690 ιι
917 639 974 692 ν.
1001 639 1063 693 C.
1093 655 1156 694 ac
1188 642 1565 709 probatissimo
1600 643 1786 697 Anicio
1842 644 2028 713 Basso,
2059 656 2113 698 ct

530 729 752 781 Aventio
780 731 890 783 viro
916 733 1190 794 spectabili
1230 733 1561 800 frequentata
1594 734 1853 802 cognitio,
1881 743 1936 788 et
1965 739 2111 788 so‘u-

530 834 634 876 tam
668 825 923 893 majorem
957 836 1158 894 partem
1190 827 1353 880 debiti
1398 827 1774 892 deprellendit,
1798 838 1851 883 et
1883 834 2110 896 provin-

527 918 734 971 cialimn
762 918 1000 987 judicmn
1049 922 1246 989 rep-erit
1285 923 1630 988 spoasionetu
1685 940 1698 974 ί
1742 936 1848 992 qua
1877 921 2111 992 professi

526 1019 671 1072 sunt,
720 1009 766 1061 si
806 1008 1066 1062 urbanum
1099 1024 1331 1064 cessaret
1361 1013 1620 1075 officiunt,
1649 1027 1747 1082 per
1775 1029 1835 1068 se
1861 1015 2018 1081 hujus
2047 1013 2113 1068 ti-

535 1102 627 1150 tuti
653 1102 1005 1167 integritatem
1043 1117 1199 1169 posse
1228 1102 1435 1157 sarciri.
1471 1104 1593 1158 Hmc
1624 1104 1805 1172 igitur,
1829 1105 1872 1158 si
1905 1103 2111 1174 legibus

525 1189 894 1256 conferantur,
927 1179 1588 1260 pronuntiabitazternitas
1618 1206 1791 1249 vestra
1823 1197 1874 1251 in
1907 1197 2114 1265 profes-

526 1299 678 1339 suone
703 1301 885 1340 verum
914 1304 1036 1344 esse
1067 1304 1279 1353 nexum,
1307 1289 1357 1343 in
1381 1290 1800 1344 comminatione
1824 1301 2108 1346 terrorem.

527 1381 682 1444 Quid,
713 1383 851 1450 qttod
913 1383 1150 1451 proxima
1206 1383 1470 1452 apparitio
1516 1383 1774 1453 cogendis
1807 1385 2113 1452 provincia-

525 1485 642 1523 rum
668 1472 937 1538 judicitius
968 1473 1203 1540 admota,
1237 1490 1386 1543 spent
1418 1476 1615 1530 debitis
1646 1477 1898 1531 eruendus
1921 1477 2112 1533 fecisse

524 1569 854 1636 suggeritur;
890 1584 994 1623 non
1021 1578 1106 1624 est
1135 1584 1313 1623 meum
1349 1571 1502 1624 fama
1540 1572 1739 1623 incerta
1783 1569 1998 1625 sectari.
2027 1570 2113 1624 ln-

524 1666 705 1718 veuiet
725 1666 904 1720 divina
927 1668 1180 1733 majestas
1210 1675 1298 1720 tua
1327 1681 1424 1720 cur
1455 1667 1581 1720 huic
1619 1664 1887 1718 exactioni
1919 1679 2111 1733 perpes

524 1772 649 1810 cura
689 1758 937 1812 defuerit.
984 1759 1114 1813 Nam
1145 1774 1389 1813 socerum
1421 1773 1599 1812 meum
1643 1757 1958 1812 clarissima:
1994 1772 2104 1812 me-

526 1848 710 1900 moria:
742 1851 911 1901 virum
937 1847 1162 1903 Orfitum
1198 1849 1326 1914 petit
1373 1849 1472 1901 ista
1504 1847 1708 1902 molitio
1756 1864 1770 1899 :
1803 1849 1958 1918 cujus
1999 1847 2108 1903 lue-

2219 654 2506 722 provinciis
2529 659 2720 713 vestris
2752 661 2890 714 male
2920 663 3067 715 abusi
3099 672 3241 716 sunt.
3267 664 3335 718 At
3358 679 3486 719 vero
3516 671 3802 734 poSIeritas

2215 743 2438 800 illustris
2459 749 2730 803 memoriae
2761 751 2857 804 viri
2878 754 3051 815 Orfiti,
3076 753 3207 808 nihil
3238 771 3300 809 ex
3327 755 3418 810 illo
3447 756 3617 825 aliud,
3641 777 3801 829 quam

2213 840 2424 907 generis
2454 842 2662 909 insigne
2691 843 2951 911 qumsivit.
2992 845 3120 900 Mea:
3153 858 3329 901 tamen
3364 847 3571 916 injuri;e
3600 861 3683 904 est
3704 853 3804 907 iSta

2213 933 2503 999 suggestio.
2531 932 2661 987 Nam
2691 936 2932 990 tenuitati
2976 936 3118 990 illius
3167 938 3473 1006 frequenter
3505 941 3802 1009 exhausxe,

2214 1035 2371 1076 nemo
2418 1033 2775 1091 testamento,
2809 1042 2966 1080 nemo
3008 1040 3249 1082 nostrum
3278 1030 3538 1083 bonorum
3568 1032 3806 1086 aditiime

2214 1118 2493 1172 successit.
2527 1118 2676 1174 Unde
2700 1120 2951 1190 intelligit
2979 1122 3267 1175 clementia
3302 1131 3504 1190 vestra,
3533 1123 3672 1192 quod
3697 1142 3802 1178 non

2215 1223 2360 1267 metu
2393 1213 2668 1269 familiaris
2688 1230 2883 1280 eansze,
2911 1230 3032 1285 quae
3053 1216 3258 1285 legibus
3291 1225 3403 1270 tuta
3427 1227 3531 1282 est,
3554 1218 3645 1270 sed
3671 1229 3805 1271 tem-

2217 1323 2401 1374 porum
2421 1324 2608 1364 ainore
2627 1310 2889 1365 sollicitor
2916 1328 2982 1365 ue
3006 1311 3072 1365 ad
3101 1313 3458 1367 innocentiam
3490 1314 3601 1369 fisci
3638 1317 3800 1370 vestri

2215 1397 2542 1456 infructuosa
2575 1411 2780 1456 tantum
2805 1410 3047 1456 recurrat
3087 1402 3304 1455 invidia.
3342 1402 3410 1457 Et
3438 1403 3553 1458 haec
3581 1404 3797 1474 quidem

2213 1492 2439 1556 cursim,
2464 1507 2532 1547 ne
2547 1492 2856 1547 mandatum
2879 1493 3150 1564 negatium
3175 1494 3672 1563 comperendinatio
3693 1495 3778 1551 dif
3779 1525 3800 1537 —

2215 1580 2409 1645 ferret,
2443 1592 2643 1637 tantum
2675 1599 2772 1654 pro
2821 1585 3066 1654 conjugis
3107 1599 3240 1639 mea:
3287 1586 3612 1642 Rusticiana:
3640 1587 3704 1642 ϐ.
3735 1588 3797 1642 F.

2213 1683 2362 1740 parte
2389 1672 2608 1741 quaesita
2639 1683 2767 1728 sunt
2797 1691 2810 1728 :
2843 1677 2995 1746 cujus
3023 1691 3277 1746 germana
3317 1678 3485 1733 multo
3524 1689 3716 1749 august
3736 1696 3800 1734 or

2213 1768 2553 1824 facultatibus
2580 1786 2644 1826 ex
2692 1771 2919 1826 Etruria:
2963 1773 3268 1844 longinquis
3293 1775 3484 1830 adesse
3532 1786 3796 1846 praecepta

2211 1879 2315 1924 est.
2349 1869 2597 1924 Vestrum
2628 1884 2754 1924 vero
2781 1869 3017 1925 salutare
3046 1886 3243 1926 numen
3272 1887 3459 1927 omnes
3490 1887 3796 1941 precamur,

526 1938 680 1991 redes
710 1938 771 1991 V.
797 1939 858 1993 (Σ.
898 1951 952 1994 et
979 1940 1199 1994 illustris
1238 1939 1539 1994 ofticinrum
1571 1944 1827 2008 magister
1863 1941 2110 2035 ascripsit
2141 1931 2186 1992 Il
2216 1977 2283 2017 ne
2304 1963 2443 2033 quod
2472 1963 2541 2020 de
2571 1973 2650 2018 ιοι
2681 1964 2972 2033 provinciis
2999 1978 3097 2033 pro
3120 1964 3327 2034 majore
3353 1931 3505 2035 par“;
3527 1966 3637 2035 iam
3668 1931 3795 2021 red;

523 2033 714 2087 litteris
745 2036 877 2100 suis,
902 2050 1022 2089 cum
1049 2047 1150 2088 tua-
1183 2035 1615 2089 mansuetudinis
1646 2033 1964 2090 verecundia
1990 2035 2110 2089 nul-

522 2125 634 2180 lum
681 2142 837 2182 sacro
877 2129 1098 2184 oraculo
1149 2145 1346 2184 nemon
1394 2133 1745 2199 expresserit.
1798 2131 1934 2198 Quid
1979 2146 2110 2201 ergo

520 2223 823 2277 etistimcm
855 2229 1048 2278 merito
1079 2224 1221 2279 illius
1245 2227 1462 2290 factum,
1497 2225 1585 2294 qui
1613 2226 1784 2292 major
1812 2223 2108 2280 honoribus

519 2330 678 2381 quam
726 2317 1061 2370 facultatibus
1089 2329 1213 2372 ante
1242 2334 1412 2372 annos
1451 2319 1562 2374 fere
1593 2320 1897 2390 quindecim
1944 2320 2104 2374 vitam

521 2406 761 2475 peregit?
792 2417 848 2460 ut
869 2410 1214 2462 comminatio
1247 2425 1387 2478 saepe
1429 2412 1564 2466 lecta
1588 2454 1602 2476 ,
1637 2427 1851 2482 semper
1882 2415 2102 2479 omissa,

517 2508 571 2551 et
601 2514 751 2553 novis
776 2509 894 2568 post
913 2503 1119 2569 sepulta
1149 2503 1401 2570 decretis,
1425 2522 1582 2573 quam
1608 2514 1781 2576 n‘eque
1809 2508 1890 2562 lex
1913 2508 2104 2564 divalis

517 2594 769 2658 admittit,
821 2605 875 2650 et
903 2597 1100 2651 solutio
1131 2614 1335 2666 magna:
1368 2600 1533 2668 partis
1561 2602 1811 2666 exclusit,
1859 2611 2105 2670 resurgat

517 2691 567 2740 in
597 2698 890 2755 mortuum,
922 2707 1041 2760 quze
1066 2706 1170 2746 ιιοιι
1198 2692 1298 2745 fuit
1318 2703 1440 2747 ante
1465 2695 1705 2748 viventi?
1729 2697 1806 2749 An
1839 2696 1976 2750 inea
2004 2711 2100 2765 po-

515 2784 619 2835 tius
647 2785 988 2839 contumeliae
1018 2800 1205 2848 causa,
1230 2798 1284 2840 et
1315 2787 1559 2840 ordinem
1591 2797 1667 2842 tot
1697 2796 1752 2843 et
1775 2788 1959 2864 talium
1991 2797 2103 2842 stac

516 2889 772 2945 tu'orum,
820 2888 875 2934 et
916 2879 1022 2934 divi
1059 2881 1298 2936 Gratiani
1355 2891 1625 2936 recentem
1661 2884 2097 2950 praceptionem,

513 2978 568 3023 et.
604 2971 967 3025 discusserum
1013 2971 1375 3042 diligentiam,
1424 2984 1472 3026 et
1510 2972 1887 3039 praefectorum
1918 2971 2099 3039 cogni-

513 3063 707 3127 tiones,
737 3069 792 3116 et
823 3061 1099 3116 relationis
1125 3060 1283 3116 fidem
1309 3063 1460 3115 novis
1491 3061 1921 3131 suggestiunibus
1951 3060 2096 3116 arbi-

513 3168 622 3212 trer
647 3157 920 3212 sauciari?
943 3157 1135 3212 Testor
1165 3157 1443 3211 custodem
1480 3155 1712 3210 numinis
1737 3155 1898 3210 vestri
1927 3155 2094 3208 ficum

512 3249 642 3304 nihil
695 3265 838 3318 esse,
886 3250 1032 3319 quod
1086 3249 1282 3320 injuria
1322 3250 1516 3320 dignus
1564 3250 1860 3304 existimer.
1903 3250 2096 3316 Quieto

511 3346 640 3400 mihi
667 3346 804 3400 banc
829 3345 1200 3414 praefecturam
1224 3346 1341 3400 sine
1365 3346 1472 3400 ulla
1495 3345 1778 3400 affectione
1810 3344 2092 3399 tribulatis.

512 3437 569 3492 Si
592 3452 759 3508 quem
801 3437 937 3492 forte
969 3436 1179 3492 mordet
1217 3435 1440 3501 invidia,
1486 3438 1530 3490 si
1560 3437 1785 3498 alicujus
1816 3434 2098 3489 desideriis

515 3533 650 3602 reip.
686 3545 869 3586 amore
907 3546 1011 3586 non
1043 3533 1332 3595 cessimus,
1363 3529 1562 3596 cogitet
1600 3527 1805 3598 privata
1836 3527 1957 3580 odia
2003 3526 2099 3579 ad-

512 3643 722 3684 versum
764 3627 908 3695 leges
935 3626 1234 3682 exercenda
1265 3638 1370 3677 non
1397 3638 1541 3678 esse.
1582 3622 1862 3676 Postremo
1898 3635 2097 3687 cogno-

511 3728 642 3785 scat,
673 3719 719 3774 si
758 3719 878 3789 quis
901 3717 990 3772 ille
1013 3726 1116 3782 est,
1144 3731 1229 3772 me
1273 3729 1530 3782 memque
1555 3714 1952 3767 successionem
1981 3711 2091 3764 cla.

510 3813 736 3868 tissime
759 3821 919 3882 atque
958 3809 1335 3865 illustrissimus
1364 3804 1636 3859 memoriae
1663 3803 1760 3856 viri
1792 3799 1966 3863 Orfiti,
1995 3816 2094 3857 ne-

507 3925 612 3978 que
637 3907 848 3962 ratione
872 3904 1034 3975 juris,
1081 3916 1254 3972 neque
1285 3902 1544 3954 bonorum
1574 3896 1807 3950 aditione
1837 3895 2091 3961 ccepisse.

507 4004 702 4071 Quaeso
740 4002 900 4073 igitur
947 4016 1016 4054 ne
1058 4000 1110 4052 in
1156 3996 1535 4052 contumeliam
1591 3992 1776 4061 judicii
1819 3991 2008 4057 vestri,
2041 4001 2095 4046 et

510 4093 639 4164 juri,
678 4102 734 4148 et
779 4089 1100 4146 innocentim
1135 4088 1276 4142 fraus
1310 4092 1547 4156 paretur.
1577 4082 1801 4151 Quando
1831 4083 1971 4136 enim
2001 4081 2096 4134 ab-

507 4185 749 4241 sentibus
805 4193 965 4253 atque
1013 4179 1387 4250 ignorantibus
1439 4177 1581 4233 inter
1607 4177 1743 4231 alios
1789 4185 1936 4247 gesta
1993 4190 2093 4229 no-

507 4273 769 4331 cuerunt?
818 4272 949 4340 Quis
993 4286 1228 4340 unquam
1279 4270 1601 4325 sintentiam
1645 4268 1883 4322 numinis
1929 4267 2093 4322 vestri

508 4365 777 4421 inauditus
801 4363 1049 4432 excepit?
1092 4360 1318 4430 Quando
1345 4359 1695 4415 comminatio
1735 4359 1800 4411 ad
1849 4357 2095 4412 heredes

508 4471 676 4525 usque
715 4465 960 4525 porrecta
985 4454 1106 4510 est?
1148 4452 1308 4506 Certe
1339 4461 1396 4505 ιιι
1424 4451 1592 4520 ipsam
1621 4464 1838 4505 causam
1883 4450 2090 4519 loquar,

507 4563 625 4619 quae
676 4563 796 4618 me,
843 4562 906 4603 ac
954 4547 1378 4604 necessitudines
1436 4559 1583 4599 meas
1624 4545 1775 4600 vobis
1822 4544 2090 4615 propitiis,

2209 2056 2405 2125 ditum,
2448 2055 2625 2111 adhuc
2668 2055 2900 2110 difficilis
2945 2055 3208 2125 exsculpit
3234 2059 3464 2122 exactio,
3509 2059 3799 2112 senatorias

2209 2145 2401 2202 domus
2445 2146 2714 2215 inopinata
2766 2146 2914 2200 labes
2956 2156 3210 2214 speretur
3259 2161 3418 2211 posse
3465 2150 3793 2217 persolvere.

2208 2242 2388 2297 Multis
2434 2241 2681 2297 nocuerit
2729 2241 2829 2295 ista
2877 2241 3146 2302 conditio,
3195 2240 3286 2309 qui
3326 2241 3536 2309 reipub.
3570 2244 3797 2307 pratfue-

2205 2347 2354 2395 runt.
2387 2338 2570 2408 Neque
2614 2337 2757 2391 enim
2799 2339 2890 2404 jus
2938 2338 3119 2395 tuerit,
3171 2344 3230 2388 ut
3277 2349 3384 2389 una
3415 2335 3609 2390 familia
3657 2353 3796 2390 novo

2205 2430 2537 2499 opprimatur
2583 2428 2855 2494 exemplo.
2899 2429 3092 2494 Quasi)
3146 2428 3308 2496 igitur
3357 2436 3414 2480 ut
3456 2436 3630 2497 gesta,
3673 2445 3794 2496 qua:

2206 2519 2365 2575 fidem
2400 2521 2676 2574 relationis
2704 2531 2951 2573 asserunt
2973 2561 2988 2583 ,
3038 2520 3224 2574 audire
3254 2518 3573 2588 dignemini,
3623 2522 3795 2590 leges-

2202 2630 2306 2685 que
2378 2618 2799 2684 perco-nseatis:
2865 2629 3090 2684 quarum
3155 2614 3469 2681 plerumque
3537 2614 3791 2668 duritiam

2206 2721 2303 2775 po
2343 2707 2626 2761 clementia
2670 2717 2847 2760 vestra
2889 2706 3122 2759 decretis
3175 2706 3604 2762 moderatoribus
3657 2719 3794 2764 teni-

2204 2800 2450 2870 perastis.

2812 2867 3024 2923 EPIST.
3075 2866 3184 2922 LV.

2236 2971 2288 3012 υ.
2331 2972 2626 3013 τηεουοειο
2661 2972 2868 3013 BEIPBB
2905 2971 3028 3013 Δυο.
3069 2970 3378 3011 δῑιιιιλυιιιιε
3416 2971 3586 3011 enitr.
3628 2973 3750 3012 uno.

2275 3068 2522 3125 Felicitas
2573 3070 2787 3138 quidem
2840 3079 3020 3124 vestra
3075 3069 3371 3124 indefessas
3417 3069 3572 3126 RR.
3603 3073 3788 3139 cupias

2201 3161 2501 3229 pollicetur,
2537 3160 2598 3214 D.
2628 3162 2940 3228 imperator.
2971 3160 3076 3216 Sed
3117 3161 3551 3229 cautiojudicum
3589 3176 3786 3233 sugge-

2200 3253 2364 3306 renda
2397 3267 2504 3306 non
2533 3252 2756 3313 deserit.
2786 3261 2844 3306 ut
2871 3252 3147 3323 diligentia
3181 3254 3408 3318 muniat,
3435 3255 3577 3324 quod
3600 3258 3789 3310 melior

2203 3341 2409 3396 fortuna
2453 3344 2734 3410 promittit.
2771 3342 3048 3398 Frumenti
3099 3345 3445 3413 quotidianus
3475 3362 3602 3401 usus
3628 3350 3678 3400 in
3709 3350 3788 3400 fa-

2200 3433 2289 3486 cili
2338 3445 2455 3498 est;
2497 3435 2600 3486 olei
2645 3443 2847 3486 tantum
2878 3436 3091 3504 species
3118 3437 3313 3489 victum
3358 3436 3527 3506 plebis
3556 3439 3786 3493 tenuiter

2199 3527 2407 3581 invecta
2436 3527 2708 3581 sollicitat.
2733 3528 2898 3597 Cujus
2921 3531 2996 3582 rei
3026 3529 3085 3582 V.
3117 3530 3177 3583 (Σ.
3208 3530 3360 3599 ριίιιῐ.
3391 3545 3638 3598 annonae,
3670 3551 3786 3602 par-

2199 3619 2329 3672 tium
2372 3633 2590 3673 suarum
2645 3619 2875 3688 diligens
2926 3631 3232 3688 exsecutor,
3281 3624 3613 3691 prmlmiattze
3667 3642 3783 3680 am-

2199 3709 2453 3778 plissimas
2493 3708 2846 3780 praefecturas,
2902 3723 2962 3765 ut
3017 3713 3132 3780 ipse
3177 3717 3392 3781 asserit,
3424 3717 3622 3770 dudum
3657 3717 3781 3772 frle

2197 3802 2473 3870 indicium,
2521 3802 2698 3856 missis
2727 3803 2795 3857 de
2827 3817 2976 3860 more
3023 3804 3300 3871 brevibus,
3342 3822 3463 3876 qua:
3508 3809 3781 3879 angustias

2199 3892 2561 3959 patefacerent
2589 3891 2949 3949 conditorum.
2977 3896 3084 3951 Sed
3111 3897 3516 3966 ingravescente
3539 3899 3777 3966 defectu,

2194 3984 2342 4038 sileri
2374 3985 2514 4052 apud
2545 3985 2886 4041 clementiam
2920 3998 3153 4043 vestram
3183 3989 3370 4059 patrias
3400 4006 3525 4045 cura
3558 4007 3662 4046 non
3684 3993 3753 4048 de

2195 4075 2330 4142 buit,
2362 4075 2515 4144 cujus
2552 4091 2696 4146 spes,
2725 4086 2887 4148 atque
2917 4095 3047 4148 opes
3077 4081 3339 4134 bonorum
3371 4081 3670 4152 principum
3697 4087 3777 4139 fa-

2196 4179 2327 4220 vore
2350 4167 2712 4222 cumulantur.
2750 4169 2929 4235 Quare
2957 4185 3147 4225 omnes
3194 4174 3504 4240 suppliciter
3524 4189 3778 4241 oraums,

2193 4258 2240 4313 si
2288 4261 2611 4329 exspeCtatis
2661 4275 2871 4330 preces,
2927 4263 3016 4331 qui
3049 4273 3167 4316 vota
3221 4267 3464 4318 omnium
3502 4266 3778 4323 beneficiis

2197 4354 2532 4422 praavenitis;
2559 4363 2617 4409 ut
2637 4369 2797 4422 quam
2823 4354 3050 4422 primum
3078 4356 3287 4424 judices
3315 4356 3595 4412 Africanos
3615 4375 3780 4428 super

2194 4442 2296 4498 hac
2330 4445 2509 4512 specie
2539 4443 2794 4498 Romanis
2817 4445 3026 4498 ltorreis
3056 4445 3329 4500 inferenda
3359 4447 3573 4501 divinus
3595 4466 3778 4503 sermo

2193 4533 2505 4589 distimulet.
2535 4534 2667 4589 Nam
2691 4547 2975 4604 properato
3002 4551 3138 4604 Opus
3164 4552 3282 4600 est,
3308 4541 3616 4609 priusquam
3650 4542 3778 4595 reli-

507 4640 652 4694 nullo
676 4638 800 4709 jure
827 4637 1123 4708 contingit,
1167 4651 1292 4706 pars
1327 4635 1498 4706 major
1525 4635 1692 4692 debiti
1721 4635 1893 4690 soluta
1932 4650 2090 4690 mon-
2116 4671 2170 4732 Β
2193 4643 2357 4698 quum
2406 4628 2653 4732 profliget
2678 4628 2927 4683 diuturna
2960 4631 3225 4696 prarbitio.
3260 4631 3451 4687 Addite
3481 4637 3641 4703 igitur
3669 4635 3771 4689 hoc

507 4739 742 4784 strator:
772 4729 826 4783 in
854 4727 1190 4783 evidentibus
1219 4727 1525 4782 nominibus
1573 4741 1698 4796 pars
1724 4728 1945 4783 resedit.
1986 4726 2092 4781 Cu-

501 4821 591 4890 jus
617 4817 796 4874 studio
829 4817 1141 4873 absolvendi
1169 4828 1297 4873 sunt
1325 4819 1617 4884 debitores,
1647 4830 1705 4873 ut
1747 4820 2091 4886 implicentur

503 4909 752 4967 innoxii?
777 4909 954 4978 Quare
993 4909 1206 4963 insitam
1238 4908 1442 4963 divinis
1486 4923 1560 4962 se.
1619 4909 1734 4964 ibus
1760 4910 1956 4963 vestris
1992 4925 2090 4964 oro

499 5004 892 5075 juStitiam,.ne
936 5002 1224 5057 adversum
1273 5001 1381 5055 divi
1414 4998 1656 5054 Gratiani
1684 4998 2086 5065 diffinitionem,

506 5095 788 5150 adversum
819 5093 1079 5161 rescripta
1119 5103 1195 5148 tot
1229 5094 1552 5162 principum,
1582 5093 1672 5161 qui
1705 5092 1972 5161 praafectis
1996 5094 2091 5148 de-

504 5191 609 5242 bita
631 5187 864 5243 eruenda
893 5188 1240 5251 mandarunt,
1273 5189 1558 5241 adversum
1594 5185 1932 5249 relationem,
1965 5198 2086 5252 qua:

503 5289 802 5341 uberiorem
823 5298 1088 5338 summam
1111 5284 1294 5338 docuit
1315 5285 1637 5343 exsplutam,
1664 5282 1930 5350 reliquum
1957 5296 2086 5333 vero

500 5384 790 5438 secundum
810 5391 1073 5436 rectorum
1094 5381 1299 5434 litteras
1313 5380 1735 5448 exsculpeudum
1751 5379 1818 5432 ab
1832 5379 2085 5433 obnoxiis

501 5477 789 5536 iutimavit;
815 5476 1028 5543 ignaros
1049 5474 1246 5542 negotii
1272 5482 1325 5526 et
1353 5482 1585 5540 paterna:
1617 5470 2087 5524 luereditaiisalie-

501 5581 619 5632 nos,
661 5564 858 5632 pulsari
912 5564 1202 5630 incongrua
1250 5573 1520 5626 conventu
1557 5578 1604 5615 ie
1647 5561 1893 5627 patiaris;
1947 5574 2082 5615 neve

499 5658 804 5728 exemplum
821 5672 1018 5710 novum
1038 5657 1156 5725 pius
1173 5656 1462 5719 imperator
1479 5654 1720 5718 inducas,
1743 5657 2081 5710 utsuccessio

500 5749 830 5817 optimatium
850 5744 1013 5821 [ιιιιιιι.
1043 5748 1140 5816 leg.
1169 5745 1564 5817 optimatumY].
1584 5748 1672 5814 qui
1695 5749 1827 5814 reip.
1856 5747 2080 5814 prmfue-

503 5850 639 5899 runt.
658 5841 721 5892 ad
747 5841 936 5899 liberos
959 5854 1143 5894 secura
1161 5854 1264 5894 non
1283 5849 1536 5892 nauseat.
1562 5838 1751 5892 .‘lfultos
1768 5836 1883 5891 lucc
1902 5834 2072 5892 forma

2194 4736 2388 4775 munus
2429 4720 2660 4790 «cteris,
2687 4737 2806 4791 qua:
2849 4737 3106 4790 praeiere
3132 4725 3457 4795 consuestis,
3501 4740 3554 4781 ut
3585 4743 3778 4784 cuncta

2192 4812 2374 4867 saeculi
2403 4813 2541 4869 bona
2567 4813 2678 4882 pari
2699 4813 2922 4868 atﬂuant
2949 4815 3206 4869 bonitalo.

2795 4907 3008 4964 EPIST.
3041 4907 3175 4963 LVI.

2230 5016 2282 5054 υ.
2319 5014 2613 5054 τηεοιιοειο
2649 5013 2853 5056 εειιιιειι
2893 5015 3016 5056 auc.
3059 5014 3363 5055 SYHIACHUS
3401 5013 3573 5055 9181⁵⁸.
3616 5016 3736 5056 υκιι.

2267 5092 2391 5146 Dies
2433 5101 2726 5161 noctesque
2775 5092 3034 5146 sollicitor
3089 5103 3148 5147 ut
3219 5103 3466 5164 prompto
3514 5097 3776 5164 obsequio

2193 5183 2392 5238 divina:
2412 5185 2714 5239 clementia:
2737 5197 2926 5239 vestra:
2949 5185 3092 5252 iussa
3112 5201 3455 5254 promoveam
3475 5202 3490 5241 :
3510 5188 3774 5257 siquidem

2192 5294 2298 5332 non
2344 5277 2469 5332 licet
2509 5277 2662 5347 longa
2712 5278 3282 5344 comperendinatione
3313 5278 3516 5336 differri
3550 5281 3776 5350 justitire

2191 5388 2252 5428 ac
2277 5373 2480 5443 legibus
2522 5373 2690 5427 amica
2721 5374 2959 5438 decreta,
2994 5373 3056 5438 ἰ),
3091 5375 3401 5442 imperatur.
3435 5371 3588 5429 Unde
3616 5386 3775 5429 canto

2189 5479 2323 5532 opus
2352 5475 2430 5519 est
2475 5479 2544 5518 ne
2589 5465 3040 5522 existimationem
3088 5480 3262 5518 meam
3293 5479 3386 5534 per
3433 5465 3567 5520 alios
3616 5467 3774 5522 allata

2190 5560 2473 5630 prmreptis
2507 5559 2730 5613 tarditas
2759 5559 3094 5621 devenustet.
3127 5558 3258 5612 Nam
3286 5573 3409 5613 cum
3438 5557 3508 5615 de
3531 5558 3771 5614 Macedo-

2188 5654 2278 5708 nio
2315 5651 2531 5719 sequius
2559 5651 2625 5704 de
2658 5664 2771 5719 rep.
2813 5654 3030 5712 merito,
3074 5651 3308 5719 itemque
3336 5650 3639 5711 Ammiano,
3672 5651 3771 5700 dn-

2185 5744 2313 5798 dum
2373 5743 2502 5796 milii
2551 5741 2812 5811 judninni
2889 5741 3190 5808 perennitas
3247 5749 3418 5794 vestra
3478 5740 3769 5810 legaverit,

2185 5838 2521 5890 Ammianuiu
2540 5833 2752 5904 quidem
2775 5841 3140 5902 protectorum
3159 5833 3505 5888 attestatione
3517 5833 3766 5905 cognovi,
