4300 6468
574 414 669 473 391

1787 407 1854 477 Q.
1894 401 2243 461 Al‘RELIUS
2283 400 2721 459 SYMMACIIIFS.

3746 397 3852 459 392

575 537 909 586 sat-ramento
931 524 1143 595 publico
1173 522 1268 579 tuti
1299 523 1461 579 sunt?
1493 521 1601 578 Sed
1626 521 1784 575 divus
1814 516 2166 575 Constantius
2193 521 2242 579 Λ
2272 524 2452 570 vetera
2497 514 2751 583 decerpta
2793 523 2939 571 sunt.
2998 514 3210 571 Etenim
3253 514 3355 571 sub
3396 514 3809 586 imperatoribus
3834 556 3855 585 ,

576 620 715 675 idem
767 618 961 673 fecisse
1006 616 1223 671 dicitur.
1264 615 1468 670 Ca‘tera
1502 613 1683 684 potius
1734 612 1877 667 illius
1909 610 2165 681 principis

577 711 923 773 aemulemur;
971 708 1060 776 qui
1101 706 1231 761 nihil
1273 706 1377 761 tale
1414 715 1559 760 esset
1596 717 1922 776 aggressus,
1962 704 2006 757 si
2048 701 2168 769 quis

611 816 701 858 nte
727 820 787 857 se
818 803 955 856 alius
985 801 1273 855 deviasset.
1305 799 1539 869 Corrigit
1568 798 1711 853 enim
1741 809 2056 865 sequentem
2088 795 2167 846 la-

582 911 706 959 psus
732 892 947 961 prioris,
975 900 1029 945 et
1054 891 1122 945 de
1144 889 1573 960 reprehensione
1600 884 1939 942 antecedenti
1961 900 2171 939 sesein-

584 987 654 1052 μιί
703 986 941 1039 nascitur
964 983 1289 1039 emendatio.
1320 981 1453 1037 Fors
1485 981 1583 1035 fuit
1615 990 1671 1035 ut
1702 994 1892 1049 parens
1922 979 2012 1033 ille
2058 993 2087 1032 c
2111 993 2174 1033 c-

585 1078 799 1131 inentize
812 1084 1008 1131 vestra:
1026 1076 1079 1128 in
1098 1089 1158 1129 re
1177 1073 1352 1129 adhuc
1373 1088 1509 1127 nova
1531 1088 1638 1126 non
1654 1080 1871 1127 caveret
1888 1069 2170 1124 invidiam.

585 1166 720 1222 Num
753 1176 929 1236 potest
947 1167 1115 1221 etiam
1145 1164 1301 1218 nobis
1329 1163 1518 1218 eadem
1566 1161 1811 1217 defensio
1854 1162 2169 1224 convenire,

588 1260 633 1314 si
662 1259 931 1314 imitemur
950 1258 1091 1327 quod
1116 1258 1327 1309 animus
1358 1254 1655 1323 improbat?
1687 1252 1925 1323 Accipiat
1952 1251 2167 1305 aeterni-

593 1360 673 1403 tas
700 1356 873 1403 vestra
904 1348 1004 1400 alia
1036 1345 1274 1415 ejusdem
1306 1345 1563 1414 principis
1591 1346 1748 1407 facta,
1780 1356 1901 1413 qum
1931 1341 1946 1395 i
1974 1372 1981 1389 ι
2015 1356 2171 1395 usum

592 1441 805 1511 dignius
850 1440 1044 1493 trahat.
1076 1437 1155 1491 Nil
1182 1438 1272 1492 ille
1313 1437 1583 1501 decerpsit
1610 1450 1881 1489 sacrarum
1912 1433 2174 1503 virginum

594 1529 917 1601 privilegiis,
963 1528 1197 1583 decrevit
1242 1525 1509 1581 nobilibus
1544 1523 1876 1589 sacerdotia,
1919 1522 2176 1576 Romanis

593 1622 929 1678 crremuniis
951 1635 1055 1675 non
1088 1619 1300 1688 negavit
1330 1620 1597 1688 impen~as
1620 1632 1633 1669 :
1657 1627 1711 1670 et
1739 1632 1831 1684 per
1855 1631 2043 1670 omnes
2066 1615 2178 1668 vias

596 1725 816 1770 attenta!
840 1712 995 1769 Urbis
1013 1714 1189 1767 laetum
1239 1722 1454 1765 secutus
1483 1719 1762 1773 senalum,
1804 1708 1935 1763 vidit
1967 1706 2177 1777 placido

596 1822 694 1862 ore
736 1806 994 1872 delubra,
1036 1805 1161 1871 legit
1190 1803 1441 1872 inscripta
1479 1801 1703 1871 fas‘tigiis
1731 1801 1889 1855 deum
1927 1800 2173 1863 nomina,

2268 609 2357 673 qui
2385 608 2560 662 alieno
2588 606 2881 672 abstinent,
2919 606 3010 676 qui
3035 608 3293 663 resistunt
3339 607 3635 677 cupiditati,
3662 609 3729 663 ad
3759 623 3855 663 so-

2268 700 2372 755 lam
2401 699 2702 754 detrahitur
2727 699 3024 754 amittentis
3056 699 3327 767 injuriam,
3354 700 3494 770 quod
3526 699 3854 757 desiderium

2270 806 2376 846 non
2404 800 2583 846 movet
2624 790 2940 847 auferentis.
2969 793 3143 861 Agros
3168 793 3331 847 etiam
3357 791 3649 862 virginibus
3675 802 3729 848 et
3756 794 3853 847 mi-

2271 886 2459 939 nistris
2484 883 2847 939 deficientium
2875 887 3149 939 voluntate
3188 886 3388 955 legatos
3424 887 3582 941 fiscus
3603 895 3853 945 retentat.

2268 974 2380 1030 Oro
2417 990 2512 1030 vos
2551 977 2769 1044 iustitiae
2810 976 3115 1031 sacerdotes
3140 1017 3156 1038 ,
3188 986 3240 1029 ut
3286 975 3412 1032 Urbi
3465 990 3655 1031 vesme
3682 978 3855 1031 sacris

2275 1069 2531 1123 reddatur
2551 1069 2753 1137 privata
2778 1069 3069 1122 successio.
3093 1067 3301 1122 Dietent
3325 1076 3637 1123 testamenta
3657 1068 3854 1132 securi,

2272 1173 2327 1215 et
2365 1164 2543 1215 sciant
2585 1160 2687 1215 sub
2719 1160 3050 1229 principibus
3096 1177 3201 1215 non
3253 1162 3427 1215 avaris
3465 1160 3659 1216 stabile
3697 1176 3857 1224 esse,

2275 1252 2417 1320 quod
2460 1251 2800 1320 scripserint.
2849 1252 3087 1307 Deleetet
3119 1268 3212 1307 vos
3244 1254 3340 1304 ista
3387 1250 3610 1307 felicitas
3643 1254 3858 1322 generis

2278 1345 2516 1400 humani.
2571 1342 2747 1411 Coepit
2793 1360 2966 1397 causa:
3015 1343 3172 1411 hujus
3216 1344 3526 1411 exemplum
3570 1343 3860 1397 sollicitare

2278 1436 2592 1490 morientes.
2647 1435 2785 1505 Ergo
2835 1434 3086 1487 Romana:
3136 1434 3427 1504 religiones
3472 1433 3578 1488 sub
3622 1434 3859 1488 Romana

2274 1528 2393 1598 jura
2427 1542 2529 1580 non
2558 1526 2858 1595 pertinent?
2887 1526 3037 1597 Quod
3071 1540 3265 1580 nomen
3294 1525 3521 1596 accipiet
3558 1525 3756 1580 ablatio
3786 1523 3863 1579 fa-

2278 1621 2535 1673 collatum
2563 1662 2576 1685 ,
2608 1635 2741 1689 quas
2766 1619 2905 1673 nulla
2938 1619 3045 1683 lex,
3070 1620 3248 1672 nullus
3268 1633 3424 1673 casus
3448 1618 3572 1673 fecit
3596 1617 3862 1674 caducas?

2280 1710 2507 1779 Capiunt
2550 1710 2717 1780 legi-ta
2766 1711 2965 1775 liberti,
3012 1712 3183 1766 servis
3230 1721 3671 1767 testamentorum
3720 1712 3861 1777 jnsm

2281 1801 2562 1857 commoda
2587 1816 2693 1854 non
2735 1816 3018 1870 negantur.
3048 1800 3277 1857 Tantum
3322 1801 3526 1857 nobiles
3557 1802 3785 1870 virgines
3812 1809 3864 1857 et

599 1909 943 1967 percontatus
997 1907 1079 1952 est
1128 1895 1448 1963 templorum
1507 1894 1777 1964 o.igiues,
1826 1892 2048 1947 miratus
2094 1901 2177 1946 est
2207 1884 2251 1943 ii
2281 1895 2518 1949 l'atalinm
2546 1893 3865 1963 sacrorumtuinist-iexeludunturprmdiishmreo

596 1991 926 2047 conditores.
958 1992 1198 2058 Cumque
1227 1989 1359 2041 alias
1390 1988 1675 2056 religiones
1700 1988 1811 2056 ipse
1838 1994 2176 2054 sequeretur,

601 2084 697 2139 has
725 2085 959 2139 servavit
999 2083 1244 2147 imperio.
1289 2082 1429 2135 Snus
1458 2083 1601 2134 enim
1648 2079 1839 2147 cuique
1872 2094 1936 2132 tn.
1962 2095 2007 2138 s.
2051 2094 2180 2132 stans

598 2192 792 2247 cu-que
842 2178 975 2228 ritus
1021 2184 1122 2227 est.
1183 2173 1370 2225 \‘artns
1418 2173 1669 2225 custodes
1716 2171 1936 2223 nrt-ibus
1977 2170 2182 2224 cunctis

601 2283 755 2322 mens
804 2268 979 2319 divina
1011 2264 1303 2318 distribuit.
1339 2261 1405 2317 Ut
1444 2263 1636 2317 animat
1685 2261 2063 2324 nascentibus,
2110 2261 2181 2314 ita

602 2358 813 2429 populis
853 2356 1057 2410 natales
1100 2354 1245 2423 genii
1295 2351 1632 2406 dividuntur.
1673 2351 1890 2406 Accedit
1943 2351 2180 2416 utilitas,

599 2464 716 2518 qme
757 2461 986 2501 maxime
1036 2445 1233 2497 homini
1270 2442 1402 2497 deos
1449 2442 1666 2498 asserit.
1710 2440 1841 2496 Nam
1870 2457 1990 2496 cum
2046 2442 2183 2496 ratio

599 2539 777 2597 omnis
804 2536 855 2591 in
884 2553 1002 2606 opet
1020 2546 1074 2589 to
1093 2535 1190 2599 sit;
1216 2534 1355 2589 unde
1384 2534 1611 2599 rectius,
1640 2549 1799 2603 quam
1830 2533 1896 2587 de
1925 2532 2182 2587 memoria

603 2637 764 2700 atque
792 2628 1128 2683 documentis
1156 2642 1335 2681 rerum
1363 2627 1743 2690 secundarum,
1778 2625 2009 2694 cognitio
2039 2624 2185 2678 venit

603 2719 916 2776 numinum?
940 2720 1056 2774 .lam
1086 2721 1130 2773 si
1173 2720 1327 2788 longa
1360 2727 1491 2774 mtas
1535 2717 1910 2773 auctoritatem
1942 2716 2185 2787 religioni

560 2799 567 2806 ’
605 2813 771 2879 facit,
813 2812 1073 2866 servanda
1123 2822 1205 2867 est
1247 2821 1324 2866 tot
1374 2811 1585 2865 saeculis
1618 2810 1788 2873 lides,
1838 2821 1892 2866 et
1930 2810 2185 2879 sequendi

604 2912 734 2960 sunt
766 2903 920 2958 nobis
958 2913 1207 2972 parentes
1229 2944 1245 2969 ,
1296 2902 1385 2971 qui
1438 2904 1605 2956 secuti
1638 2914 1759 2956 sunt
1785 2903 2008 2957 feliciter
2036 2915 2185 2955 suos.

606 2996 831 3053 Romam
860 3010 1001 3050 nunc
1025 3006 1270 3062 putemus
1287 2996 1565 3061 assistere,
1598 3005 1757 3065 atque
1791 2996 1874 3047 his
1910 2995 2186 3048 vobiscum

605 3105 768 3159 agere
810 3088 1167 3145 sermonibus.
1214 3088 1411 3157 Optimi
1440 3090 1742 3159 principes,
1770 3098 1946 3157 patres
1979 3092 2185 3156 patrita,

608 3180 931 3237 reveremini
976 3195 1146 3232 annos
1177 3194 1347 3245 meos,
1396 3181 1447 3232 in
1477 3196 1613 3249 quos
1644 3196 1728 3234 me
1764 3196 1881 3250 pius
1924 3179 2058 3233 ritus
2087 3179 2185 3232 ad-

2281 1985 2450 2040 ditate
2477 1984 2733 2054 qna‘sitis.
2765 1984 2901 2051 Quid
2921 1985 3068 2053 juvat
3095 1985 3249 2038 saluti
3275 1986 3496 2054 publice
3522 1996 3725 2039 castum
3747 1998 3866 2036 cor-

2286 2095 2384 2149 pus
2416 2081 2620 2143 dii-are,
2653 2090 2706 2133 et
2734 2079 2939 2147 imperii
2968 2079 3315 2133 aiternitatein
3342 2078 3651 2134 cieleStibus
3682 2077 3865 2133 fulcire

2287 2172 2576 2241 prmsidiis;
2608 2170 2773 2224 armis
2804 2171 2996 2225 vestris
3015 2160 3177 2238 atq'ue
3202 2170 3301 2224 alis
3333 2171 3529 2224 vestris
3556 2170 3754 2224 amicas
3773 2186 3867 2236 ap-

2286 2264 2481 2334 plicare
2508 2263 2750 2321 virtutes.
2778 2277 2875 2331 pro
2895 2262 3142 2317 omnibus
3164 2260 3404 2316 efﬁcacia
3426 2270 3544 2315 vota
3568 2261 3865 2332 suscipere,

2284 2359 2433 2422 etjus
2444 2370 2565 2409 cum
2583 2355 2833 2410 omnibus
2848 2369 2950 2409 non
2970 2354 3201 2410 habere?
3219 2356 3397 2424 itaque
3416 2355 3693 2410 meliori-st
3707 2370 3784 2410 sei
3798 2356 3866 2407 vi-

2287 2457 2392 2512 tus,
2417 2460 2537 2517 quae
2562 2447 2866 2502 hominibus
2894 2445 3236 2514 impenditur.
3272 2447 3461 2515 Iiemp.
3488 2446 3748 2512 ludimus,
3778 2445 3867 2501 cui

2288 2553 2558 2607 nunquam
2580 2538 2817 2602 expedit,
2833 2549 2887 2589 ut
2907 2540 3105 2607 ingrata
3126 2538 3212 2592 sit.
3229 2538 3396 2593 Nemo
3428 2552 3513 2591 me
3529 2547 3677 2607 putet
3699 2538 3865 2591 solum

2287 2644 2505 2685 causam
2542 2627 2857 2698 religionum
2902 2630 3056 2685 tueri.
3090 2629 3165 2684 Ex
3212 2629 3515 2699 hujusmodi
3548 2629 3869 2684 facinoribus

2289 2732 2404 2779 orta
2422 2732 2546 2777 sunt
2566 2730 2756 2776 cuncta
2780 2722 2995 2775 humani
3015 2723 3225 2790 generis
3250 2720 3606 2776 incommoda.
3630 2720 3868 2775 llonora-

2289 2823 2438 2868 verat
2455 2813 2536 2866 les
2558 2822 2835 2881 parentum
2857 2813 3086 2866 vestales
3106 2812 3358 2881 virgines,
3373 2827 3435 2865 ae
3453 2812 3727 2867 ministros
3741 2813 3863 2867 deo-

2291 2920 2408 2959 rum
2426 2904 2566 2957 victu
2581 2902 2813 2968 modico,
2833 2904 3100 2971 justisque
3119 2901 3433 2972 privilegiis.
3454 2892 3613 2957 Stetit
3636 2904 3871 2957 muneris

2294 2997 2448 3065 hujus
2497 2996 2773 3065 integritas
2804 3008 2973 3064 usque
3013 2993 3078 3046 ad
3110 2995 3406 3064 degeneres
3443 2991 3749 3062 trapezitas,
3781 2992 3869 3061 qui

2292 3088 2356 3142 ad
2392 3086 2693 3141 intercedem
2734 3085 2912 3139 viliu-n
2960 3084 3256 3153 bajulornm
3296 3088 3463 3138 sat-rae
3494 3084 3754 3139 castitatis
3778 3082 3872 3136 ali-

2294 3192 2470 3233 menta
2500 3187 2791 3233 verterunt.
2825 3176 3020 3232 Secuta
3044 3187 3123 3233 est
3171 3178 3338 3231 fames
3378 3178 3608 3246 publica,
3639 3186 3695 3233 et
3721 3190 3870 3249 spem

608 3274 783 3337 duxit,
810 3282 870 3327 ut
898 3284 1016 3326 utar
1042 3274 1378 3327 caeremoniis
1403 3276 1558 3327 avitis
1591 3292 1603 3327 :
1647 3289 1818 3343 neque
1846 3274 1986 3326 enim
2022 3288 2187 3339 ptent-
2216 3253 2263 3316 (ἶ
2295 3272 2683 3342 provinciarum
2707 3272 2944 3325 omnium
2976 3271 3166 3325 messis
3189 3286 3329 3339 aegra
3350 3272 3580 3338 decepit.
3608 3272 3722 3327 Non
3750 3282 3872 3326 sunt

610 3373 709 3420 tet.
738 3363 919 3416 Vivam
939 3377 1089 3416 more
1120 3378 1264 3425 meo,
1295 3365 1414 3431 quia
1441 3362 1607 3416 libera
1637 3378 1776 3417 sum.
1808 3363 1903 3417 Hic
1932 3363 2107 3416 cultus
2132 3363 2187 3417 iit

611 3456 758 3523 leges
802 3470 947 3508 nit-as
974 3453 1161 3509 orbem
1208 3454 1443 3523 redegit;
1490 3454 1606 3508 ha-e
1634 3469 1785 3508 sacra
1814 3454 2023 3509 Anniba
2047 3470 2132 3509 em
2158 3468 2188 3507 a

617 3545 919 3611 menibus,
961 3560 990 3599 a
1037 3544 1302 3613 Capitolio
1326 3546 1570 3599 Senonas
1613 3544 1944 3612 repulerunt.
1977 3545 2057 3599 Ad
2086 3544 2190 3599 hoc

616 3652 750 3708 ergo
779 3647 988 3692 servata
1017 3650 1135 3690 sum
1168 3647 1225 3690 ut
1266 3637 1503 3707 longteva
1556 3635 1960 3705 reprehendar?
1995 3634 2189 3691 Videro

611 3729 772 3800 quale
808 3727 879 3782 sit
903 3726 1047 3796 quod
1077 3727 1461 3782 instituendum
1496 3738 1730 3796 putatur.
1759 3729 1888 3783 Sera
1931 3736 2108 3782 numen
2137 3736 2193 3783 et

610 3818 997 3875 contumeliosa
1045 3828 1132 3871 est
1179 3819 1483 3872 emendatio
1532 3820 1843 3873 senectutis.
1905 3817 2043 3887 Ergo
2089 3818 2192 3871 diis

615 3910 835 3981 patriis.
883 3908 987 3964 diis
1035 3907 1361 3978 indigettbus
1401 3923 1587 3978 pacem
1635 3923 1907 3980 rogamus.
1956 3910 2193 3979 Equum

615 4010 727 4063 est,
754 3999 1007 4070 quidquid
1056 4013 1245 4055 omnes
1284 4002 1500 4067 colunt,
1547 4016 1713 4055 unum
1761 4002 1957 4071 putari.
1991 3999 2191 4057 Eadem

614 4106 920 4161 spectamus
966 4100 1143 4160 astra,
1188 4106 1473 4147 commune
1521 4093 1718 4147 ctelum
1761 4103 1875 4157 est,
1918 4093 2058 4148 idem
2096 4107 2196 4149 nos

613 4183 848 4237 mundus
880 4184 1119 4237 involvit.
1151 4183 1288 4249 Quid
1320 4182 1563 4249 interest,
1592 4199 1694 4253 qua
1711 4184 1938 4253 quisque
1965 4182 2196 4251 pruden-

617 4276 686 4328 tia
715 4289 899 4328 vernm
929 4274 1201 4343 inquirat?
1228 4272 1345 4329 Uno
1373 4273 1563 4328 itinere
1592 4289 1697 4328 non
1726 4284 1899 4343 potest
1931 4275 2195 4343 perveniri

616 4365 683 4420 ad
706 4375 811 4419 tam
857 4365 1057 4434 grande
1082 4377 1369 4419 secretum.
1413 4363 1519 4419 Sed
1551 4364 1666 4419 hiec
1692 4367 1988 4420 otiosorum
2014 4367 2196 4434 dispu-

620 4456 751 4510 tatio
797 4464 900 4510 est.
951 4455 1103 4509 Nunc
1150 4470 1366 4525 preces,
1416 4470 1521 4509 non
1572 4457 1867 4510 certamina
1898 4454 2193 4512 oderimus.

620 4546 829 4613 Qmmo
856 4548 1141 4600 commodo
1168 4547 1305 4600 sacri
1332 4547 1510 4600 aerarii
1535 4546 1701 4602 vestri
1729 4548 2006 4603 vestalium
2033 4549 2197 4619 virgi-

2293 3366 2406 3419 haec
2430 3364 2555 3419 vitia
2588 3374 2874 3419 terrarum.
2904 3363 3041 3418 Nihil
3085 3373 3390 3434 mputamus
3410 3367 3608 3420 austris
3630 3382 3646 3420 :
3667 3380 3762 3423 nec
3781 3383 3873 3420 ru-

2292 3454 2416 3524 bigo
2439 3454 2712 3525 segetibus
2737 3454 2925 3515 obfuit,
2953 3449 3058 3507 hee
3089 3467 3254 3508 avena
3306 3452 3485 3524 fruges
3516 3456 3745 3509 necavit.
3779 3457 3871 3509 Sa-

2291 3545 2513 3615 crilegio
2542 3558 2715 3599 annos
2742 3544 2970 3598 exaruit.
3001 3541 3232 3599 Necesse
3255 3544 3397 3598 enim
3425 3544 3523 3598 fuit
3549 3545 3723 3613 perire
3753 3560 3873 3597 om-

2293 3638 2469 3702 nibus,
2499 3634 2642 3705 quod
2674 3633 3020 3705 religionibus
3047 3634 3356 3704 negabatur.
3370 3633 3526 3691 Certe
3545 3634 3592 3691 si
3613 3644 3696 3691 est
3717 3635 3874 3704 hujus

2295 3730 2421 3785 mali
2459 3728 2674 3796 aliquod
2702 3727 3032 3797 exemplum,
3073 3728 3399 3797 imputemus
3441 3739 3638 3784 tantam
3682 3730 3873 3784 famem

2292 3822 2500 3877 vicibus
2528 3834 2812 3875 annorum.
2838 3819 3027 3875 Gravis
3059 3823 3197 3875 hanc
3224 3822 3559 3877 sterilitatem
3590 3835 3716 3877 aura
3740 3837 3874 3876 cou-

2294 3912 2528 3968 strinxit.
2557 3910 2916 3982 Sylvestribus
2941 3912 3174 3966 arbustis
3194 3911 3297 3965 vita
3325 3912 3652 3981 producitur,
3682 3922 3733 3967 et
3756 3928 3876 3967 rur-

2296 4021 2389 4061 sus
2417 4006 2483 4059 ad
2518 4005 2813 4059 Dodona-as
2834 4004 3058 4058 arbores
3088 4002 3259 4073 plebis
3289 4005 3501 4059 rustica:
3544 4005 3721 4074 inepia
3747 4018 3876 4058 con-

2297 4099 2513 4152 volat-it.
2545 4095 2681 4165 Quid
2714 4096 2820 4150 tale
2859 4095 3045 4165 proavi
3086 4096 3452 4164 pertulerunt,
3505 4110 3627 4151 cum
3664 4096 3877 4164 religio-

2298 4206 2422 4244 num
2452 4191 2725 4242 ministros
2770 4188 2941 4241 honor
2979 4185 3223 4254 publicus
3264 4187 3543 4256 pasceret?
3568 4187 3791 4255 Quando
3824 4188 3875 4241 in

2298 4297 2426 4337 usus
2457 4280 2728 4335 hominum
2758 4292 3015 4334 concussa
3048 4278 3317 4346 quercus?
3336 4276 3549 4347 quando
3570 4279 3734 4331 v.ilsa-
3755 4287 3878 4332 sunt

2299 4374 2583 4428 herbarum
2633 4370 2876 4426 radices?
2896 4369 3108 4439 quando
3141 4371 3227 4424 alt:
3252 4384 3379 4424 rnos
3426 4370 3699 4440 regionum
3728 4368 3880 4424 defe-

2298 4474 2417 4520 ctus
2440 4464 2678 4519 deseruit
2708 4462 3007 4518 fecunditas
3034 4472 3241 4525 mutua,
3268 4476 3389 4515 cum
3425 4462 3620 4530 populo
3648 4471 3702 4516 et
3727 4462 3883 4529 virgi-

2304 4557 2461 4611 nibus
2501 4554 2670 4609 sacris
2694 4555 2994 4608 communis
3020 4563 3163 4608 esset
3191 4553 3442 4607 annona?
3462 4551 3883 4607 Commendabat

622 4653 749 4692 num
787 4637 1131 4706 praerogativa
1164 4641 1407 4693 detracta
1444 4640 1561 4694 est?
1601 4637 1713 4697 Sub
1752 4641 2064 4709 largissimis
2097 4645 2198 4696 im-
2223 4617 2279 4678 D
2305 4649 2448 4702 enim
2493 4656 2758 4701 terrarum
2793 4653 3083 4714 protentus
3119 4645 3292 4699 vietus
3340 4646 3657 4709 antistitum,
3696 4654 3751 4700 et
3796 4658 3885 4697 re-

624 4730 961 4800 peratoribus
990 4731 1305 4801 denegatur,
1329 4731 1470 4801 quod
1498 4732 1793 4800 pareissimi
1819 4738 2200 4802 prazstiterunt.

625 4822 809 4875 llouor
835 4821 985 4875 solus
1037 4830 1121 4875 est
1141 4822 1192 4875 in
1223 4821 1311 4875 illo
1342 4825 1487 4878 veiut
1526 4825 1793 4890 stipendio
1820 4828 2103 4884 castitatis.
2139 4826 2207 4883 Ut

627 4914 772 4970 vitta!
794 4929 976 4970 earum
1001 4914 1162 4984 capiti
1196 4915 1359 4970 decus
1390 4918 1608 4983 faciunt,
1655 4920 1724 4971 ita
1756 4918 1962 4989 insigne
1991 4920 2206 4976 ducitur

627 5006 913 5064 sacerdotii
944 5021 1165 5061 vacasse
1196 5007 1527 5063 muneribus.
1569 5008 1776 5063 Nudmn
1807 5010 2207 5078 quodammodo

628 5114 822 5154 nomen
855 5098 1202 5153 immunitaxis
1234 5101 1527 5169 requirunt,
1555 5102 1804 5168 quoniam
1836 5112 2147 5171 paupertate
2174 5119 2202 5155 a

631 5190 909 5259 dispendio
941 5200 1069 5243 tutae
1087 5200 1231 5244 sunt.
1257 5190 1438 5259 itaque
1459 5194 1690 5262 amplius
1721 5195 1863 5247 laudi
1899 5211 2082 5250 earum
2114 5197 2207 5250 tri-

633 5281 832 5346 buunt,
872 5280 963 5348 qui
1002 5280 1204 5347 aliquid
1245 5283 1324 5335 rei
1369 5282 1690 5336 detrahunt;
1737 5285 2001 5353 siquidem
2045 5289 2205 5342 saluti

635 5374 858 5442 publica:
904 5373 1074 5427 dicata
1118 5373 1391 5442 virginitas
1440 5378 1632 5430 crest-it
1656 5379 1885 5445 merito,
1917 5391 2209 5435 cumcur-el.

637 5466 874 5535 praemio.
926 5465 1114 5520 Absint
1154 5470 1220 5519 ab
1249 5469 1422 5521 rorarii
1463 5471 1625 5525 vestri
1660 5473 1890 5540 puritate
1920 5474 2019 5529 ista
2058 5489 2209 5527 enm-

638 5560 851 5627 pcndia.
877 5557 1059 5612 Fiscus
1088 5559 1345 5612 bonorum
1377 5562 1695 5629 principum,
1724 5579 1829 5617 non
1872 5565 2210 5619 sacerdotum

639 5651 882 5711 damnis,
913 5652 1004 5703 sed
1041 5653 1269 5705 hostium
1301 5656 1483 5721 Sjloltis
1514 5664 1787 5722 augeatur.
1840 5656 2093 5711 Ullnmue
2128 5660 2212 5712 lu-

640 5758 787 5795 rium
812 5752 1125 5810 comptnsat
1146 5744 1394 5797 invidiam
1417 5746 1515 5798 iEt
1534 5748 1656 5814 quia
1678 5747 1903 5801 avaritia
1931 5749 1981 5803 in
2008 5758 2215 5804 vestros

644 5846 822 5888 mores
845 5848 949 5888 non
976 5833 1135 5896 cidit.
1162 5832 1261 5889 hoc
1285 5837 1590 5892 miseriores
1614 5848 1733 5892 sunt
1756 5838 1950 5907 quibus
1976 5840 2211 5901 subsidia

2312 4740 2544 4797 medium
2592 4740 2759 4808 magis
2799 4754 2958 4808 quam
2998 4739 3214 4810 largitas
3243 4749 3378 4793 erat.
3416 4738 3499 4793 An
3532 4739 3751 4794 dubium
3777 4748 3881 4801 est,

2307 4848 2521 4903 semper
2544 4847 2639 4903 pro
2660 4831 2810 4900 copia
2840 4831 3075 4885 omnium
3106 4832 3310 4897 datum,
3338 4831 3480 4902 quod
3522 4846 3662 4886 nunc
3707 4832 3881 4899 inopia

2307 4926 2544 4979 omnium
2570 4921 2886 4977 vindicavit?
2913 4920 3061 4976 Diret
3083 4920 3293 4991 aliquis,
3321 4931 3592 4990 sumptum
3618 4920 3883 4992 publicum

2308 5015 2627 5084 denegatum
2657 5014 2846 5068 aliena:
2867 5012 3137 5082 re‘igionis
3167 5012 3467 5081 impendiis.
3501 5013 3651 5068 Absit
3673 5027 3702 5068 a
3735 5012 3887 5068 bonis

2313 5105 2643 5177 principibus
2670 5105 2769 5157 ista
2805 5105 3090 5170 sentenzia,
3124 5114 3180 5157 ut
3207 5104 3346 5172 mind
3382 5104 3442 5159 de
3474 5105 3744 5159 communi
3773 5106 3886 5172 quia

2310 5198 2534 5254 busdam
2562 5198 2814 5252 tributum
2842 5208 2944 5265 est,
2971 5197 3023 5250 in
3046 5195 3165 5265 jure
3192 5194 3303 5250 fisci
3324 5210 3441 5251 esse
3467 5193 3727 5251 videatur.
3757 5195 3887 5250 Nam

2313 5306 2433 5346 cum
2458 5289 2675 5359 respnb.
2707 5289 2774 5344 de
2801 5288 3023 5357 singulis
3052 5296 3293 5352 constet,
3324 5289 3463 5358 quod
3499 5289 3568 5343 ab
3588 5304 3649 5344 ea
3680 5288 3891 5359 proiici-

2316 5383 2504 5447 scitur,
2538 5382 2596 5435 fit
2619 5394 2802 5434 rursus
2832 5380 3103 5450 proprium
3146 5381 3498 5450 singulorum.
3528 5381 3721 5436 Omnia
3748 5382 3890 5452 regi-

2319 5477 2413 5540 tis,
2464 5475 2557 5531 sed
2609 5489 2763 5530 suum
2812 5474 3005 5543 cuique
3059 5474 3309 5540 servatis,
3350 5474 3576 5541 plusque
3612 5474 3753 5543 apud
3798 5490 3893 5529 vos

2310 5570 2516 5639 justitia
2573 5583 2731 5637 quam
2770 5567 2980 5623 licentia
3009 5570 3165 5621 valet.
3194 5566 3470 5621 Consulite
3500 5576 3649 5622 certe
3679 5567 3892 5622 muniti-

2317 5663 2545 5718 centiatn
2585 5678 2842 5729 vestram,
2895 5674 2958 5714 an
3007 5660 3121 5717 haec
3159 5661 3365 5733 publica
3406 5662 3534 5717 velit
3579 5660 3891 5724 existimari,

2316 5770 2434 5824 qua:
2458 5755 2507 5808 in
2531 5754 2666 5809 alios
2694 5755 3058 5811 transtulistis.
3094 5757 3273 5811 Semel
3320 5755 3508 5810 honori
3537 5753 3694 5811 Urbis
3722 5751 3893 5805 delata

2319 5845 2628 5917 compendia
2650 5845 2898 5901 desinunt
2927 5862 3044 5904 ese
3070 5847 3447 5913 tribuentium;
3472 5853 3525 5901 et
3545 5845 3681 5917 quod
3710 5858 3738 5897 a
3766 5844 3877 5912 prie
