4300 6520
456 424 560 477 2.".‘5
1736 413 2210 471 EPiSTOlARl'll
2252 413 2444 469 LIBER
2488 414 2554 468 Χ.

3608 416 3673 474 ὄιν
3686 421 3710 472 ι

457 538 595 606 cijin
630 537 942 592 beneﬁcium
977 535 1091 600 fuit,
1125 550 1221 587 usu
1257 542 1415 604 atque
1458 542 1616 587 :etate
1654 535 1712 585 lit
1763 532 2023 585 debitum.
2060 534 2109 590 Α
2136 542 2215 584 est
2252 533 2294 581 si
2329 533 2377 583 in
2409 529 2576 583 oculis
2615 530 2815 598 positus
2847 538 3114 585 mereatur
3153 530 3366 600 aliquod
3406 547 3710 589 momtmen.

458 630 669 683 lnanem
704 630 861 697 igitur
890 635 1088 681 metum
1113 624 1291 680 divino
1318 625 1497 677 animo
1525 634 1702 677 vestro
1738 631 1905 676 tentat
1948 624 2031 674 in-

456 730 663 785 cutere,
697 720 741 774 si
762 720 880 788 quis
916 716 1107 772 asserit
1134 714 1518 770 conscientiam
1543 727 1636 766 vos
1676 711 1876 766 habere
1906 726 2040 779 pra:-

458 815 726 878 bentintn,
754 811 856 867 nisi
885 809 1277 866 detrahentium
1318 807 1514 862 subieri
1543 808 1587 861 is
1620 807 1892 860 invidiam.
1939 806 2040 858 Fa-

459 914 621 959 veant
661 901 961 958 clementiae
991 910 1183 956 vestra:
1236 908 1500 955 sectarum
1549 898 1785 951 (ninnium
1848 911 2039 950 arcana

456 995 724 1065 praesidia,
749 1002 805 1048 et
836 992 949 1047 [nec
980 993 1232 1054 maxime,
1258 1004 1377 1059 qua:
1426 990 1657 1054 majores
1699 996 1906 1040 vestros
1940 985 2037 1037 al;-

455 1085 668 1153 quaudo
693 1084 974 1153 juverunt,
1012 1095 1109 1135 vos
1143 1078 1455 1141 defendant,
1500 1092 1528 1130 τι
1578 1075 1729 1130 nobis
1775 1077 2035 1128 colantur.

460 1179 594 1233 Eum
641 1177 956 1248 religionum
1006 1183 1204 1230 statum
1236 1171 1487 1241 petimus,
1517 1169 1606 1237 qui
1652 1170 1776 1222 divo
1820 1169 2028 1234 parenti

455 1272 700 1326 culminis
756 1270 921 1324 ve~tri
978 1265 1213 1322 servavit
1262 1262 1568 1331 imperium,
1619 1261 1708 1327 qui
1767 1260 2037 1312 fortunato

456 1362 679 1432 principi
721 1360 984 1431 legitimos
1035 1354 1246 1412 sulIecit
1291 1353 1553 1408 haercdes.
1596 1353 1813 1419 Spectat
1854 1350 2038 1404 senior

456 1454 546 1506 ile
576 1451 728 1504 divus
758 1464 823 1504 ex
872 1461 997 1503 arce
1026 1446 1235 1502 siderea
1281 1444 1547 1513 lacrymas
1586 1441 1949 1506 sacerdotum,
1983 1452 2036 1494 et

454 1558 513 1597 se
542 1543 811 1609 culpatum
856 1548 1002 1610 putat
1037 1550 1189 1592 more
1218 1535 1440 1603 violato,
1473 1548 1633 1603 quem
1666 1532 1894 1587 libenter
1916 1531 2033 1601 ipse

454 1636 970 1692 servavit.Pr:estatc
983 1632 1141 1688 etiam
1156 1630 1278 1685 divo
1291 1629 1439 1696 fratri
1462 1626 1810 1682 vestroalicni
1825 1624 2015 1681 consili

453 1730 864 1794 correctionem;
897 1726 1058 1796 legite
1082 1725 1273 1779 factum
1301 1722 1439 1791 quod
1471 1720 1678 1776 senatui
1700 1717 2037 1788 displicuisse

455 1820 706 1877 nescivit:
725 1819 987 1890 siquidem
1016 1826 1228 1873 constat
1248 1814 1367 1870 ideo
1395 1813 1665 1868 exclusam
1690 1810 2031 1881 legationem,

2145 630 2253 673 tum
2280 620 2568 686 religimiis,
2594 622 2679 689 qui
2718 624 2911 674 meruit
2939 623 3221 675 advocari?
3249 622 3360 677 Non
3393 624 3507 678 feto
3534 627 3709 695 signa-

2144 722 2334 779 torem,
2358 715 2441 767 cui
2476 728 2596 782 pars
2635 714 2895 767 binorum
2930 729 3114 782 magna
3146 715 3399 770 defertur.
3443 717 3569 771 Nam
3612 723 3712 774 ctsi

2143 807 2345 873 integra
2373 804 2720 866 conscientia,
2755 818 2858 857 non
2892 814 3066 859 tamen
3097 806 3305 860 sincero
3346 808 3547 874 pudore
3578 811 3711 863 dita-

2143 906 2245 950 tur.
2278 899 2343 949 ,ιι
2375 910 2498 950 vero
2533 897 2645 949 haec
2677 896 2816 949 levia
2868 900 3107 965 p'gnora,
3153 907 3245 950 aut
3283 900 3481 953 amoris
3520 904 3709 965 gratia,

2140 996 2233 1039 aut
2278 987 2546 1040 testatoris
2590 988 2905 1039 verecundia
2962 987 3354 1055 relinquuntur.
3406 989 3539 1041 nihil
3593 990 3713 1041 lure

2143 1079 2385 1148 religioni
2430 1080 2579 1134 novis
2624 1079 2827 1148 legibus
2874 1081 3187 1145 deregatnm
3237 1091 3339 1133 est.
3396 1082 3570 1136 Manet
3617 1083 3713 1137 isto

2143 1185 2292 1235 usus,
2334 1180 2387 1223 et
2443 1170 2595 1223 nobis
2640 1170 2760 1238 jura
2819 1171 3155 1224 servantibus
3204 1186 3417 1239 semper
3458 1175 3712 1229 maneb‘t.

2142 1259 2290 1314 Unus
2319 1268 2373 1313 t-t
2419 1262 2566 1314 so'us
2600 1271 2715 1326 post
2754 1261 3037 1315 humanam
3085 1262 3394 1315 memoriam
3440 1266 3714 1318 rationalis

2140 1351 2380 1416 emersit,
2408 1353 2494 1419 qui
2529 1353 2839 1418 exeniplum
2866 1368 3015 1405 nova:
3044 1353 3385 1419 judicationis
3416 1354 3711 1410 induceret.

2142 1445 2273 1499 liinc
2298 1456 2411 1499 orta
2435 1455 2515 1499 est
2544 1447 2868 1513 provocatio.
2898 1446 3025 1510 Quae
3051 1447 3136 1500 ubi
3156 1446 3478 1500 auditorium
3501 1463 3713 1502 sacrum

2138 1536 2356 1591 decreto
2383 1539 2541 1591 etiam
2572 1547 2760 1591 vestrce
2807 1537 2939 1605 legis
2970 1538 3204 1602 intravit,
3248 1553 3430 1591 rursus
3467 1540 3715 1595 eludendi

2131 1625 2316 1700 judieii
2361 1640 2518 1681 causa
2552 1627 2878 1695 propositum
2913 1638 2995 1681 est
3029 1627 3187 1681 inane
3221 1637 3618 1696 commentum,
3659 1644 3715 1685 nt

2136 1716 2204 1769 ab
2248 1715 2441 1770 illustri
2468 1717 2586 1770 viro
2626 1718 2842 1785 privata:
2878 1717 2953 1772 rei
2982 1718 3176 1773 comite
3209 1718 3447 1787 delegata
3484 1724 3715 1791 cognitio

2140 1804 2407 1861 diceretur
2437 1808 2714 1861 rationalis
2746 1808 3039 1875 examinis,
3078 1819 3234 1877 atque
3278 1810 3397 1866 ideo
3438 1828 3623 1868 rursus
3650 1816 3717 1869 ad

455 1930 522 1969 ne
544 1914 609 1967 ad
631 1928 753 1969 eum
782 1885 1040 1981 judicium
1071 1907 1340 1978 publicum
1367 1904 1694 1973 perveniret.
1724 1903 1827 1957 l’ro
1848 1901 2031 1957 existi-
2064 1885 2111 1945 Β
2139 1896 2379 1964 ejusdem
2427 1896 2689 1966 judicium
2745 1899 2942 1954 debere
2998 1900 3306 1965 transferri;
3357 1916 3475 1956 cum
3542 1907 3717 1959 omnis

454 2006 691 2061 maaione
717 2014 799 2059 est
826 2012 1123 2071 temporum
1155 1997 1493 2068 superiorum
1547 2005 1606 2049 ut
1644 2009 1748 2050 non
1782 1992 2032 2049 dubitetis

455 2098 669 2155 abolere
696 2096 838 2167 qttod
870 2092 1201 2164 probandum
1220 2098 1304 2145 est
1333 2088 1591 2158 principis
1615 2100 1721 2141 non
1751 2084 1932 2141 fuisse.

1039 2220 1252 2277 EPIST.
1295 2217 1453 2273 LXII.

524 2353 576 2391 υ.
605 2345 897 2388 τιιεοιιοειο
925 2342 1129 2384 SEIIPER
1156 2341 1275 2381 Αυϐ.
1310 2336 1613 2379 εῖιιιιιιειιυε
1640 2336 1806 2375 FBA-Il".
1838 2335 1961 2374 υιιε.

524 2447 741 2502 Certum
771 2454 929 2512 atque
955 2437 1243 2494 dilucidum
1279 2447 1360 2491 est
1414 2433 1543 2487 nihil
1575 2445 1697 2487 esse
1736 2439 1842 2485 tam
1883 2429 2035 2484 fami-

457 2542 586 2594 liare
626 2535 854 2605 legibus,
892 2545 1051 2602 quam
1089 2538 1265 2585 vestra
1312 2528 1553 2591 decreta,
1606 2524 1667 2578 D.
1718 2522 2032 2592 Imperator.

458 2630 559 2687 Sed
576 2637 951 2684 exsecutorum
979 2635 1138 2692 prava
1160 2619 1551 2687 interpretatio,
1574 2616 1705 2670 dum
1734 2613 2037 2682 supplican-

459 2725 597 2778 tibus
642 2721 800 2781 favet,
847 2718 1160 2786 plerumque
1209 2713 1357 2780 jussa
1401 2709 1717 2777 corrumpit.
1762 2705 2035 2761 Statuerat

459 2823 703 2881 receptus
752 2809 807 2863 in
849 2808 1042 2863 cmlum
1081 2816 1368 2874 germanus
1416 2800 1646 2854 numinis
1684 2798 1877 2862 vestri,
1916 2812 2036 2851 cum

460 2904 750 2959 Martianns
780 2900 980 2955 dudum
1034 2904 1303 2966 protector
1332 2894 1574 2963 Aggariaa
1612 2892 1749 2946 bona
1788 2898 2036 2959 tanquam

461 2995 695 3053 vacantia
726 2994 1048 3065 postulasset
1067 3034 1082 3059 ,
1105 2989 1222 3043 utsi
1245 3001 1308 3043 ea
1337 2985 1622 3041 haereditas
1637 2984 1893 3053 scriptum
1914 2998 2039 3038 suc-

462 3102 725 3145 sessorem
753 3085 839 3142 vel
867 3083 1156 3154 legitimum
1185 3095 1291 3133 non
1336 3079 1575 3141 haberet,
1601 3079 1653 3132 in
1672 3078 1759 3145 jus
1788 3074 1898 3132 fisci
1925 3084 2040 3129 tan-

464 3196 617 3251 quam
643 3180 862 3234 domino
890 3175 1029 3230 nuda
1050 3172 1394 3237 concederet;
1420 3178 1475 3226 et
1498 3180 1625 3225 tunc
1654 3170 1921 3225 insinuato
1947 3183 2041 3236 per

2137 1992 2360 2059 qumstio
2391 2007 2452 2047 ex
2487 1992 2730 2060 precibus
2770 1994 3012 2048 Martiani
3053 1994 3251 2049 dudum
3293 2000 3632 2067 pretcctoris,
3664 2010 3716 2053 et

2138 2093 2328 2137 vestra:
2357 2084 2653 2137 clementie
2685 2085 2926 2154 largitate
2966 2085 3314 2148 descendens,
3342 2104 3497 2143 sacro
3542 2092 3715 2158 potius

2136 2174 2403 2227 auditorio
2454 2188 2520 2227 ex
2569 2176 2946 2242 provoationc
2988 2187 3319 2245 competeret
3359 2197 3370 2230 :
3429 2183 3717 2236 accedente

2136 2262 2295 2316 etiam
2330 2264 2568 2330 proxima
2592 2266 2889 2329 Sanetione,
2912 2280 3030 2335 qua:
3061 2266 3377 2322 indiscretos
3414 2270 3715 2337 hujusmodi

2137 2354 2523 2421 appeilationes
2599 2356 2710 2410 :edi
2766 2371 2883 2424 qua:
2946 2358 3114 2412 vicem
3170 2360 3465 2429 principum
3542 2374 3717 2417 tuetur

2140 2446 2468 2513 priscojnre
2523 2448 2808 2503 commisit.
2859 2448 3190 2506 Evaminatis
3244 2454 3399 2522 igitur
3448 2458 3713 2521 omnibus,

2142 2538 2478 2605 pronuntiavi
2532 2540 2668 2593 bona
2698 2539 2928 2594 obnoxia
2966 2556 3070 2595 non
3100 2556 3220 2598 esse
3261 2548 3552 2615 rescripto:
3595 2564 3716 2602 eum

2141 2629 2304 2683 vestri
2334 2630 2565 2683 numinis
2588 2641 2781 2686 :eterna
2800 2631 3026 2701 jnstitia,
3050 2635 3093 2688 si
3120 2636 3332 2705 scriptis
3360 2647 3449 2692 aut
3472 2639 3716 2708 legitimis

2140 2720 2541 2775 successoribus
2587 2731 2803 2777 vacaret
2851 2723 3156 2790 hasreditas,
3211 2726 3393 2783 fiscum
3449 2737 3719 2786 statuissu

2142 2812 2375 2866 admitti:
2411 2814 2506 2865 has
2540 2824 2717 2869 autem
2761 2814 3060 2882 facultates,
3109 2817 3404 2887 Marcellus,
3446 2822 3616 2877 Bizias
3667 2836 3719 2876 et

2146 2901 2463 2957 l'eliodorns
2514 2903 2668 2971 juxta
2718 2904 2952 2959 defuncti
3023 2906 3350 2963 voluntatem
3407 2916 3716 2981 cmpissent.

2143 2991 2294 3046 Nunc
2328 2994 2648 3047 sententiam
2691 3009 2862 3049 meam
2895 2994 3145 3052 defensor
3185 3002 3499 3056 venerabilis
3531 3003 3718 3057 domus

2144 3085 2397 3139 inusitata
2430 3088 2807 3152 provocatione
2836 3088 3131 3155 suspendit.
3175 3090 3279 3145 Sed
3311 3106 3428 3145 cum
3459 3094 3612 3161 hujus
3644 3099 3717 3148 rei

2144 3177 2347 3231 nullum
2378 3180 2681 3247 exemplum
2722 3181 3093 3250 eognitionalis
3131 3195 3342 3237 exstare
3390 3201 3715 3255 suggemret,

466 3271 773 3325 rationalem
803 3264 1103 3336 patrimonii
1137 3262 1316 3325 modo,
1348 3262 1686 3329 opperiretur
1716 3261 1908 3328 petitor
1928 3258 2051 3325 quid
2082 3255 2127 3318 C
2159 3266 2507 3322 "nmo",th
2546 3268 2839 3338 “meum,
2881 3286 3065 3327 mecm
3124 3272 3353 3330 meum,
3402 3277 3610 3343 admisi.
3668 3291 3718 3332 ﬂ

464 3364 512 3418 ei
563 3375 712 3417 sacra
760 3358 1001 3414 deferret
1042 3354 1360 3408 humanitas.
1400 3352 1585 3407 Aunus
1627 3350 1737 3406 fere
1780 3349 2043 3404 secundus

467 3462 553 3508 est
579 3461 635 3507 nt
671 3466 765 3520 per
788 3448 1098 3505 defensores
1124 3454 1182 3499 et
1208 3442 1498 3498 rationales
1516 3442 1907 3511 angustissimae
1945 3439 2041 3494 do-

471 3557 610 3608 mus,
643 3554 765 3596 cum
788 3537 989 3608 justitia
1020 3534 1277 3592 solemnis
1298 3532 1519 3599 oraculi,
1544 3531 1726 3600 scripti
1759 3528 2044 3599 fatigantur

467 3633 729 3697 heredes,
757 3632 880 3687 licet
901 3631 1010 3700 jam
1039 3635 1224 3683 sextus
1251 3640 1424 3681 annus
1456 3641 1485 3679 a
1516 3625 1815 3680 testamenti
1859 3625 2041 3680 recita-

465 3726 612 3781 tione
643 3731 975 3779 numeretur.
1006 3718 1304 3775 Novissime
1334 3716 1543 3789 fortuna
1569 3732 1745 3772 causa:
1788 3716 2046 3787 impetibi-

467 3817 573 3870 lem
606 3816 888 3885 scopulum
930 3811 1085 3867 ιωιιω
1110 3808 1432 3879 cognitionis
1469 3809 1710 3863 incurrit.
1753 3806 1882 3861 Nam
1919 3822 2042 3862 cum

467 3908 603 3976 apud
645 3907 813 3958 virum
853 3900 1304 3972 perfectissimum
1344 3898 1660 3952 rationalem
1709 3897 2043 3963 Bassianum,

468 3997 641 4065 primo
660 3995 864 4049 delator
881 3995 1164 4055 bonorum,
1184 3989 1481 4045 secundum
1506 4002 1658 4044 sacra
1680 3990 1811 4042 scita
1841 4001 2047 4057 petere-

470 4100 572 4150 tttr,
606 4103 741 4141 novo
766 4100 894 4140 ausu
924 4086 1125 4139 calcata
1162 4081 1493 4152 praescriptio
1528 4090 1630 4135 est.
1666 4080 1889 4147 Dehinc,
1922 4098 2042 4137 cum

471 4179 771 4234 testamenti
813 4176 931 4246 jure
957 4174 1186 4230 confecti
1228 4173 1383 4229 fidem
1429 4171 1673 4228 recitatio
1712 4172 2043 4240 publicaret,

470 4269 737 4324 calumnia
779 4266 949 4322 inanis
980 4266 1187 4334 objecta
1217 4275 1323 4331 est,
1352 4264 1494 4332 quod
1539 4262 1839 4333 signatores
1864 4264 2047 4320 nescio

470 4358 596 4429 quid
629 4357 786 4427 legati
812 4370 879 4411 ex
911 4356 1099 4411 eadem
1128 4354 1403 4410 voluntate
1430 4355 1738 4423 empissent.
1768 4355 2049 4411 Adduntur

471 4449 632 4503 etiam
691 4446 888 4514 scripta
948 4446 1136 4499 divalia
1189 4446 1381 4513 quibus
1428 4446 1729 4514 astipulatio
1771 4446 2045 4514 eujusdam

473 4550 675 4595 remota
704 4547 807 4607 est,
837 4539 925 4609 qui
956 4553 1105 4593 suam
1142 4536 1343 4606 juvisse
1371 4551 1587 4591 causam
1628 4538 1936 4593 testimonio
1966 4538 2047 4593 di-

2147 3358 2406 3413 relatione
2462 3362 2767 3416 summatim
2816 3372 3004 3416 cuncta
3048 3364 3387 3434 complexus.
3440 3366 3720 3423 Gestorum

2145 3463 2358 3519 quoque
2386 3450 2710 3506 documenta
2740 3445 3009 3520 subteiui,
3036 3470 3362 3521 praesumens
3385 3460 3536 3513 bonis
3559 3463 3719 3529 placi-

2147 3553 2261 3595 tura
2292 3543 2641 3613 principibus,
2670 3560 2789 3616 qua:
2817 3549 3108 3603 secundum
3130 3549 3276 3620 leges
3302 3566 3398 3621 pro
3430 3551 3566 3609 fama
3592 3565 3719 3611 tein-

2148 3648 2336 3702 porum
2357 3635 2614 3705 judicavi.

2714 3708 2927 3765 EPIST.
2970 3710 3149 3766 LXIII.

2216 3812 2268 3851 ιι.
2295 3812 2585 3853 τηεοιιοειο
2614 3813 2815 3853 8811³88
2845 3817 2964 3857 AUC.
2996 3818 3302 3859 SYIIIIACHUS
3327 3823 3491 3863 PREF.
3529 3828 3646 3866 υιιιι.

2219 3886 2574 3943 Petronianus
2618 3890 2938 3945 urbanarum
2972 3894 3171 3948 dudum
3208 3897 3507 3953 cohortium
3546 3905 3719 3969 utiles,

2148 3977 2213 4032 ad
2251 3979 2727 4035 corniculariorum
2754 3982 2976 4052 gradum
3009 3984 3259 4054 inculpati
3296 3988 3492 4045 laboris
3518 3993 3722 4045 diutur-

2150 4071 2313 4126 nitate
2343 4081 2646 4141 provectus,
2696 4088 2848 4129 more
2890 4074 3235 4146 institanuc
3288 4080 3550 4147 majorum
3586 4088 3722 4138 testi-

2151 4163 2386 4216 monium
2434 4162 2631 4218 meruit
2669 4165 2959 4219 castrensis
3007 4165 3303 4232 industriae,
3332 4173 3473 4240 quod
3517 4179 3722 4229 czeteris

2148 4268 2360 4324 quoque
2395 4265 2516 4323 post
2544 4254 2823 4311 honestum
2852 4270 3065 4311 cursum
3098 4260 3483 4327 stipendiorum
3525 4267 3721 4333 judicia

2149 4344 2477 4411 detulerunt,
2528 4345 2588 4401 Ι).
2633 4345 2942 4415 imperator.
2979 4348 3205 4417 Dlgllmll
3234 4360 3315 4405 est
3358 4353 3519 4421 igitur
3547 4358 3721 4409 divina

2148 4446 2446 4493 vestrorum
2472 4446 2769 4507 temporum
2800 4437 3075 4505 felicitate,
3104 4450 3162 4493 ut
3200 4453 3466 4509 peractam
3502 4448 3618 4503 sine
3647 4456 3723 4500 ol-

2150 4523 2389 4581 fensione
2411 4528 2677 4598 militiam,
2708 4530 2752 4582 si
2790 4531 3139 4599 perennitatis
3178 4543 3367 4589 vestra:
3410 4540 3523 4605 pius
3550 4542 3723 4596 vultus

473 4645 718 4691 ceretur:
747 4632 896 4701 quasi
922 4645 1052 4685 vero
1078 4631 1253 4685 simile
1272 4640 1413 4685 esset
1439 4631 1767 4699 exemplum,
1792 4638 1849 4685 ut
1873 4632 2049 4687 tennis
2076 4624 2129 4684 D
2153 4632 2171 4670 ³

1614 4631 1767 4696 ηψπ,
1792 4638 1849 4685 ui
1873 4632 2049 4687 ιεηυίε
2076 4624 2129 4684 D
2153 4618 2409 4687 arriserit,
2435 4620 2779 4690 prterottativa
2803 4621 3057 4675 solemnis
3074 4635 3312 4679 exornet.

474 4724 664 4789 honor,
715 4738 821 4791 quo
873 4722 1262 4789 subscriptores
1308 4722 1377 4775 ob
1419 4721 1706 4775 amicitiam
1768 4721 2048 4777 defunctus

474 4826 795 4885 asperserat,
828 4814 1122 4883 legitimum
1147 4820 1326 4880 posset
1354 4812 1567 4866 abolete
1606 4811 1886 4880 jndiciunt.
1917 4814 2045 4866 Nam

475 4910 517 4961 si
547 4906 626 4959 his
656 4905 858 4974 legibus
881 4906 1198 4969 viveremus,
1242 4900 1473 4956 inimicis
1496 4902 1855 4971 signatoribus
1886 4906 2046 4958 tutius

478 5008 766 5062 uteremur,
799 5009 1022 5064 quorum
1050 4992 1249 5047 offensa
1281 4993 1410 5047 nihil
1437 4993 1502 5047 de
1524 5002 1773 5048 testatore
1804 4994 2047 5050 humani-

477 5090 598 5143 tatis
625 5088 884 5156 evigeret.
928 5084 1077 5152 Piget
1113 5083 1289 5139 dicere
1320 5086 1372 5137 in
1404 5086 1636 5153 quinque
1666 5099 1887 5140 numero
1916 5087 2044 5141 soli-

477 5182 574 5237 dos
605 5182 937 5250 potissimum
962 5175 1339 5245 subscriptoris
1366 5175 1528 5230 fuisse
1554 5177 1804 5246 legatum.
1829 5177 1987 5233 Cil‘lel
2004 5179 2048 5233 is

479 5274 617 5328 enim
645 5271 812 5340 magis
833 5269 1274 5323 commemoratio
1321 5267 1568 5333 honesta,
1611 5284 1768 5338 quam
1814 5270 2049 5337 pecunia:

478 5371 710 5434 qumstus
736 5362 984 5416 accessit.
1020 5360 1155 5425 Ergo
1177 5367 1267 5412 aut
1295 5370 1550 5413 extrema:
1578 5360 1909 5428 paupertatis
1930 5374 2050 5415 suc-

478 5454 649 5509 cessio
683 5452 799 5515 fni',
831 5450 877 5505 si
918 5458 1129 5518 putatur
1172 5450 1397 5518 exiguus
1430 5452 1598 5503 honor
1630 5449 1785 5504 fidem
1829 5451 2047 5521 legitimi

477 5545 660 5615 iudicii
687 5545 978 5599 sauciasse:
1006 5551 1098 5595 ant
1138 5541 1184 5598 si
1224 5556 1418 5595 census
1466 5541 1832 5597 hmreditarius
1861 5545 2048 5599 existi-

480 5648 654 5692 matur
665 5638 901 5699 uberior,
915 5634 1083 5691 aliena
1106 5644 1227 5689 esta
1248 5634 1637 5703 suspicionibus
1652 5634 1827 5690 brevis
1842 5649 2049 5692 summa

481 5731 658 5801 legati.
689 5729 819 5797 Quis
854 5741 957 5780 non
991 5726 1454 5780 familiarissimum
1489 5740 1753 5795 quemque
1777 5726 2052 5797 signandis

484 5822 719 5883 adhibet,
744 5834 867 5874 cum
900 5828 1133 5873 extrema
1169 5818 1504 5875 conduntur?
1540 5818 1649 5888 jam
1686 5820 1811 5889 quid
1856 5820 2046 5876 mirum

724 5911 992 5973 ΡΑτιιοι..
1040 5912 1266 5971 XVII].

2719 4732 2931 4789 EPIST.
2975 4734 3155 4791 LXIV.

2224 4839 2276 4876 υ.
2307 4834 2596 4879 τιιιςοιιοειο
2619 4838 2818 4877 εειιιδειι
2851 4842 2969 4880 AUC.
2998 4842 3303 4883 ειιιιιιειιυε
3331 4845 3498 4885 ΡΒΑΞΡ.
3530 4850 3648 4887 υιιιι.

2222 4912 2377 4967 Cura:
2402 4912 2531 4967 mibi
2561 4925 2643 4969 est
2667 4923 2725 4968 ut
2752 4914 2842 4983 qui
2871 4916 3059 4969 animis
3090 4925 3142 4970 et
3170 4919 3444 4986 majestate
3472 4925 3723 4991 eougrni-
3760 4942 3763 4945 ·

2154 5004 2242 5070 tis,
2271 5015 2453 5058 mutua
2491 5006 2891 5058 honoriﬁcentia
2924 5006 3219 5073 gaudeatis.
3250 5007 3471 5077 Dignum
3503 5022 3582 5064 est
3627 5012 3722 5083 ig’i-

2153 5105 2261 5161 tur,
2291 5095 2353 5149 Ι).
2388 5096 2692 5164 imperator,
2726 5106 2781 5149 ut
2805 5096 3076 5151 decretum
3105 5109 3324 5155 senatus
3350 5101 3416 5155 ad
3442 5102 3724 5159 invictissi-

2154 5200 2270 5241 mos
2299 5187 2491 5242 fratres
2518 5189 2749 5242 numinis
2777 5190 2872 5253 tui,
2902 5189 2946 5242 si
2988 5190 3056 5242 ita
3101 5190 3292 5259 placet,
3324 5195 3601 5249 clementia
3636 5208 3723 5253 tua

2156 5278 2459 5333 insinuante
2497 5282 2788 5348 perveniat.
2818 5279 3052 5345 Quorum
3099 5289 3282 5336 auctor
3321 5293 3371 5337 et
3420 5300 3629 5352 parens,
3666 5299 3725 5341 ut

2157 5367 2353 5423 dudum
2386 5368 2449 5423 V.
2475 5369 2537 5421 (Σ.
2574 5379 2627 5422 et
2658 5370 2845 5422 illustri
2873 5369 3168 5423 officiorum
3208 5374 3461 5440 magistro
3491 5392 3574 5429 me
3598 5379 3724 5430 scri-

2158 5459 2326 5527 psisse
2369 5461 2605 5523 memini,
2638 5469 2929 5513 statuarum
2973 5462 3294 5527 equestrium
3333 5464 3533 5519 honore
3563 5466 3725 5520 decc-

2159 5560 2302 5603 ratus
2324 5560 2427 5618 est,
2450 5566 2583 5619 quas
2612 5554 2659 5605 ei
2684 5552 2816 5605 ordo
2838 5552 3151 5607 venerabilis
3173 5555 3403 5608 Africani
3431 5567 3485 5610 et
3519 5557 3723 5611 Britth

2158 5638 2262 5695 nici
2283 5640 2405 5695 belli
2435 5640 2805 5697 recordatione
2833 5644 3100 5696 decrevit:
3132 5658 3193 5698 ea
3223 5645 3428 5698 scilicet
3459 5662 3636 5711 causa,
3669 5659 3723 5701 ut

2156 5731 2310 5800 justis
2357 5733 2688 5803 superiorum
2730 5734 2920 5790 ducum
2972 5736 3154 5805 lllllllS,
3193 5740 3532 5807 przesentium
3582 5738 3725 5791 circa

2160 5839 2252 5879 vos
2275 5824 2485 5880 devotio
2517 5835 2845 5895 provocetur.

3364 5920 3433 5978 13
