4300 6464
606 315 705 368 3‘30
1774 307 1834 374 ρ.
1883 303 2226 359 AURELIUS
2266 303 2699 359 SYRNACHIIS.
3770 305 3878 362 ὅ(ῑο

602 419 872 487 impunita.
912 420 973 470 in
1011 432 1109 484 qua
1141 433 1193 469 re
1235 415 1594 486 Apltrortisiton
1643 415 1704 468 V.
1745 414 1804 469 C.
1836 413 2095 467 tribunum
2132 421 2180 467 ct
2210 422 2262 480 Α
2285 430 2404 484 qu:e
2437 417 2574 469 male
2621 415 2828 468 fuerant
2876 416 3106 470 attinissa
3133 415 3435 472 temeritate
3467 431 3788 487 paucorum;
3819 428 3876 474 et

601 510 1268 578 nutariumdirigianostra
1297 507 1682 562 mansuetudine
1704 504 2020 576 placuit,ut,
2049 519 2178 567 βιαιο
2281 516 2478 576 quanta
2523 511 2692 577 gratia
2733 518 2978 576 suscepta
3041 509 3147 562 sint
3200 524 3319 579 qua:
3358 510 3641 565 clementia
3694 520 3872 566 vestra

598 612 734 654 sente
759 618 846 665 eo,
877 616 989 667 qtttL’
1017 599 1286 651 statuimus
1311 598 1525 651 celerius
1559 597 1890 668 impio-antur,
1917 606 2170 666 quatenus
2280 601 2459 654 divino
2489 601 2686 656 indicio
2725 610 2778 655 et
2812 601 3219 670 perseverandte
3251 602 3524 673 religionis
3571 603 3869 658 reverentia

596 699 741 762 quies
780 695 952 764 populi
1006 691 1149 747 nulla
1194 692 1570 762 perturbatione
1607 703 1844 756 veretur,
1893 700 1938 744 et
1992 699 2178 761 pacata
2277 691 2616 748 decernenda
2663 693 2924 761 credidit,
2953 706 3011 750 et
3055 709 3153 764 pro
3193 697 3369 765 quiete
3420 696 3600 766 populi
3642 696 3868 750 Ιῖιιιιιςιιιί

596 807 708 842 cum
730 796 987 840 veneretur
1019 785 1507 850 nnivcrsitas,quent
1528 783 1801 838 secmidum
1831 790 2042 836 veterem
2065 796 2178 834 con-
2281 783 2333 837 in
2386 792 2701 852 perpetuum
2742 785 3004 841 servanda
3055 789 3352 841 constituit.
3401 787 3519 844 Dat.
3574 787 3869 843 sextoidus

595 880 911 932 suetudinem
943 878 1203 929 observata
1226 890 1386 927 sacrm
1405 874 1526 944 legis
1555 877 1792 945 mysteria
1821 881 2173 943 susceperunt.

599 968 718 1020 Dat.
749 984 802 1020 Ill
833 985 952 1021 non.
985 964 1249 1027 Januarii,
1297 963 1568 1018 Ravenntr.

1146 1071 1361 1128 EPIST.
1406 1072 1634 1127 LXXIII.

667 1189 718 1222 ιι.
759 1181 984 1220 noaonto
1026 1181 1228 1220 suth
1271 1179 1392 1220 suo.
1440 1169 1751 1219 sruncubs
1779 1178 1948 1218 ιιιιιειη.
1983 1178 2104 1219 uno.

660 1262 760 1316 Uni
786 1261 1012 1330 primum
1041 1272 1194 1313 sacer
1222 1272 1402 1312 sermo
1425 1257 1637 1327 pietatis
1669 1267 1863 1311 vestra:
1893 1265 2174 1326 exspecta-

592 1355 786 1407 tionem
805 1349 980 1421 populi
1008 1348 1284 1403 celeritate
1313 1351 1590 1416 prmvenit,
1620 1361 1780 1402 omne
1802 1345 1942 1417 quod
1965 1347 2063 1402 sibi
2095 1346 2177 1401 di-

592 1443 817 1499 \Cl’SlttlS
875 1441 1214 1505 voluntatum
1277 1449 1630 1507 usurpaverat
1678 1439 1745 1493 de
1802 1439 2174 1509 episcoporum

592 1534 857 1590 electione
884 1574 896 1598 ,
938 1533 1238 1598 submovit,
1281 1547 1344 1586 ac
1367 1531 1542 1585 divina
1575 1530 1880 1601 provisione
1911 1534 2048 1587 inter
2077 1532 2174 1587 ini-

591 1628 661 1680 tia
697 1624 993 1690 ιοεεειινὶι,
1025 1623 1164 1692 quod
1207 1625 1455 1678 tarditate
1480 1623 1742 1692 imperitat
1788 1623 2172 1688 multitudinis,

590 1716 956 1772 crescentibus
983 1713 1176 1768 Studiis
1200 1755 1216 1781 ,
1247 1711 1524 1770 dillicillus
1555 1717 1817 1783 potuisset
1841 1712 2038 1768 auferri
2066 1755 2081 1779 ,
2111 1715 2172 1768 I).

2278 875 2545 929 Januarii.

2833 968 3047 1022 EPIS’I‘.
3081 967 3314 1024 LXXIV.

2277 1073 2603 1114 ινιιεδιιντειιι
2636 1075 2701 1112 lix
2749 1075 2917 1114 PAITE
2966 1076 3248 1127 IONIlACII,
3301 1077 3436 1126 QUOD
3463 1077 3685 1118 εειιιι-ῖιιτ
3716 1081 3866 1119 [IP17-

2349 1144 2600 1184 R.\TUBE.\I
2643 1147 2918 1186 ιιεεερτυιι
2955 1149 3269 1196 ιιιςιλτιυιιιε.
3313 1148 3466 1188 υΔτ13
3498 1151 3733 1190 ιιττειιι»
3766 1151 3864 1192 81³3ιὶ

2351 1215 2596 1255 ιιιιειξιιιυε
2631 1218 2735 1255 BHM
2763 1218 2966 1258 (ἓΕδΤΔΙ
2997 1219 3169 1258 εειιτιι
3200 1219 3316 1258 ΙἸυΕ
3341 1220 3608 1259 Μιιιιλδτ.

2354 1334 2585 1390 Petimus
2621 1335 2936 1391 clementiam
2981 1347 3220 1404 restrain,
3259 1339 3478 1406 piissimi
3502 1349 3550 1393 et
3571 1339 3863 1396 clament-s-

2275 1428 2393 1481 simi
2423 1429 2586 1495 impp.
2623 1427 2823 1482 Ilonori
2850 1441 2896 1482 ct
2926 1427 3179 1484 Tlteodosi
3220 1447 3417 1497 setttper
3445 1432 3552 1485 AA.
3589 1446 3698 1498 post
3748 1434 3865 1488 abs-

2277 1539 2474 1576 cessum
2503 1522 2564 1577 S.
2591 1521 2786 1576 Zosimi
2805 1539 2952 1593 papa:
2964 1521 3205 1577 Ecclesia:
3225 1523 3506 1579 Cat/colica
3529 1525 3670 1579 urbis
3687 1525 3864 1580 Roma

2277 1617 2357 1684 (ut
2396 1615 2509 1681 fieri
2558 1631 2667 1669 mos
2693 1614 2886 1669 t'olcbat
2925 1625 3076 1686 atque
3125 1620 3240 1684 ipsa
3274 1618 3536 1689 religionis
3587 1619 3861 1688 disciplina

2278 1705 2525 1774 dictabat)
2553 1705 2721 1774 plures
2749 1707 2802 1760 in
2829 1723 2987 1760 unum
3012 1711 3332 1762 convenimus
3359 1710 3673 1777 sacerdotes,
3715 1723 3769 1764 ut
3796 1719 3863 1766 de

591 1811 900 1875 mpm-ator.
927 1805 1008 1860 0b
1034 1820 1192 1875 quam
1224 1820 1338 1860 rem
1367 1805 1544 1860 statim
1587 1804 1769 1860 debito
1802 1805 2052 1860 [urnulam
2077 1807 2175 1859 im-
2206 1789 2252 1851 Β
2278 1799 2633 1852 constituendo
2668 1816 2955 1854 successore
2982 1803 3237 1855 communi
3265 1803 3468 1872 judicio
3501 1813 3860 1858 tractarentus.

592 1901 739 1966 plere
797 1911 916 1965 quae
983 1895 1192 1950 fuerant
1245 1895 1503 1964 imperata
1559 1898 1877 1967 properavi;
1933 1907 1988 1952 et
2036 1899 2177 1968 quod

591 1986 832 2040 felicitati
859 1985 1160 2041 clementiae
1185 1995 1374 2040 vestra:
1397 1987 1772 2042 ascriliendum
1792 1996 1894 2055 est,
1930 2003 2018 2044 res
2056 1989 2177 2044 novi

591 2081 824 2151 exempli
851 2123 862 2146 ,
887 2090 941 2136 et
962 2082 1209 2136 maxima:
1233 2079 1594 2135 contentionis
1618 2080 1900 2150 magnique
1927 2081 2174 2135 certami-

593 2175 708 2238 nis,
744 2183 796 2227 ut
837 2174 956 2228 sine
983 2173 1404 2228 commonitione
1446 2173 1622 2242 populi
1653 2186 1830 2240 empta
1869 2173 2073 2236 fuerat,
2105 2175 2177 2229 ita

586 2267 731 2320 salva
759 2265 1040 2320 clementia
1073 2274 1249 2319 vestra
1276 2280 1396 2319 cum
1429 2266 1590 2320 totius
1618 2264 1972 2320 multitudinis
1999 2265 2177 2335 quiete

588 2361 732 2411 Inrita
758 2368 857 2413 est.
908 2357 1041 2412 Nam
1068 2372 1188 2412 cum
1220 2371 1286 2412 eo
1313 2367 1555 2426 tempore
1589 2358 1655 2412 ad
1678 2374 1762 2413 me
1784 2373 1936 2414 sacra
1971 2359 2176 2427 perlata

588 2463 732 2506 esset
786 2451 1078 2504 amtoritas
1120 2463 1224 2519 quo
1269 2449 1439 2503 sancti
1471 2449 1559 2504 die
1585 2456 1702 2503 erat
1743 2449 2060 2504 celebranda
2087 2463 2173 2504 so-

589 2544 857 2610 ictnnitas,
883 2543 1060 2596 statim
1093 2541 1184 2610 (ut
1218 2541 1560 2612 oportebat),
1591 2542 1756 2596 misso
1791 2541 2171 2609 primiscrinio,

589 2634 922 2688 Bonifacinm
953 2634 1020 2686 ad
1053 2646 1139 2686 me
1167 2633 1350 2687 venire
1369 2633 1644 2698 admonui,
1677 2634 1817 2702 quod
1845 2644 2170 2702 praeceptum

590 2730 786 2791 fuerat,
806 2725 1131 2796 agniturum,
1154 2733 1249 2778 uta
1267 2726 1807 2794 processione,qusm
1837 2723 1940 2781 sibi
1970 2723 2170 2779 inhibi-

588 2829 694 2870 tam
717 2816 974 2871 didicerat
995 2815 1308 2870 abstineret.
1325 2814 1448 2883 Qui,
1465 2816 1820 2870 conventione
1840 2823 2166 2884 contempta,

587 2909 877 2977 processit,
926 2917 1086 2977 atque
1126 2923 1251 2962 eum
1300 2923 1459 2978 quem
1499 2907 1740 2964 dixeram
1783 2907 1931 2963 dedit
1975 2908 2170 2978 populo

585 2999 999 3054 verberandum.
1037 2999 1192 3066 Quod
1223 2999 1314 3053 ubi
1359 3002 1659 3055 nuntiatum
1689 3009 1773 3056 est
1792 3040 1807 3068 ,
1838 3000 2020 3056 habito
2045 3015 2166 3055 cum

584 3093 650 3144 γ.
684 3093 744 3146 C.
779 3092 992 3148 tribuno
1022 3089 1316 3148 Sereniano
1345 3100 1606 3158 tractatu,
1651 3093 1715 3146 ad
1757 3099 2000 3147 sanctum
2031 3092 2169 3147 Pau-

587 3185 717 3252 lum,
760 3200 864 3253 quo
891 3193 1216 3240 convenerat
1241 3226 1256 3250 ,
1280 3195 1338 3240 et
1371 3200 1524 3239 sacra
1548 3186 1882 3255 exemplaria
1913 3201 2011 3256 pro
2038 3201 2164 3241 cau-
2193 3155 2241 3220 C

583 3279 690 3332 tela
715 3277 905 3342 direxi,
930 3293 998 3331 ne
1028 3277 1150 3344 quid
1179 3276 1230 3330 in
1254 3277 1502 3345 injuriam
1535 3277 1799 3346 publicam
1829 3277 1896 3332 de
1924 3292 2167 3346 praecep-

585 3369 654 3424 tis
703 3369 941 3423 immissa
983 3368 1266 3423 multitudo
1315 3377 1603 3434 temeraret
1628 3413 1642 3435 ,
1675 3379 1729 3424 et
1759 3378 1963 3438 partem
2003 3367 2168 3423 cilicii

583 3461 785 3527 pariter
814 3459 1100 3514 destinavi.
1135 3458 1244 3514 Sed
1270 3469 1518 3514 neutrum
1543 3458 1659 3512 ﬁeri
1683 3473 1873 3529 passus
1899 3500 1914 3525 ,
1949 3473 2070 3514 cum
2103 3459 2167 3514 ad

588 3553 782 3606 Urbem
814 3550 975 3606 vellet
1015 3550 1211 3621 pariter
1253 3566 1375 3605 cum
1429 3551 1624 3620 popqu
1671 3565 1914 3606 remeare
1939 3589 1954 3615 ,
1985 3551 2167 3604 statim

584 3649 648 3699 ad
676 3655 851 3713 portas
871 3653 977 3699 tam
1005 3643 1417 3700 contubernales
1438 3658 1595 3712 quam
1623 3644 1954 3714 apparitores
1976 3657 2166 3697 occur-

583 3747 789 3800 rerunt,
816 3738 905 3805 qui
936 3751 1056 3789 eum
1084 3738 1166 3804 (ut
1192 3742 1448 3789 statutum
1480 3733 1672 3805 luerat)
1708 3733 1904 3790 Urbem
1931 3745 2166 3789 vestram

586 3831 790 3900 ingredi
840 3828 1205 3898 prohiberent.
1241 3828 1437 3882 Verum
1486 3827 1632 3896 ipsos
1685 3843 1896 3898 quoque
1922 3836 2168 3887 contem-

585 3924 788 3978 ncndos
813 3923 1041 3978 credidit
1066 3968 1081 3992 ,
1127 3931 1286 3990 attpte
1314 3921 1576 3976 violenter
1604 3923 1881 3991 ingressus
1905 3961 1920 3987 ,
1961 3937 1991 3974 a
2019 3931 2164 3975 certa

587 4014 744 4070 Urbis
778 4024 926 4083 parte
959 4013 1199 4082 pluribus
1222 4011 1632 4067 occurrentibus
1662 4021 1746 4067 est
1772 4012 2042 4082 repulsus,
2069 4026 2168 4066 nec

582 4107 874 4175 permissus
915 4103 1055 4174 quod
1097 4102 1364 4174 cogitabat
1406 4102 1652 4172 implere.
1679 4102 1832 4168 Quod
1883 4102 1971 4156 ubi
2007 4103 2164 4156 turba

582 4212 700 4262 qua:
746 4194 1103 4248 comitabatur
1143 4193 1383 4263 aSpexit,
1419 4193 1536 4247 sine
1576 4193 1758 4261 aliquo
1802 4193 2029 4247 tutnultu
2058 4193 2166 4247 dis-

583 4302 735 4354 persa
764 4298 866 4339 est.
888 4285 1004 4354 Ipse
1027 4300 1155 4338 vero
1175 4295 1326 4339 extra
1350 4299 1561 4338 murum
1592 4285 1850 4339 deductus
1875 4299 1982 4338 non
2012 4285 2167 4351 long-.2

581 4381 649 4432 ab
677 4379 818 4432 Urbe
847 4388 1146 4431 remoratur
1182 4394 1194 4427 :
1235 4377 1322 4443 qni
1354 4391 1440 4438 ne,
1471 4376 1675 4429 occulte
1717 4390 1812 4444 per
1845 4385 2056 4430 noctem
2087 4375 2167 4429 in-

580 4489 797 4540 gressus
828 4473 1051 4538 Urbem,
1081 4473 1145 4523 ad
1176 4470 1459 4524 ecclesiam
1493 4469 1834 4535 convolarct,
1877 4479 1931 4523 et
1977 4484 2164 4522 rursus

581 4566 764 4634 populi
813 4566 984 4619 studia
1033 4572 1418 4629 commoveret,
1469 4563 1737 4616 communi
1787 4571 2015 4617 tractatu
2067 4578 2162 4631 pro

580 4659 904 4728 competenti
934 4655 1293 4711 sollicitudine
1319 4656 1731 4710 contubernales
1753 4664 1806 4710 ct
1827 4655 2161 4724 apparitores

580 4759 811 4817 quatuor
860 4749 966 4803 illic
1005 4749 1123 4802 sine
1174 4745 1366 4814 injuria
1408 4746 1526 4814 ejus
1565 4747 1856 4802 observare
1897 4746 2158 4816 disposui,

587 4855 911 4912 exspectans
951 4843 1076 4910 quid
1133 4841 1300 4908 pietas
1350 4849 1526 4894 vestra
1579 4839 1860 4904 decernat,
1903 4848 1962 4893 ut
2006 4840 2159 4908 quies

585 4936 755 5003 possit
796 4949 915 5003 qua:
966 4936 1228 4987 hactenus
1267 4940 1480 4985 servata
1524 4939 1604 4985 est
1644 4931 1957 5000 perdurare.
2004 4929 2156 4986 Circa

582 5036 783 5092 partem
815 5040 941 5078 vero
976 5023 1165 5076 Eulalii
1195 5023 1430 5092 episcopi
1464 5039 1507 5076 νε
1530 5023 1783 5078 tie-rabilis
1809 5022 1940 5087 viri,
1972 5023 2061 5092 qui
2089 5037 2156 5078 eo

578 5120 662 5171 die
711 5134 843 5184 tunc
887 5133 1006 5168 cum
1053 5115 1196 5169 omni
1245 5115 1588 5169 multitudine
1621 5117 1684 5168 ad
1717 5116 1885 5168 sancti
1925 5117 2151 5183 apostoli

577 5211 720 5264 I‘cl'i
771 5211 1039 5262 basilicam
1083 5209 1342 5263 solemnia
1392 5209 1734 5276 celebrabat,
1783 5211 1871 5264 ubi
1925 5210 2151 5277 primum

576 5301 788 5368 pietatis
828 5312 1018 5352 vestra:
1071 5307 1334 5366 praecepta
1379 5311 1502 5352 sunt
1544 5298 1839 5365 publicata,
1867 5297 1965 5352 fuit
1991 5298 2150 5355 totius

575 5392 758 5446 I'tL'IIlIJ
789 5392 1036 5444 civitatis.
1065 5391 1215 5445 L‘nde
1242 5406 1302 5444 ea
1332 5407 1450 5460 qua:
1490 5391 1714 5459 populus
1755 5389 2024 5445 Romanus
2052 5404 2148 5460 pu-

575 5483 714 5535 Illico
761 5481 954 5550 gaudio
994 5482 1218 5536 diversis
1253 5482 1727 5536 acclamationibus
1761 5496 1924 5550 agens
1949 5483 2146 5551 gratias

575 5573 839 5641 tnajcstati
886 5582 1078 5626 vestra:
1129 5580 1375 5642 (testatus
1411 5579 1514 5642 est)
1554 5573 1754 5628 credidi
1790 5574 2144 5643 publicanda,

575 5677 624 5716 et
644 5663 885 5716 relationi
921 5679 1034 5717 mea
1069 5666 1311 5719 universa
1345 5666 1565 5732 sulgez-i,
1600 5677 1656 5718 ιιι
1690 5674 2005 5736 agnusceret
2033 5667 2142 5735 pic-

578 5763 656 5808 tas
700 5767 872 5809 vestra
912 5767 1106 5826 quanta
1146 5760 1321 5828 quiete
1371 5757 1524 5813 Cibis
1566 5758 1724 5814 te'ius
1767 5767 2005 5814 correcta
2038 5759 2143 5816 sint

2194 4526 2242 4586 D

2283 1889 2390 1944 Sed
2419 1892 2662 1957 quoniam
2700 1891 3094 1946 Lateranensem
3124 1893 3409 1959 ecclesiam,
3439 1897 3708 1951 obstructis
3735 1915 3861 1963 pene

2277 1986 2509 2036 omnibus
2537 1985 2867 2053 ingressibus,
2909 1988 3302 2041 archidiaconus
3332 1987 3592 2053 Eulalius,
3633 2002 3861 2044 content-

2277 2075 2381 2142 ptis
2408 2075 2560 2144 impie
2584 2076 2770 2128 summi
2794 2077 3074 2130 sacerdotis
3109 2083 3376 2144 exsequiis,
3403 2079 3636 2151 diaconi;
3661 2091 3708 2134 et
3729 2098 3861 2151 pau-

2273 2166 2494 2220 cissimis
2522 2169 2850 2236 presbyteris,
2891 2183 2952 2220 ac
2979 2169 3307 2222 multitudine
3339 2170 3553 2224 turbata:
3583 2149 3740 2238 plebis
3769 2173 3858 2225 ob-

2275 2258 2525 2322 servabat,
2549 2260 2708 2310 altero
2731 2256 2814 2310 die
2839 2259 2909 2310 ad
2929 2259 3158 2313 eatttdem
3183 2259 3474 2324 ecclesiam,
3506 2261 3592 2313 ubi
3619 2263 3766 2332 prius
3791 2265 3857 2316 ob

2275 2349 2506 2402 omnibus
2532 2350 2698 2419 fuerat
2725 2351 3072 2416 constitutum,
3097 2352 3272 2404 habitu
3306 2353 3531 2405 omnium
3557 2354 3854 2422 collatione,

2273 2444 2659 2513 properavimus
2688 2458 2708 2496 :
2739 2444 2904 2513 ibique
2941 2445 3248 2512 participato
3274 2463 3388 2500 cum
3411 2446 3856 2521 Christianaplelte

2272 2536 2514 2601 concilio,
2546 2552 2695 2606 quem
2724 2535 2861 2591 Deus
2878 2539 3034 2610 jussit
3062 2541 3323 2610 elegimus.
3360 2539 3499 2595 Nam
3521 2545 3856 2598 venerabilem

2270 2629 2434 2682 virum
2463 2627 2809 2699 Bonifacium,
2837 2640 3045 2684 veterem
3071 2631 3434 2702 presbyterum,
3456 2635 3506 2687 in
3534 2635 3643 2708 lege
3660 2638 3855 2690 doctis-

2277 2722 2486 2788 simum,
2532 2739 2594 2776 ac
2621 2725 2764 2777 bonis
2784 2725 3007 2780 moribus
3034 2725 3442 2795 comprobatum,
3469 2740 3517 2780 et
3552 2730 3710 2798 (quod
3739 2745 3856 2783 eum

2273 2817 2438 2884 magis
2471 2816 2705 2885 ornabat)
2735 2817 2969 2884 invisum,
3003 2819 3371 2872 acclamatione
3399 2821 3551 2873 totius
3575 2823 3752 2891 populi
3794 2838 3858 2874 ac

2270 2923 2519 2962 consensu
2555 2910 2825 2962 meliorum
2855 2911 3072 2965 civitatis
3101 2914 3408 2966 asseruimns
3435 2913 3621 2968 divina:
3654 2916 3857 2969 institu-

2273 3000 2426 3052 tionis
2469 2999 2647 3052 ordine
2675 3012 3047 3055 consecratum.
3082 3001 3134 3056 Ν
3139 3019 3224 3055 om
3267 3003 3690 3059 subscribentibus
3741 3007 3858 3072 plus

2271 3094 2443 3146 minus
2461 3094 2783 3162 septuaginta
2810 3096 3139 3164 presbyteris,
3171 3097 3456 3151 astantibus
3484 3113 3660 3152 novem
3690 3101 3856 3154 diver-

2271 3198 2447 3236 sarum
2484 3185 2861 3253 provinciarum
2905 3187 3173 3256 episcopis,
3222 3187 3621 3243 benedictionem
3661 3208 3856 3264 compe~

2274 3277 2397 3329 lenti
2427 3286 2646 3346 tempore
2665 3286 2866 3332 constat
2883 3278 3046 3348 fuisse
3075 3279 3396 3335 celebratam.
3415 3283 3488 3335 Ac
3517 3285 3660 3350 prius
3684 3286 3854 3340 omnia

2271 3384 2386 3436 quce
2407 3367 2701 3422 solemnitas
2730 3370 2960 3440 exigebat
2986 3371 3234 3425 celebrata
3260 3382 3399 3428 sunt.
3437 3372 3542 3428 Sed
3582 3391 3696 3429 cum
3722 3393 3855 3446 prah-

2271 3460 2434 3512 dictus
2458 3458 2698 3513 Eulalius
2725 3463 2836 3528 (qui
2852 3473 2999 3514 antea
3025 3478 3117 3530 per
3138 3475 3237 3517 tres
3254 3465 3641 3521 consacerdotes
3655 3477 3851 3521 nostros

2271 3550 2440 3619 fuerat
2463 3566 2525 3604 ea;
2564 3553 2836 3604 multorum
2865 3555 3164 3607 auctoritate
3192 3566 3488 3624 conventus,
3527 3574 3591 3611 ne
3615 3559 3740 3621 quid
3756 3561 3852 3612 sibi

2272 3651 2456 3694 temere
2497 3653 2683 3712 prtcter
2716 3645 3077 3698 conscientiam
3105 3646 3230 3699 cieri
3271 3648 3482 3719 majoris
3521 3650 3850 3720 assumeret),

2272 3735 2621 3788 circumventis
2655 3737 2973 3805 paucissimis
3001 3739 3323 3808 presbyteris,
3355 3740 3486 3794 male
3506 3742 3728 3810 acceptis
3746 3741 3846 3807 bis,

2271 3842 2330 3879 ac
2368 3827 2586 3880 diversae.
2629 3827 2871 3881 cuttodiw
2915 3829 3219 3897 mancipatis
3252 3829 3341 3897 qui
3375 3829 3446 3882 ad
3482 3829 3851 3901 prohibendum

2271 3935 2384 3970 cum
2405 3918 2586 3973 litteris
2614 3927 2885 3985 venerant,
2919 3919 3138 3974 exhibito
3167 3921 3315 3973 etiam
3341 3936 3454 3973 cum
3474 3919 3595 3975 aliis
3631 3921 3852 3976 Ostiensi

2269 4012 2524 4081 episcopo,
2571 4027 2721 4079 quem
2751 4027 2906 4080 prope
2935 4023 3189 4064 mortuum
3228 4021 3422 4066 constat
3447 4015 3668 4066 accitum
3705 4015 3848 4084 (nam

2271 4112 2490 4154 tractum
2509 4117 2614 4155 esse
2641 4100 2894 4155 nolentem
2921 4104 3056 4157 senis
3074 4104 3323 4173 tegritudo
3348 4105 3582 4174 testatur)
3605 4107 3654 4159 in
3681 4106 3849 4159 locum

2268 4196 2365 4248 sibi
2409 4211 2510 4247 non
2557 4193 2814 4258 debitum,
2849 4195 3155 4248 incustodito
3200 4197 3463 4268 religionis
3503 4199 3715 4263 ordine,
3757 4215 3848 4268 per

2268 4286 2513 4340 ambitum
2552 4287 2854 4357 proruisset,
2881 4288 3028 4356 capit
3073 4288 3267 4356 factum
3304 4305 3450 4342 suum
3492 4307 3579 4356 per
3617 4291 3848 4343 homines

2269 4376 2557 4445 disciplina:
2585 4378 2771 4431 inscios
2815 4395 2873 4432 ac
2911 4378 3172 4448 religionis
3201 4379 3491 4434 indecenter
3520 4383 3684 4448 tueri,
3709 4385 3847 4435 testi-

2270 4485 2413 4522 mans
2430 4469 2667 4522 humanis
2684 4468 3142 4539 perturbationibus
3153 4486 3205 4523 se
3224 4472 3531 4541 confundere
3549 4473 3848 4528 sententiam

2267 4578 2414 4629 posse
2441 4562 2684 4615 divinam.
2716 4559 2781 4613 Et
2801 4563 3043 4630 quoniam
3069 4560 3389 4615 clementiam
3415 4573 3626 4617 vestram
3649 4575 3845 4618 constat

2267 4653 2504 4723 {trlsidica
2525 4652 2772 4706 relatione
2789 4653 3070 4720 deceptam,
3102 4661 3155 4705 ut
3183 4653 3352 4707 twscio
3371 4654 3493 4724 quid
3519 4655 3571 4708 in
3597 4656 3842 4727 injuriam

2264 4745 2421 4798 divini
2462 4745 2687 4798 numinis
2727 4745 2992 4797 sanciretis
3035 4745 3178 4815 (nam
3219 4745 3445 4799 divinum
3483 4755 3557 4800 est
3593 4747 3842 4816 quidquid

2263 4845 2522 4892 tantorum
2565 4838 2736 4906 ﬁrmat
2765 4838 2990 4906 electio),
3027 4840 3240 4907 petimus
3281 4839 3516 4906 pietatem
3539 4849 3756 4894 vestram
3781 4851 3839 4894 ut

2260 4928 2504 4981 remorcri
2542 4929 2715 4997 priora
2762 4928 3035 4983 constituta
3068 4928 3313 4996 jubeutis,
3351 4941 3503 5000 atque
3547 4929 3834 4997 Eulalium,

2257 5021 2347 5091 qui
2367 5021 2420 5073 in
2447 5022 2614 5073 locant
2641 5021 2886 5090 surrepsit
2913 5022 3157 5082 alienum,
3187 5021 3256 5074 ad
3277 5023 3571 5077 comitatum
3589 5025 3836 5078 serenita-

2254 5115 2316 5166 tis
2345 5123 2520 5165 vestra:
2546 5129 2661 5164 cum
2687 5115 2980 5167 auctoribus
2999 5115 3103 5168 suis
3133 5115 3313 5168 debere
3332 5118 3541 5171 adduci.
3570 5117 3678 5172 Nos
3702 5121 3836 5174 enim

2255 5205 2550 5273 profitemur
2583 5205 2644 5259 S.
2678 5221 2864 5276 papam
2895 5203 3222 5274 Bonifacium
3244 5210 3434 5262 nostris
3460 5224 3573 5262 cum
3594 5211 3834 5264 sacerdo-

2254 5296 2385 5348 tibus
2413 5296 2712 5365 atlfutnrum
2735 5312 2753 5349 :
2780 5297 2969 5350 relictis
2998 5297 3210 5364 singulis
3236 5298 3398 5353 titulis
3419 5301 3694 5370 presbyteri
3716 5318 3832 5354 om-

2252 5403 2338 5441 nes
2359 5387 2595 5450 adcrunt,
2619 5387 2703 5455 qui
2727 5388 3032 5441 uolunta‘em
3053 5388 3335 5455 suamﬂtoc
3353 5399 3446 5455 est,
3469 5387 3564 5444 Dei
3575 5393 3831 5461 judicium

2249 5481 2636 5550 proloquantur.
2681 5478 2864 5534 lubeat
2909 5484 3060 5534 etiam
3119 5492 3284 5537 vestra
3341 5485 3607 5539 clementia
3655 5502 3828 5541 omnes

2249 5572 2428 5626 adesse
2452 5588 2579 5640 quos
2609 5588 2767 5625 causa
2787 5573 3120 5639 constringit,
3163 5574 3279 5645 ejici
3312 5577 3467 5629 etiam
3493 5576 3691 5630 civitate
3734 5595 3829 5631 no.

2250 5666 2425 5731 lentes,
2470 5667 2557 5734 qui
2595 5683 2644 5718 se
2681 5682 2779 5719 non
2819 5667 3072 5737 patientur
3111 5667 3320 5720 adduci.
3365 5667 3660 5732 Invenietis.
3707 5687 3825 5726 cum

2249 5758 2448 5826 creperi!
2482 5759 2666 5826 agitari
2712 5758 2901 5813 incerta
2929 5760 3194 5824 discussio,
3217 5761 3352 5827 quod
3377 5763 3608 5818 omnibus
3637 5762 3825 5820 divinis
