4300 6448
615 304 719 366 403

1779 299 1842 365 Q.
1887 297 2231 354 AUliELIUS
2269 297 2706 358 SYMMACIIUS.

3777 302 3884 358 4οι

615 415 911 470 8.Aeliillei
935 413 1239 481 praesentia,
1259 424 1315 464 ut
1340 422 1460 480 qua:
1474 409 1618 476 ίυεευ
1638 408 1849 464 inerant
1875 410 2189 478 publicaret,
2221 420 2272 476 Α
2302 411 2610 480 Symmache
2641 427 2825 480 parens
2849 413 3130 467 carissime.
3163 410 3310 468 Unde
3343 413 3627 468 sublimitas
3664 425 3750 466 tua
3785 415 3882 466 hoc

615 505 958 560 tuultitndine
988 503 1283 568 resistente,
1319 505 1496 557 venire
1525 515 1630 557 non
1662 503 1853 570 potuit.
1885 501 2097 556 Etcum
2125 503 2193 557 ad

615 597 789 652 lorum
816 596 1125 666 Vespasiani
1157 606 1262 649 tam
1292 609 1390 663 ego
1413 609 1572 664 quant
1601 594 1679 647 vir
1707 593 2018 662 spectabilis
2047 595 2193 648 vica-

615 689 725 742 t‘ius
766 696 1085 756 perutgcnte
1121 687 1318 756 populo
1346 685 1632 740 fuissemus
1660 685 1921 755 ingressi,
1960 696 2017 740 ut
2042 686 2196 757 quie-

615 787 725 832 tem
765 779 1038 847 utriusque
1067 778 1229 847 partis
1258 777 1582 831 multitudini
1611 777 1984 842 suaderemus,
2015 777 2194 834 subito

614 873 806 926 armati
831 874 972 929 servi
1000 871 1120 926 telis
1145 882 1198 926 et
1228 871 1392 937 saxis,
1421 872 1676 942 aliquanti
1705 872 1864 926 etiam
1893 870 2059 936 ferro,
2091 887 2192 944 po-

616 967 772 1031 pulos
810 963 976 1032 partis
1013 962 1204 1017 Eulalii
1235 963 1467 1031 aggressi
1498 971 1653 1028 sunt,
1680 963 1772 1031 qui
1801 975 2033 1018 inermes
2058 977 2194 1017 con-

615 1064 903 1122 venerant,
931 1063 989 1110 ut
1012 1056 1152 1126 quod
1183 1066 1504 1124 prmceptutn
1534 1055 1600 1110 de
1629 1055 1881 1124 cpisc0po
1913 1055 2191 1125 Spoletina

613 1154 758 1200 esset
795 1155 1186 1213 agnoscerent:
1235 1159 1475 1214 quosque
1526 1144 1593 1197 ita
1648 1145 2056 1209 sauciaverunt,
2101 1145 2191 1215 qui

615 1236 785 1306 parati
816 1233 1071 1290 adversus
1091 1234 1380 1303 imparatos
1407 1248 1684 1300 venerant,
1708 1243 1765 1290 ut
1793 1251 1880 1292 me
1904 1251 2115 1305 quoque
2135 1246 2190 1292 et

615 1331 787 1382 virum
831 1325 1180 1397 spectabilem
1216 1327 1468 1382 vicarium
1510 1327 1792 1382 crederent
1833 1327 2185 1396 appetendos,

612 1420 742 1473 dum
781 1417 1041 1475 seditioso
1088 1417 1267 1473 furate
1295 1418 1496 1473 nullam
1527 1419 1814 1472 admittunt
1850 1420 2060 1487 penitus
2103 1436 2182 1474 ra-

612 1515 846 1582 tionem,
877 1513 979 1568 nisi
1003 1513 1069 1567 ad
1099 1512 1436 1568 liberandum
1470 1527 1568 1568 nos
1605 1512 1860 1582 divinitas
1897 1513 2185 1579 adfuisset,

612 1606 924 1676 egressique
961 1614 1056 1675 per
1096 1605 1441 1661 secretiorem
1489 1614 1692 1673 partem
1740 1603 1902 1661 ictum
1933 1619 2186 1660 saxorum

613 1706 668 1752 et
708 1697 966 1765 impetum
1017 1698 1381 1766 conspirantis
1426 1695 1781 1751 multitudinis
1831 1695 2182 1762 vitassemus,

2296 519 2388 556 nos
2427 503 2666 557 statuisse
2701 515 3004 572 cognoscat,
3032 513 3089 557 ut
3131 513 3178 558 et
3219 503 3444 560 salubris
3485 508 3718 574 superior
3753 509 3882 559 ordo

2296 595 2556 664 praxcpti,
2582 601 2629 646 et
2659 595 2920 648 moderata
2948 596 3132 663 synodi
3171 595 3433 648 ordinatio
3459 595 3663 650 deberet
3704 604 3874 651 custo-

2296 686 2427 748 diri,
2457 686 2596 756 quod
2623 685 2773 740 aliter
2800 688 2914 756 ﬁeri
2955 703 3059 741 non
3089 702 3236 756 posse
3263 703 3544 752 censemus,
3577 690 3676 742 nisi
3713 687 3879 743 Eula-

2295 779 2394 858 lius
2425 780 2718 834 omnimode
2761 791 3017 850 urgeatur,
3061 793 3138 850 ut,
3181 783 3320 836 omni
3343 782 3596 837 celeritate
3639 785 3699 836 ab
3742 782 3880 839 Urbe

2293 871 2575 936 discedens,
2621 872 2860 925 insolenti
2903 871 3097 941 popqu
3137 890 3359 944 presens
3400 874 3731 929 incitamenta
3774 893 3878 930 non

2293 962 2512 1029 pra-beat
2531 1002 2546 1026 ,
2581 978 2672 1015 nec
2717 962 3066 1018 innocentibus
3101 981 3259 1019 causa
3302 967 3480 1020 mortis
3527 966 3748 1033 existat;
3792 967 3879 1021 cui

2291 1069 2398 1108 esse
2424 1055 2638 1107 dubium
2667 1070 2768 1108 non
2802 1055 3026 1120 debebit,
3051 1055 3097 1111 si
3123 1059 3177 1110 in
3215 1059 3312 1110 hac
3348 1059 3760 1126 prcsnntptionis
3786 1060 3870 1112 ob-

2289 1149 2564 1202 stinatione
2589 1148 2840 1201 duraverit
2861 1189 2875 1213 ,
2903 1165 3006 1203 non
3032 1149 3201 1204 solum
3237 1150 3302 1204 de
3329 1159 3467 1205 statu
3501 1166 3594 1205 sua
3613 1152 3876 1224 judicium

2280 1245 2398 1311 jam
2427 1238 2685 1310 prolatum
2703 1282 2716 1304 ,
2746 1256 2919 1295 rerum
2950 1242 3104 1294 etiam
3132 1242 3198 1297 de
3223 1241 3408 1298 salutis
3436 1241 3730 1298 discrimine
3756 1258 3878 1312 pro-

2287 1332 2571 1402 ferendum.
2605 1328 2772 1397 Culpa
2811 1332 2948 1386 enim
2993 1331 3194 1386 nullane
3235 1332 3431 1386 veniam
3469 1334 3587 1402 jam
3632 1341 3875 1399 meretur,

2288 1438 2405 1492 qua!
2434 1439 2550 1475 cum
2581 1421 2900 1488 prttdicitur,
2931 1439 3035 1476 non
3065 1434 3291 1479 rotetur.
3325 1422 3477 1491 Nihil
3507 1439 3570 1478 ea:
3595 1423 3690 1478 hoc
3723 1439 3874 1478 ercu-

2287 1515 2499 1567 sationis
2528 1514 2814 1581 habiturus,
2846 1515 2984 1584 quod
3010 1530 3070 1568 eo
3112 1515 3271 1570 invito
3309 1531 3343 1568 a
3389 1514 3531 1585 plebe
3572 1524 3766 1570 asserat
3793 1531 3866 1571 re-

2289 1606 2496 1659 lentari.
2530 1605 2591 1659 Si
2616 1606 2702 1674 qui
2729 1615 2900 1659 autem
2925 1621 2990 1659 ea:
3017 1621 3232 1661 numero
3255 1605 3560 1660 clericorum
3589 1607 3871 1661 communi-

2289 1696 2510 1749 candum
2551 1693 2782 1760 Eulalia,
2815 1695 3018 1764 judicio
3044 1696 3315 1767 pendente,
3342 1697 3622 1762 censuerit,
3666 1697 3780 1768 pari
3817 1714 3869 1750 se

611 1788 838 1844 titinime
891 1792 1250 1858 potuissemus
1302 1788 1531 1843 evadere
1570 1806 1583 1840 :
1642 1803 1868 1858 quorum
1928 1787 2188 1856 majorem
2224 1787 2266 1845 Β
2293 1789 2420 1842 sciat
2445 1789 2694 1844 sententia
2719 1803 2829 1842 esse
2854 1788 3224 1843 damnandum.
3262 1788 3446 1843 Laicos
3475 1805 3590 1844 vero
3627 1791 3717 1859 qui
3761 1799 3872 1860 post

614 1891 818 1951 partem
851 1881 904 1934 in
941 1881 1115 1935 servis
1145 1889 1356 1938 constat
1394 1879 1579 1943 luisse,
1611 1895 1680 1935 es
1714 1878 1906 1950 quibus
1930 1878 2187 1948 aliquanti

612 1978 779 2048 agniti
811 1985 971 2044 atque
1001 1975 1136 2030 tenti
1166 1983 1291 2032 sunt
1325 1973 1597 2028 audiendi.
1625 1972 1776 2028 Unde
1800 1972 1926 2042 quid
1958 1973 2188 2043 partium

613 2083 856 2126 mearum
883 2065 1012 2134 fuit,
1035 2066 1371 2129 excellentiae
1399 2075 1592 2120 vestrm
1619 2078 1906 2136 suggerere
1937 2078 2189 2133 propera-

614 2160 706 2226 vi,
730 2167 788 2214 ut
811 2168 1016 2214 certum
1047 2159 1238 2223 linem,
1280 2157 1439 2213 rebus
1470 2157 1697 2225 cognitis
1727 2170 1849 2227 qua:
1873 2163 2022 2225 gesta
2041 2164 2188 2219 sunt,

614 2246 924 2319 magnitudo.
938 2254 1113 2304 vestra
1133 2245 1408 2302 decernat.
1424 2243 1560 2301 Cum
1578 2245 1649 2299 ita
1667 2243 1726 2298 S.
1748 2244 1988 2298 Eulalius
2002 2242 2188 2299 luisset

615 2343 908 2410 ingressus,
928 2345 984 2395 et
997 2342 1156 2394 tertia
1181 2337 1268 2394 die
1290 2344 1508 2394 secutus
1524 2348 1670 2391 esset
1689 2334 1973 2406 episcopus
1998 2334 2187 2403 Spole-

614 2432 776 2495 tinus,
802 2442 902 2487 nec
921 2429 1095 2500 aliqua
1115 2429 1180 2482 ad
1207 2443 1292 2483 me
1310 2429 1433 2484 data
1456 2426 1708 2482 virtutum
1727 2436 2044 2488 vestrarum,
2068 2441 2190 2497 qna:

613 2537 888 2591 sequerer,
919 2529 1181 2591 precept:
1202 2522 1500 2584 venissent,
1529 2519 1857 2588 perturbatio
1886 2519 2050 2573 latius
2079 2519 2190 2588 ple-

613 2613 718 2678 bis,
734 2627 854 2682 (με
875 2611 928 2667 in
949 2626 1008 2665 se
1030 2619 1086 2665 et
1116 2611 1168 2664 in
1192 2609 1734 2680 periculumjudicum
1753 2610 1988 2674 smviret,
2003 2619 2190 2666 exorta

610 2711 696 2764 est
708 2719 724 2756 :
737 2713 793 2760 et
803 2703 855 2758 oi
865 2702 1028 2759 celeri
1042 2716 1298 2771 responso
1308 2711 1434 2757 ante
1443 2699 1583 2756 diem
1601 2697 1957 2754 venerabilem
1971 2700 2190 2756 Pascha:

611 2801 738 2872 quid
776 2797 894 2853 lieri
920 2795 1115 2852 debeat
1138 2795 1431 2864 iusseritis,
1459 2795 1728 2849 minantur
1752 2808 1810 2850 se
1839 2794 2019 2866 populi
2051 2796 2190 2852 invi-

611 2907 730 2946 cem
760 2897 1109 2958 pugnaturos,
1128 2885 1257 2940 dum
1285 2885 1355 2943 de
1380 2884 1726 2940 Lateranensi
1754 2883 1972 2940 basilica
1998 2886 2192 2941 alteru-

612 2993 756 3038 trum
793 2995 857 3037 se
884 2978 1194 3036 existimant
1231 2975 1624 3032 excludendos.
1654 2973 1732 3030 Ne
1756 2974 1880 3044 quid
1910 2975 2070 3044 igitur
2094 2976 2191 3030 ad-

614 3073 758 3132 versi
784 3070 951 3143 (quod
977 3069 1320 3125 sublimitatis
1353 3078 1540 3124 vestra
1569 3066 1791 3123 felicitas
1815 3070 2046 3137 avertat)
2065 3083 2192 3124 eve-

2291 1879 2617 1934 interdictunt
2647 1880 3048 1934 mansuetudinis
3083 1889 3273 1935 nostra
3315 1883 3720 1935 communionem
3765 1880 3873 1934 Eu-

2291 1969 2405 2022 lalii
2440 1969 2724 2038 putauerint
2773 1968 3143 2036 expetendum,
3194 1968 3498 2023 honoratioris
3538 1971 3638 2022 loci
3676 1986 3871 2038 plenam

2291 2059 2702 2131 proscriptionis,
2733 2075 2903 2114 senos
2931 2076 3049 2115 rere
3085 2061 3269 2131 capitis
3311 2077 3418 2115 esse
3461 2063 3752 2128 subituros,
3783 2079 3872 2115 nec

2290 2151 2354 2206 ab
2379 2152 2475 2204 Itoc
2502 2153 2731 2223 periculo
2767 2152 2998 2206 dominos
3041 2154 3315 2208 eruendas.
3344 2150 3598 2207 Primatcs
3640 2170 3758 2208 ocra
3793 2171 3871 2208 re-

2290 2243 2532 2312 gionum,
2582 2243 2683 2296 nisi
2745 2243 2984 2323 spiritum
3038 2243 3197 2313 plebis
3245 2243 3520 2300 incondito
3579 2245 3866 2299 domuerint

2291 2349 2353 2386 ac
2379 2334 2662 2402 frenarint,
2688 2333 2852 2387 sciatu
2876 2348 2933 2388 se
2961 2341 3157 2405 raptos,
3190 2333 3368 2389 ultimo
3385 2335 3588 2406 judicio
3616 2352 3724 2389 esse
3752 2335 3872 2389 sub-

2295 2427 2492 2479 dendos
2522 2441 2542 2479 :
2587 2426 2888 2496 Spoletinus
2939 2437 3111 2481 autem
3153 2429 3420 2496 episcopus
3465 2429 3625 2499 (sicut
3675 2429 3872 2482 dudum

2293 2518 2462 2586 [uerat
2488 2516 2776 2588 deﬁnitum)
2803 2519 2992 2574 sanctis
3021 2517 3238 2573 Paschc
3262 2516 3440 2574 diebus
3468 2521 3696 2573 ordinem
3730 2519 3871 2590 {este

2290 2608 2624 2678 solemnitotis
2659 2611 2916 2680 implebit,
2942 2611 3024 2664 cui
3056 2611 3125 2663 ad
3161 2609 3463 2665 celebranda
3499 2613 3738 2681 mysteria
3768 2610 3866 2664 La-

2292 2709 2609 2755 teranensetn
2642 2701 2910 2756 ecclesiam
2938 2703 3036 2756 soli
3064 2711 3237 2771 patere
3277 2703 3619 2768 decernimus,
3661 2703 3868 2771 reliquis

2291 2793 2384 2864 qui
2435 2791 2532 2847 hoc
2591 2808 2896 2863 prasumere
2947 2793 3201 2849 uoluerint
3248 2794 3577 2865 propulsetis.
3627 2793 3768 2847 Sane
3811 2805 3870 2847 ut

2291 2884 2566 2955 prodictus
2614 2885 2850 2941 sacerdos
2897 2885 3182 2956 Spoletinis
3229 2887 3446 2940 civitatis
3497 2887 3551 2939 in
3599 2886 3711 2939 loco
3755 2889 3872 2957 ejus

2291 2987 2584 3031 sanctorum
2633 2978 2985 3048 mysteriorum
3032 2977 3264 3032 ordinent
3298 2980 3640 3047 completurus
3683 2978 3872 3047 suscipi

2294 3069 2499 3134 debeat,
2527 3070 2878 3124 admonemus.
2912 3069 3013 3125 Per
3051 3086 3223 3124 omnes
3267 3086 3383 3124 uero
3422 3070 3597 3124 titulos
3637 3079 3686 3124 et
3723 3069 3870 3134 loco,

612 3167 725 3226 niat
749 3207 766 3232 ,
815 3173 941 3235 peto
988 3169 1047 3217 ut
1102 3160 1338 3217 evidenti
1394 3169 1663 3231 praet-pta
1713 3159 1927 3216 excludi
1971 3159 2188 3218 furiosa:
2212 3157 2259 3218 C
2290 3179 2406 3233 qua
2443 3174 2684 3216 conrentu
2726 3163 2908 3217 celebri
2945 3166 3353 3234 frequentantur,
3383 3163 3492 3217 Ita-c
3522 3177 3639 3231 quc
3678 3164 3868 3217 statui-

609 3252 972 3314 contentitntis
993 3253 1352 3324 periculosam
1379 3250 1725 3321 pertinaciam
1753 3251 2037 3308 censeatis.
2063 3252 2184 3311 Dat.

615 3363 684 3406 stt
708 3347 814 3412 cal.
837 3345 1010 3416 April.

1154 3433 1367 3496 EPIST.
1412 3433 1643 3490 LXXIX.

870 3544 1262 3588 εοκςτιιιτηως
1293 3542 1573 3584 ΠἊΗΑΕΙΙΟ
1600 3543 1771 3582 Plini.
1805 3543 1922 3584 ll”.

683 3623 752 3678 Ut
780 3633 917 3687 certa
945 3623 1195 3691 possimus
1222 3635 1437 3690 quaque
1466 3634 1789 3690 cognoscere,
1830 3627 1879 3674 et
1907 3619 2189 3688 [actionum

609 3729 842 3774 auctores
875 3715 1019 3787 ﬁdeli
1058 3715 1241 3771 nuntio
1273 3721 1322 3766 et
1352 3713 1635 3784 inspectore
1670 3727 1773 3766 non
1809 3711 2030 3776 lateant,
2059 3727 2188 3766 can-

608 3810 876 3866 cellariurn
912 3818 1138 3862 nostrum
1175 3804 1398 3860 Vituluat
1430 3805 1731 3872 direritnus,
1757 3813 1813 3861 ut
1857 3802 2065 3862 Domini
2104 3808 2187 3860 in.

610 3899 870 3954 rictissimi
894 3900 1141 3970 principis
1177 3897 1386 3966 alatus,
1415 3906 1568 3965 atque
1587 3897 1846 3970 judicium
1881 3898 1950 3950 ad
1978 3897 2189 3951 eximie-

610 3999 765 4043 tatem
796 4000 934 4044 tuant
968 3998 1015 4044 et
1040 3991 1110 4043 ad
1137 3990 1387 4061 populum
1414 3988 1564 4044 celeri
1591 3989 1919 4059 festinatione
1944 3988 2184 4058 deferret.

610 4078 853 4150 Illudque
896 4097 1176 4147 monemus,
1215 4090 1270 4136 ut
1303 4081 1550 4150 quidquid
1593 4081 1754 4136 sacris
1799 4081 2189 4135 auctoritatibus

609 4174 913 4240 continetur,
942 4175 1082 4230 nulla
1114 4176 1392 4227 temeritate
1431 4173 1664 4236 violetur,
1693 4180 1743 4224 et
1778 4187 1890 4242 qua
1935 4182 2188 4241 prmerpta

608 4275 728 4321 sunt
753 4264 960 4333 elfectui
999 4265 1149 4320 celeri
1196 4267 1504 4318 mandentur
1540 4264 1823 4328 instantia;
1871 4280 1934 4318 ne
1969 4265 2189 4336 Augusti

608 4360 895 4425 clementia,
918 4360 1054 4430 quod
1076 4375 1213 4413 nunc
1237 4359 1468 4427 agnoscit
1496 4356 1776 4422 distulisse,
1803 4365 2054 4410 commoto
2078 4373 2186 4410 nta-

610 4454 806 4524 iestatis
826 4466 933 4506 sua:
954 4451 1145 4518 vigore,
1172 4449 1445 4502 emendare
1468 4464 1569 4501 non
1592 4446 1814 4512 αἰπεῖα.

1160 4538 1374 4594 EPIST.
1419 4538 1631 4592 LXXX.

799 4648 904 4686 μιν.
940 4645 1198 4685 ιιοιιοιιυε
1225 4645 1346 4686 AUC.
1379 4643 1654 4684 SYIIIACIIO
1680 4644 1846 4682 Ρηᾶζε.
1876 4644 1996 4682 υΒΒ.

686 4724 821 4777 Dant
861 4725 928 4777 ad
977 4723 1264 4775 sanandum
1308 4722 1486 4792 prima:
1524 4721 1924 4790 perturbationis
1963 4737 2132 4773 errore
2153 4739 2185 4771 n

605 4816 700 4869 hoc
745 4829 904 4884 genus
951 4813 1149 4866 consilii
1183 4813 1452 4865 clementia
1489 4822 1661 4864 nostra
1699 4812 2000 4881 reparanda:
2046 4811 2186 4874 pacis

604 4906 796 4976 cupida
839 4905 1132 4973 rcperissct,
1173 4912 1224 4954 ut
1268 4904 1428 4956 donec
1465 4902 1528 4954 de
1576 4901 1961 4968 confirmatione
2003 4901 2183 4954 urbani

603 4998 873 5055 sacerdotii
914 4997 1157 5050 sententia
1199 4998 1490 5066 procederet
1537 4996 1803 5061 absoluta,
1844 5005 2055 5064 uterque
2098 5012 2183 5050 co-

601 5107 716 5144 rum
744 5104 960 5157 quarunt
989 5103 1141 5140 causa
1179 5085 1425 5138 tumultus
1453 5097 1600 5138 antea
1631 5088 1960 5138 concrcrisset
1979 5125 1992 5147 ,
2025 5102 2056 5136 a
2093 5102 2179 5137 sa-

603 5181 887 5233 cratissima
921 5177 1056 5232 Urbe
1083 5178 1458 5230 conversatione
1482 5177 1762 5241 scinm'ttts,
1801 5166 1960 5241 {icturi
1998 5176 2179 5238 iudicii

601 5271 974 5339 exspectatione
1019 5268 1290 5338 penderet,
1319 5267 1484 5334 spatio
1515 5282 1613 5334 quo
1654 5266 1991 5316 τυηίὶησιηίην
2027 5268 2178 5316 ulter-

601 5373 711 5415 uter
748 5363 999 5413 euidenter
1035 5373 1272 5427 expresso
1296 5398 1313 5422 ,
1345 5373 1489 5422 a’qua
1515 5358 1688 5407 animo
1717 5355 2042 5407 dissimulare
2076 5371 2176 5406 non

601 5466 870 5522 possumus
909 5450 1067 5519 ceptis
1105 5446 1386 5500 clementicc
1418 5456 1606 5500 nostra:
1629 5448 1888 5516 publicant
1919 5464 2042 5514 pene
2071 5445 2174 5499 bel-

599 5546 732 5608 lum,
761 5556 860 5609 quo
889 5542 1230 5602 calcarentur,
1278 5539 1526 5590 indictum
1554 5556 1571 5602 ;
1610 5539 1836 5589 "terrendi
1863 5541 1972 5607 ejus
2020 5547 2170 5603 caput

600 5634 897 5700 Ettlolium,
935 5632 1021 5700 qui
1043 5633 1192 5700 jussu
1233 5631 1564 5692 transcendit,
1598 5631 1866 5692 exstitisse,
1899 5631 2173 5682 secundum

601 5727 828 5781 ordinem
859 5735 1221 5795 praceptorum
1269 5724 1530 5792 paulisper
1572 5726 1744 5777 obesis
1785 5741 1882 5774 ttott
1930 5741 2168 5787 possunt.

2290 3270 2402 3307 mus
2432 3264 2804 3322 proponantur,
2835 3264 2887 3307 ut
2917 3255 3163 3308 unit-ersis
3191 3255 3412 3324 liqueat,
3441 3265 3487 3307 et
3527 3255 3751 3307 uoluisse
3777 3268 3871 3308 nos

2289 3343 2550 3397 turbidum
2577 3344 2776 3410 aliquid
2801 3355 3114 3416 perpetrare,
3137 3355 3186 3398 et
3215 3345 3383 3397 adhuc
3413 3354 3468 3398 ut
3496 3343 3700 3400 turbata
3731 3362 3866 3399 com-

2289 3435 2413 3506 poni
2446 3435 2659 3490 debeant
2695 3437 2942 3507 opperiri.
2983 3434 3129 3493 Sciat
3166 3451 3292 3490 sane
3323 3435 3614 3491 sublimitas
3652 3446 3739 3490 tua
3767 3437 3868 3506 pri-

2290 3527 2609 3581 miscriniunt
2651 3536 2697 3582 ct
2745 3528 2998 3596 reliquum
3037 3527 3289 3596 eliciam,
3337 3528 3478 3597 quod
3518 3528 3620 3582 tuis
3665 3528 3861 3581 actibus

2291 3620 2630 3686 obseeundat,
2662 3635 2762 3673 nou
2807 3619 2976 3674 solum
3015 3619 3329 3693 grauissima-
3356 3618 3561 3674 mulcta
3588 3621 3869 3689 dispend'is

2290 3711 2610 3783 amt'gendunt
2625 3753 2640 3778 ,
2668 3712 2757 3764 sed
2779 3718 2830 3764 et
2853 3711 3165 3782 supplicium
3189 3711 3374 3778 capitis
3411 3713 3742 3778 sortiturum,
3769 3713 3872 3766 nisi

2290 3804 2426 3857 enixi
2454 3819 2607 3872 opera
2635 3804 2956 3856 commodata
2984 3801 3187 3857 statutis
3212 3800 3493 3856 clementia
3526 3813 3716 3856 nostra
3736 3814 3869 3874 prc-

2290 3893 2404 3946 bere
2439 3894 2703 3947 ntaturarit
2740 3891 2994 3960 electum.
3049 3891 3170 3948 Dat.
3199 3908 3326 3948 mit
3361 3894 3460 3947 cal.
3500 3894 3715 3962 Aprilis,
3764 3893 3870 3948 Ro-

2293 4000 2485 4038 ιοωυκιε.

2836 4073 3048 4132 EPIST.
3091 4073 3329 4130 LXXXI.

2290 4179 2484 4220 DOIIVO
2520 4181 2722 4220 SZ-MPER
2768 4182 3003 4222 ιιιυετκι
3055 4185 3120 4221 ΕΤ
3158 4184 3259 4221 ιιειι
3303 4183 3510 4224 ευκετΑ
3559 4182 3862 4232 κωκυ-κο.

2360 4251 2662 4298 κιιιτορυιῑ
2690 4252 2750 4290 su
2791 4255 2900 4293 LIII
2926 4254 2990 4293 AC
3018 4253 3294 4294 νιπιοιίιιο
3325 4253 3647 4295 εοκεηκτοο
3671 4253 3867 4295 ξηιλ·

2358 4322 2494 4361 CIIUS
2523 4323 2689 4361 FBA-1F.
2723 4323 2846 4362 υκιι.

2363 4441 2457 4497 Ubi
2491 4443 2718 4510 primum
2745 4457 2894 4497 sacra
2923 4443 3134 4499 Domini
3167 4445 3335 4499 nostri
3361 4445 3693 4500 invictissimi
3723 4447 3868 4513 prin-

2210 4531 2264 4592 D
2287 4533 2421 4601 cipis
2447 4542 2712 4603 praecepta
2749 4535 2951 4604 perlata
2979 4545 3142 4600 sunt,
3174 4536 3352 4590 statim
3391 4538 3476 4608 (ut
3506 4539 3862 4604 convenerat)

2291 4625 2529 4680 debitum
2569 4625 2730 4681 tribui
2767 4625 3103 4682 famulatum.
3148 4627 3258 4682 Sed
3309 4626 3544 4680 Eulalius
3584 4642 3645 4680 ea
3691 4627 3864 4681 obsti-

2293 4720 2507 4774 natione
2545 4735 2648 4791 qua
2685 4719 2804 4776 sine
2842 4730 3112 4790 pracepto
3150 4735 3308 4776 sacro
3349 4720 3544 4776 Urbem
3589 4720 3863 4790 ingressus

2290 4820 2404 4875 cst,
2431 4811 2591 4865 etiam
2633 4810 2815 4881 egredi
2843 4813 3163 4867 constrictus
3206 4827 3299 4881 per
3341 4827 3530 4866 omnes
3579 4819 3865 4880 potestates

2292 4905 2402 4971 pari
2429 4904 2714 4972 pertinacia
2737 4904 3074 4959 detrectavit.
3101 4903 3232 4958 Nam
3257 4902 3573 4971 vestiertinis
3599 4904 3743 4958 horis
3769 4920 3864 4974 per

2290 4994 2523 5048 ollicium
2553 4993 2823 5050 Urbanum
2860 4997 2911 5051 id
2948 4996 3088 5066 quod
3121 5003 3452 5065 prmeeperat
3482 4996 3862 5051 invictissimns

2283 5087 2592 5153 imperator,
2632 5100 2695 5139 ea
2743 5086 2828 5140 die
2869 5102 2973 5155 qna
3019 5088 3283 5156 perlatum
3323 5096 3436 5152 est,
3469 5088 3517 5140 ei
3569 5088 3865 5140 innotuisse

2281 5179 2607 5243 agnoscitur,
2648 5175 2869 5230 ltntnittc
2916 5191 3128 5246 semper
3179 5177 3569 5242 illustrissime,
3602 5176 3856 5230 sacratis-

2282 5271 2447 5329 simc,
2489 5269 2802 5336 magniﬁce,
2861 5271 3155 5339 meritoque
3209 5271 3451 5323 sublimis
3493 5285 3556 5324 ac
3605 5270 3860 5338 pratcelse

2282 5367 2525 5425 patrone.
2563 5359 2679 5422 Quo
2725 5358 2884 5424 lecto,
2915 5359 3183 5413 mandavit
3228 5375 3286 5414 se
3321 5359 3625 5426 diligentius
3666 5367 3860 5411 tracta-

2283 5459 2478 5513 turum,
2511 5465 2608 5503 nec
2650 5459 2824 5504 tamen
2856 5451 3113 5505 instan'cr
3136 5451 3437 5504 admonitus
3465 5451 3610 5503 exire
3632 5449 3859 5502 curavit.

2283 5542 2397 5595 Alia
2421 5556 2545 5596 vero
2567 5541 2653 5594 die
2681 5556 2891 5594 rursum
2924 5557 3018 5609 per
3043 5559 3254 5597 omnem
3282 5541 3668 5609 apparitionent
3697 5540 3859 5596 etiam

2282 5636 2554 5688 nocturnis
2584 5633 2728 5688 limis
2758 5635 3079 5698 admonitus,
3112 5636 3336 5689 collecta
3371 5633 3726 5692 multitudine,
3759 5633 3830 5685 La

2283 5736 2612 5780 terattcnsem
2654 5727 2922 5781 basilicam
2954 5742 3086 5780 ausu
3120 5724 3402 5783 temerario
3438 5725 3663 5782 credidit
3703 5725 3854 5779 inva-
