4300 6496
486 344 585 401 607

1881 339 1969 392 M.\
1983 338 2347 396 MERTINUS.

3638 333 3743 389 408

486 453 656 521 quod,
685 449 885 507 relictis
915 458 1126 517 tempus
1163 459 1214 502 et
1248 449 1502 516 neglectis
1534 451 1793 517 majorum
1843 464 2058 503 suorum
2091 466 2137 521 Α
2170 453 2296 519 ipsis
2326 450 2563 518 epistolis
2593 449 2868 519 desumpta
2898 462 3018 505 esse
3049 448 3166 517 quis
3197 461 3302 502 non
3334 447 3511 503 videt?
3536 450 3661 519 quin
3688 460 3745 506 et

486 546 753 609 manibus,
781 542 1051 594 hominum
1083 550 1410 593 mortuounn
1441 541 1592 594 busta
1618 542 1780 593 stulto
1810 538 2060 609 frequen-

2168 543 2218 595 in
2253 545 2391 596 notis
2418 544 2529 596 suis
2569 542 2769 595 diserte
2810 543 3003 595 l‘atetur
3033 540 3432 594 illustrissimus
3462 539 3741 594 Baronius.

487 646 678 690 torent.
732 634 864 688 lliue
909 638 1171 703 martyres
1223 632 1479 700 quosdam
1527 630 1741 685 Punicis
1790 631 2063 686 vocabulis
2163 629 3745 698 CoucluditMasimus,solemnilormula,Diiteservent,per

488 730 764 795 iusignitos
810 726 1036 779 ludibrio
1092 725 1345 793 exponit,
1395 724 1702 793 Mygtloncm
1740 739 1831 777 seu
1875 721 2063 794 Miggi-

486 837 623 885 nem,
650 820 893 883 Sanaem,
923 818 1182 885 anitam,
1216 827 1269 870 et
1316 832 1423 885 pra:
1446 815 1695 869 omnibus
1727 817 2062 885 archimarty-

486 927 593 961 r.‘m
640 908 1105 979 Nampltanionem.
1156 908 1257 961 Per
1304 906 1755 975 Namphanionem
1808 907 1929 975 quis
1979 905 2065 960 hic

486 1004 792 1063 deuotctur,
827 1000 963 1054 haud
984 998 1151 1053 facilis
1171 1009 1252 1053 est
1280 1000 1400 1064 conj
1426 1006 1610 1061 rtura,
1629 1010 1771 1050 neca
1799 1011 2065 1065 quoquam

487 1094 539 1147 id
573 1102 832 1147 tentatum
861 1092 1099 1146 memini.
1134 1091 1189 1147 Si
1228 1092 1280 1144 in
1314 1106 1372 1144 re
1402 1091 1627 1144 obscura
1657 1090 1962 1159 conjectare
1990 1089 2067 1142 las

488 1186 628 1248 erit,
658 1201 760 1237 non
806 1184 968 1238 alium
998 1199 1156 1253 quam
1203 1183 1472 1237 Christum
1502 1182 1781 1237 Dominum
1825 1194 2065 1236 noswum

489 1274 758 1344 designari
806 1284 985 1340 putem
1017 1290 1030 1327 :
1072 1274 1261 1342 partim
1303 1274 1444 1342 quod
1473 1274 1806 1342 archimartyr
1837 1273 2067 1341 appelle—

493 1378 598 1433 tur,
632 1364 719 1433 qui
748 1364 909 1419 modo
937 1365 1141 1418 scilicet
1170 1363 1507 1417 etninentiori
1540 1378 1647 1431 pra:
1675 1363 1793 1415 aliis
1824 1361 2068 1429 mattyri-

491 1458 613 1521 hus,
647 1470 739 1524 pro
780 1454 1037 1523 religione
1081 1468 1108 1505 a
1138 1468 1195 1507 se
1224 1453 1461 1506 inStituta
1509 1467 1693 1521 passus
1720 1462 1829 1515 cst;
1877 1461 1992 1519 part
2017 1467 2064 1503 in

492 1549 633 1617 quod
675 1562 795 1601 cum
840 1546 930 1599 alii
982 1545 1103 1599 huic
1146 1546 1229 1599 vel
1277 1546 1355 1600 illi
1399 1544 1603 1596 numini
1654 1544 2001 1610 prmlerantur
2055 1563 2061 1591 :

494 1642 674 1702 Hunc,
709 1642 899 1709 inquit,
930 1642 1059 1706 proli
1096 1640 1272 1708 nefas!
1302 1641 1398 1691 diis
1433 1640 1802 1690 immortalibus
1831 1639 2067 1706 praetule-

493 1734 596 1785 rint
650 1732 923 1786 Christiani
948 1746 967 1794 ;
1001 1732 1189 1798 partim
1218 1730 1445 1799 denique
1472 1729 1612 1798 quod
1640 1728 1926 1796 interprete
1960 1732 2067 1779 Au-

2165 742 2289 793 quos
2314 737 2358 777 et
2387 741 2585 791 eorum,
2610 733 2760 795 atque
2787 733 3088 777 cunctorum
3111 724 3399 775 mortalium
3428 738 3742 775 communem

2170 816 2411 881 Putrem,
2460 817 2677 869 universi
2701 816 2937 869 mortales
2959 856 2973 881 ,
3012 824 3132 883 quot
3176 824 3310 868 terra
3338 814 3573 876 sustinet,
3606 813 3747 866 mille

2168 910 2332 961 modis
2382 907 2624 960 concordi
2666 907 2926 960 discordia
2968 920 3265 960 reneramur
3301 915 3347 957 et
3376 905 3609 957 colimus.
3657 902 3750 957 llis

2168 999 2501 1068 respondens
2536 999 2864 1067 Augustinus
2907 997 3133 1065 cpistola
3163 995 3442 1065 sequenti,
3475 995 3745 1048 hominem

2168 1090 2431 1142 acerrime
2476 1088 2804 1156 perstringit,
2849 1086 3191 1155 ostenditque
3237 1084 3283 1139 si
3339 1084 3542 1139 ludicra
3592 1098 3753 1154 agere

2170 1180 2349 1245 vellet,
2382 1194 2439 1232 se
2468 1193 2560 1246 par
2589 1178 2701 1246 pari
2735 1178 2938 1233 referre
2978 1190 3168 1248 posse;
3194 1177 3465 1231 hominem
3488 1191 3615 1231 vero
3632 1190 3752 1245 gra-

2171 1272 2308 1324 viter
2358 1278 2542 1325 monet
2598 1276 2656 1323 ut
2691 1268 2742 1323 in
2796 1267 2899 1323 hoc
2937 1276 3251 1335 argumento
3294 1268 3438 1322 serio
3478 1277 3753 1331 versetur;

2173 1374 2413 1433 paratum
2449 1379 2507 1418 se
2554 1363 2684 1427 fore,
2719 1361 2786 1416 de
2820 1362 2904 1417 his
2945 1377 3041 1430 pro
3067 1362 3363 1432 argumenti
3395 1360 3647 1431 dignitate
3668 1359 3754 1413 tli-

2170 1469 2557 1522 sceptaturum.
2590 1452 2801 1509 Claudit
2821 1454 3105 1523 epistolam
3131 1452 3213 1507 his
3233 1451 3412 1507 verbis
3437 1466 3454 1505 :
3480 1450 3561 1505 Ne
3591 1462 3637 1504 te
3656 1451 3754 1505 hoc

2172 1552 2348 1611 lateat,
2394 1556 2439 1599 et
2487 1548 2538 1598 in
2582 1544 2833 1615 sacrilega
2867 1545 3093 1597 conuicia
3138 1544 3513 1614 imprudentem
3561 1543 3757 1607 trahat.

2171 1642 2297 1695 scias
2325 1656 2356 1691 a
2387 1638 2688 1692 Christianis
2723 1637 3005 1701 catholicis,
3038 1652 3254 1705 quorum
3292 1637 3347 1690 in
3373 1647 3537 1691 vestro
3564 1637 3757 1706 Oppido

2170 1733 2323 1785 etiam
2350 1728 2581 1784 Ecclesia
2617 1730 2890 1782 constituta
2920 1738 3013 1795 est,
3045 1729 3248 1782 nullum
3288 1730 3386 1782 coli
3407 1739 3750 1794 mortuorum,

495 1825 709 1893 gostino
753 1825 805 1875 in
862 1822 1052 1876 litteris
1094 1822 1447 1891 responsoriis
1472 1862 1485 1885 ,
1521 1820 1848 1889 Nampliauio
1897 1819 2068 1886 lingua
2104 1823 2148 1885 Β
2174 1824 2304 1875 nihil
2344 1822 2559 1889 denique
2606 1832 2659 1874 ut
2698 1837 2880 1875 numen
2922 1825 3161 1888 adorari,
3210 1823 3347 1889 quod
3375 1822 3443 1874 sit
3485 1821 3680 1889 factum
3708 1830 3757 1875 et

497 1913 694 1968 Punica
734 1913 864 1966 nihil
898 1912 1038 1967 abud
1079 1912 1344 1981 signiﬁcet
1384 1927 1538 1980 quam
1574 1911 1687 1965 boui
1729 1912 1871 1979 pedis
1904 1910 2072 1963 homi-

497 2023 643 2069 nem,
677 2007 726 2058 id
754 2016 836 2059 est
858 2046 871 2068 ,
904 2006 1308 2075 cujusadventus
1348 2004 1533 2070 afferat
1554 2002 1751 2072 aliquid
1778 2002 2072 2072 felicitatis;

497 2098 626 2149 sicut
657 2097 872 2148 solemus
899 2095 1063 2147 dicere
1088 2099 1305 2148 secundo
1340 2096 1463 2163 pede
1490 2093 1763 2154 introiisse,
1794 2094 1941 2161 cujus
1998 2092 2073 2141 in-

497 2189 707 2241 troitum
747 2187 1053 2255 prosperitas
1098 2185 1272 2254 aliqua
1316 2194 1487 2237 secuta
1534 2184 1617 2237 sit.
1656 2181 1809 2247 Quod
1853 2181 2077 2235 Domino

498 2278 683 2333 uestro
724 2279 966 2350 apprime
994 2278 1281 2344 convenit,
1332 2278 1421 2346 qui
1452 2287 1635 2343 aptato
1669 2276 1799 2342 pcdc
1843 2274 1893 2328 in
1923 2288 2077 2328 mun-

496 2372 622 2427 dum
649 2372 811 2434 venit.
835 2370 1271 2426 etobambulavit
1301 2371 1593 2445 εὐεργετῶν.
1621 2368 1696 2422 De
1722 2383 1825 2437 quo
1847 2367 2075 2437 prophe—

497 2466 660 2516 ticum
688 2462 814 2517 illud
845 2462 1107 2532 imptimis
1136 2462 1336 2516 dictum
1359 2471 1440 2517 est
1472 2481 1482 2514 :
1511 2462 1670 2529 Quam
1691 2462 1893 2531 pulchri
1922 2476 2076 2530 super

498 2562 695 2608 montes
750 2561 867 2607 sunt
912 2554 1061 2623 pedes
1088 2555 1414 2624 prardicmttis
1474 2568 1688 2621 pacem,
1719 2551 2076 2605 aununtiantis

499 2648 707 2712 bonum,
730 2647 1053 2717 prwdiranns
1081 2645 1329 2700 salutem!
1351 2646 1571 2699 Nescius
1595 2660 1701 2699 non
1722 2660 1837 2698 sum
1860 2645 1914 2698 itt
1939 2644 2072 2697 Mar-

503 2738 761 2810 tyrologio
804 2738 1043 2792 Romano
1084 2737 1208 2791 Julii
1260 2743 1293 2791 4
1348 2735 1608 2790 celebrari
1658 2734 1968 2789 memoriam
2013 2734 2069 2791 S.

508 2828 917 2897 Namphanionis
947 2828 1193 2898 martyris
1220 2837 1268 2880 et
1296 2829 1585 2889 sociorum,
1614 2842 1741 2893 quos
1755 2824 1841 2878 ille
1866 2826 2078 2879 robora-

499 2920 563 2974 sit
593 2918 662 2971 ad
706 2935 933 2991 pugnant
985 2928 1030 2973 rt
1081 2919 1150 2971 ad
1192 2935 1427 2971 coronam
1458 2920 1712 2987 pnvexit,
1752 2918 1938 2989 quique
1965 2917 2080 2973 Ma-

503 3010 648 3065 dauri
677 3010 728 3061 in
756 3008 932 3077 Africa
965 3010 1103 3077 passi
1124 3019 1261 3065 sunt.
1299 3011 1486 3062 Verum
1513 3007 1625 3063 hrcc
1671 3009 1870 3077 omnia,
1902 3024 1965 3064 ex
2001 3012 2082 3065 his

2172 1916 2434 1970 conditum
2480 1930 2512 1967 rt
2556 1912 2682 1978 Deo,
2730 1913 2819 1967 sed
2848 1929 3005 1966 unum
3044 1915 3211 1981 ipsum
3238 1910 3402 1967 Deum
3447 1914 3535 1981 qui
3575 1912 3761 1981 fecitet

2175 2007 2405 2061 condidit
2434 2010 2623 2061 omna.
2656 2005 2729 2060 De
2759 2017 2999 2073 tempore
3018 2021 3127 2075 quo
3152 2006 3367 2075 scriptae
3395 2005 3503 2060 sint
3535 2006 3617 2059 ha:
3646 2004 3761 2073 epi-

2175 2100 2327 2154 stolre
2359 2112 2464 2153 non
2485 2106 2715 2153 constat.
2734 2096 2993 2153 Relerunt
3012 2111 3105 2151 eas
3127 2096 3404 2151 novissimi
3425 2095 3663 2151 editores
3694 2093 3760 2149 ad

2179 2206 2374 2247 annum
2414 2190 2548 2254 390,
2587 2204 2707 2245 cum
2732 2188 2975 2259 sequenti
3008 2187 3273 2243 idolorum
3310 2186 3487 2242 cultus
3534 2186 3762 2254 impera-

2185 2292 2361 2337 torum
2406 2281 2521 2351 lege
2558 2279 2865 2351 prohibitus
2891 2280 2980 2334 sit.
3004 2279 3111 2335 Sed
3133 2280 3335 2333 nullum
3363 2277 3486 2333 inde
3517 2277 3637 2331 duci
3655 2272 3762 2345 'po-

2183 2382 2287 2427 test
2314 2380 2709 2442 argumentum,
2738 2385 2859 2426 cum
2887 2386 2992 2425 non
3015 2371 3119 2425 hoc
3148 2370 3325 2435 modo,
3358 2368 3451 2426 sed
3491 2379 3545 2423 et
3575 2367 3764 2438 quovis

2182 2463 2294 2517 lere
2319 2475 2460 2517 anno
2504 2463 2747 2531 sequenti
2791 2461 3215 2517 Constitutiones
3240 2459 3544 2528 imperiales
3567 2458 3668 2514 hac
3694 2461 3763 2514 de

2180 2570 2239 2610 re
2269 2554 2388 2609 latae
2417 2548 2554 2619 sint,
2606 2563 2663 2608 ut
2710 2554 2765 2608 in
2794 2554 2978 2609 codice
3018 2553 3396 2608 Theodosiano
3443 2551 3630 2606 videre
3656 2558 3761 2615 est,

2181 2661 2375 2718 nempe
2416 2661 2541 2702 ann.
2590 2646 2717 2711 392,
2736 2646 2863 2713 595,
2892 2646 3030 2710 396;
3060 2659 3200 2701 anno
3226 2644 3329 2700 399
3352 2655 3602 2714 quatuor,
3634 2657 3766 2713 qua-

2182 2755 2301 2795 rum
2347 2740 2466 2794 dua:
2501 2738 2568 2793 ad
2624 2739 2857 2794 Africam
2905 2739 3119 2808 pr0prie
3167 2746 3427 2809 Spectant,
3467 2738 3766 2807 iterumque

2181 2846 2322 2886 anno
2348 2830 2475 2895 408,
2507 2846 2574 2886 ne
2601 2830 2824 2885 ulterius
2852 2845 3088 2901 pergam.
3114 2829 3389 2885 Habentur
3406 2830 3487 2883 ha:
3516 2827 3760 2897 epistola:

2181 2921 2310 2977 edit.
2344 2924 2547 2977 noviss.
2576 2923 2663 2986 Hi,
2695 2922 2781 2986 17,
2808 2923 2859 2977 iu
2894 2921 3199 2992 vulgaribus
3231 2920 3552 2975 editiouibus
3605 2932 3752 2974 num.

2187 3015 2278 3079 ιδ,
2308 3015 2394 3070 Η.

938 3199 1390 3281 ΜΑΧΙΜΙ
1462 3200 2016 3285 EPISTOLA
2093 3206 2249 3287 AD
2326 3204 2410 3286 S.
2492 3205 2636 3289 AU

1622 3200 2016 3285 lSTOLA
2093 3206 2249 3287 AD
2326 3204 2410 3286 S.
2492 3205 3320 3290 AUGUSTINUM.

580 3331 707 3385 Vide
730 3332 859 3387 hanc
882 3333 1147 3403 epistolam
1176 3336 1305 3389 inter
1328 3336 1744 3406 Augustiniauas,
1767 3338 1857 3390 sub
1887 3352 2097 3392 numero
2122 3339 2209 3405 16,
2240 3349 2374 3394 tonio
2404 3339 2619 3396 XXXIII
2646 3351 2832 3395 nostra:
2861 3341 3087 3409 Patrol.,
3116 3344 3215 3396 col.
3240 3343 3328 3397 8|.
3361 3343 3513 3397 Eutr.

520 3444 3739 3502 Μ

1764 3562 1928 3610 anno
1962 3564 2192 3611 DOIﬂNl
2235 3552 2501 3609 cccuti.

960 3704 3297 4098 MAMnanNUS.

737 4178 844 4240 DE
888 4176 1253 4241 AUCTORE
1298 4176 1782 4241 PANEGYBICI
1823 4179 1928 4241 ET
1970 4176 2135 4253 QUO
2174 4175 2554 4237 TEMPORE
2600 4178 2698 4239 AC
2743 4176 2952 4240 LOL‘O
2996 4178 3337 4242 HABITUS
3378 4182 3524 4244 SIT.

574 4322 941 4386 Mamertinus,
971 4335 999 4374 a
1029 4319 1240 4377 Iuliano
1268 4320 1508 4391 Augusto
1538 4321 1725 4377 consul
1756 4320 1945 4387 laetus,
1980 4321 2077 4377 hac
2106 4318 2150 4381 C
2185 4317 2491 4386 praelectum
2518 4319 2767 4385 prmtorio
2791 4334 2884 4387 per
2909 4319 3197 4391 Illyricum,
3223 4322 3274 4376 iu
3303 4325 3452 4393 cujus
3476 4325 3766 4393 provincia

506 4413 745 4469 litatione
776 4412 1003 4482 principi
1044 4413 1244 4481 gratias
1290 4413 1416 4479 agit.
1455 4412 1798 4468 Pronuntiata
1830 4422 1913 4468 est
1941 4427 2083 4469 anno

507 4502 703 4555 Lhristi
736 4499 858 4567 362,
889 4516 1031 4565 cum,
1067 4510 1122 4554 ut
1145 4516 1208 4554 ex
1255 4500 1405 4553 lastis
1442 4513 1701 4570 apparet,
1748 4504 2081 4559 consulatum

507 4590 927 4657 gtsrerctNevita
960 4591 1186 4660 collega.
1217 4591 1347 4657 Quis
1394 4606 1553 4659 porro
1600 4592 1946 4664 Mamertinus
1996 4598 2083 4651 ille

508 4683 689 4747 fuerit,
723 4697 785 4737 ex
817 4698 919 4754 qua
963 4682 1128 4752 patria
1177 4683 1457 4748 oriundus,
1490 4684 1695 4747 nullihi,
1725 4687 1862 4755 quod
1894 4689 2081 4741 sciam.

511 4777 776 4846 proditum
806 4786 907 4830 est.
942 4775 1050 4844 Ego
1081 4775 1233 4830 facile
1262 4784 1440 4844 putem
1469 4778 1609 4830 hunc
1631 4778 1872 4833 Messana
1902 4780 2085 4834 oriun-

509 4873 634 4924 dum
685 4870 881 4935 luisse;
923 4869 999 4923 sic
1028 4868 1170 4922 enim
1200 4868 1571 4924 Messauenses
1620 4881 1835 4940 propter
1864 4872 2088 4927 Mamer-

512 4963 650 5017 tium
699 4961 933 5029 lto-pilio
978 4969 1234 5029 exceptos
1273 4959 1398 5012 dicti
1444 4970 1569 5015 sunt
1609 4961 1928 5016 Mamertini.
1964 4964 2090 5032 Ejus

515 5056 716 5110 mentio
758 5055 817 5108 lit
865 5055 919 5107 in
961 5053 1119 5107 \ariis
1149 5052 1281 5109 locis
1311 5053 1449 5123 apud
1481 5056 1838 5120 Ammianum,
1872 5056 1965 5109 lib.
2011 5073 2085 5123 vi,

513 5148 607 5201 lib.
639 5162 745 5207 xxi,
778 5144 869 5198 lih.
898 5160 1046 5199 unt.
1082 5147 1253 5214 Atque
1277 5146 1436 5200 etiam
1465 5146 1577 5213 ipse
1606 5147 1671 5200 de
1700 5162 1757 5200 se
1788 5162 1891 5200 non
1922 5150 2089 5203 semel

516 5238 749 5307 loquitur
778 5239 877 5289 hoc
906 5235 954 5288 in
985 5236 1336 5306 Panegyrico;
1378 5251 1442 5291 ex
1470 5237 1663 5302 quibus
1693 5238 1823 5293 l0t-is
1845 5241 2091 5295 omnibus

519 5336 729 5381 cmismt
758 5327 1126 5380 Mamertinum
1178 5325 1486 5395 prmlcctum
1533 5329 1721 5381 :crario
1768 5331 1948 5396 luisse,
1980 5342 2090 5386 tum

1768 5462 1817 5470 ο,

1106 5654 1169 5708 IN
1203 5655 1524 5710 EXORDIU.

596 5746 786 5801 Reddit
817 5745 1073 5800 rationem
1098 5761 1190 5800 cur
1221 5760 1316 5814 pro
1348 5747 1662 5811 prtelcctura
1690 5753 1859 5805 aerarii
1889 5761 1934 5805 et
1966 5769 2070 5822 pne

2190 4409 2652 4464 administratione
2682 4412 2955 4479 peculatus
2986 4428 3109 4470 reus
3133 4416 3409 4470 absolutus
3431 4427 3533 4478 est,
3561 4432 3622 4471 ac
3652 4425 3769 4473 tan-

2186 4500 2309 4555 dem
2338 4517 2363 4553 a
2391 4500 2604 4557 Juliano
2641 4503 2830 4559 coitsul
2878 4504 3066 4560 lactus.
3117 4512 3196 4559 An
3244 4524 3373 4561 vero
3424 4509 3769 4566 Mamertinus

2190 4596 2275 4649 hic
2318 4595 2457 4650 idem
2488 4596 2645 4651 luerit
2672 4608 2831 4665 atque
2862 4598 2949 4653 illc
2978 4600 3064 4653 cui
3096 4601 3396 4671 panegyrici
3441 4601 3475 4654 2
3504 4612 3559 4657 et
3584 4601 3619 4655 5
3654 4604 3766 4657 Ma-

2187 4692 2424 4745 ximiano
2473 4690 2597 4746 dicti
2629 4692 3013 4759 attribuuntur,
3048 4709 3220 4761 neque
3265 4695 3422 4750 velim
3474 4694 3767 4761 afﬁrmare,

2193 4789 2252 4836 ut
2292 4782 2356 4836 ad
2400 4782 2500 4837 hos
2529 4784 2877 4853 panegyricos
2914 4786 3227 4848 observavi.
3278 4797 3497 4855 propter
3540 4788 3768 4857 spatiqu

2196 4876 2529 4946 septuaginta
2560 4891 2823 4932 annorum
2854 4878 2992 4934 inter
3020 4879 3233 4934 illorum
3263 4892 3317 4935 et
3342 4880 3499 4949 hujus
3541 4896 3773 4953 panegy-

2198 4969 2295 5025 ri:i
2324 4980 2560 5038 tempora
2587 4986 2600 5035 ;
2626 4985 2797 5039 neque
2819 4971 2986 5024 ausim
3013 4986 3229 5039 prorsus
3261 4986 3476 5041 negare,
3506 4988 3623 5025 nam
3656 4982 3768 5027 tum

2195 5076 2315 5116 cum
2366 5060 2503 5115 hanc
2543 5064 2839 5116 orationem
2887 5062 3026 5116 dixit
3070 5061 3355 5115 admodum
3397 5079 3558 5117 δεῖν-κ
3608 5062 3772 5119 fuisse

2196 5153 2427 5221 videtur,
2460 5165 2514 5206 ut
2537 5165 2747 5208 constat
2773 5169 2838 5207 ex
2871 5169 3057 5223 paneg.
3089 5170 3234 5207 num.
3268 5156 3331 5211 17
3363 5173 3373 5205 :
3401 5155 3507 5208 Sed
3534 5170 3565 5207 a
3590 5156 3772 5209 teneris

2195 5247 2342 5299 annis
2376 5247 2438 5298 ali
2474 5257 2622 5298 (ciale
2666 5248 2853 5311 puerili
2884 5247 2951 5299 ad
2981 5246 3112 5300 hanc
3142 5264 3301 5316 usque
3327 5248 3561 5301 canitiem
3591 5264 3775 5302 constt-

2196 5338 2331 5392 latus
2350 5353 2522 5392 amore
2545 5339 2777 5408 ﬂagravi.

2314 5469 2607 5480 .————_~__.

1692 5535 2058 5599 SYNOPSIS
2104 5538 2605 5602 PANEGYRICI.

2214 5674 2327 5717 tura
2372 5679 2489 5717 cum
2542 5663 2754 5719 Iuliano
2800 5666 3104 5735 imperatori
3148 5666 3342 5735 gratias
3372 5665 3643 5737 hucusque
3673 5684 3780 5723 non

2215 5756 2380 5826 (ιευτίι
2409 5799 2420 5824 ,
2470 5757 2517 5811 id
2547 5772 2702 5827 agere
2732 5760 2913 5814 consul
2944 5758 3299 5829 aggrediatur.
3334 5759 3482 5827 Quod
3512 5774 3701 5831 nempe
3725 5760 3779 5815 in
