4300 6486
417 402 524 459 .309

1092 406 1373 463 JULIANO
1412 408 1733 466 AUGUSTO
1771 410 2178 466 GRA'I‘iAliUM
2223 413 2418 468 ACIIO
2458 411 2589 468 ιδηο
2624 410 3051 468 (ξοΝδυωτυ.

3570 396 3672 449 did

421 516 684 584 ptiuribus
713 517 1059 584 dignitatibus
1090 523 1377 587 imperator
1402 529 1494 575 aut
1512 536 1620 575 sua:
1645 532 1735 576 aut
1766 524 1989 589 publica:
2020 528 2065 585 Α
2098 541 2241 578 nmn.
2288 526 2368 580 il.
2401 527 2612 591 Castus,
2644 527 2694 580 in
2722 527 2911 581 castris
2957 534 3261 593 perpetuus,
3297 539 3443 578 num.
3480 523 3563 577 13.
3595 522 3679 575 Sic

420 606 664 659 utilitatis
690 607 947 662 ratiuncm
983 609 1181 665 habere
1213 612 1378 664 videri
1413 615 1674 679 potuerit;
1720 615 1770 666 iu
1801 628 1995 672 consu-

418 692 526 749 latu
556 710 684 750 vero
714 698 888 753 dando
912 700 1026 766 ejus
1057 709 1282 767 tantum,
1314 705 1397 757 cui
1426 702 1582 758 datus
1608 714 1712 759 est.

980 832 1429 892 DISTRIBUTlO.

489 939 668 995 Prima
720 942 879 1011 hujus
923 946 1179 1001 orationis
1227 956 1374 1015 parte
1408 948 1745 1016 imperatoris
1774 951 1995 1003 virtutes

414 1044 681 1101 rec-~nset,
707 1035 873 1089 altera
904 1051 999 1104 pro
1028 1046 1248 1107 accepto
1271 1038 1547 1092 consulatu
1578 1040 1779 1109 gratias
1809 1042 1935 1108 agit.

487 1121 619 1176 Pars
648 1124 834 1191 prima.
856 1125 1298 1196 Pcrstringitejus
1320 1129 1590 1195 victorias,
1615 1139 1855 1198 receptas
1878 1132 1995 1199 ejus

413 1211 610 1269 virtute
638 1213 840 1269 Gallias
864 1258 879 1279 ,
929 1218 1202 1271 subactam
1235 1235 1371 1287 pene
1412 1236 1624 1275 omnem
1669 1222 1989 1287 barbariam,

412 1323 561 1360 num.
590 1309 644 1363 3.
674 1308 865 1363 ltermn
888 1310 955 1364 de
977 1312 1146 1367 Gallis
1171 1320 1280 1366 tum
1301 1328 1329 1367 a
1355 1314 1700 1369 barbarorum
1725 1318 1992 1382 vastitate,

414 1407 523 1451 tum
552 1416 582 1451 a
607 1400 845 1465 judicam
875 1404 1065 1470 quibus
1095 1404 1374 1459 subcssmt
1396 1410 1674 1476 tyrannide
1698 1420 1750 1463 et
1772 1413 1992 1463 avaritia

409 1492 632 1559 ereptis,
664 1491 871 1547 deletos
901 1494 1217 1561 Germanus,
1244 1497 1333 1565 jus
1363 1499 1669 1553 restitutum
1692 1543 1707 1565 ,
1738 1502 1994 1555 emenda—

412 1590 495 1635 tos
541 1583 657 1651 ejus
704 1585 958 1640 Virtutum
1003 1588 1249 1660 exemplo
1293 1606 1511 1658 mores,
1562 1610 1708 1646 num.
1759 1592 1813 1646 4.
1863 1597 1992 1659 Qum

409 1674 587 1727 omnia
620 1676 812 1730 mirum
846 1689 1100 1747 quantum
1129 1695 1158 1733 a
1190 1678 1402 1736 Juiiauo
1447 1684 1814 1738 Constantium
1860 1687 1990 1741 alie-

407 1766 607 1829 narlnt,
643 1781 788 1822 num.
816 1769 869 1822 5.
904 1769 1146 1823 Julianus
1176 1770 1226 1825 in
1252 1773 1430 1827 medio
1462 1774 1655 1842 Illyrici
1686 1778 1802 1828 sinu
1834 1776 1988 1831 derc-

409 1868 568 1924 peute
591 1859 765 1925 adest,
796 1860 881 1916 hic
910 1873 962 1915 et
990 1863 1185 1929 ubique
1213 1864 1400 1929 victor,

405 1951 507 2005 bus
539 1956 855 2009 transcurrit
904 1958 1252 2012 barbarorum
1304 1970 1508 2016 terrore
1553 1971 1725 2027 tanto,
1758 1974 1817 2018 ut
1859 1982 1985 2033 snp-

405 2042 571 2111 plices
619 2048 825 2099 veniam
877 2058 1087 2116 petant,
1138 2066 1282 2105 num.
1335 2054 1388 2107 7.
1431 2054 1510 2107 Ad
1552 2056 1804 2120 Adtiam.
1848 2058 1985 2129 Tyr-

404 2133 629 2191 rhenum
650 2179 668 2203 ,
717 2138 1013 2195 Mmotidetu
1060 2154 1255 2212 pugnat
1283 2155 1335 2198 et
1377 2146 1556 2211 vincit,
1584 2147 1877 2219 Nicopolim
1906 2154 1959 2206 in

400 2236 646 2295 staurat.
696 2230 996 2286 Eleusinam
1040 2244 1094 2289 et
1137 2234 1268 2288 alias
1296 2236 1649 2301 Macedonia,
1695 2241 1886 2311 Illyrici
1932 2253 1987 2297 et

400 2319 755 2387 Peloponnesi
814 2323 1057 2379 civitates
1118 2327 1385 2393 restituit,
1444 2346 1593 2384 num.
1661 2334 1713 2385 9.
1772 2331 1985 2388 Patiens

400 2413 598 2470 laboris
619 2415 817 2480 bellici,
838 2422 1095 2474 castrensi
1118 2422 1240 2475 cibo
1260 2431 1561 2488 contentus,
1581 2441 1725 2479 num.
1757 2427 1839 2479 12.
1868 2426 1979 2482 Sibi

330 2575 337 2582 ‘
398 2520 577 2576 asper,
602 2506 655 2562 in
682 2509 816 2563 alios
856 2509 1048 2576 facilis,
1071 2513 1173 2567 sibi
1218 2529 1429 2583 parcus,
1454 2516 1505 2571 in
1545 2519 1677 2571 alios
1718 2520 1974 2588 liberalis,

2104 629 2377 687 peragrata
2423 619 2656 674 \lClOt‘iiS
2686 619 2910 674 Thracia
2942 620 3009 673 de
3040 616 3359 673 sublevanda
3395 616 3552 671 L’rbis
3588 632 3679 666 an-

2102 724 2256 761 nonae
2284 710 2501 779 penuria
2528 710 2743 777 cogitat,
2772 724 2919 763 nntn.
2957 710 3041 764 Η.

2172 798 2303 853 Pars
2332 802 2576 854 secunda.
2608 801 2949 871 Imperatoris
2980 800 3029 854 in
3061 814 3119 855 se
3148 799 3458 856 beneﬁcium
3490 796 3677 865 ampli-

2101 892 2221 944 iicat
2247 934 2261 956 ,
2304 892 2443 960 quod
2468 891 2804 947 consulatum
2833 893 3095 960 acceperit
3125 908 3228 945 non
3263 891 3500 955 meritus,
3536 889 3675 958 quod

2099 982 2151 1037 in
2181 998 2386 1037 summa
2432 985 2667 1039 virorum
2712 985 2973 1039 bonorum
3024 985 3174 1050 cepia
3198 1022 3212 1045 ,
3245 981 3385 1052 quod
3417 982 3674 1035 minorem

2100 1074 2465 1143 magistratum
2496 1085 2681 1141 petens
2705 1115 2719 1139 ,
2760 1074 2898 1143 quod
2927 1074 3043 1128 sine
3087 1072 3455 1142 largitionibus
3479 1080 3533 1125 et
3561 1086 3673 1124 am-

2098 1163 2275 1217 biendi
2305 1164 2508 1228 labore.
2540 1166 2679 1233 quod
2706 1167 2757 1219 in
2786 1165 2928 1219 tenui
2961 1178 3020 1219 re
3044 1172 3100 1219 et
3128 1162 3399 1218 ambiendi
3429 1162 3670 1229 ignaras,

2096 1257 2204 1308 voti
2232 1270 2369 1321 com,
2390 1272 2453 1310 os
2481 1256 2591 1311 ﬁeri
2624 1272 2894 1327 nunquam
2925 1257 3206 1326 potuisset,
3238 1271 3385 1309 num.
3419 1256 3507 1310 l5.
3521 1254 3672 1319 Quod

2101 1362 2213 1401 uno
2255 1350 2553 1418 eodemque
2581 1364 2723 1403 anno
2748 1350 2921 1402 :erarii
2948 1348 3142 1417 publici
3172 1362 3296 1402 cura
3316 1389 3333 1412 ,
3364 1346 3672 1413 prml‘ectura

2095 1448 2152 1492 ct
2195 1441 2474 1494 consulatu
2504 1440 2784 1508 insignitus
2814 1440 2904 1505 sit,
2939 1455 3085 1492 num.
3114 1439 3204 1493 ἓξ.
3236 1437 3393 1491 Redit
3418 1436 3483 1490 ad
3522 1450 3672 1490 enm-

2097 1531 2537 1587 memoratiouetn
2562 1532 2815 1585 virtutum
2849 1531 3205 1600 imperatoris,
3238 1529 3390 1598 enjus
3416 1529 3466 1581 in
3494 1526 3673 1581 iovem

2094 1624 2178 1678 dis
2208 1624 2398 1678 litteris
2440 1623 2863 1692 revocandisqu'e
2901 1622 3105 1675 artibus
3137 1620 3369 1675 studium
3401 1634 3671 1673 commeo-

2094 1714 2225 1778 dat,
2272 1730 2417 1769 uuln.
2463 1714 2565 1776 23;
2609 1716 2659 1767 in
2688 1713 2927 1767 omnium
2957 1713 3151 1767 animis
3178 1712 3279 1765 sibi
3324 1710 3671 1765 conciliandis

2098 1805 2446 1869 industriam,
2492 1822 2637 1859 num.
2686 1806 2789 1869 ‘25;
2831 1807 2882 1859 in
2914 1806 3176 1875 eligendis
3205 1804 3395 1857 amicis
3442 1802 3669 1870 pruden-

1447 1884 1503 1921 n.
1533 1867 1586 1921 6.
1618 1868 1809 1921 Istrum
1840 1873 1974 1923 navi-

2091 1899 2236 1963 tiatn,
2263 1902 2313 1952 in
2338 1899 2552 1952 eosdem
2585 1898 2764 1962 tidem,
2791 1913 2939 1952 num.
2965 1897 3062 1960 26;
3096 1898 3145 1949 in
3174 1910 3383 1950 summo
3408 1894 3669 1947 bnnurutu

2090 1995 2240 2059 apice
2284 1991 2599 2043 modestiam
2625 2032 2641 2054 ,
2692 1992 2743 2043 in
2775 1987 3142 2043 eondonandis
3186 1986 3395 2055 injuriis
3439 1986 3671 2039 clemen-

2093 2084 2259 2149 tiam,
2294 2099 2441 2136 nmn.
2488 2084 2590 2147 9.7;
2631 2098 2695 2137 ac
2743 2083 3010 2152 prmcipue
3059 2080 3380 2153 singularem
3427 2080 3478 2134 in
3520 2094 3580 2134 se
3619 2089 3670 2133 et

2089 2177 2347 2247 collegam
2382 2179 2786 2231 humanitatem.

2737 2293 2803 2348 IN
2844 2292 3019 2347 ΠΝῆ

2164 2428 2399 2496 Denique
2426 2431 2625 2497 accepti
2659 2443 2687 2481 a
2721 2437 2867 2482 tanto
2914 2431 3233 2496 imperatore
3264 2423 3507 2478 ιιι-ηοεσὶυὸἰ
3538 2439 3664 2474 ιιιιιμ

2088 2537 2244 2589 quam
2273 2522 2506 2576 futurum
2532 2537 2590 2576 se
2622 2525 2983 2577 innnemorcm
3016 2519 3309 2587 pollicetur,
3331 2531 3471 2568 num.
3504 2514 3591 2569 3!.

424 2640 3588 2667 MM

1355 2755 2748 2925 MAMERTINI

1075 3023 2275 3171 GRATIARUM
2358 3023 2972 3173 ACTIO

1524 3270 1956 3355 JULIANO
2006 3271 2513 3349 AUGUSTO.

1735 3457 1843 3469 .———1

465 3546 505 3607 l.
538 3545 649 3601 Etsi
676 3543 786 3599 scio
832 3550 905 3608 te,
950 3541 1264 3609 imperator,
1293 3545 1348 3592 et
1366 3543 1588 3590 cunctos
1612 3544 1636 3570 ιι
1665 3535 1753 3602 qui
1793 3534 1969 3585 consi-
1999 3535 2043 3595 C
2078 3550 2161 3588 me
2191 3535 2338 3602 prius
2384 3535 2724 3599 honestaras,
2756 3534 2933 3587 minor
2974 3546 3094 3588 esse
3132 3546 3289 3587 causa
3319 3534 3382 3589 ad
3424 3536 3650 3603 agendas

396 3639 524 3691 lium
562 3645 710 3689 tuum
756 3631 1071 3703 participant
1104 3643 1261 3697 posse
1302 3627 1481 3681 mirari
1518 3626 1657 3694 quod
1694 3639 1836 3678 nunc
1872 3625 1966 3675 de-

394 3744 538 3782 mum
582 3726 781 3797 gratias
809 3738 966 3791 agere
1002 3735 1229 3775 exorsus
1258 3734 1399 3783 sum,
1441 3718 1591 3787 quasi
1622 3714 1876 3770 beneﬁcia
1917 3717 1966 3766 in

394 3835 480 3874 me
506 3830 591 3872 tua
617 3820 634 3848 ‘
664 3817 923 3885 coeperint
950 3829 979 3867 a
1002 3812 1299 3875 consulatu,
1343 3810 1550 3864 fatebor
1570 3819 1743 3862 tatttcu
1773 3806 1798 3843 ιι
1826 3807 1967 3875 quod

394 3910 589 3980 ingenii
620 3908 795 3981 (cujus
830 3922 915 3961 me
944 3904 1188 3976 paenitet)
1215 3903 1487 3965 conscius,
1530 3904 1687 3956 etiam
1718 3915 1859 3954 [tunc
1890 3911 1965 3951 ta—

391 4019 514 4059 cere
544 4005 854 4065 voluissem,
904 4010 959 4054 et
988 4012 1343 4067 prorumpens
1388 3997 1509 4049 licet
1544 3994 1700 4063 hujus
1732 3995 1968 4048 muneris

391 4096 639 4166 gaudium
669 4094 804 4148 intra
828 4106 1037 4146 arcana:
1063 4090 1260 4143 lzetitia:
1281 4088 1659 4142 conscientiam
1690 4101 1961 4139 coercere.

389 4190 493 4243 Sed
524 4189 637 4242 sive
660 4200 899 4240 errorem
930 4193 1194 4247 nostrum,
1248 4183 1360 4234 sive
1388 4180 1671 4235 consilium
1717 4188 1966 4248 congesta

389 4287 447 4333 et
472 4288 784 4333 coacervata
814 4276 865 4328 in
899 4288 1063 4327 unum
1097 4271 1354 4326 beneﬁcia
1413 4270 1685 4333 vicerunt;
1735 4278 1889 4333 atque
1916 4268 1966 4320 in

391 4371 442 4425 id
484 4369 851 4438 redegeruntc
879 4363 1215 4421 necessitatis
1242 4361 1571 4431 ambiguum,
1624 4370 1679 4415 ut
1724 4360 1850 4413 mihi
1878 4369 1971 4414 aut

390 4462 654 4525 indiserti,
677 4470 767 4515 aut
791 4460 979 4530 ingrati
1004 4467 1147 4512 esset
1172 4456 1307 4510 fama
1334 4455 1605 4508 subeunda
1634 4472 1647 4507 :
1675 4453 1831 4507 malui
1855 4454 1967 4505 elo-

390 4554 664 4625 quentiam
701 4552 877 4620 potius
904 4564 1063 4620 quam
1097 4550 1346 4618 pietatem
1375 4562 1498 4617 erga
1546 4556 1597 4599 te
1627 4544 1965 4613 ofﬁciumque

390 4662 567 4704 meum
598 4644 909 4700 desiderari.
962 4643 1026 4697 Et
1068 4657 1199 4696 sane
1247 4642 1298 4694 iu
1340 4640 1421 4694 bis
1455 4639 1745 4693 honoribus
1773 4639 1965 4706 quibus

461 4766 478 4795 ⁸
513 4763 630 4815 iam
674 4759 1018 4814 Mamertinus
1064 4756 1236 4809 mrarii
1285 4754 1651 4819 praefecturam
1692 4768 1719 4803 a
1747 4752 1961 4806 Juliann
1990 4756 2043 4817 ι)

392 4839 627 4903 Augusto
653 4839 952 4899 acoepcrat,
993 4828 1100 4895 jam
1134 4826 1385 4903 prtetnriu
1416 4841 1507 4903 per
1525 4825 1797 4903 _lllyric_utn
1826 4838 1958 4886 pra:-

389 4894 557 4961 lecttts
604 4894 805 4965 fuerat,
852 4913 970 4953 cum
1000 4894 1325 4952 consulatus
1375 4897 1534 4948 veluti
1581 4903 1657 4946 tut
1700 4894 1959 4965 linum-unt

388 4974 633 5032 cumulus
672 4962 914 5026 accessit.
961 4968 1136 5035 Quare
1184 4971 1340 5025 intra.
1387 4983 1532 5018 num.
1566 4967 1625 5018 2t
1670 4980 1681 5016 :
1716 4962 1843 5015 Cum
1884 4980 1961 5016 me

389 5056 603 5119 propter.
618 5042 873 5097 tantillum
916 5038 1215 5093 innocentia:
1243 5037 1475 5090 meritum
1506 5053 1606 5089 uno
1647 5037 1697 5088 in
1727 5050 1862 5086 anno
1892 5044 1964 5086 ter

390 5115 556 5172 eidcat
583 5115 901 5167 honoratum.

461 5192 481 5219 ²
514 5188 566 5242 ld
597 5196 697 5250 εει,
731 5185 995 5249 pub'icam
1023 5180 1299 5247 pecuniam
1334 5178 1383 5230 in
1411 5178 1626 5233 S'ttttt‘ui
1657 5175 1857 5250 templo
1880 5190 1963 5250 rc-

391 5260 637 5329 positatn.
685 5247 883 5329 Erarii
924 5252 1209 5329 praefectos
1244 5251 1309 5329 ab
1332 5250 1570 5329 augusto
1615 5247 1843 5329 primunt
1878 5248 1961 5329 iu:

392 5318 607 5384 stitutus
650 5327 870 5391 addunt,
918 5318 1204 5378 Suetonius
1254 5322 1307 5372 in
1340 5324 1585 5391 Augusto,
1628 5334 1745 5385 cap.
1780 5318 1866 5378 li),
1911 5326 1963 5369 et

391 5400 1022 5535 injuria?
1051 5464 1187 5517 haud
1232 5462 1342 5515 scin
1394 5458 1763 5535 ttainc!'““,""‘
1803 5470 1958 5535 [mcu-

394 5543 533 5598 latus
574 5528 723 5595 reum
770 5528 1121 5592 ab—Avitiano
1166 5535 1397 5587 delatum
1450 5531 1608 5583 tradit
1652 5528 1962 5581 Ammianus

392 5614 488 5669 lib.
519 5626 677 5666 xxvu.

2076 3629 2273 3695 ptati-1;
2303 3628 2597 3683 ridebatur.
2642 3629 2773 3681 Nam
2798 3643 2917 3681 enm
2950 3643 3035 3681 me
3056 3630 3075 3658 '
3103 3628 3351 3681 :erarium
3381 3629 3648 3697 publicum

2076 3734 2265 3773 curate
2295 3719 2528 3783 voluisti,
2577 3734 2697 3772 cum
2743 3733 3017 3787 qumreres
3049 3718 3217 3771 virum
3264 3720 3425 3772 animi
3472 3722 3649 3788 magni

2075 3810 2330 3864 adversus
2375 3809 2675 3877 pecuniam,
2731 3809 2882 3863 liberi
2933 3810 3189 3861 adversus
3230 3808 3484 3874 oili-usas,
3517 3824 3651 3864 cun-

2074 3902 2263 3955 stantis
2293 3901 2553 3954 adversus
2575 3899 2849 3969 invidiam,
2885 3916 2987 3963 me,
3017 3899 3127 3965 ’qui
3162 3900 3254 3953 tibi
3285 3901 3489 3954 viderer
3513 3901 3648 3968 ejus-

2076 3993 2243 4057 modi,
2296 3991 2537 4062 delegisti
2585 4011 2596 4045 :
2641 3994 2800 4061 idque
2839 4006 2904 4047 eo
2944 4000 3183 4061 tempore
3232 4008 3335 4060 quo
3380 3994 3651 4048 exhausto

2075 4084 2361 4155 provincia:
2411 4084 2603 4152 partim
2650 4082 3046 4151 depriedatione
3094 4083 3401 4146 barbarica,
3459 4085 3648 4153 partim

2075 4192 2179 4230 non
2212 4176 2388 4229 minus
2431 4174 2785 4229 exitiabiiibus
2832 4190 2990 4241 quam
3046 4174 3306 4241 pudendis
3361 4177 3647 4241 pra-siden-

2074 4270 2201 4322 tium
2252 4267 2450 4337 rapinis
2499 4267 2638 4322 ultro
2688 4282 2840 4335 opem
2892 4264 3227 4333 imperatoris
3271 4280 3642 4335 exposcerent,

2073 4358 2267 4412 milites
2309 4374 2453 4426 smpe
2499 4358 2758 4413 anteactis
2805 4356 3136 4425 temporibus
3183 4357 3305 4410 ludo
3334 4357 3497 4412 habiti
3523 4373 3641 4412 Ctltlt

2078 4468 2311 4521 praesens
2333 4454 2653 4524 stipendium
2672 4451 2992 4521 ﬂagitarent.
3013 4466 3221 4520 quoquo
3248 4451 3407 4505 modo
3430 4453 3644 4506 \idehar

2076 4545 2329 4601 honorem
2359 4562 2523 4600 onere
2556 4559 2799 4615 pensare.
2832 4544 2896 4599 At
2923 4559 3044 4599 cum
3074 4559 3158 4597 me
3185 4542 3205 4570 ⁸
3229 4543 3488 4611 prmtoriis
3513 4561 3643 4613 pra:-

2076 4639 2270 4703 lecisti,
2292 4648 2348 4693 et
2380 4640 2682 4707 provincias
2712 4638 2777 4693 de
2806 4648 2858 4693 te
2880 4639 3092 4709 egregie
3125 4638 3341 4693 meritas
3362 4653 3492 4693 mec
3524 4638 3644 4694 ﬁdei

2138 4754 2158 4783 ⁸
2192 4753 2329 4808 Ante
2373 4754 2708 4809 Constantini
2760 4764 2996 4821 tempora
3056 4753 3337 4822 prml’ectus
3393 4760 3644 4821 prmtor'o

2066 4823 2361 4888 dicebatur,
2392 4827 2481 4893 qui
2511 4826 2768 4879 militibus
2798 4826 2861 4878 iis
2888 4834 3136 4892 prmerat.
3178 4838 3309 4891 quos
3353 4824 3641 4891 imperatur

2067 4897 2118 4948 in
2150 4896 2229 4947 sui
2260 4896 2553 4949 custodiam
2594 4896 2869 4965 allegerat.
2902 4897 3187 4964 [‘05tquam
3221 4908 3346 4947 vero
3380 4898 3640 4959 pradorim
3729 4938 3733 4942 ,

2066 4968 2316 5019 cohortes
2341 4981 2436 5034 pro
2449 4966 2717 5020 Maxentio
2741 4966 2921 5019 turbas
2937 4972 3276 5027 excitassent,
3304 4974 3420 5031 po~t
3445 4981 3641 5019 ca-snm

2068 5044 2371 5102 tyrannum,
2426 5042 2539 5091 haec
2572 5038 2800 5105 dignitas
2846 5039 3056 5103 penitus
3077 5052 3104 5086 a
3131 5035 3483 5088 Constantino
3510 5038 3611 5088 sub

2068 5108 2171 5159 lata
2195 5118 2297 5171 est,
2324 5118 2374 5161 et
2406 5110 2538 5162 orbe
2569 5107 2807 5161 [totusue
2842 5108 2892 5159 in
2927 5114 3151 5176 quatuor
3180 5115 3354 5172 partes
3384 5120 3474 5159 seu
3504 5106 3637 5159 dite-

2066 5178 2432 5249 t-esesdiviso,
2483 5189 2713 5249 quatuor
2746 5178 2919 5244 ιιι-αντε·
2942 5180 2978 5229 ti
3027 5176 3275 5245 przetorio
3319 5178 3502 5249 creati,
3551 5176 3639 5241 qni

2068 5246 2288 5317 singulis
2312 5246 2595 5316 przcess'ent
2621 5264 2871 5316 :qunrnm
2898 5264 3031 5300 unus
3052 5249 3303 5317 pra'torin
3326 5246 3513 5317 nulla:
3531 5262 3638 5306 σιω,

2067 5315 2205 5371 alter
2236 5334 2297 5386 pr
2314 5315 2483 5372 t-turiu
2512 5320 2692 5379 Ιιτιῑίω,
2722 5321 2910 5372 tertius
2953 5322 3199 5381 przelurm
3240 5316 3253 5368 I
3282 5315 3450 5384 lyrici,
3482 5332 3639 5379 quar-

2069 5396 2151 5441 tus-
2183 5392 2430 5454 prmtmio
2457 5391 2690 5444 Oiientis
2718 5388 2998 5455 praefectus
3029 5387 3321 5439 lliCl‘bliUI'o
3372 5386 3635 5455 Manet-ti-

2070 5476 2193 5511 num
2241 5460 2544 5523 pra-fectum
2593 5454 2843 5527 prmteriu
2892 5474 2987 5529 per
3036 5456 3304 5529 Illyticum
3352 5454 3516 5511 fuisse
3565 5456 3637 5509 ait

2070 5531 2382 5584 Ammianus
2411 5533 2503 5587 lib.
2537 5546 2666 5584 uit.

1731 5688 2283 5745 lNTERPRETATlU

404 5786 433 5817 ⁸
466 5804 493 5834 ⁸
526 5794 623 5861 Qui
652 5794 734 5846 tibi
765 5800 877 5845 sunt
904 5807 934 5843 a
963 5786 1243 5864 consiliis._
1386 5856 1393 5863 _
1522 5855 1530 5864 ⁸
1624 5856 1633 5864 _
1852 5854 1859 5859 '

463 5864 492 5907 ⁵
522 5856 669 5932 Quod
684 5864 910 5920 conscius
935 5862 1207 5917 tenuitatis
1228 5856 1413 5927 ingenii
1435 5856 1530 5908 utri
1548 5856 1691 5925 tujus
1714 5868 1788 5906 mc
1810 5856 1961 5922 piget.

2150 5794 2169 5820 τ
2207 5781 2527 5837 .Vt'cessitatt‘s
2559 5782 2837 5853 anguium.
