4300 6468
606 357 698 412 ιιι
1991 344 2297 400 MMIERTI

2169 343 2456 400 ZRTINUS.
3760 339 3867 397 ιιι

604 468 885 535 tutelaeque
911 461 1201 523 mandasti,
1254 458 1443 531 ingens
1468 458 1649 529 judieii
1689 458 1763 511 tui
1800 456 1901 512 fuit
1950 473 2171 520 munus;
2205 464 2254 519 Α
2282 465 2513 510 ratoiein
2549 453 2897 508 inclementer
2922 462 2977 508 et
3004 453 3165 521 impie
3204 450 3431 521 cogitata
3476 461 3633 521 atque
3672 466 3864 509 susce-

603 567 628 595 ·
644 556 737 610 sed
771 559 821 609 in
844 569 911 609 eo
938 568 1043 610 non
1067 553 1195 609 mibi
1222 550 1393 606 solum
1408 566 1567 621 quem
1599 559 1742 603 tanta
1766 558 2027 618 potestate
2056 563 2176 603 suc-
2284 559 2371 618 pta
2401 558 2545 610 sunt.
2578 552 2597 578 ³
2622 547 2667 599 si
2692 546 2851 600 etiatu
2883 559 3025 600 nunc
3055 545 3327 598 hominum
3350 555 3520 599 cretus
3543 546 3699 599 divus
3721 543 3866 600 Cim-

601 650 873 713 eiuxeras,
931 659 1117 701 verum
1162 645 1325 697 etiam
1380 641 1610 713 negotiis
1656 640 1761 696 tuis
1806 641 2177 696 commodasse
2278 638 2506 694 stantius
2536 637 2920 706 frequentant.
2966 636 3245 704 Nunquam
3278 638 3521 705 proferat)
3547 636 3697 692 liberi
3726 638 3865 692 rivis

604 739 944 805 aliquatenus
974 735 1249 790 videbare.
2276 741 2334 785 et
2358 730 2480 785 boni
2507 729 2770 783 senatoris
2793 729 2972 783 officio
3005 726 3294 781 defuissem
3318 766 3334 791 ,
3370 728 3652 798 quominus
3679 726 3866 782 redar-

673 831 738 883 ll.
766 828 939 884 Porro
964 827 1017 882 in
1040 823 1384 883 decernendo
1409 824 1688 880 consulatu
1729 822 1952 879 remotis
1981 822 2179 875 utilita-
2278 835 2500 891 guerem
2533 828 2588 873 et
2613 821 2989 874 convincerem
3015 833 3107 873 eas
3134 818 3211 871 illi
3237 817 3290 872 in
3317 826 3371 874 te
3412 818 3519 874 odii
3547 817 3711 873 fuisse
3737 834 3873 874 can-

603 921 747 975 tibus
776 921 882 974 tuis
927 918 1191 974 rationem
1234 930 1367 971 mete
1402 914 1577 969 solum
1608 914 1880 982 dignitatis
1923 913 2174 970 habuisti.
2280 925 2388 975 sas,
2416 921 2440 949 ε
2463 925 2583 980 qua:
2608 911 2805 965 amoris
2831 908 3339 965 indamnatriceset
3359 908 3479 966 fidei
3505 910 3721 965 obsides
3742 923 3867 967 esss

603 1009 735 1063 Nam
765 1010 819 1064 in
849 1008 1400 1066 administrationibus
1432 1007 1582 1062 labor
1610 1004 1801 1061 honori
1828 1004 2174 1074 adiungitur:
2275 1004 2595 1060 debuerunt.

602 1101 655 1156 iu
684 1100 965 1157 consulatu
994 1098 1167 1153 honos
1194 1097 1312 1153 sine
1341 1097 1527 1153 labare
1566 1096 1872 1167 suscipitur.
1912 1095 1968 1149 lu
2008 1096 2111 1150 illis
2132 1094 2175 1149 si
2346 1097 2435 1150 IV.
2466 1096 2892 1151 Florentissimas
2911 1098 3177 1165 quondam
3199 1092 3861 1165 ant’quissimasque'°ur-

604 1192 822 1258 Ιεῐθῑθΐῖει
852 1191 1060 1257 ειψὶἀω
1083 1189 1397 1245 "Minionis
1421 1205 1542 1244 ϐεδε
1574 1189 1840 1254 videaris;
1874 1188 1927 1241 in
1954 1189 2057 1242 hoc
2076 1186 2178 1241 nisi
2282 1190 2375 1246 bes
2406 1192 2614 1246 barbari
2648 1190 3020 1256 possidebant,
3053 1190 3322 1243 Calforum
3352 1188 3437 1241 illa
3470 1188 3738 1241 celebrata
3767 1204 3865 1241 nn-

602 1296 786 1357 aperte
815 1298 865 1339 et
894 1286 1165 1355 propalam
1190 1283 1411 1350 laeteris,
1443 1282 1685 1353 ingratus
1704 1282 1801 1336 sis.
1837 1283 1948 1336 lluc
1974 1281 2181 1336 accedit
2282 1284 2459 1339 bilitas
2501 1295 2590 1338 aut
2640 1286 2781 1337 ferro
2830 1284 3093 1337 oreidera:
3125 1326 3139 1346 ,
3185 1292 3276 1335 a-..t
3320 1284 3613 1337 immitibus
3651 1280 3862 1337 addicta

604 1378 745 1447 quod
770 1377 882 1445 ipsa
912 1376 929 1408 ¹
952 1378 1067 1431 haec
1096 1376 1244 1434 urbs.
1277 1384 1435 1443 atque
1466 1373 1567 1429 hoc
1589 1374 2022 1443 augustissimum
2051 1386 2181 1427 con-
2280 1373 2513 1430 dominis
2535 1371 2821 1428 serviebat.
2850 1372 3017 1427 Porro
3038 1373 3156 1426 alite
3183 1387 3314 1441 quas
3342 1388 3372 1426 a
3400 1374 3645 1427 vastitate
3674 1370 3865 1425 barba-

604 1469 710 1524 silii
741 1466 939 1538 publici
968 1466 1229 1536 templum
1267 1464 1502 1520 officium
1547 1464 1704 1534 bujus
1741 1464 2001 1519 orationis
2032 1464 2181 1519 eflla-
2283 1464 2394 1520 rica
2436 1474 2697 1519 terrarum
2742 1462 3021 1519 intervalla
3046 1462 3365 1518 distulerant
3386 1462 3622 1533 judieum
3650 1462 3869 1518 nomine

604 1560 793 1628 gitant.
846 1558 971 1615 ιια
1019 1558 1138 1625 tibi,
1190 1556 1421 1613 nominis
1464 1557 1609 1624 novi,
1654 1557 1750 1612 sed
1794 1556 2182 1626 antiquissima
2282 1556 2556 1612 anefariis
2581 1557 2872 1612 latronibus
2889 1556 3295 1619 obtinebantttr;
3328 1556 3554 1625 ingenua
3578 1553 3868 1623 "indignis

606 1650 923 1715 nobilitatis,
965 1648 1156 1703 civitas
1190 1658 1272 1702 est
1314 1648 1482 1716 patria
1510 1664 1523 1699 :
1558 1648 1578 1678 '
1606 1646 1691 1701 hic
1729 1647 1961 1715 primum
1982 1645 2181 1713 editus.
2284 1650 2613 1706 cruciatibus
2636 1664 2897 1720 corpora;
2927 1663 3087 1704 nemo
3111 1649 3181 1703 ab
3206 1648 3396 1717 injuria
3427 1648 3583 1716 liber,
3606 1663 3765 1704 nemo
3789 1648 3868 1703 in-

610 1740 697 1796 ltEe
738 1741 893 1810 quasi
941 1739 1208 1811 quoddam
1251 1738 1487 1793 salutare
1526 1738 1761 1793 humano
1803 1738 1987 1809 generi
2032 1736 2187 1794 sidus
2290 1753 2462 1799 tactus
2489 1757 2520 1798 a
2546 1743 2867 1800 contumelia
2892 1782 2911 1811 ,
2942 1741 3045 1797 nisi
3071 1741 3161 1813 qui
3191 1741 3561 1798 crudelitatem
3604 1741 3875 1811 praedonis

609 1844 852 1889 exortus.
898 1832 961 1888 lii
989 1832 1139 1888 cives
1164 1841 1220 1887 et
1250 1833 1535 1902 populares
1567 1830 1843 1886 tui‘silere
1870 1845 2085 1886 menon
2110 1830 2186 1885 si-
2218 1821 2269 1885 Β
2293 1832 2319 1874 δ
2348 1836 2520 1905 pretio
2562 1836 2857 1907 mitigasset
2888 1852 2902 1889 :
2930 1842 2991 1889 ut
3009 1832 3122 1904 jam
3160 1832 3370 1889 barbari
3417 1831 3876 1897 desiderarentur.

615 1937 771 1997 nunt,
799 1940 898 1982 nec
925 1926 1199 1998 patiuntur
1224 1934 1280 1980 ut
1306 1927 1587 1995 quisquam
1617 1925 1756 1981 alius
1775 1926 1798 1956 ³
1824 1925 2194 1994 auspicatissi-
2295 1936 2353 1982 nt
2390 1936 2775 1997 praeparetur
2814 1941 2845 1980 a
2880 1924 3093 1982 miseris
3122 1925 3333 1980 fortuna
3359 1935 3653 1996 captorum.
3687 1927 3744 1979 In
3773 1924 3878 1979 hoe

620 2033 711 2074 uio
757 2018 847 2073 die
884 2014 1026 2087 apud
1067 2028 1119 2071 te
1165 2032 1229 2070 ae
1266 2016 1333 2071 de
1373 2024 1426 2070 te
1453 2015 1704 2087 loquendi
1729 2030 1925 2071 munus
1952 2026 2195 2086 usurpet,
2294 2039 2318 2077 ε

2178 2055 2195 2082 ι
2294 2032 2435 2078 statu
2476 2023 2767 2092 imperator
2796 2030 2978 2075 noster
3001 2018 3203 2075 Gallias
3240 2028 3427 2074 nactus
3468 2018 3745 2074 minimum
3777 2017 3876 2073 ba-

613 2126 773 2179 quam
799 2110 843 2163 is
873 2108 963 2179 qui
985 2108 1320 2177 amplissimo
1349 2107 1418 2162 sit
1449 2106 1703 2176 praeditus
1721 2106 2060 2176 magistratu.
2092 2107 2195 2161 Pu-
2296 2113 2410 2169 buit
2438 2112 2693 2168 adversus
2718 2113 2925 2167 hostem
2954 2110 3151 2165 laboris
3174 2119 3332 2181 atque
3362 2108 3689 2166 discriminis
3711 2148 3731 2174 ,
3771 2124 3878 2164 una

616 2214 727 2257 tant
754 2202 951 2273 aliquid
981 2202 1220 2272 adjicere
1260 2202 1328 2257 ad
1366 2201 1704 2270 splendorem
1738 2200 1954 2256 laudum
1985 2210 2197 2256 tuarum
2295 2206 2410 2260 acie
2436 2203 2723 2259 Germania
2751 2204 2998 2258 universa
3028 2202 3201 2256 deli-ta
3228 2210 3330 2266 est,
3365 2202 3407 2235 ἰ
3436 2217 3542 2256 uno
3573 2203 3757 2270 pxmlio
3783 2201 3876 2257 dc-

611 2293 853 2349 consulis
881 2309 1097 2358 nomen,
1129 2301 1185 2346 et
1210 2306 1357 2346 ri'Cle
1388 2299 1593 2359 putant.
1626 2291 1887 2361 Adjicitur
1911 2293 2053 2349 enim
2080 2292 2197 2347 lan—
2297 2295 2575 2361 bellatum,
2597 2295 2692 2350 sed
2721 2293 3025 2351 emendatio
3056 2310 3286 2361 morum,
3306 2295 3734 2365 judiciorumque
3759 2308 3879 2350 eor-

612 2386 744 2441 dum
792 2385 1034 2457 dignitati
1083 2384 1288 2440 honore
1332 2383 1617 2439 laudantis.
1664 2385 1741 2441 Ae
1770 2385 1914 2450 licet,
1958 2385 2194 2441 maxime
2297 2389 2467 2445 rectio
2492 2396 2549 2443 et
2576 2396 2600 2425 ο
2628 2385 2849 2444 difﬁcile
2877 2387 3138 2442 luctamen
3162 2430 3177 2453 ,
3206 2398 3257 2441 et
3294 2389 3513 2458 periculi
3547 2386 3760 2455 plenum
3787 2402 3879 2442 ne-

616 2481 934 2549 imperator,
964 2477 1177 2548 publico
1203 2477 1404 2548 judicio
1427 2486 1482 2531 et
1513 2476 1730 2532 nomine
1756 2490 1918 2547 agere
1946 2476 2043 2531 tibi
2071 2491 2202 2547 gra-
2298 2475 2500 2551 gotiuin
2529 2478 2646 2534 fuit.
2676 2478 2808 2533 Nam
2836 2487 2895 2533 ut
2920 2480 3146 2547 quisque
3179 2478 3606 2547 improbissimus
3644 2486 3781 2545 erat,
3810 2480 3885 2534 ita

615 2574 719 2627 tias
756 2572 1002 2635 debeam,
1039 2581 1218 2624 tamen
1265 2569 1354 2624 illa
1399 2584 1519 2639 qum
1569 2582 1665 2638 pro
1704 2582 1912 2623 summa
1963 2582 2025 2623 re
2053 2567 2202 2624 domi
2302 2590 2313 2628 ι

2185 2567 2202 2624 i
2302 2573 2536 2628 maxime
2561 2569 2789 2626 Ca'saris
2816 2571 2976 2626 rebus
3008 2572 3277 2632 inimicus,
3309 2570 3539 2625 vitands
3572 2571 3743 2637 legum
3773 2584 3882 2638 pm~

618 2663 860 2733 forisque
886 2661 1125 2732 gessisti,
1168 2677 1308 2715 nunc
1334 2674 1400 2715 ex
1444 2668 1595 2730 parte
1625 2660 1856 2715 maxima
1878 2661 2200 2730 pratermit-
2302 2665 2387 2721 nis
2410 2664 2477 2719 de
2499 2678 2639 2719 novo
2660 2662 2866 2719 scelere
2894 2662 3127 2717 remedia
3149 2662 3452 2730 quaerebat,
3480 2669 3534 2715 et
3556 2662 3678 2731 quia
3699 2659 3886 2715 defen-

626 2764 757 2818 tam,
783 2764 842 2809 ut
871 2754 891 2783 ⁸
923 2752 1238 2823 quantocius
1268 2751 1336 2807 ad
1364 2766 1426 2806 ea
1453 2766 1572 2822 qua:
1602 2752 1817 2821 propria
1842 2760 1987 2820 sunt,
2018 2766 2205 2822 porre-
2302 2758 2435 2815 dere
2464 2756 2697 2812 admissa
2727 2754 2922 2827 ﬂagitia
2950 2771 3054 2808 non
3085 2765 3323 2823 poterat,
3354 2755 3407 2808 in
3442 2751 3459 2789 τ
3494 2753 3723 2808 ultorem
3746 2753 3889 2821 juris

624 2849 736 2903 ttial
761 2848 955 2901 oraliO-
2306 2849 2560 2905 invidiam
2588 2848 2929 2916 congerebat.
2969 2847 3032 2900 Et
3060 2861 3180 2899 rum
3211 2846 3382 2901 sancti
3420 2843 3673 2914 principis
3712 2857 3890 2901 more:

689 2937 777 2992 Ill.
817 2940 897 2991 An
919 2950 1019 3005 ego
1045 2935 1477 3005 nunc'receptas
1509 2935 1702 2989 virtute
1721 2941 1809 2989 tua
1826 2932 2069 3000 Callias,“
2083 2934 2208 2991 bar-
2306 2950 2468 3012 atque
2497 2941 2738 2995 instituta
2772 2938 3019 2993 falsarum
3050 2938 3358 3006 opinionum
3388 2976 3403 3001 ,
3442 2936 3891 3002 vituperationuns

619 3028 822 3084 baria‘m
849 3042 1061 3083 omnem
1089 3029 1361 3083 subactam
1393 3041 1606 3096 pergam
1638 3026 1785 3095 quasi
1812 3041 1947 3081 nova
1974 3037 2028 3082 et
2058 3029 2208 3083 inau-
2309 3032 2576 3088 licentiam
2598 3031 3000 3094 submovereat,
3019 3027 3212 3083 callido
3232 3028 3457 3085 nocendi
3483 3026 3711 3083 artificio
3735 3042 3890 3083 accu-

621 3122 731 3177 dita
766 3134 1067 3177 memorare
1090 3160 1106 3184 ,
1152 3133 1273 3190 qua:
1313 3122 1366 3173 in
1417 3120 1515 3173 liae
1557 3119 1781 3173 liomani
1820 3118 2026 3186 imperii
2058 3130 2207 3189 parte
2247 3186 2276 3190 _
2309 3126 2561 3180 satoriam
2591 3124 2858 3178 diritatem
2886 3130 2911 3166 ε
2942 3121 2985 3152 ⁸³
3015 3121 3227 3176 laudum
3256 3122 3422 3175 titulis
3464 3120 3813 3189 peragebant,
3835 3120 3889 3173 in

622 3211 1008 3284 gloriosissima
1038 3211 1148 3266 sint
1171 3186 1328 3264 lania:
1357 3210 1513 3265 laude
1551 3211 1821 3265 celebrata
1843 3251 1859 3274 ,
1901 3210 1955 3265 in
2001 3186 2205 3265 tantum
2234 3186 2280 3248 (ἶ
2310 3217 2558 3272 omnibus
2584 3213 2977 3269 conventiculis
3020 3212 3170 3281 quasi
3205 3226 3299 3281 per
3337 3186 3759 3267 benevolentiam
3802 3212 3891 3266 illa

628 3316 685 3361 ut
708 3307 730 3337 "
757 3303 937 3360 fratris
982 3303 1320 3373 imperatoris
1361 3311 1693 3357 mererentur
1733 3302 1981 3358 invidiam
2002 3304 2028 3356 ἲ
2068 3303 2205 3372 Quid
2310 3309 2594 3377 iactantes,
2623 3306 2868 3361 Julianus
2892 3305 3255 3359 Alatnanniain
3283 3303 3509 3369 domuit,
3532 3302 3771 3357 Julianus
3796 3318 3892 3357 ur-

625 3396 769 3454 enim
798 3410 827 3448 a
862 3405 914 3450 te
942 3393 1086 3449 aliud
1109 3396 1133 3427 ⁸
1157 3394 1423 3450 consortis
1448 3393 1785 3463 imperatoris
1814 3395 2064 3451 alienavit
2090 3396 2205 3449 ani-
2309 3400 2404 3453 bes
2427 3398 2613 3455 Gallia!
2642 3414 2705 3452 ex
2742 3396 2936 3451 favillis
2964 3406 3017 3451 et
3044 3395 3312 3451 cineribus
3341 3396 3612 3451 excitavit.
3636 3396 3741 3450 Illa:
3769 3411 3895 3466 pro-

626 3501 796 3554 mum,
823 3486 922 3543 nisi
952 3485 1137 3557 gloria:
1159 3496 1263 3542 tua:
1292 3486 1585 3556 splendor?
1628 3485 1821 3541 Testor
1850 3488 2203 3543 immortalem
2311 3492 2500 3549 vincia:
2545 3492 2813 3554 obsessae,
2846 3498 3159 3560 expugnata:
3183 3530 3199 3553 ,
3235 3490 3376 3545 ferro
3418 3488 3630 3559 ignique
3675 3498 3894 3545 vastata

626 3581 821 3651 Deum,
854 3588 1021 3637 testor
1047 3576 1078 3619 δ
1102 3578 1171 3635 ad
1201 3581 1370 3635 vicem
1398 3579 1779 3636 nuiuismibi
1806 3591 2046 3636 sanctam
2072 3598 2205 3638 con-
2314 3584 2581 3641 beatiores
2608 3591 2733 3637 sunt
2771 3580 2855 3635 liis
2878 3580 3089 3650 oppidis
3107 3595 3227 3651 qua
3252 3579 3412 3636 habet
3431 3583 3551 3636 sine
3575 3581 3728 3636 lto~tc
3751 3581 3894 3637 Con-

624 3674 901 3730 scientiam
928 3677 1100 3727 tnealn
1125 3710 1142 3735 ,
1182 3686 1268 3725 me
1297 3670 1460 3727 multa
1500 3679 1811 3729 constanter
1852 3673 1903 3727 in
1928 3660 2040 3729 bac
2076 3674 2211 3730 urbe
2314 3677 2563 3733 stantius.
2595 3674 2634 3707 “
2658 3674 2897 3731 Estates
2920 3688 3108 3729 omnes
3135 3674 3188 3728 in
3213 3674 3435 3735 castris,
3466 3672 3672 3729 hiemes
3699 3674 3754 3730 in
3794 3674 3897 3728 tri-

625 3766 792 3822 tuisse
820 3764 1085 3821 dicturum
1109 3764 1179 3820 de
1207 3763 1290 3819 his
1314 3777 1434 3835 qua:
1461 3766 1722 3822 adversus
1747 3769 2006 3838 optimum
2040 3769 2211 3841 impe-
2311 3770 2593 3826 bnnalibus
2620 3764 2784 3837 degit.
2809 3765 2881 3820 Ita
2908 3764 2983 3819 illi
3013 3762 3138 3819 anni
3160 3765 3332 3834 spatia
3357 3763 3530 3821 divisa
3563 3775 3710 3831 sunt,
3728 3771 3897 3821 utaut

702 3901 719 3934 ’
743 3891 1242 3974 constantinopolis
1276 3914 1418 3955 novo
1464 3901 1683 3957 nomine
1724 3900 1989 3974 appellata
2010 3945 2027 3971 ,
2079 3918 2201 3974 quc
2306 3917 2429 3974 cum
2452 3901 2724 3974 adversus
2739 3898 2934 3974 Persas
2956 3896 3403 3974 proficisceretur.

629 3971 756 4027 olim
785 3968 1087 4042 Byzantium
1109 3970 1403 4024 dicebatur.
1760 3967 1813 3974 ’⁷
2011 3967 2020 3971 ’
2099 3967 2114 3974 ’
2377 3972 2819 4096 “aguadraginla
2845 3969 3096 4040 quinque,
3143 3967 3188 4022 si
3215 3967 3427 4023 Juliano
3468 3967 3771 4033 credimus,
3806 3979 3894 4023 at-

702 4044 725 4075 ³
752 4039 993 4096 Julianus
1008 4041 1279 4096 Anaustus
1292 4038 1755 4096 Constantinonoli
1782 4049 1938 4096 natus
1960 4052 2042 4096 est
2061 4058 2205 4096 anno
2302 4061 2403 4096 oue
2497 4058 2557 4096 ea
2581 4042 2754 4096 burais
2781 4050 2829 4095 et
2861 4039 3082 4095 castellis
3108 4038 3389 4094 minoribus
3428 4040 3646 4095 omissis.
3681 4039 3894 4096 Reliqua

702 4044 725 4075 ⁸
752 4038 993 4097 Julianus
1008 4041 1279 4112 Augustus
1292 4038 1755 4112 Constantinopoli
1782 4049 1938 4099 natus
1960 4052 2042 4101 est
2061 4058 2205 4101 anno
2302 4061 2403 4112 qua
2425 4038 2557 4097 adeo
2581 4038 2754 4110 bur'gis
2781 4050 2829 4095 et
2858 4038 3082 4095 castellis
3108 4038 3389 4112 minoribus
3428 4040 3646 4095 omissis.
3681 4039 3898 4111 Reliqua

630 4110 827 4169 Christi
852 4112 981 4176 551,
1010 4108 1201 4167 octavo
1220 4110 1337 4165 idus
1361 4108 1710 4169 Novembres.
2305 4108 2422 4171 acra
2447 4112 2623 4170 Gallia
2650 4108 2981 4182 barbarorum
3010 4108 3422 4182 populationibus
3440 4118 3489 4163 et
3511 4108 3895 4166 excursionibus

699 4182 723 4215 ⁸
748 4182 863 4238 Cal.
892 4182 1152 4242 Januarii,
1196 4183 1388 4251 quibus
1418 4184 1764 4240 Mamertinus
1792 4199 1898 4242 una
1942 4200 2067 4243 cum
2092 4185 2198 4243 Ne-
2305 4195 2505 4241 uastata
2535 4191 2644 4239 erat
2669 4191 2717 4238 et
2740 4181 2954 4237 inculta.

633 4255 739 4309 vita
768 4253 972 4324 collega
1002 4250 1335 4309 consulatum
1366 4253 1758 4323 auspicabatur.
2377 4258 2415 4288 "
2459 4254 2613 4311 Adde
2655 4252 2929 4317 suberant,
2976 4250 3059 4306 vel
3120 4250 3477 4324 intuebantur
3507 4269 3526 4305 :
3555 4265 3713 4324 quam
3771 4251 3897 4324 ulti-

704 4324 727 4355 ⁸
762 4321 1052 4379 Citissinte.
1467 4321 1482 4323 ⁷
2313 4341 2456 4383 mam
2486 4340 2668 4381 vocem
2695 4324 2960 4379 excidisse
2987 4322 3288 4390 suspicatur
3322 4321 3612 4393 Livineius.
3649 4323 3755 4377 Aut
3782 4323 3900 4393 lege

705 4396 727 4426 ⁵
765 4394 993 4469 Ereptas
1040 4408 1110 4469 ex
1144 4396 1437 4469 barbaris,
1458 4395 1547 4466 qui
1575 4411 1602 4447 a
1628 4394 2210 4469 ConstantioiAugnsto
2311 4413 2435 4453 cum
2465 4397 2727 4469 Acidalio,
2757 4394 2961 4469 ingenui
2988 4392 3474 4469 indignispnerilgus
3493 4394 3733 4469 correpti.

705 4412 727 4426 π
765 4412 873 4451 ere
912 4412 993 4449 tas
1040 4412 1104 4450 ex
1144 4412 1417 4463 narnarts,
1458 4412 1547 4466 qm
1575 4412 1602 4447 a
1628 4412 1943 4452 mnstantto
1972 4412 2210 4469 augusto
2311 4413 2435 4453 eum
2465 4412 2727 4457 Actuano.
2757 4412 2773 4449 t
2844 4412 2961 4449 enus
2988 4412 3212 4461 inaugura
3239 4412 3474 4447 caeneus
3493 4412 3733 4460 correpti.

634 4474 822 4521 contra
851 4412 1207 4534 bragnentism
1237 4468 1441 4536 evocati
1470 4506 1484 4531 ,
1529 4480 1650 4520 cum
1692 4467 1819 4523 nulli
1848 4468 1967 4524 usui
1994 4470 2061 4523 ad
2089 4485 2209 4525 eam
2387 4470 2428 4501 ⁸¹
2466 4469 2524 4523 In
2550 4467 2753 4536 eampis
2777 4412 3335 4536 argentoratensibus
3378 4462 3524 4536 dato,
3547 4463 3634 4536 ubi
3654 4461 3900 4521 Julianus

635 4550 751 4608 rem
772 4549 894 4592 esse
914 4533 973 4591 se
995 4536 1255 4608 viderent,
1274 4534 1472 4600 Gallias
1496 4536 1900 4608 populabantur.
1923 4541 2209 4596 Sosomen.
2313 4554 2436 4596 cum
2466 4539 2648 4608 paucis
2674 4533 2933 4591 militibus
2954 4544 3157 4603 septem
3190 4533 3353 4608 totius
3377 4533 3679 4589 Germaniae
3710 4543 3899 4608 poten-

637 4606 731 4681 lib.
764 4620 970 4681 v,_cap.
1010 4605 1065 4660 2.
1106 4607 1331 4677 Jamque
1373 4604 1577 4678 oppida
1613 4606 1780 4663 ferme
1820 4610 1892 4667 ιδ
1935 4621 2208 4681 ceperant,
2316 4604 2552 4666 tissimos
2591 4621 2911 4681 regesicutn
2953 4604 3389 4681 numerosissime
3428 4618 3614 4681 eorum
3656 4605 3892 4681 exercitu

637 4676 814 4751 inquit
837 4673 1101 4751 Julianus.
1186 4747 1197 4751 Α
1243 4673 1273 4751 '_
1410 4673 1462 4751 ’ξ
2001 4673 2018 4681 ’
2193 4673 2204 4679 ’
2317 4681 2476 4751 plane
2501 4673 2820 4750 proﬂigavit.
2852 4675 3526 4751 Bx_bar_baris_eatsa__sunt
3551 4673 3617 4740 6,
3650 4687 3709 4729 ut
3736 4674 3902 4751 vulgo

710 4747 734 4817 ἒ
774 4748 1009 4804 Francos
1037 4748 1088 4804 in
1120 4747 1304 4817 primis
1333 4764 1395 4803 ac
1418 4746 1713 4803 Germanos
1737 4765 1943 4805 omnes.
2246 4752 2301 4812 ι)
2319 4743 2610 4814 'aiunt,'aut
2638 4743 2693 4803 ut
2718 4749 2911 4803 asserit
2937 4746 3181 4801 Zosimus
3201 4746 3269 4801 60
3296 4743 3488 4811 millia;
3520 4755 3705 4812 captus
3736 4744 3902 4817 Fran-

710 4816 731 4852 ⁷
770 4818 1070 4874 Constantii
1100 4819 1358 4886 Augusti,
1414 4834 1570 4887 quem
1611 4819 1808 4875 Juliani
1861 4821 2079 4877 fratrem
2113 4837 2212 4876 vo-
2322 4837 2506 4877 eurum
2538 4838 2629 4876 rex
2670 4819 3158 4883 Cbodonomarius,
3193 4824 3395 4887 etcum
3425 4818 3701 4870 innumera
3730 4816 3902 4885 capti-

640 4896 748 4954 cat,
776 4903 871 4945 seu
897 4889 1038 4959 quod
1069 4890 1334 4958 patrueles
1353 4898 1555 4952 essent,
1584 4890 1633 4943 id
1657 4902 1762 4953 est,
1784 4892 2030 4947 eumdem
2055 4893 2218 4948 liabe-
2326 4907 2511 4946 verum
2544 4907 2701 4945 inanu
2730 4891 2795 4944 ad
2833 4888 3197 4959 Constantium
3228 4886 3490 4959 abductus
3515 4895 3615 4959 est.

641 4970 762 5031 runt
786 4955 947 5031 avum
977 4955 1372 5026 Constantium,
1400 4974 1495 5014 seu
1526 4962 1665 5031 quod
1690 4959 1934 5019 Julianus
1963 4962 2217 5020 llelenam
2396 4961 2438 4993 ³³
2478 4962 2637 5027 Quasi
2678 4961 2874 5015 amoris
2912 4961 3093 5026 specie
3137 4958 3420 5031 laudabant
3463 4955 3763 5031 lulianum,
3802 4955 3906 5011 sed

641 5029 938 5085 Constantii
969 5045 1208 5086 sororem
1241 5031 1497 5086 duxisset.
1545 5026 1559 5031 ⁷
2327 5026 2511 5087 revera
2547 5045 2599 5084 ut
2643 5034 2798 5086 bilem
2828 5038 3104 5085 moverent
3126 5029 3465 5090 Constantio.
3491 5041 3601 5096 quo
3635 5026 3903 5084 obtrecta-

713 5102 735 5132 ⁸
777 5100 1098 5155 Constantii.
1399 5170 1406 5172 Α
2328 5116 2501 5159 torum
2530 5118 2725 5172 genere
2754 5102 2954 5157 nullum
2984 5110 3066 5155 est
3093 5099 3515 5172 malevolentius.

714 5172 735 5203 ⁸
778 5171 831 5225 Si
893 5172 1097 5226 viveret
1146 5172 1323 5226 adhuc
1376 5170 1739 5228 Constantius.
1784 5172 1832 5225 Is
1874 5183 2048 5228 autem
2092 5182 2218 5229 ante
2398 5176 2440 5205 ιδ
2484 5170 2631 5229 Μάθ
2658 5174 2867 5228 Jutiano
2891 5176 3082 5228 asserit
3102 5170 3434 5225 Ammianus.

644 5256 841 5298 animi
872 5242 1076 5297 obierat
1120 5242 1277 5297 tertio
1319 5258 1485 5297 unitas
1515 5246 1729 5308 Octob,
1778 5259 1941 5314 prope
1972 5245 2216 5309 Tarsum,

1988 5353 2558 5411 INTERI‘RETATIO.

731 5460 755 5486 ιι
774 5444 877 5506 Sed
905 5461 961 5497 ea
984 5445 1038 5497 in
1065 5460 1118 5497 re
1145 5460 1243 5497 non
1277 5443 1402 5497 milii
1430 5452 1647 5506 tantum,
1693 5461 1837 5513 qm'm
1866 5454 2003 5497 tanta
2033 5450 2221 5513 prrefc-
2328 5460 2503 5498 rerum
2528 5444 2780 5499 servitute
2809 5458 2945 5509 esse,
2978 5449 3025 5496 el
3058 5442 3270 5495 terserim
3300 5454 3410 5496 suae
3440 5448 3786 5510 prwpoucrcul
3819 5453 3914 5494 ca-

649 5532 677 5567 c
702 5531 793 5566 «ra
816 5513 1295 5579 roltonestarus,sed
1322 5518 1473 5567 etiam
1500 5515 1647 5567 rebus
1676 5518 1773 5567 luis
1795 5515 2025 5569 serviisse
2049 5516 2221 5583 aliqua
2332 5518 2586 5585 plittorum
2614 5525 2818 5568 sortem.

653 5585 801 5636 nwdu
830 5584 1099 5637 videbaris.
1617 5600 1621 5605 ‘
2334 5584 2337 5585 ν
2406 5596 2428 5622 θ
2468 5586 2699 5639 Arduum
2728 5601 2873 5652 opus.

724 5653 749 5691 δ
792 5653 857 5707 Et
886 5653 967 5707 ιιιέῖ
995 5655 1122 5707 loco.
2408 5656 2422 5691 ¹

2408 5656 2423 5691 ί
2468 5655 2717 5708 Invidiam
2749 5650 2998 5723 rnuﬂubal
3028 5650 3150 5706 huic
3175 5653 3423 5720 arqrtilirlis
3451 5652 3651 5707 t'ittdiri.

729 5735 749 5757 α
794 5728 921 5788 Quw
941 5724 1010 5777 iul
1035 5741 1253 5777 (llIlUl't‘lll
1276 5735 1320 5775 με
1350 5726 1498 5792 ﬁdem
1529 5726 1830 5795 obstringere
1855 5734 1897 5776 lx
1921 5726 2221 5779 dilutissima
2408 5740 2427 5773 il

1545 5726 1830 5795 ibstriugere
1855 5734 1897 5776 lx
1921 5726 2221 5779 diiudicent.
2408 5740 2427 5773 a1
2472 5726 2742 5781 [.Itllll'i’iiiJl
2768 5724 2932 5791 ἀγξίξς
2961 5732 3004 5777 c;
3023 5733 3066 5773 tu
3132 5728 3243 5777 furat

725 5795 748 5823 “
793 5794 925 5847 Data
943 5798 1162 5863 primum
1192 5795 1436 5856 lauisset,
1470 5797 1537 5848 ira
1561 5810 1610 5849 tu
1639 5794 1861 5858 Opidl't'lll
1891 5814 1939 5849 ac
1963 5800 2012 5849 in
2049 5798 2214 5850 (inifa-
