4300 6492
391 397 490 451 617

1037 390 1316 449 JULIANO
1356 388 1676 447 AUGUSTO
1714 387 2119 445 CRATIARUM
2159 386 2357 444 ACTIU
2398 387 2530 444 PRO
2566 386 2966 445 CONSULATU
3536 395 3634 445 iis

384 507 579 576 cipias,
609 507 915 575 imperator,
940 504 1027 573 qui
1052 504 1128 558 sic
1157 503 1403 557 omnibus
1434 502 1694 571 largiaris.
1733 503 1838 559 Sed
1866 503 1955 572 qui
1984 511 2034 565 Α
2064 512 2263 568 truces,
2290 502 2543 557 remissos
2572 502 2775 557 deddia
2802 503 3114 570 reddiderit,
3140 518 3458 574 semperque
3488 504 3511 541 ιι
3544 520 3631 557 se-

382 604 507 655 vitm
532 609 637 653 tua:
658 599 892 654 instituta
922 598 1289 667 rationemque
1310 598 1641 666 cognoverit,
1667 595 1823 651 facile
1846 596 1963 650 fon-

386 703 492 747 tem
519 692 688 761 copia
720 691 879 759 hujus
905 687 1159 744 inveniet.
1188 687 1475 744 Maximum
1498 688 1591 742 tibi
1614 689 1811 756 praebet
1845 702 1966 757 par-

390 784 623 837 eimouia
655 791 775 847 tua,
808 781 1046 850 Auguste
1068 820 1083 845 ,
1110 780 1337 848 vectigal
1366 794 1382 833 :
1423 779 1679 848 quidquid
1712 780 1855 833 enim
1879 778 1966 832 alii

389 873 440 926 in
474 873 720 940 prodigas
756 869 1072 938 cupiditates
1103 869 1452 940 prodigebant
1473 909 1490 935 ,
1543 871 1593 923 id
1636 885 1799 926 omne
1828 885 1969 925 nunc

388 966 440 1017 in
469 978 598 1016 usus
624 962 865 1031 publicos
896 971 1225 1016 reservatur.

457 1051 551 1106 XI.
583 1052 866 1118 [lucusque
888 1052 1035 1105 solus
1065 1051 1153 1104 hic
1182 1050 1387 1105 fructus
1419 1051 1627 1119 imperii
1659 1051 1967 1121 putabatur,

389 1153 448 1196 ut
479 1148 767 1210 imperator
802 1158 832 1194 a
874 1142 1084 1196 caeteris
1127 1141 1334 1196 civibus
1370 1157 1475 1195 non
1518 1142 1745 1196 fortibus
1787 1144 1969 1201 lactis.

392 1249 491 1289 nec
522 1234 808 1302 Splendore
855 1233 1073 1303 gloriae,
1116 1233 1209 1288 sed
1252 1232 1613 1301 magnitudine
1664 1242 1972 1301 sumptuum

391 1337 419 1364 ι
440 1336 800 1395 separaretur.
829 1326 957 1379 inde
985 1325 1111 1379 niliil
1142 1326 1457 1379 necessaria:
1485 1326 1973 1379 'substructionum

391 1419 446 1472 iii
475 1416 678 1489 adibus
716 1419 883 1470 moles
904 1456 918 1480 ,
948 1417 1200 1495 ingentes
1222 1416 1522 1471 aulicorum
1551 1427 1782 1471 caterva:
1809 1416 1977 1484 legio-

394 1526 521 1565 num
553 1520 821 1579 sumptum
854 1509 1007 1565 facile
1036 1510 1343 1564 vincebant.
1375 1509 1512 1574 Quin
1540 1510 1700 1565 etiam
1733 1508 1978 1578 prandio-

392 1619 509 1658 rum
542 1613 597 1658 et
628 1616 901 1658 uenarum
945 1601 1212 1656 laboratas
1254 1600 1647 1672 magnitudines
1696 1600 1973 1655 Romanus

395 1693 623 1763 populus
668 1692 961 1758 sentiebat;
1015 1707 1138 1747 cum
1171 1693 1191 1722 '
1230 1692 1620 1761 qumsitissima:
1666 1691 1832 1760 dapes
1869 1706 1976 1745 non

393 1793 583 1856 gustu,
636 1784 729 1838 sed
788 1783 1190 1838 difficultatibus
1250 1782 1664 1847 astimarentur,
1723 1780 1975 1835 miracula

2069 594 2162 648 riis
2209 594 2621 663 imperatoribus
2653 597 2847 662 gratia,
2893 606 2915 633 ε
2946 596 2964 621 ⁵
2990 598 3364 648 communibus
3407 596 3639 648 defuerit

2069 684 2349 738 industria.
2375 684 2558 755 Neque
2586 687 2864 754 quisquam
2904 686 3004 739 sibi
3037 686 3296 739 molestus
3324 688 3394 738 ita
3416 703 3475 739 se
3508 686 3635 738 faci-

2070 774 2175 830 lem
2226 774 2434 829 exteris
2474 776 2718 843 praebuit,
2765 785 2824 829 ut
2863 790 2969 829 non
3019 775 3087 829 ad
3127 790 3281 830 suum
3331 777 3635 843 exemplum

2070 867 2204 919 alios
2235 876 2535 921 coerceret.
2584 870 2776 922 Noster
2811 869 3099 935 imperator
3135 868 3265 922 nihil
3297 870 3398 922 sibi
3442 867 3634 930 νυιιὶιιξ,

2072 957 2204 1012 nihil
2229 957 2441 1013 eniteris
2462 960 2718 1013 molestia:
2748 974 2812 1014 ac
2849 960 3043 1013 laboris
3073 961 3401 1028 itnpartiens,
3426 976 3524 1015 suo
3547 978 3639 1013 ne-

2070 1050 2217 1118 gotio
2252 1049 2501 1103 omnibus
2531 1049 2696 1103 otium
2741 1058 2982 1118 praestat,
3009 1046 3037 1085 (ι
3066 1050 3369 1105 divitiarum
3398 1052 3636 1119 largitor,

2074 1146 2323 1197 curarum
2366 1155 2581 1207 avarus,
2634 1142 3049 1196 laboriosissimo
3098 1141 3427 1210 negotiorum
3470 1158 3639 1212 ναίειν

2076 1244 2229 1304 ptans
2255 1234 2370 1301 ipse
2393 1248 2552 1302 agere
2575 1248 2732 1301 quam
2752 1232 2872 1287 aliis
2898 1235 3160 1301 imperare
3175 1274 3188 1286 .

2147 1329 2280 1383 Xlll.
2315 1327 2462 1382 Multi
2492 1337 2610 1394 post
2638 1337 2855 1381 exactos
2889 1340 3042 1393 teges
3070 1336 3092 1363 ε
3122 1327 3401 1393 imperium
3433 1341 3641 1380 univer-

2076 1437 2150 1475 sa:
2190 1418 2495 1487 rcipublica:
2543 1417 2839 1470 solitarium
2890 1418 3191 1483 cupierunt.
3231 1417 3362 1472 Nota
3402 1427 3525 1471 sunt
3563 1434 3642 1470 νο-

2075 1509 2420 1566 cordantibus
2460 1508 2672 1561 nomina
2721 1521 2906 1560 eorum
2938 1505 3179 1559 videlicet
3205 1509 3295 1576 qui
3337 1508 3388 1561 iii
3435 1522 3644 1576 propria

2081 1600 2349 1665 furentes,
2395 1599 2417 1630 ‘
2450 1597 2681 1653 affectati
2736 1598 2883 1663 regni
2942 1597 3203 1665 supplicia
3256 1599 3645 1668 pependerunt.

2082 1696 2232 1750 Mitto
2252 1704 2461 1750 veteres
2490 1694 2580 1764 qui
2609 1709 2739 1748 saxo
2770 1692 3066 1762 praecipites
3091 1692 3222 1754 dati,
3254 1707 3480 1762 quorum
3509 1694 3646 1750 bona

2082 1786 2371 1857 publicata.
2402 1785 2424 1817 ν
2450 1785 2640 1840 domus
2692 1795 2878 1851 erutai,
2930 1784 3207 1837 interdicta
3250 1785 3475 1853 posteris
3504 1786 3525 1816 ⁸
3548 1801 3647 1840 no-

397 1877 597 1936 avium,
619 1874 889 1944 longinqui
916 1876 1081 1930 maris
1104 1876 1299 1943 pisces,
1327 1874 1484 1928 alieni
1512 1874 1767 1943 temporis
1797 1889 1973 1943 poma,
2010 1886 2055 1948 ις
2082 1881 2257 1944 mina;
2286 1892 2393 1932 non
2421 1891 2619 1945 paucos
2650 1875 2950 1943 liujusmodi
2980 1876 3160 1929 furore
3183 1877 3440 1929 vecordes
3468 1885 3520 1932 et
3558 1894 3649 1930 no.

397 1970 418 2000 ³
443 1969 643 2023 aestiva
664 1967 835 2034 nives,
859 1967 1095 2022 hiberna:
1122 1982 1278 2022 rosa.
1298 1965 1423 2021 ilice
1442 1978 1631 2023 cuncta
1658 1968 1868 2022 animus
1890 1980 1983 2020 vo-

396 2062 657 2129 luptatum
686 2062 924 2113 omnium
952 2060 1123 2115 victor
1142 2058 1357 2127 abjecit.
1388 2059 1570 2128 Neque
1593 2060 1735 2113 enim
1763 2072 1981 2126 compa-

399 2155 580 2208 randa:
611 2162 737 2207 sunt
773 2154 1049 2222 picturata:
1079 2165 1405 2205 marmorum
1444 2160 1667 2211 crustae,
1714 2158 1769 2203 et
1809 2149 1983 2204 solido

398 2262 532 2299 auro
563 2255 701 2300 ttcta
736 2245 1034 2313 laquearia,
1078 2246 1167 2313 qui
1215 2244 1472 2311 majorem
1510 2244 1636 2297 anni
1684 2254 1889 2313 partem
1922 2243 1977 2296 in

400 2338 537 2390 nuda
587 2337 748 2388 humo
788 2334 977 2399 cubet,
1024 2342 1079 2388 et
1123 2335 1261 2388 coelo
1304 2344 1509 2387 tantum
1538 2343 1774 2401 tegatur;
1810 2348 1983 2403 neque

399 2428 569 2481 turba:
600 2425 964 2480 institutorum
987 2424 1053 2477 ad
1085 2424 1302 2478 delicias
1328 2424 1728 2487 minisuorum,
1756 2422 1842 2477 cui
1874 2431 1980 2477 tam

407 2532 573 2588 pauca
615 2518 724 2573 sint
765 2515 1151 2577 ministranda;
1196 2530 1367 2583 neque
1399 2524 1610 2585 tempus
1635 2516 1903 2584 cpulatum
1932 2516 1981 2569 ei

400 2612 493 2679 qui
521 2610 1025 2679 smpiusstatarium
1066 2608 1346 2676 prandium
1382 2608 1450 2661 ad
1481 2609 1857 2662 necessitatem
1885 2606 1984 2661 ltu-

402 2700 545 2754 mani
584 2700 827 2767 corporis
862 2699 1069 2767 capiat,
1101 2697 1351 2771 gaudens
1390 2696 1650 2751 castrensi
1690 2696 1843 2763 cibo,
1884 2695 1985 2751 rui-

400 2792 566 2846 nistro
593 2790 750 2844 obvio
779 2799 833 2844 et
864 2789 1052 2858 poculo
1077 2788 1098 2818 ⁸
1127 2789 1361 2843 fortuito.

471 2880 587 2935 ΧΗ.
617 2880 720 2935 Sed
757 2881 893 2934 inter
930 2878 1043 2931 inec
1078 2877 1258 2930 mirari
1295 2877 1423 2930 satis
1462 2890 1668 2945 nequeo
1695 2876 1836 2943 quod
1872 2884 1976 2928 tam

402 2987 587 3026 severe
628 2984 817 3039 parcus
872 2970 923 3023 in
977 2978 1176 3033 semet,
1224 2968 1278 3021 in
1327 2970 1469 3022 cives
1517 2982 1645 3021 suos
1695 2976 1800 3019 tam
1850 2964 1983 3020 libe-

400 3062 529 3117 ralis
571 3071 655 3115 est
691 3075 755 3114 ac
803 3061 1087 3124 remissus;
1137 3058 1374 3113 laborum
1416 3060 1709 3127 asperrima
1750 3057 1852 3111 sibi
1885 3073 1978 3112 suo

405 3168 578 3217 meus,
610 3166 666 3207 ιιι
696 3168 791 3207 nos
821 3154 1015 3222 quietis
1045 3152 1205 3205 rebus
1230 3153 1513 3219 agitemus,
1541 3164 1661 3204 cum
1694 3150 1745 3204 id
1769 3165 1864 3204 usu
1888 3166 1981 3205 ve-

2082 1980 2193 2024 stra
2225 1978 2355 2022 tetas
2386 1966 2525 2032 tulit,
2554 1966 2645 2035 qui
2678 1974 2893 2035 prepter
2935 1978 3131 2018 caream
3165 1964 3457 2033 imperandi
3502 1966 3649 2033 cupi-

2081 2062 2261 2117 dinem
2292 2061 2343 2113 in
2375 2059 2573 2113 ferrum
2614 2064 2855 2111 ruerunt.
2890 2055 2943 2110 Si
2982 2058 3081 2107 bos
3108 2053 3242 2108 deus
3276 2054 3541 2122 pauliSper
3574 2056 3652 2107 vi.

2085 2163 2152 2207 ta:
2204 2150 2446 2205 redditos
2496 2143 2830 2217 alloquatur;
2883 2146 3037 2209 heus,
3084 2144 3233 2199 verbi
3286 2146 3651 2215 gratia,’Ne.

2085 2244 2300 2314 potiane
2347 2252 2509 2311 atque
2552 2240 2594 2271 ‘°
2635 2239 2907 2307 Sylvaue,
2977 2252 3070 2306 per
3133 2238 3354 2291 inlestus
3406 2236 3652 2306 gladios,

2084 2344 2485 2405 prmsenlesque
2525 2338 2729 2385 mortes
2771 2331 3051 2398 imperium
3085 2328 3373 2397 pctivistis.
3420 2329 3489 2381 At
3518 2344 3655 2383 nunc

2084 2428 2224 2480 ultro
2251 2424 2402 2479 vobis
2434 2432 2668 2491 poteStas
2702 2420 2953 2488 regnandi
2992 2418 3169 2484 datur,
3218 2428 3274 2472 ιιι
3316 2435 3403 2485 ea,
3431 2435 3533 2489 qua
3563 2420 3655 2472 .lu-

2086 2518 2280 2581 iiaiius,
2314 2514 2621 2570 conditione
2651 2514 2905 2582 regnetis,
2934 2520 2991 2564 ut
3018 2525 3113 2578 pro
3150 2510 3390 2564 omnium
3432 2512 3543 2564 otio
3569 2511 3655 2565 die

2086 2619 2353 2679 noctuque
2379 2610 2629 2679 vigiletis,
2663 2621 2712 2664 et
2736 2625 2857 2663 cum
2880 2609 3081 2663 domini
3105 2608 3393 2673 voeemiui,
3421 2610 3656 2665 libertati

2083 2700 2279 2755 civium
2326 2701 2591 2767 serviatis,
2650 2701 2847 2770 sacpius
2891 2699 3133 2769 praelium
3177 2714 3334 2769 quam
3379 2699 3691 2769 prandium,

2084 2792 2394 2859 capessatis,
2428 2792 2555 2844 nihil
2578 2794 2824 2860 cuiquam
2857 2789 3128 2855 auferatis,
3156 2800 3211 2844 et
3239 2792 3381 2844 ultro
3408 2789 3657 2845 omnibus

2084 2881 2404 2952 largiamini,
2437 2883 2567 2937 nulli
2596 2882 2985 2952 gratilicemini.
3016 2883 3068 2936 in
3100 2882 3365 2937 neminem
3394 2882 3653 2948 saeviatis;

2084 2984 2195 3029 toto
2223 2975 2276 3027 in
2316 2975 2446 3029 orbe
2472 2986 2731 3029 terrarum
2770 2976 2964 3030 nullius
2993 2975 3209 3045 virginis
3240 2975 3377 3029 fama
3410 2977 3656 3042 violetur,

2083 3068 2153 3120 sit
2180 3067 2403 3121 lectulus
2430 3067 2591 3120 etiam
2630 3068 2744 3121 sine
2770 3067 3061 3129 concessis,
3086 3067 3127 3098 “
3154 3066 3247 3121 sed
3289 3066 3533 3136 legitimis
3563 3081 3659 3120 vo-

2086 3158 2375 3226 luptatibus
2406 3176 2418 3211 :
2453 3159 2496 3189 “
2530 3158 2821 3212 Vestalium
2862 3159 2993 3213 toris
3042 3158 3254 3226 purior;
3290 3168 3474 3212 testate
3531 3160 3658 3211 Ala-

407 3245 523 3299 nire
552 3244 1058 3305 animadvertamus,
1087 3254 1142 3295 ιιι
1172 3243 1261 3310 qui
1282 3251 1538 3326 remotam
1570 3257 1599 3294 ιι
1622 3241 1979 3311 voluptatibus
2008 3262 2053 3326 ο
2086 3251 2386 3303 nmnuicum
2419 3251 2729 3317 pulverem,
2777 3251 2952 3304 hieme
2984 3252 3223 3316 pruinam
3253 3251 3493 3304 Thracia;
3525 3252 3660 3304 ihte.

406 3336 567 3389 vitam
598 3346 889 3405 sequantur
918 3334 1165 3389 difficiles
1190 3342 1245 3389 et
1277 3320 1474 3389 morosi
1501 3332 1633 3399 sint,
1663 3334 1762 3388 sibi
1794 3348 1977 3401 parum

406 3430 538 3497 lacti,
595 3430 687 3485 sed
741 3430 863 3484 aliis
905 3428 1192 3491 tristiores,
1245 3437 1467 3481 maestas
1510 3436 1671 3495 atque
1725 3426 1983 3480 sollicitas

406 3520 566 3574 etiam
600 3520 838 3590 privatas
877 3519 1069 3573 domos
1100 3517 1312 3570 faciant.
1360 3519 1430 3570 At
1478 3516 1847 3570 sanctissimus
1885 3518 1985 3571 im-

406 3619 621 3677 perator
660 3610 899 3679 impense
927 3608 1108 3662 studet
1136 3616 1193 3660 ut
1223 3622 1321 3661 nos
1357 3619 1455 3674 pro
1483 3606 1743 3675 dignitate
1779 3606 1983 3661 habite.

407 3715 545 3766 nius,
571 3710 628 3754 ut
650 3699 947 3755 Commodis
976 3698 1281 3761 aflluamus,
1311 3707 1369 3751 ut
1396 3708 1597 3750 castam
1626 3697 1863 3766 quidem,
1890 3697 1985 3751 sed

408 3792 633 3847 hilarem
662 3791 917 3847 ducamus
954 3799 1197 3853 atatem;
1224 3803 1344 3843 cum
1374 3790 1509 3843 alios
1538 3789 1805 3857 principes
1836 3790 1986 3843 labor

482 3914 499 3943 ¹
530 3910 823 3981 ingentium
846 3908 1434 3981 aedificiorumll'ullius
1455 3924 1548 3981 pro
1570 3906 1947 3981 Mil._num._5.‘)
1973 3924 1985 3960 :

413 3983 526 4049 Quo
551 3977 613 4034 iii
636 3982 794 4053 fundo
818 3988 1020 4053 prapler
1041 3980 1251 4053 insanas
1276 3980 1390 4031 illas
1422 3978 1817 4053 substriicrituea
1843 3977 1991 4053 {certe

411 4047 550 4106 mille
576 4047 835 4105 hominum
858 4050 1167 4103 versabatur.
1198 4052 1260 4102 Et
1283 4066 1428 4101 tium.
1456 4049 1525 4102 8)
1550 4064 1564 4099 ;
1593 4048 1709 4100 Arte
1731 4064 1852 4111 quas
1872 4047 1991 4099 sub-

412 4128 746 4177 strnctionum
770 4122 961 4173 insanis
988 4120 1205 4172 molibus
1228 4130 1565 4189 oppresserat.

483 4195 505 4223 ¹
536 4193 776 4245 Similem
808 4193 982 4244 locum
1008 4191 1168 4244 liabet
1198 4187 1422 4243 Paeatos
1448 4206 1590 4242 num.
1624 4190 1687 4242 15
1716 4196 1761 4239 τι
1787 4187 1872 4252 li,
1899 4188 1988 4241 tibi

415 4264 563 4332 plura
586 4264 752 4316 videri
778 4270 998 4332 possunt
1016 4259 1080 4311 de
1098 4262 1611 4332 limitatiurmttlttxtt
1633 4260 1684 4311 itt
1709 4258 1987 4332 convivas.

487 4333 508 4363 ³
536 4333 600 4387 Ut
634 4335 683 4384 in
716 4328 787 4385 L.’
809 4330 929 4385 Veri
959 4331 1293 4398 imperaturi:
1319 4330 1569 4385 convivio
1596 4329 1881 4393 contigisse
1914 4328 1989 4383 ait

417 4405 769 4471 Capitolinus.

486 4468 512 4503 ’ί
540 4472 649 4524 Nec
687 4471 951 4541 fortuitum
978 4485 1210 4535 spernere
1241 4474 1476 4539 cespitem
1498 4471 1628 4539 leges
1654 4471 1904 4534 sinebant,
1938 4468 1989 4522 id

416 4554 497 4597 est
540 4540 775 4595 obvium.
825 4540 1018 4594 Juliani
1065 4542 1438 4594 abstinentiam
1482 4551 1537 4593 et
1582 4547 1987 4609 temperantiam

418 4614 642 4667 niirilice
664 4612 880 4665 laudant
905 4611 1064 4665 etiam
1088 4611 1173 4679 qui
1205 4622 1400 4666 Caetera
1427 4610 1540 4679 ejus
1571 4610 1697 4663 vitia
1728 4614 1988 4665 acerrime

417 4695 663 4751 carpunt.

490 4750 808 4807 5’Acidalius
830 4750 957 4815 legit
982 4752 1226 4805 cornibus.
1252 4750 1523 4804 Utrumvis
1541 4752 1697 4817 elige.

492 4825 512 4853 ⁸
538 4823 741 4877 Alludit
781 4823 844 4873 ad
894 4822 941 4873 id
989 4822 1126 4887 quod
1157 4822 1225 4875 de
1253 4821 1445 4874 Manlio
1487 4821 1788 4888 Capitolino
1819 4819 1984 4875 refert

423 4893 599 4946 Livius
626 4894 719 4947 lib.
744 4908 816 4956 vi,
843 4906 960 4959 cap.
987 4891 1077 4959 20,
1103 4894 1190 4957 qui
1218 4891 1447 4945 affectati
1472 4892 1681 4959 imperii
1707 4893 1985 4944 damnatus

420 4969 485 5016 de
532 4969 660 5016 'saxo
706 4963 932 5031 Tarpeio
977 4962 1027 5014 in
1076 4976 1310 5029 princeps
1346 4962 1584 5029 dejectus
1628 4971 1729 5014 est.
1768 4961 1989 5027 lnsoper

420 5049 605 5086 eversa
636 5035 751 5100 ejus
792 5036 999 5095 domus,
1034 5033 1210 5085 addita
1252 5035 1365 5098 lege
1399 5044 1451 5083 ut
1488 5046 1553 5085 ne
1589 5033 1706 5099 quis
1738 5033 1988 5099 patricius

421 5106 671 5170 drinceps
714 5120 763 5155 Ill
796 5118 938 5165 arce,
990 5112 1078 5154 aut
1121 5104 1171 5154 in
1214 5102 1474 5169 Capitolio
1525 5103 1805 5153 habitaret.
1858 5101 1986 5152 item

422 5178 592 5239 prolis
622 5173 1061 5228 Maitlimilecrcto
1088 5184 1298 5225 caututn
1328 5184 1405 5224 est
1445 5187 1510 5225 ne
1548 5173 1664 5239 quis
1689 5172 1882 5225 deinde
1912 5172 1981 5225 Μ.

426 5245 644 5296 tlaidius
670 5254 963 5297 vocaretur.

494 5316 511 5344 ⁷
536 5317 675 5382 Lege
702 5315 908 5379 diruta,
933 5324 989 5365 ut
1015 5312 1229 5365 Juretus
1250 5314 1567 5380 suspicatur.

493 5386 514 5415 ⁸
542 5380 721 5437 Poiius
747 5385 1065 5451 praenomina
1094 5401 1105 5434 ε
1139 5398 1258 5436 nam
1286 5384 1437 5435 abeo
1463 5392 1701 5449 tempore
1729 5380 1984 5434 exstitere

351 5497 355 5501 .
423 5457 509 5523 qui
529 5454 700 5508 Manlii
719 5456 1042 5518 dicerentur,
1066 5469 1219 5508 neum
1236 5452 1488 5521 plauequi
1507 5454 1713 5505 Marcus
1737 5452 1871 5504 Mani
1899 5464 1977 5501 us.

2016 4730 2065 4790 D

2087 3340 2185 3393 etis
2223 3340 2508 3395 \erticibus
2557 3343 2853 3409 perferatis.
2909 3342 3154 3396 Profecto
3183 3342 3466 3395 verborum
3516 3342 3661 3411 ipso-

2084 3446 2203 3485 rum
2247 3431 2546 3486 molestiam
2590 3433 2833 3486 delicatte
2869 3446 3027 3487 aures
3076 3447 3179 3486 non
3212 3440 3459 3501 poterunt
3500 3431 3661 3485 susti-

2088 3536 2235 3585 nere,
2265 3522 2427 3575 tantis
2449 3522 2673 3591 negotiis
2701 3524 2890 3587 territi,
2918 3540 3022 3577 non
3054 3522 3213 3577 modo
3242 3522 3543 3592 imperium.
3565 3521 3661 3577 sed

2086 3613 2244 3666 etiam
2274 3614 2430 3666 vitam
2463 3614 2658 3681 perosi.
2702 3614 2765 3667 ad
2799 3614 3080 3669 inferiores
3119 3616 3325 3682 aliquos
3354 3616 3553 3669 inferos
3584 3629 3662 3668 re-

2086 3703 2202 3757 dire
2247 3706 2622 3771 properabant.
2670 3703 2932 3759 Videbunt
2964 3704 3107 3758 enim
3145 3704 3346 3773 justum
3397 3704 3663 3775 principa-

2090 3802 2199 3847 tum
2241 3794 2535 3864 laboribus,
2584 3797 2746 3861 curis,
2793 3797 2988 3865 vigiliis
3028 3797 3358 3865 inquietum:
3390 3796 3548 3866 cujus
3586 3794 3661 3851 illi

2164 3917 2184 3947 ’
2216 3913 2265 3967 Is
2308 3929 2370 3967 ex
2421 3913 2651 3966 Tristani
2700 3912 3021 3967 numismate
3078 3911 3288 3967 Flavius
3338 3912 3663 3978 Nepotianus

2092 3984 2487 4038 Constantinus.
2535 3987 2607 4037 Ex
2630 3984 2837 4037 Goltzto
2866 3997 2992 4037 vero
3010 3991 3065 4036 et
3092 3982 3301 4038 Oceane
3327 3984 3539 4037 Flavius
3562 3984 3665 4037 Ρω-

2098 4056 2254 4122 pilius
2296 4055 2637 4119 Nepotianus.
2690 4054 2764 4106 Ex
2818 4054 3068 4121 Eutropia
3115 4052 3445 4108 Constantini
3490 4053 3659 4122 Magni

2096 4141 2303 4187 sorore,
2348 4136 2400 4177 ct
2450 4127 2655 4191 I’tlplio
2685 4124 2977 4185 Nepotiano
3020 4126 3137 4177 viro
3180 4123 3441 4178 consulari
3472 4132 3659 4184 natus;

2094 4196 2183 4264 qui
2213 4212 2331 4249 eum
2362 4210 2502 4248 caeso
2526 4195 2804 4263 Magtlcniti
2833 4196 3065 4249 exercitu
3094 4193 3288 4249 Urbem
3313 4194 3466 4264 simul
3489 4206 3541 4248 et
3561 4193 3662 4246 itit-

2098 4266 2302 4334 perium
2334 4268 2631 4330 invasisset,
2667 4266 2779 4333 ipse
2806 4266 3036 4319 vicissim
3067 4279 3098 4319 a
3140 4263 3407 4319 Maxentio
3426 4264 3658 4329 deletus,

2097 4352 2372 4404 eamusque
2398 4348 2500 4389 εει.

2170 4408 2211 4436 ίυ
2241 4403 2502 4476 Sylvanus
2543 4406 2594 4459 in
2626 4403 2807 4459 Galliis
2834 4414 3006 4465 ortus.
3048 4404 3220 4458 Boniti
3252 4403 3530 4474 cujusdam
3566 4418 3661 4457 na-

2097 4478 2239 4530 tione
2264 4479 2468 4541 l"rauci,
2497 4477 2723 4529 Ιιοηιὶιιίε.
2751 4478 2888 4529 bello
2912 4476 3194 4529 clarissimi
3228 4477 3395 4537 filios;
3421 4480 3508 4542 qui
3538 4488 3659 4527 eum

2094 4563 2123 4598 a
2170 4549 2261 4601 reb
2300 4549 2352 4600 lli
2398 4550 2696 4614 Magnentio
2744 4546 3117 4614 transfugisset
3164 4545 3228 4598 ad
3262 4544 3657 4609 Constantium,

2093 4618 2318 4686 ideoque
2347 4616 2577 4684 pedestri
2605 4618 2911 4682 magisterio
2949 4618 3177 4670 donatus
3208 4615 3417 4686 fuisset,
3446 4616 3659 4668 tando-ut

2093 4685 2378 4756 purpuram
2409 4694 2638 4750 sutnpsit
2659 4687 2893 4741 Coloniae
2922 4688 3247 4754 Agrippinm.
3274 4685 3424 4752 Quod
3452 4686 3571 4738 fecit
3594 4700 3658 4737 es

2094 4759 2411 4811 necessitate
2441 4760 2613 4825 potius
2633 4774 2790 4825 quam
2814 4771 2877 4811 es
2906 4756 3200 4827 tyrannidis
3228 4756 3519 4827 cupiditate
3545 4772 3557 4806 :
3582 4757 3663 4806 af-

2093 4827 2273 4881 fectai
2317 4824 2456 4881 enim
2502 4824 2708 4897 imperii
2753 4824 3031 4895 suspectus
3067 4827 3242 4897 itiorli
3282 4842 3311 4877 a
3349 4824 3662 4897 Constantio

2094 4898 2486 4961 destinabatur;
2510 4894 2667 4966 quam
2697 4894 2869 4952 tamen
2896 4912 3000 4951 non
3023 4894 3227 4965 effugit,
3253 4910 3373 4949 nam
3401 4896 3451 4948 in
3472 4894 3660 4966 eadem
3693 4949 3697 4952 λ

2096 4968 2227 5021 urbe
2248 4985 2275 5019 a
2306 4965 2698 5022 Constantianis
2721 4982 3005 5037 oppressus
3029 4974 3129 5022 est.
3165 4970 3432 5020 Aminian.
3460 4965 3553 5019 lib.
3586 4980 3659 5028 iv,

2096 5039 2162 5091 A.
2197 5037 2393 5092 Victor.

2169 5109 2205 5138 “
2238 5111 2335 5161 Alii
2366 5112 2564 5179 legunt,
2595 5121 2640 5163 et
2670 5110 2927 5179 legitimis.

2167 5182 2206 5209 ”
2237 5179 2321 5233 Ve
2341 5175 2470 5233 tales
2499 5175 2731 5249 virgines
2751 5179 2919 5233 Vosne
2954 5175 3121 5249 sacris
3154 5175 3660 5249 perpetuiqueigois

2094 5250 2350 5303 cuStodiac
2387 5248 2595 5315 dit-aue,
2648 5267 2677 5303 a
2728 5249 2893 5303 Numa
2949 5248 3206 5317 Pompilio
3238 5249 3463 5314 primum
3511 5248 3662 5298 insti-

2093 5327 2240 5374 tutie.
2267 5322 2418 5375 Uvid.
2446 5321 2689 5374 Triarium
2735 5321 2822 5374 lib.
2853 5334 2922 5383 tv,
2957 5320 3026 5373 cl.
3059 5319 3115 5372 2.
3146 5319 3341 5385 Qum...

3256 5409 3307 5442 as

2738 5414 2745 5419 -
3256 5409 3307 5442 as

2424 5460 2670 5523 Perpetua
2695 5471 2891 5510 servant
2916 5458 3189 5521 virginitate
3211 5396 3382 5507 Emis“

1746 5540 1853 5594 INT
1863 5538 2313 5597 Eiii’liETATlO.

496 5643 519 5669 ³
554 5632 810 5697 Di/ferrcr.

494 5701 517 5738 ¹’
555 5703 651 5773 Qui
680 5719 814 5771 argre
836 5704 917 5756 sui
945 5704 1143 5772 capiant
1167 5704 1383 5773 faciunt,

498 5782 519 5841 ς
559 5772 927 5841 f’opaluribus.

495 5838 520 5877 ιι
555 5838 687 5913 Ορὲξε
722 5844 807 5897 dat
829 5844 987 5913 larga
1033 5860 1209 5911 timuit,
1244 5842 1635 5897 soll'ritniliriem
1664 5855 1787 5893 vero
1821 5856 1987 5906 parce,

2098 5633 2234 5698 quod
2270 5632 2621 5701 di/ﬁrillimum
2651 5642 2722 5687 est
2753 5632 2938 5687 iitavult
2973 5633 3077 5702 ipse
3116 5632 3338 5699 exsequi,
3375 5646 3526 5700 quam
3549 5629 3662 5682 aliis

2095 5705 2368 5770 praticipi’re
2396 5706 2789 5770 encquendmu.

2166 5782 2189 5809 υ
2219 5772 2395 5827 Totam
2425 5775 2783 5843 rempublicavi
2808 5774 2901 5827 soli
2932 5787 3103 5843 regere
3130 5778 3488 5842 pcreptarunt.
