4300 6426
606 296 712 360 Ηθ
1979 286 2446 345 ΜΛΜΕΠΉΝΠΞ.
3774 284 3883 343 420

606 412 791 464 tieiem
816 424 1080 463 alumnam
1108 416 1162 463 et
1182 407 1464 463 amabilem
1488 404 1910 474 contemplantes
1938 402 2185 457 laborum
2216 405 2269 466 Α
2298 406 2611 473 imperator,
2633 402 2679 457 si
2712 411 2913 458 tantum
2941 399 3154 468 amasti,
3178 411 3234 455 ut
3257 414 3344 456 me
3369 395 3646 454 consulem
3678 395 3883 453 faceres

604 515 795 569 aspera
828 516 931 553 non
960 500 1231 552 videbant.
2297 497 2458 549 etiam
2492 508 2599 549 non
2631 505 2951 550 merentem.
2980 494 3089 549 Nec
3120 495 3310 565 ignoro
3355 492 3618 545 maximos
3645 488 3883 544 honores

676 593 811 646 XIV.
846 593 978 646 Cum
1008 593 1168 660 igitur
1195 592 1332 644 inter
1353 589 1563 658 egregia
1594 588 1807 658 negotia
1840 588 2033 641 itinere
2058 600 2189 639 con-

605 686 742 737 l'et-to
787 700 953 753 usque.
985 684 1050 736 ad
1082 684 1321 737 Thracii:
1355 682 1489 735 lines
1530 690 1842 749 perventum
1885 679 2037 739 l’oret.
2068 691 2186 731 cur-

604 778 702 830 sim
730 776 990 846 di~posito
1016 776 1284 830 exercitus
1310 782 1637 835 commeatu,
1667 772 1734 825 ad
1769 772 2062 823 ltomanam
2093 784 2185 821 ur-

603 866 746 930 bem,
786 880 1013 918 animum
1057 878 1302 927 viieuam,
1347 876 1581 918 mentem
1626 864 1855 917 reﬂexit.
1887 859 2188 925 Liuctnlibet

600 956 763 1009 alium
792 974 819 1007 a
849 953 1204 1009 subveniendi
1235 953 1517 1009 conatibus
1560 953 1874 1021 gravissima
1916 950 2102 1010 fames,
2132 956 2189 1003 ct

601 1048 962 1101 tristissimum
1002 1046 1313 1115 reipublicte
1343 1047 1637 1114 periculum
1669 1044 2040 1098 deterruisset.
2072 1042 2176 1096 Sed

600 1139 881 1207 stipendiis
910 1138 1329 1205 provinciarum,
1361 1145 1414 1189 et
1445 1134 1745 1205 patrimonii
1787 1133 1865 1188 sui
1900 1133 2179 1198 fructibus,

600 1242 712 1285 ttttn
752 1231 983 1299 undique
1021 1230 1301 1284 frumentis
1338 1230 1597 1296 coemptis
1646 1243 1813 1296 usque
1858 1226 1924 1279 ad
1963 1226 2181 1295 opulen-

599 1325 726 1376 tiam
762 1321 1249 1392 abuudantiamque
1289 1320 1611 1375 esurientem
1638 1319 1745 1388 jarn
1786 1318 1983 1373 Urbem
2015 1324 2181 1373 reler-

598 1419 684 1468 sit.
740 1415 886 1469 Dicet
923 1415 1137 1485 aliqui-1,
1188 1413 1457 1483 quomodo
1511 1423 1618 1466 tam
1663 1411 1827 1465 multa
1883 1421 1988 1464 tant
2032 1410 2180 1465 brevi

600 1506 872 1574 tempore?
918 1506 982 1558 Et
1020 1514 1186 1559 i‘Cl'lC.
1230 1504 1332 1559 Sed
1365 1505 1655 1573 imperator
1703 1512 1884 1556 noster
1921 1500 2068 1555 addit
2110 1500 2179 1557 ad

601 1605 811 1664 tempus
852 1596 995 1665 quod
1032 1596 1141 1649 otio
1180 1610 1278 1650 suo
1318 1595 1577 1650 detrahit.
1618 1593 1756 1648 Nihil
1788 1608 2003 1658 somno,
2046 1592 2178 1647 nihil

598 1689 792 1757 epitlis,
850 1688 978 1742 nihil
1019 1689 1129 1742 otio
1173 1687 1381 1754 tribuit,
1417 1697 1442 1724 ⁸·
1470 1688 1585 1755 ipsa
1628 1702 1688 1742 sc
1720 1686 2039 1740 naturalium
2082 1700 2172 1741 nc-

2292 589 2356 641 ad
2393 603 2575 658 parum
2618 590 2810 658 dignos
2846 588 3067 656 penuria
3098 586 3380 642 meliorum
3427 584 3607 639 solere
3649 582 3878 645 deferri.

2291 678 2386 733 sed
2434 693 2538 733 nou
2573 693 2764 735 vereor
2794 693 2861 733 ne
2905 678 3027 747 quis
3069 675 3454 732 malevolorum
3497 674 3551 728 in
3597 672 3878 727 consulatu

2290 785 2413 825 meo
2437 769 2487 823 id
2516 768 3057 824 autumetaccitlisse.
3081 766 3139 824 Si
3170 768 3288 836 quis
3322 767 3422 821 hoc
3441 764 3630 820 lividus
3644 765 3874 833 jactitat,

2290 861 2406 931 ipso
2439 870 2680 930 tempore
2703 861 2996 925 refutatur,
3040 860 3299 914 adversus
3326 873 3484 928 quem
3512 856 3719 911 dixisse
3737 857 3876 910 satis

2287 960 2393 1017 est,
2422 952 2534 1022 jam
2585 962 2695 1007 tum
2743 952 2970 1023 principi
3012 960 3200 1007 nostro
3242 953 3409 1007 IIoma
3451 951 3694 1019 parebat.
3734 948 3874 1018 Quid

2286 1046 2427 1112 quod
2457 1044 2587 1098 mhil
2619 1044 2858 1113 speranti
2877 1044 3007 1099 mihi
3036 1042 3105 1097 de
3125 1043 3345 1097 honoris
3365 1047 3676 1111 augmento,
3700 1054 3874 1107 neque

2286 1136 2428 1189 enim
2458 1136 2594 1190 ttltta
2625 1135 3004 1203 praefecturam
3031 1148 3092 1188 se
3122 1144 3368 1188 votorum
3402 1146 3643 1187 meorum
3685 1130 3872 1186 mode-

2285 1230 2389 1283 stia
2425 1227 2749 1297 porrigebat,
2775 1225 3059 1295 prtel'ertur
3076 1228 3295 1280 nuntius
3314 1226 3592 1280 consulem
3610 1238 3697 1278 me
3716 1237 3871 1280 crea-

2291 1331 2403 1374 tum
2432 1321 2550 1374 sine
2579 1319 2881 1388 impendio.
2912 1318 3054 1386 quod
3082 1317 3193 1385 jam
3216 1317 3307 1371 diu
3332 1318 3550 1385 paucis;
3577 1317 3696 1370 sine
3719 1314 3872 1370 labo-

2286 1427 2364 1475 re,
2395 1411 2536 1483 quod
2563 1426 2833 1481 nunquam
2860 1426 2876 1474 ;
2904 1410 3023 1465 sine
3052 1395 3330 1479 petitione,
3360 1407 3501 1477 quod
3535 1406 3779 1462 nemini?

2356 1505 2491 1559 XVI.
2519 1505 2649 1571 Quis
2673 1506 2876 1574 ignorat
2910 1514 3020 1557 tum
3047 1517 3258 1572 quoque
3277 1515 3399 1555 cum
3424 1502 3661 1556 honores
3686 1500 3865 1570 populi

2284 1597 2511 1653 Romani
2541 1595 2809 1664 suffragiis
2840 1594 3236 1649 mandabantur
3261 1592 3460 1647 multos
3488 1591 3653 1647 fuisse
3681 1591 3865 1646 caudi-

2282 1690 2527 1743 datorum
2579 1687 2830 1743 labores?
2883 1684 3183 1742 Edisccnda
3219 1686 3459 1740 omnium
3505 1684 3723 1739 nomine
3768 1684 3865 1739 tri-

600 1788 1064 1847 cessariat-umquc
1107 1794 1284 1834 rerum
1315 1778 1663 1848 usurpatione
1704 1778 2000 1839 defraudat,
2033 1785 2173 1832 totus
2205 1782 2253 1843 Β
2280 1782 2464 1848 buum,
2494 1783 2517 1814 ‘
2543 1782 2811 1847 homines,
2844 1792 3008 1853 atque
3030 1782 3191 1837 etiam
3211 1779 3403 1850 singuli
3429 1776 3716 1836 salutandi.
3749 1791 3865 1846 pre-

597 1871 894 1925 co:i;modis
927 1870 1151 1938 publicis
1179 1879 1346 1924 vacat.
1376 1870 1556 1939 Itaque
1576 1867 1919 1939 gratulantum
1941 1868 2049 1936 jam
2073 1868 2173 1921 im-

600 1963 808 2032 [Otium
837 1962 1105 2017 videbitur
1137 1962 1218 2017 his
1256 1961 1347 2031 qui
1396 1976 1501 2015 non
1540 1961 1749 2016 ratione
1784 1961 2016 2021 dierum.
2044 1960 2057 1989 '
2086 1968 2175 2014 aut

599 2055 887 2116 mensium,
941 2053 1034 2107 sed
1076 2067 1300 2121 operum
1345 2049 1708 2121 multitudine,
1759 2058 1816 2106 et
1864 2050 2172 2105 ell’ectarum

598 2158 778 2199 rerum
822 2145 979 2198 modo
1021 2142 1220 2198 Juliani
1266 2154 1507 2212 tempora
1556 2141 1861 2196 metientur.
1908 2141 2038 2195 Cum
2070 2140 2175 2194 lio-

597 2238 739 2291 ιιιςηιί
763 2237 941 2307 populi
972 2237 1161 2303 victus,
1190 2245 1247 2291 et
1276 2236 1549 2292 exercitus
1585 2240 1921 2289 commeatus
1947 2242 2093 2289 esset
2119 2233 2173 2287 in

597 2333 863 2397 manibus,
886 2334 939 2387 in
970 2329 1141 2386 media
1171 2327 1521 2398 expedienda:
1542 2341 1769 2383 annona:
1792 2324 2171 2395 trepidatione,

597 2424 813 2477 nuntius
842 2422 983 2477 venit
1011 2421 1266 2491 plurimas
1297 2434 1460 2474 naves
1488 2417 1741 2475 Africano
1772 2417 1949 2473 tritico
1978 2430 2175 2485 graves

595 2517 615 2548 ’
646 2517 791 2571 littus
832 2518 1122 2569 Achaicum
1168 2518 1552 2581 prmtervectas
1596 2510 1618 2542 ³
1655 2506 2173 2577 Constantinopolim

596 2606 921 2675 pervolasse.
981 2603 1212 2659 I'ermoti
1260 2615 1472 2667 omnes,
1520 2611 1579 2657 et
1625 2600 1882 2656 adversus
1932 2613 2026 2654 eos
2082 2599 2174 2670 qui

594 2680 742 2752 oram
775 2697 1095 2750 maritimam
1118 2692 1403 2749 tuebantur
1431 2693 1574 2758 irati,
1605 2692 1845 2747 venimus
1874 2690 1941 2745 ad
1972 2693 2172 2761 princi-

594 2802 739 2855 pem,
769 2785 971 2841 desidia
998 2786 1235 2853 judicum
1269 2793 1473 2838 tantum
1496 2785 1698 2852 perisse
1721 2782 1971 2839 frumenti
1999 2794 2175 2838 certa-

594 2882 689 2933 tim
714 2895 810 2947 pro
836 2892 894 2931 se
919 2874 1145 2946 quisque
1177 2875 1578 2945 conquerimur.
1611 2874 1681 2928 At
1709 2875 1975 2929 maximus
2004 2874 2173 2944 impe-

589 2977 738 3024 rator
770 2983 1023 3024 serenum
1068 2967 1342 3034 renidens,
1390 2966 1523 3021 nihil
1567 2980 1689 3022 esse
1720 2975 2023 3035 peccatum,
2065 2981 2170 3022 non

588 3063 688 3117 sibi
713 3061 935 3130 perisse,
967 3076 1087 3129 qute
1115 3061 1181 3114 ad
1205 3060 1344 3115 hanc
1365 3059 1555 3115 urbem
1576 3059 1845 3116 frumenta
1867 3060 2169 3121 venissent.

2281 1873 2573 1929 bensandte
2618 1874 2899 1929 obviorum
2930 1887 3154 1939 manus,
3183 1871 3431 1925 omnibus
3482 1868 3861 1934 arridrndum;

2281 1982 2389 2022 non
2411 1968 2586 2022 solum
2614 1984 2735 2022 cum
2768 1968 2990 2029 intimis,
3022 1967 3114 2021 sed
3141 1966 3302 2020 etiam
3328 1978 3452 2019 cum
3489 1962 3686 2034 ignotis
3702 1961 3863 2016 fanti-

2281 2060 2529 2117 liaritatis
2558 2062 2734 2132 imago
2754 2060 3075 2122 simulanda.
3107 2060 3380 2127 multaque
3400 2056 3502 2112 alia
3527 2066 3746 2127 propter
3765 2054 3861 2110 bo-

2276 2167 2462 2207 norem
2500 2153 2727 2222 agenda,
2756 2166 2876 2223 qute
2912 2152 3047 2205 alias
3079 2151 3251 2205 viruut
3295 2150 3504 2204 honore
3532 2148 3754 2218 dignum
3782 2146 3859 2202 fa-

2275 2259 2401 2298 cere
2430 2258 2536 2297 non
2566 2244 2803 2299 deceret.
2834 2243 2988 2299 Unde
3017 2242 3146 2297 illud
3175 2241 3358 2297 Crassi
3388 2240 3604 2296 celebre
3634 2238 3856 2306 dictum,

2276 2349 2398 2388 eum
2428 2342 2631 2403 peteret
2660 2334 2998 2388 consulatum
3022 2375 3034 2395 ,
3072 2342 3128 2388 et
3175 2334 3312 2387 Iorte
3341 2346 3463 2385 cum
3503 2329 3745 2385 Scavola
3772 2344 3859 2385 so-

2275 2439 2403 2480 cero
2433 2440 2530 2495 per
2552 2425 2666 2479 vias
2694 2424 2852 2481 Urbis
2896 2424 3207 2488 incederet,
3237 2436 3337 2477 nec
3366 2429 3633 2491 prasente
3656 2419 3857 2489 gravis-

2277 2516 2416 2569 simo
2462 2523 2518 2569 et
2558 2515 2904 2571 severissime
2935 2517 3049 2570 viro
3093 2513 3321 2569 blandiri
3371 2512 3591 2582 populo,
3643 2512 3859 2583 palpare

2273 2605 2495 2671 obvios,
2544 2615 2598 2661 et
2649 2617 2795 2662 artes
2844 2607 3120 2676 petitorias
3148 2606 3371 2661 auderet
3404 2618 3677 2661 exercere.
3704 2603 3860 2673 Qum-

2275 2713 2361 2762 so.
2394 2700 2587 2769 inquit,
2635 2699 2799 2763 Muci,
2851 2699 3122 2769 paulisper
3164 2699 3444 2762 aliscedas.
3478 2713 3576 2754 nec
3603 2697 3860 2752 comitatu

2277 2799 2369 2844 tuo
2415 2791 2691 2845 honestari
2733 2801 2885 2860 putes
2923 2807 2936 2841 :
2979 2791 3208 2860 impedis
3261 2789 3523 2846 honorem
3553 2802 3773 2853 meum;
3806 2796 3861 2842 te

2273 2889 2556 2949 spectante
2585 2880 2800 2950 ineptus
2832 2881 2994 2936 7esse
3042 2896 3149 2935 non
3192 2894 3434 2949 possum.
3476 2879 3546 2934 At
3585 2892 3715 2936 vero
3761 2893 3860 2951 ego

2274 2973 2475 3028 nullius
2516 2972 2756 3027 favorem
2789 2974 2928 3041 turpi
2978 2974 3347 3028 assentatione
3386 2974 3689 3041 promerui,
3724 2969 3858 3025 nihil

2274 3064 2373 3118 Ieci
2394 3064 2653 3132 ineptum,
2680 3062 2811 3116 nihil
2840 3063 2924 3131 egi
2944 3062 3086 3133 quod
3111 3070 3357 3132 spectare
3385 3060 3617 3116 Mucium
3634 3060 3856 3116 nollem.

587 3154 696 3207 Nos
731 3168 914 3207 vocem
945 3154 1090 3206 illam
1111 3152 1221 3207 uoti
1250 3151 1450 3206 amoris
1489 3150 1543 3205 in
1575 3152 1801 3221 patriam
1834 3152 2167 3221 putabamus,
2196 3140 2242 3202 C
2275 3156 2393 3211 Non
2425 3156 2585 3210 modo
2614 3156 2819 3210 nullum
2852 3154 3187 3233 popularium
3223 3153 3544 3224 deprecatus
3580 3166 3719 3216 sum,
3760 3152 3857 3207 sed

585 3260 709 3300 cum
738 3244 1089 3313 proditionem
1116 3242 1279 3297 futuri
1317 3241 1607 3299 verborum
1648 3242 1876 3313 ambago
1919 3246 2163 3299 celaret:

584 3339 691 3408 iam
719 3348 827 3392 tum
874 3339 1017 3393 enim
1050 3346 1289 3394 ventum
1328 3336 1596 3393 felicitatis
1633 3347 1885 3394 eventum
1915 3337 2164 3395 conscius

582 3430 747 3484 divini
775 3431 982 3484 animus
1012 3428 1358 3499 praevidebal.

656 3518 769 3574 XV.
802 3519 891 3574 Cis
919 3519 1175 3589 pauculos
1197 3517 1313 3573 dies
1341 3518 1396 3572 in
1422 3531 1620 3573 novum
1648 3533 1712 3574 ac
1737 3517 2018 3575 ﬂorentem
2050 3529 2165 3576 sta-

583 3624 694 3668 tum
724 3614 995 3681 republica
1025 3613 1302 3679 restituta,
1345 3626 1495 3667 sacra
1523 3627 1676 3668 meus
1717 3614 1783 3668 ad
1815 3612 2079 3670 honorum
2108 3624 2165 3671 et

584 3708 990 3775 magistratuum
1018 3714 1330 3761 ornamenta
1360 3706 1615 3773 respexit.
1649 3706 1859 3761 Versari
1886 3705 2083 3775 cmpit‘
2107 3707 2162 3762 ia

582 3797 722 3851 sacri
764 3799 995 3865 pet-toris
1043 3796 1263 3850 comitio
1290 3796 1624 3850 consulatus.
1659 3796 1796 3862 Quid
1846 3807 2066 3852 secutus
2093 3798 2167 3853 sit

583 3890 697 3955 ipse
727 3889 847 3951 scit,
880 3896 935 3942 i-t
956 3902 1290 3958 qttteeunqtte
1320 3887 1542 3943 consilia
1563 3890 1684 3956 ejus
1706 3889 1905 3959 gaudet
1934 3894 2165 3945 turmare

581 3982 856 4037 divinitas.
886 3982 960 4037 De
991 3982 1241 4036 omnibus
1283 3980 1510 4035 Romani
1560 3982 1768 4050 imperii
1799 3982 1928 4036 viris
1959 3982 2160 4051 primus

581 4075 783 4129 electus
806 4089 946 4139 sum,
968 4088 1087 4126 eum
1113 4072 1371 4128 honorem
1401 4087 1577 4127 meum
1604 4072 1814 4127 adoreis
1843 4074 2159 4129 militaribus

583 4164 851 4233 gloriosus
884 4163 902 4193 ⁵
930 4163 1134 4232 rollrga
1162 4164 1486 4218 cumularet.
1519 4164 1730 4217 Gratias
1758 4162 1881 4227 tibi,
1928 4164 2159 4231 gratias,

580 4259 892 4326 imperator,
927 4256 969 4310 si
996 4256 1191 4310 mereri
1220 4271 1305 4311 me
1328 4256 1628 4321 credidisti,
1654 4264 1710 4310 et
1736 4255 1915 4324 plures
1941 4267 2159 4325 gratias,

651 4371 669 4403 ¹
709 4371 896 4425 llabita
924 4377 1008 4425 est
1029 4369 1170 4424 enim
1202 4369 1316 4423 hate
1343 4370 1515 4424 oratio
1541 4370 1713 4423 altero
1738 4378 2016 4438 postquam
2060 4373 2158 4425 im-

654 4452 800 4492 t-ator
828 4443 1153 4492 acclatnatus
1179 4449 1326 4492 esset
1354 4456 1516 4492 anno.

631 4455 800 4492 ΒΙἩΙΟΓ
828 4455 1153 4492 acctamatus
1179 4455 1326 4492 CSSCI.
1354 4456 1516 4492 anno.

581 4452 800 4514 pet-ator
828 4449 1153 4494 acclatnatus
1179 4449 1326 4494 esset
1354 4456 1516 4494 anno.

649 4514 669 4543 ’
699 4511 923 4575 Achaia,
951 4527 1071 4577 qua:
1091 4520 1146 4564 et
1173 4510 1376 4565 Grmcia
1401 4510 1695 4571 dicitur,cx
1721 4525 1822 4563 una
1850 4524 2001 4579 parte
2026 4511 2159 4565 mari

579 4582 868 4636 rircunliua
893 4621 910 4645 ,
950 4596 1015 4634 ex
1055 4583 1219 4635 altera
1247 4579 1538 4634 Thessaliae
1567 4589 1620 4633 et
1652 4579 1813 4647 Epiro
1855 4583 2156 4636 terminata.

582 4653 781 4707 Achaia
815 4659 991 4705 tamen
1022 4654 1235 4719 pmprie
1257 4650 1419 4716 dicta,
1452 4651 1598 4721 regio
1635 4650 1987 4720 Peloponnesi
2022 4654 2160 4707 inter

578 4723 891 4777 Corinthum
924 4730 979 4775 et
1010 4722 1215 4775 Patras.

650 4795 669 4823 ³
704 4792 840 4847 Urbs
855 4792 920 4845 ad
949 4793 1278 4858 Hostiliorum
1294 4791 1579 4847 Thracium
1602 4792 1701 4846 sita
1722 4807 1786 4847 ac
1806 4792 2051 4849 Thracia:
2071 4807 2159 4848 ea-
2184 4783 2236 4843 D

580 4876 697 4933 put,
726 4863 853 4917 olim
884 4863 1215 4931 Byzantium.

649 4933 670 4964 ⁸
690 4936 781 4989 Sic
808 4936 952 4986 enim
996 4936 1087 5001 qui
1115 4950 1294 4986 secum
1328 4933 1441 5001 ipse
1470 4932 1538 4987 de
1562 4934 1734 5001 aliqua
1783 4948 1844 4988 re
1874 4932 2156 4998 deliberat,

578 5017 632 5059 et
662 5005 928 5057 rationum
960 5005 1010 5058 in
1035 5014 1316 5071 utramque
1342 5015 1547 5070 partem
1582 5016 1849 5057 momenta
1881 5006 2158 5072 ettpendit,

579 5076 730 5142 quasi
782 5075 995 5129 comitia
1048 5074 1206 5128 habet
1235 5077 1371 5142 apud
1414 5089 1474 5128 se
1521 5086 1576 5130 et
1612 5076 1662 5127 in
1693 5076 1873 5130 animo
1921 5090 2038 5129 suo.
2073 5076 2164 5130 Sic

582 5148 821 5209 Plautus,
861 5144 1063 5213 Epidic.
1098 5159 1175 5197 sit.
1197 5145 1254 5213 ἓ,
1279 5154 1382 5199 act.
1410 5147 1433 5198 I
1466 5162 1481 5198 :

698 5236 723 5283 .I
731 5248 807 5284 am
828 5243 1054 5285 senatum
1074 5237 1354 5286 convocabo
1376 5237 1425 5285 In
1446 5237 1598 5287 corde
1622 5235 1939 5287 consiliorum

650 5318 794 5374 Idem
818 5320 869 5371 iu
902 5319 1087 5375 Morte!
1109 5337 1128 5373 :

707 5409 828 5458 Dum
852 5411 965 5458 mihi
988 5418 1209 5460 senatum
1236 5412 1420 5463 consilii
1448 5414 1493 5462 in
1513 5412 1659 5460 corde
1686 5425 1916 5462 convoco.

652 5496 673 5525 ⁸
704 5496 912 5550 Flavius
937 5500 1141 5565 Nevita,
1175 5502 1282 5566 qui,
1316 5500 1459 5553 utait
1489 5500 1804 5554 Ammianus
1829 5499 1923 5553 lib.
1947 5513 2075 5561 sint,
2102 5509 2161 5553 ut

2274 3261 2343 3302 ne
2373 3257 2425 3302 te
2447 3245 2663 3318 quidem
2696 3246 2892 3316 ipsum,
2926 3246 3240 3315 imperator,
3267 3257 3427 3314 quem
3450 3257 3607 3298 orare
3630 3243 3858 3311 prteela-

2265 3355 2407 3405 rum,
2435 3341 2521 3395 cui
2555 3353 2743 3411 preces
2779 3338 3039 3395 adhibere
3060 3338 3431 3408 plenissimum
3450 3334 3731 3408 dignitatis
3748 3345 3854 3401 est,

2266 3431 2433 3488 verbo
2463 3434 2654 3487 saltem
2680 3431 2809 3487 adii.
2839 3431 3044 3501 Sponte
3072 3430 3126 3486 in
3158 3429 3412 3485 familiam
3434 3426 3679 3500 divinum
3707 3426 3853 3482 istud

2268 3539 2300 3579 a
2338 3535 2390 3581 te
2420 3542 2611 3585 munus
2644 3526 2878 3581 infusum
2906 3534 3011 3582 est.

2340 3616 2502 3672 XVII.
2541 3618 2773 3674 Fatebor
2811 3628 2992 3674 autem
3020 3616 3139 3688 tibi,
3180 3618 3416 3673 maxime
3456 3615 3767 3687 imperator,
3798 3626 3854 3669 et

2272 3718 2392 3767 tuto
2415 3712 2555 3780 apud
2605 3722 2657 3768 te
2696 3711 2876 3768 omnia
2904 3709 2933 3751 ι’
2961 3711 3123 3768 animi
3164 3718 3353 3781 operta
3404 3708 3679 3763 reserabo.
3708 3706 3854 3761 Nun-

2272 3818 2432 3873 quam
2460 3807 2481 3836 ⁸
2511 3807 2564 3859 in
2594 3810 2769 3874 capita
2804 3805 2999 3860 civium
3044 3810 3383 3873 potestatem,
3423 3815 3696 3872 nunquam
3726 3815 3853 3871 pro.

2267 3894 2473 3950 viueias
2504 3894 2807 3963 eoucupivi,
2840 3896 2932 3950 sed
2956 3896 3077 3963 quia
3097 3893 3331 3963 iuvanda
3351 3892 3512 3947 etiam
3538 3907 3569 3945 a
3592 3907 3679 3946 me
3696 3892 3849 3947 vide-

2270 3987 2423 4040 batur
2445 3991 2465 4019 ⁸
2497 4004 2595 4059 pro
2629 3988 2771 4042 virili
2801 3994 3050 4057 portione
3080 3987 3402 4059 respublica,
3437 4000 3560 4041 cum
3589 3985 3655 4040 ad
3684 3986 3853 4055 magi-

2267 4091 2493 4135 Stratum
2523 4097 2764 4149 vocarer,
2789 4093 3012 4155 propter
3050 4081 3359 4152 opinionem
3388 4079 3610 4133 desidia:
3636 4094 3741 4134 non
3765 4094 3852 4134 rc-

2268 4178 2394 4241 t'ugt.
2418 4173 2698 4244 Negotium
2724 4176 2992 4243 publicum
3014 4188 3187 4243 neque
3202 4174 3406 4227 ambitu
3434 4174 3655 4240 appetii,
3677 4187 3851 4241 neque

2271 4278 2363 4331 prr
2395 4266 2757 4331 timiditatem,
2784 4274 2875 4319 aut
2900 4267 3163 4333 ignaviam
3186 4253 3453 4325 recusavi,
3484 4266 3575 4315 sed
3599 4277 3626 4314 a
3654 4264 3849 4318 teneris

2267 4379 2489 4438 primum
2533 4381 2783 4445 ungenda:
2808 4378 3086 4432 barbariae
3114 4378 3324 4432 vilitatis
3358 4386 3638 4443 auctorem,
3663 4379 3846 4431 immo-

2264 4449 2438 4499 derate
2468 4460 2732 4501 notai'erat
2764 4449 3176 4503 Constantinum.

2339 4518 2356 4544 ⁵
2387 4518 2443 4571 Id
2473 4528 2577 4581 rst,
2612 4520 2710 4587 ipsi
2740 4520 2875 4573 adeo
2904 4522 3098 4587 singuli
3129 4520 3376 4572 homines
3410 4517 3696 4573 salutandi.
3729 4519 3848 4572 Aci-

2265 4587 2436 4642 dalius
2471 4590 2596 4661 legit
2622 4606 2813 4650 euntes.
2843 4600 2993 4653 atque
3015 4595 3162 4643 etiam
3190 4590 3403 4661 singuli,
3435 4599 3540 4642 etc.
3584 4590 3636 4642 In
3681 4590 3845 4643 veteri

2265 4672 2393 4710 vero
2424 4660 2608 4713 codice
2635 4671 2739 4723 est,
2773 4661 3043 4714 ediscenda
3089 4660 3318 4714 omnium
3346 4661 3555 4713 nomine
3578 4675 3596 4712 :
3623 4661 3847 4713 tributim

2265 4745 2440 4781 omnes
2467 4739 2617 4797 atque
2636 4732 2787 4783 etiam
2813 4732 3001 4797 singuli
3039 4732 3324 4785 salutandi.

2335 4800 2353 4828 ⁷
2381 4802 2665 4869 Sumptum
2690 4801 2820 4855 illud
2842 4817 2873 4855 e
2897 4800 3057 4856 Tullii
3076 4803 3169 4855 lib.
3200 4818 3213 4854 t
3239 4802 3304 4854 de
3334 4800 3507 4865 0rat.,
3530 4814 3677 4853 num.
3712 4800 3847 4856 H2:

2267 4866 2655 4942 Equidem—rum
2678 4883 2895 4942 peterem
2937 4874 3291 4941 magistratus,
3314 4882 3422 4926 etc.

2340 4941 2360 4967 “
2388 4940 2443 4994 Id
2471 4952 2575 5002 est.
2603 4940 2873 5011 nunquam
2920 4940 3242 5011 pra-turam,
3292 4956 3561 5011 nunquam
3603 4940 3849 4996 consula-

2267 5017 2378 5083 tum
2410 5012 2665 5079 appetivi,
2711 5014 2924 5082 utrique
2961 5014 3105 5068 enim
3134 5028 3233 5083 pro
3273 5026 3371 5067 suo
3418 5011 3730 5083 magistratu
3757 5011 3847 5080 jus

2269 5079 2468 5134 habent
2500 5099 2551 5135 tn
2582 5083 2776 5137 civium
2799 5079 2984 5138 vitam.

2340 5153 2361 5183 9
2387 5151 2439 5203 Ill
2463 5163 2562 5218 est,
2587 5170 2682 5223 pro
2698 5156 2919 5208 viribus.
2935 5155 3045 5209 Tac
3070 5163 3155 5208 tus
3175 5154 3226 5207 in
3254 5153 3339 5209 Jul
3366 5152 3664 5223 iAgricclm
3689 5152 3843 5206 Vita:

2274 5218 2537 5283 Tanquam
2587 5218 2681 5293 pro
2738 5227 2873 5288 virili
2925 5228 3156 5294 portione
3220 5218 3561 5279 innocentiam
3626 5224 3846 5294 principi

2269 5300 2487 5359 (neutpe
2518 5295 2847 5364 Domitiano)
2871 5296 3109 5351 donares.
3140 5295 3290 5363 Quod
3315 5297 3415 5348 etsi
3444 5294 3585 5364 apud
3614 5294 3844 5348 Tulliqu

2268 5365 2409 5430 quod
2437 5365 2650 5433 quidem
2682 5368 2871 5431 sciam,
2905 5383 3014 5421 non
3040 5368 3251 5432 legitur.
3281 5382 3386 5419 non
3408 5366 3639 5420 aiienum
3665 5375 3844 5419 tamen

2268 5444 2350 5507 est
2379 5434 2504 5507 illud
2528 5435 2668 5489 Tull.
2706 5452 2801 5503 pro
2821 5438 3036 5494 Sextio:
3068 5438 3191 5493 "(re
3219 5438 3304 5507 qui
3326 5453 3415 5506 pro
3439 5436 3569 5491 t't'rili
3596 5447 3738 5507 parte
3758 5436 3845 5487 de-

2270 5504 2505 5571 fendunt,
2538 5506 2805 5574 optimates
2834 5518 2972 5562 sinit.

1930 5591 2499 5652 lN'l'ERPRETATlO.

584 5748 617 5798 ἀ
654 5678 928 5801 "aliorum,
969 5698 1078 5751 qua:
1106 5683 1388 5739 itcrisssat'in
1421 5692 1535 5736 sunt
1574 5683 1642 5737 ad
1673 5685 1841 5747 vitam,
1891 5699 2035 5737 usum
2062 5684 2153 5736 sibi

619 5766 688 5801 est
730 5760 790 5801 tt.

619 5760 790 5804 audit.

2345 5685 2369 5723 ι)
2396 5686 2624 5743 Pectoris
2654 5705 2864 5745 arcana.
