4300 6432
692 326 794 380 ωδ

2069 315 2159 370 MA
2172 313 2540 373 MER'HNUS.

3864 322 3974 377 634

690 436 909 507 giarium
935 433 1204 503 dignitatis
1230 432 1490 497 eveterit,
1520 432 1834 488 libertorum
1872 426 2162 483 artificium
2192 426 2273 481 di-
2304 430 2360 487 Α
2383 427 2622 483 dentiam
2648 445 2662 492 ;
2718 431 2860 484 ultro
2898 432 2963 485 ad
3005 443 3055 487 te
3088 432 3354 488 maximus
3385 434 3678 500 imperator
3704 435 3929 489 accedet

690 528 925 581 cebatur.
950 528 1250 582 Oratoriam
1291 526 1505 581 dicendi
1531 526 1862 591 facultatem,
1894 521 2043 577 multi
2076 521 2272 576 laboris

687 627 743 673 et
764 618 968 671 minimi
994 632 1118 672 usus
1141 618 1436 683 negotium,
1461 618 1626 671 nostri
1655 628 1904 686 procerus
1928 611 2272 681 respuebant,

688 709 814 764 dum
864 710 1107 765 homines
1139 710 1376 764 noluisse
1426 709 1591 763 vide-ri
1623 708 1828 774 volunt,
1863 705 2005 777 quod
2057 704 2273 774 assequi

693 802 1069 871 nequiverunt.
1114 804 1177 857 Et
1218 819 1342 858 vere
1370 811 1575 857 tantum
1617 802 1815 857 laboris
1863 799 2274 870 vigiliarumque

687 895 969 964 suscipere
998 895 1065 949 ad
1111 894 1515 964 adipiscendum
1546 894 1699 961 cujus
1742 908 1867 947 usus
1896 890 2119 962 agenda:
2150 891 2275 945 vita

688 997 1009 1043 ornamenta
1034 1004 1139 1041 non
1164 986 1472 1056 adjuvaret,
1512 984 1781 1040 dementia
1810 983 2127 1038 ducebatur.
2174 984 2277 1036 Ita-

688 1096 794 1151 que
821 1094 984 1134 omne
1027 1078 1262 1135 studium
1316 1080 1555 1146 pecunia:
1582 1074 1985 1131 coacervandaz.
2035 1074 2052 1105 ⁸
2103 1072 2276 1129 Tanto

689 1172 834 1226 enim
861 1171 942 1224 vir
967 1170 1192 1239 quisque
1215 1168 1427 1233 melior,
1448 1178 1648 1238 quanto
1676 1166 2014 1235 pecuniosior
2036 1165 2273 1221 habeba-

690 1273 795 1318 tur.
828 1262 945 1319 lam
993 1261 1263 1318 serviendi
1311 1262 1615 1317 miseranda
1656 1259 1932 1330 patientia,
1963 1260 2274 1316 assentandi

694 1358 828 1411 mira
872 1357 1159 1411 calliditas.
1209 1356 1578 1410 MiuiStrorum
1625 1354 1765 1409 aula:
1812 1354 2051 1424 quotidie
2094 1354 2274 1407 limina

691 1447 1022 1503 terebantur.
1048 1447 1128 1502 Ad
1161 1445 1305 1501 fores
1353 1461 1539 1501 eorum
1570 1446 1661 1517 qui
1687 1445 1848 1516 regiis
1898 1444 2276 1515 cupiditatibus
2313 1447 2320 1453 “

694 1539 1005 1594 serviebant
1033 1541 1055 1571 ³
1085 1549 1269 1595 ternos
1296 1539 1533 1609 patricia:
1559 1540 1733 1609 gentis
1760 1539 1906 1594 viros
1927 1554 2178 1595 cerneres
2207 1538 2276 1595 ab

693 1633 999 1702 huiusmodi
1030 1632 1298 1688 dedecore
1328 1647 1435 1686 non
1469 1632 1651 1696 imbri,
1683 1645 1788 1686 non
1823 1632 1968 1701 gelu,
2001 1645 2108 1685 non
2128 1644 2278 1685 ama—

694 1722 930 1778 ritudine
970 1724 1137 1793 ipsius
1160 1723 1372 1792 injuria:
1402 1722 1689 1777 deterreri.
1724 1721 1970 1787 Demissi,
2000 1722 2273 1791 jaceutes-

698 1831 803 1883 que
832 1816 916 1869 vix
940 1817 1116 1883 capita
1146 1830 1306 1885 supra
1350 1828 1537 1870 eorum
1567 1830 1705 1886 quos
1727 1814 2079 1883 precabantur
2100 1829 2273 1884 genua
2307 1799 2351 1859 Β

695 1907 971 1960 tollebant.
1006 1906 1085 1960 Ad
1122 1914 1473 1975 postremum,
1522 1908 1752 1960 honores
1796 1922 1903 1961 non
1926 1905 2150 1975 judicio,
2183 1917 2276 1961 aut

696 1998 1069 2053 Itrnevulentia
1120 1999 1498 2067 superborum,
1549 1998 1645 2054 sed
1690 1998 2055 2053 misericordia
2097 2015 2273 2055 mere-

693 2092 905 2143 bantur.

764 2183 905 2238 ΧΧΙ.
948 2183 1016 2237 At
1066 2198 1204 2237 nunc
1253 2182 1495 2253 quisquis
1546 2182 1879 2253 provincias,
1934 2183 2273 2246 tribunatus,

694 2277 1067 2346 pra-fecturas,
1098 2280 1408 2334 consulatus
1438 2282 1621 2344 cupit,
1655 2277 1787 2331 nihil
1825 2291 2045 2332 necesse
2072 2285 2157 2331 est
2186 2292 2278 2345 pe-

696 2369 899 2425 cuniam
936 2384 1030 2438 per
1060 2367 1138 2423 fas
1167 2378 1225 2423 et
1252 2370 1400 2424 nefas
1430 2379 1665 2439 quatrat,
1702 2382 1765 2421 ac
1795 2367 2095 2422 libet-tatem
2125 2381 2275 2423 suam

691 2462 951 2516 salutatur
977 2461 1095 2514 vilis
1124 2460 1424 2515 imminuat.
1466 2462 1677 2525 Quanto
1704 2459 1869 2515 fuerit
1898 2459 2132 2529 paratior
2156 2474 2273 2515 ser-

692 2554 870 2619 vituti,
891 2560 1041 2608 tanto
1070 2551 1274 2607 honore
1298 2552 1565 2622 indignior
1588 2551 1607 2581 ³
1634 2552 1928 2607 vocabitur.
1965 2551 2101 2605 Tum
2132 2549 2276 2606 aliud

689 2646 952 2714 quoddam
1001 2646 1274 2700 hominum
1314 2662 1487 2714 genus
1527 2656 1611 2700 est
1655 2646 1708 2699 in
1749 2646 1982 2700 amicitia
2019 2646 2276 2716 principis

694 2736 899 2801 nostri,
940 2737 1096 2802 rude,
1140 2746 1198 2791 ut
1225 2736 1444 2791 urbanis
1476 2738 1592 2792 istis
1618 2738 1848 2802 videtur,
1883 2752 2067 2807 parum
2098 2752 2272 2803 come,

694 2829 1097 2895 subrusticum;
1151 2827 1533 2884 blandimentis
1586 2828 1916 2883 adulantium
1972 2839 2272 2899 repugnat,

694 2921 934 2987 pecunia-
968 2934 1096 2973 Vero
1126 2920 1316 2974 aliena:
1345 2930 1595 2987 tauquam
1640 2920 1715 2974 rei
1748 2920 1923 2974 noxia:
1955 2929 2151 2974 tactum
2186 2936 2272 2975 re-

690 3011 974 3079 formidat,
1042 3012 1304 3068 masimas
1352 3027 1485 3082 opes
1535 3013 1585 3065 in
1636 3012 1944 3080 reipublica:
1990 3012 2165 3067 salute
2220 3020 2275 3068 et

689 3104 922 3171 gloriosa
958 3104 1295 3173 imperatoris
1334 3106 1418 3159 sui
1462 3104 1616 3158 laude
1653 3106 1952 3159 constituit.
2003 3104 2122 3159 Jam
2162 3106 2273 3175 ipse

2377 530 2433 574 et
2492 529 2555 575 ut
2591 535 2847 591 capessas
2891 525 3275 595 rempublicam
3320 524 3598 595 ﬂagitabit.
3646 527 3832 581 Utioso
3874 528 3975 584 tib'

2376 624 2537 683 atque
2564 615 2669 669 alia
2702 618 2909 670 curanti
2942 619 3261 685 provinciae,
3308 617 3677 688 prazfccturae,
3723 619 3745 649 ³
3772 618 3971 684 fasces,

2377 709 2510 765 sella
2555 711 2793 775 curulis,
2843 720 3003 779 atque
3054 710 3279 781 insignia
3329 713 3508 765 omnia
3555 713 3964 780 magistratuum

2380 799 2737 869 perferentur.
2792 802 2925 867 Quid
2969 801 3112 855 enim
3158 802 3258 855 sibi
3291 818 3433 857 vera:
3480 803 3561 856 vir
3605 801 3967 873 perfectaque

2376 893 2589 949 virtutis
2614 910 2718 950 non
2747 904 3055 949 constanter
3077 894 3144 949 de
3171 897 3376 951 honore
3407 896 3703 963 promittat,
3727 912 3846 949 cum
3878 912 3969 952 me

2378 995 2601 1055 propter
2630 987 2899 1042 tantillum
2931 988 3255 1044 innocentia:
3294 989 3545 1044 meritum
3587 1004 3696 1043 uno
3736 989 3789 1043 in
3828 1003 3971 1044 anno

2378 1078 2399 1109 ⁸
2426 1089 2508 1132 ter
2536 1078 2721 1133 videat
2749 1078 3070 1131 honoratum
3096 1078 3119 1130 ἲ

2452 1168 2619 1224 XXII.
2664 1169 2860 1238 Ecquis
2883 1170 3016 1225 deus
3039 1185 3147 1224 uno
3178 1171 3229 1223 in
3257 1185 3400 1224 anno
3424 1170 3746 1238 multiplices
3766 1170 3971 1224 fructus

2376 1277 2507 1331 agro
2547 1262 2639 1317 uni
2678 1262 2868 1317 dedit?
2922 1263 3056 1317 Num
3102 1264 3380 1332 quisquam
3410 1265 3428 1294 "
3454 1262 3506 1316 in
3548 1262 3735 1318 eadem
3783 1250 3985 1317 novali.

2376 1362 2564 1409 testate
2594 1368 2700 1408 una
2732 1354 2962 1423 amplius
2992 1370 3148 1422 quam
3193 1354 3360 1409 semel
3400 1354 3667 1409 messuit?
3716 1353 3852 1408 Num
3881 1355 3966 1408 cui

2380 1461 2486 1500 uno
2513 1456 2792 1513 autumno,
2818 1460 3029 1513 unoque
3055 1449 3234 1499 vincto
3260 1444 3526 1500 vindemia
3560 1445 3751 1513 triplex
3776 1446 3970 1499 ﬂuxit?

2384 1538 2496 1596 Una
2529 1550 2678 1593 certe
2709 1539 2864 1595 unius
2897 1546 2981 1593 est
3023 1536 3215 1593 hiemis
3240 1540 3261 1571 '
3282 1538 3521 1592 olivitas.
3573 1538 3681 1595 Sed
3715 1541 3765 1592 in
3798 1540 3967 1594 nostri

2384 1629 2641 1698 principis
2681 1628 2953 1683 beneﬂciis
2998 1629 3258 1684 miraculo
3297 1641 3445 1683 caret
3488 1629 3840 1699 multiplicata
3889 1630 3966 1685 fe-

2378 1721 2645 1777 cunditas.
2702 1721 2770 1777 Ut
2809 1721 2878 1776 de
2919 1721 3039 1776 aliis
3079 1721 3296 1791 optimis
3338 1720 3468 1775 vitis
3516 1732 3750 1786 taceam,
3798 1721 3889 1791 qui
3929 1736 3961 1775 a

2380 1815 2559 1882 priore
2614 1812 2667 1866 in
2716 1812 3018 1880 proximum
3069 1822 3382 1867 autumnum
3434 1812 3637 1867 fructus
3694 1814 3960 1869 honorum

2381 1903 2747 1972 multipliciter
2799 1914 3175 1968 messueruut,
3231 1904 3361 1959 tuilti
3406 1914 3552 1958 certe
3604 1906 3755 1959 tertia
3808 1905 3964 1959 unius

2381 1995 2506 2049 anni
2548 1994 2764 2050 ubertas
2805 2007 2888 2049 cst
2926 1997 3261 2050 consulatus.
3316 1996 3546 2050 Primum
3585 1996 3962 2051 thesaurorum

2380 2093 2618 2147 omnium
2649 2093 2896 2147 mandata
2932 2093 3206 2158 custodia,
3236 2102 3291 2147 et
3321 2092 3648 2161 dispensatio
3677 2092 3957 2163 largiendi.

2379 2183 2682 2240 Secundum
2716 2185 2889 2238 locum
2932 2193 3079 2239 tenet
3122 2187 3173 2239 in
3211 2185 3475 2241 honorum
3507 2199 3748 2239 meorum
3780 2184 3963 2240 fructi»

2381 2275 2479 2329 bus
2506 2274 2844 2341 prmlectura.
2892 2274 3119 2329 Additus
3148 2274 3253 2342 his,
3284 2291 3389 2344 quo
3419 2275 3501 2329 vel
3531 2275 3650 2330 solo
3676 2274 3961 2344 cujuslibet

2379 2367 2608 2421 aviditas
2628 2367 2949 2434 vinceretur,
2974 2380 3326 2435 proventuum
3356 2374 3566 2420 tuorum
3597 2364 3806 2429 tertius,
3830 2379 3958 2420 cor-.-

2378 2461 2605 2516 sulatus.
2664 2459 2794 2514 Dein
2842 2476 2961 2515 cum
3009 2476 3139 2530 ager
3183 2458 3495 2514 assiduitate
3540 2458 3804 2513 fructuum
3844 2456 3872 2496 δ
3907 2458 3960 2514 in

2381 2553 2606 2608 maciem
2655 2552 3035 2620 decoquatur:
3090 2552 3431 2622 imperatoris
3481 2552 3647 2606 nostri
3698 2550 3959 2621 posterior

2382 2644 2674 2699 liberalitas
2700 2641 2861 2697 vincit
2889 2642 3145 2711 priorem,
3169 2656 3268 2697 nec
3294 2642 3351 2695 lit
3373 2638 3529 2697 effeta
3557 2640 3842 2710 gignendo,
3865 2640 3959 2697 sed

2377 2751 2473 2807 per
2514 2736 2658 2790 vices
2704 2735 2967 2791 fructuum
3016 2736 3354 2792 iecundatur.
3410 2732 3556 2789 Nova
3606 2749 3823 2803 prorsus
3861 2732 3960 2788 fuit

2376 2826 2638 2883 honorum
2664 2826 3078 2884 deferendorum
3105 2839 3159 2884 et
3186 2828 3457 2898 insperata
3486 2828 3781 2897 congestio.
3815 2826 3959 2880 Non-

2375 2918 2502 2974 dum
2548 2928 2744 2974 statum
2793 2935 2946 2975 suum
2991 2920 3225 2977 siderum
3272 2920 3537 2975 curricula
3582 2929 3950 2981 mutaverant,

2380 3027 2402 3056 ε
2427 3019 2539 3086 jam
2571 3016 2821 3087 princeps
2851 3030 3069 3069 cursum
3097 3014 3369 3084 dignitatis
3398 3013 3617 3069 alterius
3646 3028 3954 3068 commove-

2376 3108 2493 3172 bat;
2527 3117 2581 3161 et
2606 3108 2715 3176 jam
2748 3115 2859 3160 tum
2889 3106 2969 3160 sol
3006 3106 3075 3159 ab
3101 3104 3414 3160 eorumdem
3443 3114 3709 3159 astrorum
3742 3107 3957 3173 regione

691 3205 712 3226 ⁸
736 3198 934 3265 ingenti
966 3197 1255 3266 divinaque
1295 3197 1631 3265 providentia
1673 3197 1933 3252 adversus
1971 3212 2160 3254 omnes
2188 3214 2272 3254 as-
2297 3178 2343 3238 (ἶ
2376 3200 2642 3262 radiabat,
2670 3199 2782 3268 jam
2813 3199 3079 3268 Augustus
3108 3199 3261 3252 tertia
3295 3198 3635 3266 magistratus
3671 3197 3774 3251 mei
3804 3197 3953 3265 signa

692 3296 1023 3341 scutatorum
1081 3288 1363 3342 illecebras
1428 3289 1811 3359 captionesque
1874 3291 2113 3345 munitus
2165 3299 2267 3345 est.

693 3386 717 3412 ι
748 3378 955 3445 Quippe
982 3379 1033 3432 ei
1060 3393 1091 3433 a
1119 3377 1308 3432 Iucatis
1344 3378 1677 3433 adulantium
1703 3380 1926 3434 venenis
1954 3380 2096 3451 quod
2130 3383 2271 3450 peri-

690 3467 869 3520 culum
908 3476 1023 3535 est,
1065 3468 1155 3537 qui
1195 3482 1355 3523 aures
1383 3468 1546 3522 etiam
1577 3468 1718 3523 veris
1748 3468 1996 3525 laudibus
2021 3480 2271 3540 gravatus

692 3557 1003 3626 impertiat?
1052 3558 1158 3613 Sed
1206 3560 1373 3614 multo
1419 3560 1696 3628 multoque
1742 3573 1883 3614 nunc
1932 3560 2144 3617 facilior
2186 3571 2271 3618 est

688 3658 825 3703 rato
867 3650 1129 3704 houorurn
1170 3651 1545 3719 petendorum.
1592 3649 1867 3722 Quisquis,
1909 3653 2146 3724 inquam,
2177 3670 2270 3711 ca-

688 3755 814 3809 pere
853 3742 1219 3810 magistratum
1259 3742 1439 3809 voles,
1492 3742 1609 3795 auri
1661 3754 1821 3811 atque
1858 3746 2065 3815 argenti
2104 3747 2270 3816 negli-

687 3846 819 3899 gens
865 3839 1015 3896 esto;
1065 3831 1236 3885 nullas
1283 3831 1520 3885 ostiatim
1566 3834 1863 3901 potentium
1912 3836 2056 3892 aedes
2100 3838 2267 3903 obito,

688 3923 883 3974 nullius
914 3921 1098 3988 pedes,
1131 3921 1328 3975 nullius
1361 3937 1535 3990 genua
1561 3923 1953 3992 compleatitor.
2003 3925 2270 3985 Adhibeto

688 4022 889 4065 tan'um
921 4012 1013 4065 tibi
1043 4014 1304 4081 gratuitas
1359 4020 1413 4065 et
1454 4023 1640 4080 paratu
1679 4012 1961 4069 facillimas
2010 4017 2266 4084 comites,

688 4101 976 4171 justitiam,
1016 4102 1420 4167 fortitudinem,
1462 4104 1907 4172 temperantiam,
1947 4118 2107 4175 atque
2134 4124 2270 4179 pru-

688 4283 806 4345 fuit,
848 4298 875 4335 a
913 4296 1019 4349 quo
1073 4280 1137 4335 ad
1165 4280 1301 4348 juris
1342 4281 1515 4336 civilis
1542 4283 1821 4338 scientiam
1865 4286 2132 4341 excitatur
2184 4304 2267 4345 ms

689 4356 864 4407 verbis
896 4370 908 4404 :
938 4351 1113 4428 Turpe
1155 4364 1228 4406 est
1269 4351 1499 4428 Patricio
1534 4369 1715 4428 causas
1751 4358 1939 4428 oranti,
1964 4358 2050 4426 jus
2079 4362 2131 4411 in
2158 4375 2265 4428 quo

689 4436 914 4497 versetur
964 4423 1222 4497 ignorare.
1274 4423 1521 4497 Omnium
1565 4424 1765 4489 primus
1790 4423 2122 4497 dialecticam
2157 4423 2265 4497 juri

2380 3290 2807 3346 transcenderat.
2839 3291 3051 3353 Quaeso,
3082 3303 3189 3343 non
3215 3287 3368 3341 Vobis
3397 3286 3569 3341 inanis
3597 3288 3781 3358 gloria:
3806 3289 3955 3357 cupi-

2375 3385 2651 3445 dissimus,
2672 3397 2778 3436 non
2799 3380 3031 3451 ﬂagrans
3049 3380 3342 3436 ambztione
3365 3381 3583 3436 notabili
3604 3380 3892 3450 videretur,
3911 3382 3955 3436 si

2373 3476 2494 3545 quis
2523 3476 2576 3529 in
2602 3488 2662 3529 se
2695 3482 2839 3527 tanta
2881 3474 3080 3540 pariter
3109 3480 3376 3541 aptasset,
3416 3480 3611 3542 quanta
3652 3471 3705 3527 in
3736 3486 3821 3527 me
3851 3486 3959 3527 uno

2371 3577 2617 3631 tempore
2642 3566 2914 3632 Augustus
2940 3562 3202 3631 ingessit?

2446 3654 2634 3709 XXIII.
2680 3653 2916 3708 Habitari
2964 3653 3034 3708 ab
3075 3651 3237 3722 justis
3264 3653 3392 3707 virts
3429 3661 3602 3708 terras
3648 3653 3700 3708 in
3744 3652 3955 3708 Oceano

2374 3748 2575 3814 ferunt,
2602 3760 2737 3816 quas
2758 3748 2778 3781 '
2799 3745 3209 3800 Fortunatorum
3238 3745 3437 3799 insulas
3462 3754 3674 3810 vocant,
3697 3746 3835 3813 quod
3862 3759 3955 3813 per

2374 3854 2466 3895 eas
2495 3854 2600 3893 non
2636 3847 2786 3892 arato
2816 3838 2933 3892 solo
2960 3838 3223 3892 frumenta
3253 3847 3561 3897 nascuntur,
3602 3835 3839 3891 fortuitis
3865 3838 3946 3890 vi-

2377 3934 2518 3990 tibus
2553 3934 2681 4004 juga
2726 3932 2942 3986 collium
2969 3932 3289 3995 vestiuntur,
3341 3939 3532 3997 sponte
3577 3930 3749 3997 pomis
3791 3931 3952 3981 arbor

2377 4036 2650 4092 gravatur,
2693 4023 2758 4076 ad
2799 4022 3083 4076 herbarum
3112 4022 3280 4076 vicem
3309 4022 3428 4074 olus
3458 4019 3615 4087 vulgo
3644 4030 3747 4074 est.
3777 4019 3954 4087 Quan-

2380 4119 2494 4170 tula
2520 4116 2617 4169 ista
2642 4126 2785 4177 sunt,
2809 4113 2853 4168 si
2874 4112 3031 4167 deum
3054 4120 3324 4167 auctorem
3347 4109 3677 4176 consideres,
3701 4124 3919 4164 muntra
3936 4151 3950 4162 .

2372 4365 2406 4419 Β
2444 4296 2754 4415 "'Duodeut
2802 4310 2831 4349 a
2880 4293 3161 4349 lictoribus
3206 4304 3333 4348 ante
3378 4293 3653 4350 consulem
3698 4294 3956 4364 praefere-

2411 4379 2477 4419 an
2507 4382 2589 4418 ur.

2411 4378 2779 4490 υἷιἸῗεῗιτίιτιις
2820 4432 3121 4490 Mamertini
3164 4433 3562 4503 magistratibus
3605 4434 3755 4489 initio
3800 4434 3957 4503 hujus

689 4496 949 4553 adhibuit,
972 4502 1036 4564 Aet
1055 4494 1244 4564 ordine
1273 4493 1501 4564 quodam
1532 4504 1760 4547 tractare
1789 4494 1975 4562 carpit.
2020 4493 2267 4554 Ciceroni
2297 4503 2350 4564 D
2372 4508 2635 4559 orationis
2662 4506 2863 4560 dictum
2894 4516 2995 4560 est.

691 4563 790 4614 fuit
821 4562 1288 4633 latniliarissimus,
1318 4563 1407 4629 qui
1434 4574 1486 4618 et
1518 4565 1615 4629 ipsi
1649 4564 1716 4617 ad
1760 4565 2039 4631 Mutinam,
2068 4584 2175 4633 quo
2205 4570 2269 4623 ad

694 4632 1006 4701 placandum
1026 4633 1327 4701 eloquentia
1358 4648 1453 4687 sua
1478 4636 1765 4687 Antonium
1803 4651 1829 4687 a
1858 4650 2046 4690 senatu
2074 4632 2270 4694 missus

692 4715 828 4763 crat,
881 4715 1093 4755 mortuo
1138 4714 1364 4757 Statuam
1405 4718 1600 4758 azrcam
1646 4705 1947 4773 pedestrem
1974 4708 2024 4762 in
2079 4712 2269 4765 rostris

694 4774 888 4843 posuit.
920 4773 991 4827 De
1019 4776 1119 4828 hoc
1145 4787 1288 4842 sazpe
1314 4774 1453 4841 apud
1485 4774 1717 4829 Tullium
1748 4779 1949 4833 mentio
1978 4788 2082 4833 est.

766 4846 781 4874 ⁸
813 4843 1106 4911 Juvt-nalis,
1137 4856 1240 4899 sat.
1267 4845 1320 4911 5,
1355 4846 1489 4899 “3.

786 4962 1025 5014 Quantum
1044 4960 1255 5020 quisque
1276 4973 1363 5009 sua
1387 4972 1687 5011 nummorum
1710 4972 1874 5015 servat
1890 4966 1939 5012 in
1960 4976 2070 5014 arca

786 5022 991 5069 Tantum
1018 5021 1165 5070 hauet
1186 5028 1239 5071 et
1262 5022 1392 5070 lidei.

696 5198 726 5249 5
763 5127 781 5155 ²
808 5125 953 5248 ιλ»ξέ
967 5142 1196 5192 cernuos,
1219 5136 1275 5178 ut
1297 5127 1545 5180 observat
1562 5125 1789 5194 Lipsius,
1813 5128 2060 5198 Epistol.,
2076 5129 2271 5202 quiest}

734 5240 747 5249 .
778 5214 859 5249 εὐ.
886 5207 919 5247 ξ.
963 5232 975 5244 -

778 5214 859 5249 εὐ.
886 5207 975 5248 Ἡ.

778 5217 800 5242 t'
848 5238 859 5249 ,
887 5217 919 5247 Ζ
963 5232 975 5244 ι

734 5240 747 5258 ’
764 5267 782 5295 ³
803 5217 1129 5342 -ὔηηέηγείυδ
1147 5275 1209 5342 et
1228 5265 1491 5342 Gruterus
1512 5268 1687 5336 lcgqu
1705 5268 2065 5339 judicabitur:
2094 5272 2273 5342 itaque

696 5345 772 5389 est
803 5337 853 5388 in
881 5339 1116 5389 editione
1147 5337 1453 5389 Viennensi.

763 5406 782 5435 ‘
804 5408 1075 5461 Acidalius
1100 5406 1223 5475 legit
1250 5408 1439 5476 ingenti
1463 5408 1761 5477 diutinaque
1786 5411 2142 5477 providentia.

2445 4578 2465 4606 '
2493 4575 2706 4629 Navalis
2734 4576 2816 4630 vel
2863 4575 3041 4630 nauale
3079 4584 3217 4629 terra
3261 4580 3346 4628 est
3382 4589 3503 4642 qua:
3544 4574 3763 4628 alternis
3800 4575 3957 4631 anuis

2374 4646 2601 4714 quiescit
2621 4662 2683 4700 ac
2704 4645 2921 4708 seritur.
2946 4660 3053 4713 quo
3079 4659 3243 4699 sensu
3270 4644 3455 4711 Virgil.
3474 4643 3691 4715 Georg.,
3711 4644 3804 4700 lib.
3822 4660 3862 4711 ι,
3888 4647 3917 4698 7
3940 4664 3955 4701 :

2620 4736 2837 4785 Alternis
2857 4735 2987 4785 idem
3005 4742 3169 4785 tonsas
3191 4746 3390 4784 cessare
3414 4732 3629 4784 novales.

2376 4840 2485 4893 Hoc
2510 4839 2630 4892 loco
2656 4854 2753 4908 pro
2778 4846 2917 4894 terra
2948 4838 3260 4907 simpliciter
3285 4839 3532 4908 sumitur.

2442 4912 2464 4943 ⁸
2492 4909 2600 4964 Vox
2620 4906 2893 4971 a’Catone,
2917 4906 3156 4962 Varrone
3191 4918 3246 4960 et
3272 4906 3561 4962 Columella
3586 4916 3834 4977 usurpata
3856 4923 3958 4977 pro

2376 4987 2617 5058 tempore
2635 4980 3068 5058 .colligeudarum
3090 4978 3375 5058 olivarum:

2447 5054 2467 5082 ’
2492 5050 2566 5105 De
2595 5048 2677 5103 his
2707 5050 2903 5117 passim
2931 5048 3072 5118 apud
3102 5056 3305 5118 poetas.
3337 5047 3544 5113 Horat.,
3574 5048 3733 5118 epod.
3763 5048 3864 5103 l6:

2714 5172 2863 5219 Beata
2890 5179 3110 5231 petamus
3128 5181 3257 5223 arva,
3281 5168 3460 5217 divites

2717 5234 2777 5283 Et
2804 5234 3000 5293 insulas,
3030 5232 3192 5280 reddit
3214 5233 3294 5280 ubi
3320 5231 3555 5280 Cererem

2776 5295 2944 5343 Tellus
2969 5297 3149 5342 inarata
3174 5295 3451 5352 quotannis,

2778 5356 2841 5406 Et
2866 5358 3097 5416 imputata
3118 5356 3260 5405 ﬂoret
3281 5366 3437 5413 usque

2714 5419 2890 5477 Vinea,
2919 5424 3018 5467 etc.

2034 5518 2609 5576 iNTERPRETATlO.

762 5617 786 5643 ⁸
818 5608 994 5674 Neque
1023 5608 1156 5658 enim
1188 5607 1504 5660 metuendum
1542 5618 1614 5661 cst
1636 5624 1697 5661 ne
1728 5609 1873 5675 falsis
1899 5619 2272 5663 assentatorum

696 5678 1004 5751 tentionibus
1047 5680 1157 5746 cupi
1185 5696 1237 5731 se
1268 5681 1398 5730 sinat
1430 5681 1472 5733 is
1504 5680 1591 5747 qui
1615 5682 1765 5734 etiam
1792 5695 1925 5750 a’gre
1953 5697 2101 5736 aures
2132 5698 2267 5751 pra:-

697 5753 803 5803 beat
836 5750 959 5803 ceris
991 5750 1381 5802 itlllt‘iff’iUll.t’tt$.

2448 5610 2476 5650 δ
2503 5609 2806 5665 Macilentus
2835 5610 3101 5664 reddatur.

2453 5691 2474 5722 ο
2498 5679 2617 5736 Jam
2649 5682 2925 5751 imperator
2957 5696 3137 5735 nouam
3166 5676 3460 5749 dignftntem
3494 5674 3619 5731 mihi
3644 5674 3930 5730 destinabat
