4300 6506
475 465 580 522 £25

1115 460 1398 520 ,ΙΠΠΑΝο
1437 457 1757 518 AUGUSTO
1796 451 2206 510 GRATIARUM
2248 450 2450 508 ACTIO
2489 449 2624 506 PRO
2661 448 3088 507 CONSULATU.

3640 451 3739 508 tes

477 578 680 644 Nempe
708 572 861 630 nobis
888 586 1136 644 quoque,
1181 587 1303 627 cum
1345 585 1532 640 agrum
1576 584 1682 623 non
1714 566 1910 621 nostris
1939 577 2054 617 ma-
2083 566 2133 622 Α
2161 572 2290 625 tem,
2313 561 2406 616 sed
2435 561 2722 632 plurimum
2751 562 2912 614 etiam
2942 562 3062 614 novi
3097 559 3314 614 honoris
3339 560 3635 628 adieceris?
3662 565 3747 617 Au

478 669 634 723 nibus
661 668 989 733 escolamus,
1031 668 1146 720 haec
1179 665 1458 720 illaborata
1491 670 1802 718 nascuntur.
1846 658 2059 723 Quanto

477 761 684 815 felicior
700 768 880 814 nostra
902 757 1160 821 conditio.
1173 765 1375 826 quanto
1397 753 1670 809 beatitudo
1688 747 2060 821 praestantior?

477 846 592 903 Non
619 849 635 880 '
658 848 805 918 spica
845 847 1083 912 triticea,
1126 859 1232 901 non
1265 845 1401 899 viles
1430 858 1650 898 uvarum
1685 839 1922 905 racemi;
1963 837 2058 891 sed

476 953 610 1007 opes
652 948 818 1010 atque
859 938 1061 993 divitia
1104 935 1239 992 nihil
1288 934 1656 990 laborantibus
1703 933 2055 1001 ingeruntur;

479 1030 799 1098 provincia,
847 1027 1214 1099 pratlecturte,
1265 1027 1436 1080 Iasces
1481 1034 1674 1095 sponte
1720 1021 2058 1093 proveniunt.

477 1120 557 1174 'I'u
589 1131 668 1187 tu,
699 1121 951 1190 inquam,
981 1119 1216 1174 maxime
1243 1115 1559 1183 imperator,
1587 1115 1896 1171 exsulantes
1924 1113 2061 1166 rele-

475 1222 733 1280 gatasque
770 1212 1000 1265 virtutes
1045 1209 1114 1263 ad
1161 1207 1545 1278 rempublicam
1575 1206 1808 1276 quodam
1831 1206 1853 1235 ³
1877 1200 2062 1271 postli-

476 1302 644 1356 mino
679 1300 980 1358 reduxisti:
1025 1309 1079 1356 tu
1119 1299 1384 1356 exstincta
1422 1297 1532 1369 jam
1561 1297 1858 1352 litterarum
1885 1294 2060 1349 studia

477 1391 498 1422 ³
519 1393 800 1447 llammasti
823 1409 838 1448 :
863 1391 884 1424 ⁵
906 1401 962 1448 ιιι
989 1390 1382 1463 philosophiam
1407 1389 1569 1460 paulo
1588 1397 1712 1447 ante
1731 1397 2055 1456 suspectam,

476 1497 540 1536 ac
565 1483 802 1538 'ucdum
832 1481 1115 1552 spoliatam
1156 1481 1483 1546 honoribus,
1523 1479 1620 1537 sed
1647 1488 1953 1536 accusatam
1996 1494 2060 1534 ac

477 1590 622 1630 ream
654 1589 762 1630 non
791 1576 952 1631 modo
974 1573 1182 1646 judicio
1212 1573 1486 1634 liberasti.
1529 1572 1624 1628 sed
1653 1572 1903 1627 amictam
1935 1586 2060 1642 pur-

478 1679 642 1732 pura,
690 1679 820 1719 auro
861 1664 1196 1735 gemmisque
1247 1662 1670 1719 redimitam‘in
1714 1661 1878 1731 regali
1923 1661 2062 1715 solio

474 1757 771 1813 collocasti.
820 1755 1108 1827 Suspieere
1137 1757 1246 1826 jam
1284 1756 1336 1810 in
1372 1756 1567 1811 caelum
1598 1755 1745 1821 licet,
1775 1767 1831 1811 et
1857 1755 2060 1812 securis

473 1848 824 1916 contemplari
846 1858 992 1904 astra
1016 1848 1326 1917 luminibus,
1352 1848 1442 1916 qui
1471 1849 1628 1917 paulo
1652 1856 1775 1903 ante
1801 1864 2054 1917 pecorum

2167 653 2391 721 populus
2415 663 2498 706 est
2517 651 2784 706 timendus
2805 655 2826 685 ’
2856 653 3188 720 procuratori
3217 653 3589 707 alimentorum
3615 670 3743 708 suo-

2163 760 2280 797 rum
2302 787 2317 810 ,
2349 743 2471 798 vita:
2505 744 2732 809 vindici,
2771 743 3033 798 libertatis
3066 744 3308 798 auctori?
3349 744 3478 797 Nam
3514 746 3636 813 quid
3677 747 3746 799 de

2164 834 2424 890 militibus
2464 834 2693 905 loquar?
2728 835 2772 866 "
2803 834 2938 903 Duo,
2969 844 3060 888 aut
3097 836 3196 890 tria
3242 838 3410 892 ferme
3456 852 3520 891 ex
3562 849 3744 894 vetere

2162 927 2420 983 memoria
2458 927 2750 982 amicorum
2795 927 2936 994 paria
2979 927 3339 994 proferuntur.
3383 929 3526 998 Nego
3559 947 3746 1000 quem-

2161 1018 2303 1086 piam
2333 1017 2402 1072 ab
2430 1033 2536 1072 uno
2568 1019 2743 1073 amico
2773 1020 2893 1086 plus
2931 1019 3182 1074 dilectum
3214 1035 3371 1089 quam
3403 1033 3479 1087 tu,
3509 1023 3741 1092 impera-

2163 1120 2265 1176 tor,
2286 1126 2392 1162 non
2422 1112 2582 1165 modo
2601 1126 2631 1165 a
2666 1112 2704 1143 “
2732 1111 3038 1172 comitibus.
3065 1113 3293 1167 tribunis
3323 1113 3447 1178 tuis,
3479 1117 3572 1169 sed
3602 1131 3630 1169 ει
3663 1116 3742 1172 le-

2160 1201 2408 1269 gionibus
2435 1205 2662 1267 cunctis.
2691 1204 2960 1273 equitibus
3003 1220 3065 1259 ac
3113 1205 3398 1274 peditibus,
3419 1208 3459 1238 "
3485 1209 3745 1277 gregariis

2159 1293 2322 1348 etiam
2352 1295 2612 1350 militibus
2641 1295 2902 1364 diligaris.
2939 1297 3136 1364 Itaque,
3166 1297 3304 1364 quod
3339 1301 3403 1351 ad
3447 1308 3500 1354 te
3528 1301 3741 1362 attinet,

2159 1396 2351 1441 cuncta
2369 1387 2480 1456 jam
2507 1403 2535 1441 a
2565 1388 2807 1442 custodia
2837 1390 2910 1443 tui
2936 1403 3082 1442 arma
3109 1402 3435 1456 removeres,
3462 1391 3554 1445 sed
3576 1406 3744 1458 quan-

2162 1478 2233 1532 do
2271 1478 2374 1532 boc
2413 1487 2566 1547 putes
2602 1479 2925 1549 persuadere
2966 1480 3261 1536 militibus?
3289 1481 3460 1534 Anxia
3495 1491 3576 1536 est
3613 1482 3745 1536 lide-

2163 1570 2290 1623 lium
2320 1571 2612 1639 diligentia.
2639 1580 2665 1608 ι
2699 1571 2929 1627 Maximo
2951 1573 3117 1626 amori
3145 1574 3408 1626 maximus
3437 1574 3594 1628 timor
3619 1576 3743 1642 jun-

2159 1675 2273 1718 ctus
2303 1674 2404 1719 est.
2446 1665 2559 1718 Non
2590 1665 2744 1719 nobis
2773 1664 2972 1719 suflicit
3003 1665 3144 1735 quod
3175 1665 3450 1720 obtinuisti
3489 1675 3546 1720 ut
3584 1683 3741 1723 nemo

2160 1765 2212 1810 te
2238 1757 2366 1811 velit
2401 1759 2617 1822 ladere,
2647 1758 2747 1812 nisi
2784 1772 2881 1812 nos
2901 1773 3152 1812 curamus
3177 1767 3234 1810 ιιι
3261 1773 3417 1811 nemo
3449 1761 3636 1827 possit.

2237 1846 2401 1902 XXV.
2438 1848 2746 1903 Habuerunt
2777 1847 3017 1903 nonnulli
3053 1848 3139 1901 alii
3188 1849 3455 1918 principes
3497 1851 3741 1906 devotam

475 1948 635 2006 atque
652 1938 1057 2008 quadrupedum
1083 1937 1435 1993 animantium
1457 1937 1561 1993 ritu
1585 1937 1638 1992 in
1663 1937 1879 1993 humum
1911 1939 2057 1994 visus
2087 1921 2132 1980 Β
2159 1946 2214 1991 et
2242 1945 2513 1992 amantem
2550 1938 2632 1992 sui
2667 1936 2948 1992 cohortem
2973 1977 2989 2003 ,
3016 1938 3110 1994 sed
3149 1940 3255 1992 alio
3294 1939 3522 2006 quodam
3552 1940 3743 2006 modo;

478 2033 716 2099 trepidos
745 2031 1060 2100 agebamus.
1108 2030 1241 2097 Quis
1268 2030 1413 2085 enim
1443 2039 1692 2098 spectare
1721 2033 1943 2086 auderet
1971 2047 2057 2084 or-

475 2130 589 2176 tum
628 2121 842 2187 sideris,
890 2123 1011 2191 quis
1054 2119 1349 2177 occasum?
1397 2121 1475 2176 Ne
1519 2120 1767 2190 agricola
1817 2122 2054 2189 quidem,

475 2228 700 2282 quorum
729 2227 892 2281 opera
931 2213 999 2267 ad
1041 2222 1245 2269 motum
1285 2212 1557 2280 sign-iram
1588 2212 1889 2267 ctelestium
1922 2221 2058 2278 temv

477 2305 707 2373 peranda
757 2314 912 2369 sunt,
965 2313 1340 2374 tempestatum
1392 2303 1650 2372 prmsagia
1700 2303 2052 2359 rimabantur.

477 2393 580 2463 Ipsi
623 2404 828 2456 nauta},
876 2394 964 2462 qui
1009 2405 1298 2448 nocturnos
1338 2405 1530 2447 cursus
1579 2392 1645 2446 ad
1690 2400 1833 2446 astra
1877 2393 2060 2448 mode»

477 2492 688 2549 rantur,
744 2483 1022 2538 stellarum
1072 2482 1377 2538 nominibus
1422 2482 1780 2536 abstinebant.
1832 2481 2058 2539 Prorsus

478 2583 621 2630 terra
660 2575 902 2643 marique
937 2589 1042 2629 non
1079 2573 1289 2630 ratione
1324 2572 1566 2638 caelesti,
1608 2572 1702 2629 scd
1731 2588 1859 2628 casu
1890 2589 1953 2628 ac
1982 2583 2054 2629 te-

483 2679 632 2719 nvere
657 2664 954 2718 vivebatur.

553 2753 740 2809 ιιιν.
771 2753 908 2810 Nihil
949 2753 1108 2824 igitur
1135 2754 1329 2811 mirum
1365 2762 1482 2819 est,
1511 2754 1824 2822 impcrator,
1855 2753 1898 2807 si
1941 2763 2060 2809 tan-

482 2855 570 2901 tus
605 2860 782 2912 amor,
810 2854 866 2902 et
908 2853 1015 2901 tam
1047 2860 1205 2901 verus
1243 2846 1297 2901 iu
1334 2855 1386 2902 te
1427 2845 1629 2901 civium
1656 2844 1847 2900 fervet.
1880 2845 2062 2914 Neque

477 2937 623 2993 enim
661 2937 827 2992 ullum
867 2945 1000 3006 puto
1040 2946 1163 3005 post
1205 2936 1449 2991 homines
1486 2945 1640 2990 natos
1667 2945 1816 2991 tanto
1849 2937 2063 3005 generis

480 3025 700 3083 humani
738 3029 930 3083 ardore
976 3029 1252 3083 dilectum.
1296 3026 1627 3082 Cteterorum
1676 3042 1858 3095 regum
1906 3035 2064 3096 atque

481 3119 864 3188 imperatorum
885 3120 1182 3176 charitates
1210 3118 1496 3172 admodum
1524 3133 1679 3183 rara),
1705 3133 1805 3172 nec
1834 3135 2062 3188 unquam

479 3208 746 3264 diuturna:
775 3210 1008 3267 luerunt.
1038 3210 1058 3241 '
1091 3208 1150 3263 In
1184 3209 1408 3265 summis
1437 3208 1578 3263 enim
1613 3207 1884 3266 hominum
1917 3210 2067 3264 habi-

2161 2026 2391 2098 primum
2445 2028 2585 2096 quod
2621 2029 2666 2060 ¹³
2708 2028 2937 2096 imperiti
2987 2043 3051 2083 ac
3103 2029 3264 2083 rudes
3321 2029 3743 2083 indoctissimum

2156 2132 2423 2187 quemque
2454 2118 2507 2172 in
2535 2119 2818 2174 consilium
2841 2119 3168 2189 deligebam,
3193 2120 3398 2174 scilicet
3423 2130 3480 2174 ut
3507 2122 3743 2190 ipsorum

2161 2209 2438 2279 prudentia
2475 2212 2632 2280 vulgo
2666 2227 2765 2268 suo
2805 2213 3143 2283 aliquatenus
3167 2215 3488 2270 eminerent.
3524 2216 3596 2269 Ita
3623 2233 3743 2272 cum

2159 2302 2455 2356 vilissimus
2502 2302 2730 2372 quisque
2778 2303 3042 2358 honorum
3090 2316 3144 2358 et
3192 2304 3496 2358 divitiarum
3550 2308 3745 2374 potitus

2164 2390 2343 2452 foret,
2375 2405 2471 2445 sua
2502 2392 2782 2448 commoda
2807 2433 2824 2456 ,
2865 2405 2918 2447 et
2952 2393 3073 2447 vitia
3107 2395 3402 2464 principum
3433 2397 3742 2466 diligebant.

2159 2481 2241 2536 Ab
2295 2481 2379 2536 his
2426 2483 2660 2549 optimus
2705 2484 2932 2554 quisque
2983 2484 3298 2554 abigebatur
3347 2490 3567 2553 procul,
3621 2503 3741 2543 cum

2160 2581 2407 2642 suspecta
2445 2585 2588 2629 esset
2631 2575 2864 2642 probitas
2893 2585 2948 2630 et
2976 2575 3181 2640 invisa;
3214 2585 3267 2631 et
3295 2589 3492 2646 quanto
3523 2581 3745 2649 quisque

2164 2663 2461 2728 honestior,
2491 2663 2518 2703 δ
2551 2675 2698 2720 tanto
2733 2668 3085 2736 importunior
3115 2669 3347 2738 turpium
3377 2671 3578 2724 arb'ter
3609 2673 3745 2727 vita-

2165 2765 2332 2810 retur.
2365 2758 2433 2811 At
2458 2765 2514 2811 tu
2533 2797 2549 2817 .
2578 2756 2845 2825 Auguste,
2874 2759 3125 2812 omnibus
3149 2763 3300 2828 nugis
3330 2765 3573 2827 remotis,
3602 2766 3746 2833 opti-

2165 2861 2309 2899 mum
2355 2855 2410 2900 et
2462 2847 2830 2902 rlocti~simum
2875 2863 3140 2916 quemque
3185 2851 3468 2918 perquiris.
3525 2853 3578 2908 Si
3628 2855 3747 2919 quis

2164 2943 2385 3005 praistat
2405 2935 2689 2991 virtutibus
2715 2937 2923 2992 bellicis
2947 2948 3002 2992 et
3025 2938 3180 2993 laude
3215 2941 3420 2994 militite
3439 2983 3452 3003 .
3487 2945 3538 2996 in
3563 2944 3747 3002 amicis

2168 3027 2425 3093 habetur;
2469 3028 2557 3098 qui
2609 3029 2662 3083 in
2703 3030 2938 3083 oratoria
2990 3029 3272 3096 facultate,
3302 3033 3393 3100 qui
3436 3034 3486 3087 in
3526 3035 3748 3090 scientia

2161 3117 2300 3186 juris
2327 3118 2500 3172 civilis
2533 3118 2770 3184 excellit,
2803 3121 2944 3174 ultro
2973 3120 3038 3175 ad
3065 3120 3477 3179 familiaritatem
3508 3139 3747 3182 vocatur.

2167 3209 2482 3277 Quicunque
2509 3210 2561 3263 in
2590 3210 3054 3264 administratione
3085 3213 3390 3279 reipublicae
3413 3216 3750 3274 innocentem

481 3309 666 3355 lavere
704 3301 1042 3368 pectoribus,
1080 3299 1252 3355 subita
1295 3309 1349 3354 et
1384 3299 1650 3353 fortunata
1693 3300 2061 3357 benevolentia
2089 3287 2136 3349 C
2168 3313 2228 3355 se
2258 3314 2489 3369 unquam
2517 3310 2572 3354 ct
2602 3310 2878 3356 strenuum
2907 3302 3152 3370 prarbuit,
3187 3305 3238 3355 in
3268 3309 3596 3361 consortium
3628 3324 3748 3363 mu—

481 3401 821 3459 provocatte,
857 3405 962 3445 non
995 3391 1246 3446 virtutum
1287 3388 1642 3443 admiratione
1673 3390 1952 3445 devinctae.
1991 3394 2062 3449 At

482 3498 612 3538 vero
651 3491 835 3539 noster
872 3483 1095 3539 allectus
1139 3483 1249 3537 veri
1299 3482 1538 3551 certique
1561 3481 1746 3552 judicii
1785 3493 1902 3549 est,
1943 3484 2062 3539 imis

487 3577 686 3630 mentis
714 3575 934 3631 sedibus
955 3574 1203 3644 alligatus
1223 3573 1455 3638 animus,
1486 3583 1540 3628 et
1564 3576 1687 3627 vitae
1715 3573 1989 3632 immixtus
2009 3584 2064 3632 et

484 3667 685 3734 uultus,
704 3665 949 3721 resolutis
969 3664 1130 3720 etiam
1159 3672 1331 3718 morte
1358 3662 1672 3731 corporibus
1697 3677 1818 3717 cum
1841 3663 2060 3721 immor-

486 3761 580 3815 tali
627 3769 806 3816 mente
849 3760 1108 3817 victurus.
1150 3762 1314 3814 Arma
1343 3759 1540 3829 igitur,
1578 3769 1632 3815 et
1663 3760 1888 3828 juvenes
1936 3772 2057 3813 cum

485 3851 676 3921 gladiis
704 3860 866 3921 atque
913 3851 1038 3921 pilis
1078 3863 1184 3905 non
1217 3851 1474 3906 custodia:
1506 3851 1747 3919 corporis
1780 3859 1935 3916 sunt,
1969 3850 2063 3907 sed

491 3940 709 4010 quidam
767 3940 1132 4011 imperatoria
1178 3940 1472 4010 maiestatis
1515 3942 1771 3997 solemnis
1822 3952 2064 3998 ornatus.

488 4033 626 4100 Quid
665 4034 810 4089 enim
850 4034 968 4088 istis
990 4047 1128 4104 opus
1153 4041 1236 4087 est
1259 4072 1274 4096 .
1305 4047 1426 4088 cum
1457 4032 1764 4090 ﬁrmissimo
1798 4034 1873 4088 sis
1911 4047 2067 4089 muro

487 4125 639 4181 civici
670 4127 868 4181 amoris
891 4126 1185 4196 obscptus?
1207 4129 1286 4178 An
1317 4125 1599 4181 metuenda
1629 4125 1722 4179 tibi
1743 4127 1764 4160 ⁸
1792 4128 1937 4182 curia
1958 4138 2062 4194 est,

487 4232 612 4273 cum
647 4218 856 4274 senatui
890 4231 995 4272 non
1025 4215 1199 4272 solum
1231 4226 1468 4272 veterem
1507 4215 1806 4272 reddideris
1840 4219 2067 4288 dignita-

565 4420 580 4450 ¹
606 4420 644 4472 Α
690 4413 1019 4470 nominativo
1060 4413 1288 4483 spirant,
1333 4429 1439 4484 quo
1478 4429 1607 4471 usus
1643 4425 1727 4470 est
1755 4416 1961 4470 Tullius
2009 4420 2062 4471 in

496 4491 684 4551 Arato,
709 4487 908 4550 spicum
934 4485 1134 4538 illustre
1159 4488 1343 4551 fueris.

565 4559 585 4588 '
611 4556 942 4611 Postliminio
974 4556 1222 4618 redeunt,
1267 4557 1568 4624 quicunque
1608 4554 1829 4621 eodem,
1872 4571 1966 4612 seu
1996 4559 2062 4613 ad

495 4627 637 4682 idem
666 4627 826 4680 limen
856 4633 1212 4686 revertuntur,
1240 4627 1382 4677 unde
1408 4627 1669 4679 exierant.

565 4698 584 4728 ³
610 4697 718 4749 Vos
748 4711 851 4749 uon
878 4695 1041 4749 semel
1067 4695 1252 4748 Tacito
1282 4705 1555 4759 usurpata,
1586 4709 1682 4762 pro
1706 4697 2060 4764 inﬂammasti.

563 4767 585 4796 δ
607 4767 791 4822 Melior
813 4765 1035 4820 fortasse
1063 4765 1248 4818 luisset
1268 4764 1530 4830 Julianus,
1556 4768 1599 4819 si
1627 4776 1829 4819 natura!
1854 4770 2064 4823 arcanis

500 4836 896 4906 perscrutandis
925 4836 1099 4888 minus
1129 4850 1188 4888 se
1216 4835 1468 4888 dedisset.

563 4909 585 4939 ⁸
607 4908 660 4960 id
689 4915 792 4968 est,
821 4921 920 4958 non
949 4905 1099 4957 modo
1127 4905 1418 4970 spoliatam.

565 4977 588 5009 ι
608 4943 1487 5033 ἓεὲἶὶἔιαέἶίἰεῖιῖἳιῖἕὸἁῖἑῗὶὶξιη.
1520 4991 1666 5028 num.
1694 4974 1760 5029 ιδ
1787 4993 1800 5028 ε
1832 4976 1905 5028 Tu
1934 4982 2063 5032 ami-

494 5047 666 5100 citiam
713 5062 815 5099 itan
850 5046 1017 5100 solum
1063 5046 1197 5096 intra
1242 5044 1413 5096 aulam
1453 5046 1669 5108 uocasti,
1713 5049 1804 5098 sed
1831 5048 2066 5102 indutam

495 5134 746 5186 purpura,
775 5131 902 5168 auro
923 5115 1228 5186 gemmisque
1245 5115 1531 5167 redimitam
1559 5115 1689 5167 solio
1712 5119 1960 5186 recepisti.

565 5188 582 5218 ⁷
615 5189 667 5242 ld
699 5195 801 5242 est.
845 5191 899 5240 in
951 5185 1134 5238 intima
1164 5193 1314 5242 parte
1345 5187 1597 5242 vectoris.
1629 5195 1686 5238 ut
1739 5188 1793 5238 lit
1846 5190 2062 5242 opposi-

569 5200 579 5218 '
615 5200 667 5242 Id
699 5200 801 5250 est,
845 5202 899 5240 tn
951 5200 1134 5238 tnttma
1164 5200 1314 5248 parte
1345 5200 1597 5250 pectoris,
1629 5200 1686 5238 ut
1739 5200 1793 5238 ιιι
1846 5204 2062 5256 opposi-

497 5258 572 5310 tio
599 5273 718 5312 cum
758 5257 822 5310 iis
852 5271 968 5322 qua:
999 5269 1119 5307 mox
1150 5262 1444 5318 sequuntur
1479 5272 1491 5308 :
1523 5255 1587 5308 At
1613 5270 1728 5309 vero
1755 5269 1923 5310 noster
1947 5258 2068 5322 affe-

493 5337 602 5381 ctus
622 5330 734 5380 imis
763 5326 940 5379 mentis
961 5323 1167 5394 sedibus
1183 5323 1444 5392 alligatus.
1473 5324 1830 5394 Expungenda
1857 5330 2064 5382 videtur

497 5397 731 5451 Acidalio
757 5411 853 5449 vox
879 5410 996 5463 que
1025 5393 1286 5459 sequitur,
1319 5409 1508 5461 nempe
1538 5393 1757 5449 animus.

564 5469 585 5500 '
614 5471 781 5522 Locus
812 5466 899 5519 ubi
925 5467 990 5519 de
1017 5464 1176 5518 rebus
1207 5465 1430 5522 publicis
1458 5465 1728 5522 agebatur.

564 5481 585 5500 '
614 5481 781 5522 Locus
812 5481 899 5519 unt
925 5481 990 5519 ue
1017 5481 1176 5518 rebus
1207 5481 1430 5530 puuucis
1458 5481 1728 5533 agebatur.

562 5541 582 5572 '
601 5539 839 5592 Julianus
859 5537 999 5589 enim
1025 5534 1245 5588 Romam
1271 5543 1483 5602 propter
1502 5535 1749 5589 diuturna
1772 5536 1907 5590 bella
1928 5535 2065 5590 fame

2169 3405 2354 3444 uerum
2394 3399 2718 3459 receptatur.
2753 3391 3020 3459 [tegendis
3061 3394 3345 3460 prcvinciis
3389 3412 3494 3449 non
3527 3398 3751 3453 familia.

2167 3483 2433 3535 rissimum
2461 3497 2755 3552 quemque.
2791 3482 2885 3537 sed
2918 3483 3405 3538 innocentissimum
3439 3488 3585 3554 legis.
3619 3492 3750 3544 0m-

2167 3589 2263 3628 nes
2286 3589 2312 3624 a
2339 3583 2390 3628 te
2414 3583 2675 3643 augentur
2696 3574 2934 3642 pecunia,
2969 3574 3352 3643 locupletantur
3389 3580 3586 3635 divitiis
3608 3623 3622 3647 ,
3655 3585 3752 3639 lto-

2165 3666 2387 3721 noribus
2421 3667 2790 3722 honestautur.

2240 3756 2427 3812 XXVI.
2461 3755 2686 3812 Prorsus
2713 3756 2971 3811 amicitias
2999 3759 3166 3813 tueris
3205 3759 3394 3828 privati
3433 3761 3556 3824 lide.
3583 3764 3751 3833 impe-

2173 3848 2368 3904 ratoris
2401 3848 2674 3916 opulentia
2693 3890 2708 3911 ,
2734 3863 2857 3918 qua:
2887 3857 3156 3918 perpetuae
3184 3860 3240 3906 et
3267 3854 3557 3908 constantis
3585 3856 3751 3911 bene-

2174 3940 2423 3997 volentia
2469 3941 2636 4009 prima
2666 3939 2854 3995 ﬁducia
2899 3953 3003 4008 est,
3034 3943 3328 3998 certissima
3378 3947 3665 4012 virtutum,
3697 3960 3751 4006 ct

2174 4034 2421 4105 princeps
2440 4033 2655 4086 veritas.
2685 4029 2731 4063 ⁸⁸
2751 4031 2887 4086 Num
2913 4046 3070 4101 quem
3099 4033 3149 4086 iu
3171 4034 3351 4087 animo
3378 4050 3495 4090 esse
3515 4041 3752 4107 suspica-

2175 4133 2288 4180 tum
2314 4123 2532 4179 audivi?
2559 4122 2726 4178 Nemo
2762 4122 3029 4178 simulatis
3069 4125 3338 4181 blanditiis
3360 4167 3376 4193 ,
3423 4144 3581 4184 nemo
3621 4131 3750 4185 falsa

2175 4215 2559 4288 pollicitatione
2582 4214 2837 4284 deceptus
2855 4223 2960 4270 est.
2983 4215 3112 4282 Quis
3136 4219 3306 4273 nescit
3325 4218 3548 4273 aliorum
3576 4222 3646 4275 im
3657 4235 3748 4288 μοι

2169 4417 2419 4474 alllictam
2445 4416 2796 4487 suppeditatis
2824 4418 3089 4487 alimentis
3119 4427 3463 4472 sustentarat.

2243 4488 2285 4521 ⁸⁸
2314 4488 2444 4544 Nota
2472 4486 2553 4542 εει
2580 4487 2771 4558 ’Πιθερί
2804 4497 2856 4541 ιι
2885 4486 3130 4558 Pirithoi,
3163 4487 3412 4542 Damonis
3440 4501 3493 4543 et
3525 4489 3748 4558 Pythia),

2167 4557 2228 4613 C.
2263 4558 2407 4640 Laelii
2453 4567 2507 4611 et
2551 4557 3091 4640 Africaniﬁcipionis
3137 4558 3387 4640 amicitia.
3433 4557 3587 4613 Plura
3633 4564 3747 4627 ejus

2166 4631 2379 4698 generis
2406 4629 2645 4694 exempla
2679 4629 2872 4695 passim
2908 4628 3024 4680 vide
3049 4629 3184 4693 apud
3213 4638 3475 4683 auctores.

2242 4700 2281 4730 “
2314 4697 2390 4753 De
2429 4698 2600 4751 tribus
2633 4700 2884 4752 comitum
2916 4699 3187 4752 ordinibus
3223 4714 3250 4752 tt
3291 4701 3636 4754 Constantino
3664 4703 3748 4756 in-

2172 4769 2430 4823 troductis
2463 4784 2476 4820 :
2508 4767 2632 4836 quid
2663 4769 2886 4836 singulis
2916 4785 3007 4832 pro
3043 4778 3244 4821 ratione
3273 4773 3352 4821 sui
3383 4771 3585 4823 ordinis
3623 4788 3751 4825 cuu-

2090 4833 2144 4893 D
2171 4839 2375 4891 veniret
2403 4856 2418 4890 :
2456 4833 2538 4891 de'
2554 4833 2815 4890 comitibus
2844 4840 3246 4907 provinciarum,
3271 4841 3332 4890 de
3361 4841 3539 4892 comite
3566 4843 3750 4895 divinat

2167 4908 2371 4974 domus,
2410 4909 2763 4978 largitionum,
2791 4920 2896 4964 etc.
2928 4908 3058 4962 Vide
3087 4908 3424 4962 Grutberiuut
3454 4912 3518 4962 de
3563 4912 3750 4978 Ofﬁciis

2170 4979 2352 5046 domus
2375 4980 2637 5046 Augusta.

2242 5049 2283 5078 ¹³
2316 5045 2600 5116 Gregorius
2630 5047 2783 5101 miles
2811 5047 3005 5101 dicitur
3031 5061 3166 5100 unus
3203 5062 3232 5101 e
3266 5062 3445 5116 grege,
3473 5060 3526 5102 et
3555 5052 3746 5103 tumul-

2173 5117 2339 5172 tuarie
2367 5119 2715 5183 undecunque
2746 5117 3019 5171 collectus.

2247 5187 2291 5218 ”
2321 5187 2393 5240 Ita
2427 5187 2807 5240 restituendum
2838 5187 2932 5239 luit
2959 5203 3019 5241 ex
3055 5185 3361 5248 Cusiziniani
3395 5187 3596 5252 codice,
3624 5204 3745 5241 cum

2178 5259 2229 5310 in
2261 5258 2528 5324 plerisque
2559 5259 2706 5309 libris
2748 5259 2950 5322 legatur
2988 5259 3240 5323 imperitia
3281 5260 3455 5312 rudes.
3489 5259 3746 5313 Suuiliter

2173 5343 2266 5396 pro
2290 5332 2529 5393 primum,
2561 5328 2716 5395 aliqu:
2748 5328 2924 5395 legunt
2953 5329 3191 5396 plerique.

2245 5398 2283 5470 ‘7‘
2315 5396 2571 5470 Fortasse
2590 5413 2710 5470 unm
2736 5398 2848 5470 quis
2879 5400 3094 5467 maligne
3118 5399 3179 5452 de
3223 5415 3275 5452 se
3303 5401 3610 5470 suspicatum
3647 5416 3744 5451 au-

2169 5468 2336 5520 divit?
2365 5467 2434 5520 Ita
2467 5467 2702 5521 Liviueio
2725 5467 2946 5520 videtur.

1827 5668 2028 5724 INTER
2039 5626 2397 5726 PRE'I'ATIO.

565 5818 586 5846 ι
621 5809 744 5875 Eius
765 5820 942 5862 σιειιιςιι,
968 5816 1123 5868 quem
1145 5802 1358 5875 multum
1385 5802 1570 5870 diligis,
1597 5800 1868 5868 plurimum
1892 5801 2053 5852 times.

562 5879 588 5917 δ
623 5873 780 5930 Tanto
801 5877 1055 5926 ntolesttur
1076 5875 1211 5924 ιιι-(ιδ
1243 5873 1330 5941 fug
1365 5889 1398 5923 r.
1418 5883 1496 5923 tut
1525 5886 1693 5924 eorum
1725 5887 1834 5936 qua'
1857 5887 2062 5939 ugcrcuo

734 5970 996 6028 l'nnOL.
1045 5962 1268 6025 XVIII.

2165 5812 2245 5853 tur
2271 5813 2369 5868 tur;
2387 5803 2494 5855 iter.

3367 5953 3436 6010 ila
