4300 6430
647 348 747 400 4⁸⁵27

1333 341 1796 400 MAMER‘I‘INUS.
1827 373 1895 383 -—-
1925 343 2328 400 GIIATIARUM
2372 345 2573 402 ACTlO
2613 346 2746 402 PRO
2786 344 3210 404 OONSULATU.

3795 350 3907 405 628

646 469 877 516 ratorum
905 457 1126 513 hilarem
1153 453 1455 519 diritatem,
1487 457 1502 486 τ
1531 455 2046 524 cachinnantemque
2069 458 2223 510 srevi-
2249 462 2295 518 Α
2329 466 2546 512 venture
2569 473 2666 513 nos
2696 459 2947 530 principi.
2987 459 3124 514 forte
3151 471 3260 514 tum
3291 457 3440 514 danti
3459 473 3681 529 operam
3702 464 3726 496 '
3755 466 3905 516 salu-

649 556 808 615 tlam;
847 564 876 602 a
919 548 1112 617 quibus
1154 545 1382 615 ingenita
1415 547 1706 600 crudelitas
1742 547 1992 615 llgmento
2034 547 2229 600 lzctitian

648 644 963 713 legebatur?
986 641 1110 696 Mira
1135 650 1218 695 est
1247 641 1298 694 in
1325 639 1562 710 principe
1591 648 1776 694 nostro
1798 643 1992 694 mentis
2016 639 2231 709 lingua:-

645 753 748 803 que
789 736 1094 792 concordia.
1137 733 1251 788 Non
1295 735 1453 787 modo
1500 732 1716 787 humilis
1759 741 1813 787 et
1857 737 2003 798 parvi
2042 731 2226 798 animi,

645 830 739 886 sed
769 832 790 863 ⁸
823 829 1018 884 servile
1045 829 1228 882 vitium
1275 825 1375 881 scit
1415 840 1535 880 esse
1574 825 1932 879 mendacium.
1967 823 2030 876 Et
2057 838 2186 878 vere
2208 866 2222 888 ,

645 936 765 975 cum
794 919 1080 975 mendaces
1113 919 1354 973 homines
1386 924 1480 971 aut
1505 917 1700 987 inopia,
1733 927 1825 970 aut
1851 916 2008 970 timor
2038 916 2227 980 faciat,

648 1011 1065 1083 magnitudinem
1109 1011 1336 1065 fortuna:
1375 1023 1484 1062 suze
1526 1008 1814 1075 imperator
1852 1008 1940 1077 qui
1977 1009 2228 1062 mentitur

647 1106 875 1174 ignorat.
905 1101 1068 1168 Quis,
1099 1114 1194 1153 oro
1223 1112 1318 1151 vos
1337 1138 1352 1158 ,
1385 1098 1535 1166 plura
1565 1098 1788 1165 pvlcbuit
1819 1097 1938 1151 fidei
1978 1105 2218 1150 constan-

645 1196 843 1263 tiaeque
879 1191 1232 1248 documenta?
1259 1191 1461 1244 Omnes
1490 1203 1624 1258 quos
1655 1187 1891 1257 privatus
1921 1189 1973 1242 in
2004 1188 2226 1242 familia-

644 1288 856 1342 ritatem
881 1284 1101 1352 recepit,
1116 1281 1308 1337 eodem
1331 1279 1491 1334 habet
1514 1280 1804 1348 imperator
1824 1281 2033 1334 all'ectu.
2061 1279 2227 1333 Nemo

645 1378 815 1445 gradu
855 1373 1070 1445 pulsus,
1115 1386 1276 1428 nemo
1315 1370 1463 1426 aditu
1507 1370 1838 1440 prohibitus,
1872 1372 2002 1425 nulli
2046 1371 2224 1440 palatii

633 1465 786 1525 fores
819 1467 1015 1522 clausae
1039 1474 1184 1521 sunt.
1207 1465 1229 1498 ⁸
1252 1466 1449 1520 Omnes
1476 1465 1644 1520 bonos
1676 1465 1850 1519 habet.
1882 1467 1935 1518 ln
1967 1467 2226 1534 recipien-

638 1560 730 1621 dis
770 1560 956 1615 amicis
993 1558 1226 1627 optimus
1253 1559 1412 1626 judex
1441 1567 1542 1613 est.
1572 1557 1627 1612 Si
1654 1558 1816 1627 aliqui
1847 1568 1969 1612 sunt
2000 1559 2224 1626 improbi

647 1649 948 1717 tolerandi,
982 1649 1318 1704 familiarium
1345 1648 1486 1703 vitiis
1516 1649 1856 1703 immutabilis
1884 1659 1966 1703 est
1999 1651 2220 1703 amicus.

715 1741 925 1799 XXVII.
959 1743 1026 1798 At
1053 1748 1263 1796 mutant
1284 1740 1534 1796 secundae
1563 1756 1650 1797 res
1677 1742 1930 1796 animos?
1966 1741 2218 1796 Nostrum

2334 550 2615 618 talaribus,
2645 552 2938 606 nuntiatur.
2973 552 3166 606 Statim
3197 567 3229 607 e
3251 552 3387 606 solio
3412 552 3457 585 ⁸⁸
3485 561 3736 624 tanquam
3767 569 3906 623 pra:-

2331 655 2520 710 ceptus
2546 641 2785 706 exsiluit,
2811 643 2963 697 vultu
2991 642 3204 712 trepido
3231 653 3392 712 atque
3410 654 3707 715 satagente,
3727 646 3906 715 qualis

2331 745 2486 786 mens
2513 746 2630 785 mea
2662 747 2782 787 esse
2810 737 3094 802 potui~set,
3125 737 3169 789 si
3208 735 3432 804 principi
3459 750 3615 790 serus
3655 750 3906 792 oecurre-

2330 836 2470 877 rem.
2509 821 2674 892 Egve
2709 827 2930 880 remotis
2973 827 3150 894 populi
3192 827 3281 895 qui
3321 841 3420 882 nos
3452 826 3906 897 praepediebatur

2331 910 2652 982 agminibus,
2686 923 2742 968 ut
2770 930 2928 983 quam
2957 916 3263 983 longissime
3289 916 3443 970 nobis
3471 915 3683 970 obviam
3715 931 3905 986 proce-

2329 1002 2484 1058 deret
2508 1003 2790 1059 laboravit.
2819 1007 2948 1070 Illic,
2976 1007 3106 1075 proh
3140 1017 3327 1062 sancta
3355 1007 3642 1062 divinitas!
3663 1007 3901 1076 gauden-

2331 1096 2473 1151 tibus
2490 1097 2715 1157 cunctis.
2735 1112 2844 1164 quo
2861 1099 2994 1154 ore?
3017 1114 3123 1167 qua
3151 1099 3316 1155 voce?
3346 1099 3536 1169 inquit.
3557 1099 3694 1166 Ave,
3710 1101 3752 1132 "
3774 1115 3904 1155 eon-

2328 1185 2413 1240 sul
2452 1186 2801 1255 amplissime.
2845 1185 3104 1257 Dignatus
3143 1191 3330 1244 osculo
3367 1188 3484 1244 oris
3523 1190 3667 1246 illius
3705 1189 3901 1246 divinis

2327 1273 2578 1331 affatibus
2599 1279 2899 1332 consecrati
2921 1278 3194 1335 dexteram
3223 1279 3392 1347 dedit,
3429 1280 3573 1334 illam
3598 1281 3902 1346 dexteram,

2330 1369 2632 1425 immortale
2683 1372 2870 1440 pignus
2916 1371 3166 1437 virtutis,
3220 1383 3274 1428 et
3301 1372 3444 1429 fidei.
3498 1375 3678 1431 Poeta
3723 1373 3901 1430 ferunt

2327 1461 2642 1518 altissimum
2692 1464 2872 1530 illum,
2919 1473 2976 1520 et
3021 1476 3214 1520 cuncta
3257 1473 3521 1536 potestate
3560 1466 3899 1523 cohibentem

2328 1552 2518 1620 deum,
2563 1554 2653 1623 qui
2692 1555 2896 1611 ditione
2949 1567 3201 1628 perpetua
3243 1558 3421 1612 divina
3458 1568 3621 1630 atque
3668 1560 3899 1614 humana

2329 1643 2655 1712 moderatur,
2666 1659 2791 1701 cum
2811 1646 3070 1714 despiciat
3090 1648 3144 1703 in
3173 1659 3345 1703 terras
3366 1649 3410 1680 η
3429 1649 3614 1708 habitu
3627 1651 3739 1705 oris
3763 1659 3900 1706 tem-

2331 1746 2591 1806 pestatum
2617 1738 2822 1794 incerta
2847 1748 3082 1807 mutare,
3126 1740 3244 1809 ejus
3270 1749 3400 1796 nutu
3431 1741 3688 1798 mundum
3715 1743 3900 1798 tremi-

646 1834 948 1904 pvincipem
977 1834 1022 1888 si
1044 1832 1277 1888 nondum
1305 1833 1646 1896 mutaverint,
1667 1834 1879 1902 quando
1908 1834 2224 1890 mutabunt?
2261 1838 2303 1897 Β
2327 1843 2500 1894 scere,
2543 1828 2684 1883 illius
2711 1830 2975 1887 hilaritate
3014 1830 3255 1887 turbines
3293 1831 3457 1903 abigi,
3507 1832 3677 1889 nubes
3703 1832 3895 1904 fugari,

643 1926 810 1995 Cujus
839 1939 1070 1993 unquam
1092 1923 1322 1979 divinior
1349 1923 1574 1979 felicitas
1601 1924 1740 1979 fult?
1775 1925 1937 1979 Paulo
1967 1935 2093 1981 ante
2111 1927 2133 1958 δ
2161 1928 2213 1982 in

645 2015 898 2072 laceratis
923 2014 1113 2071 Gallia:
1149 2014 1442 2085 provinciis
1489 2015 1670 2083 lapsus
1706 2017 1726 2046 '
1767 2016 2100 2071 inimicorum
2129 2033 2218 2071 ca-

644 2107 890 2176 pitalium
911 2107 1110 2176 apertis
1129 2107 1318 2175 armis,
1343 2117 1400 2161 et
1429 2107 1653 2162 occultis
1679 2107 1888 2163 insidiis
1910 2109 2214 2176 petebatur;

644 2202 700 2254 in
733 2201 969 2269 pauculis
996 2199 1269 2255 mensibus
1284 2199 1464 2254 divino
1487 2215 1709 2257 munere
1732 2200 1934 2272 Libya),
1967 2204 2212 2273 Europis,

645 2293 892 2360 Asithue
933 2301 1184 2361 regnator
1230 2300 1331 2346 est.
1375 2291 1507 2359 Quae
1553 2294 1755 2361 majora
1784 2295 2217 2364 exspectabimus

642 2381 730 2436 dei
760 2381 1009 2450 praemia,
1051 2395 1241 2448 quave
1272 2382 1520 2436 uberiora
1549 2381 1688 2436 dona
1722 2382 1984 2438 fortunat?
2030 2382 2218 2439 Videte

643 2488 771 2526 num
812 2471 1066 2526 secundis
1109 2470 1272 2525 rebus
1305 2471 1477 2525 elatus
1515 2472 1713 2541 aliquid
1755 2474 1824 2528 de
1865 2474 2058 2541 prioris
2095 2475 2216 2530 vita!

645 2563 1056 2618 mansuetudine
1101 2569 1157 2615 et
1209 2559 1576 2616 moderatione
1622 2566 1928 2618 mutaverit.
1999 2563 2216 2619 Mutavit

645 2655 819 2722 plane,
853 2653 1096 2708 mutavit.
1127 2651 1259 2708 Nam
1284 2653 1497 2708 civilior
1517 2652 1690 2708 factus
1720 2668 2100 2723 prosperorum
2134 2655 2215 2710 in-

643 2744 802 2814 fregit
849 2743 1123 2797 invidiam.
1179 2743 1276 2796 Cui
1321 2757 1428 2797 non
1460 2744 1543 2798 vel
1586 2743 1715 2797 illud
1761 2751 1974 2816 tempus
2018 2747 2216 2801 sedata:

643 2837 869 2903 pmbuit
899 2837 1094 2889 mentis
1123 2833 1408 2901 indicium,
1463 2849 1570 2904 quo
1621 2834 1873 2890 horrendi
1909 2835 2032 2892 belli
2071 2848 2216 2892 metu

645 2928 916 2994 republica
949 2927 1190 2988 liberata,
1217 2925 1344 2982 elati
1375 2940 1560 2980 sumus
1587 2927 1764 2981 cuncti
1794 2928 2054 2996 gestiente
2085 2929 2216 2982 lati-

643 3018 749 3072 tia?
776 3017 880 3073 Sed
923 3017 1234 3082 imperator.
1261 3030 1565 3086 quanquam
1606 3017 1812 3072 ctelesti
1853 3031 1954 3086 ope
1988 3021 2212 3073 salutem

642 3109 952 3179 reipublicte
974 3115 1316 3179 propagatum
1337 3109 1565 3175 videret,
1586 3118 1641 3164 et
1659 3110 2020 3167 conditionem
2045 3113 2214 3166 doluit

2324 1919 2545 1974 nitentia
2567 1934 2663 1990 per
2681 1921 2869 1978 orbem
2898 1937 3090 1978 serena
3119 1923 3348 1979 refundi.

2394 2011 2584 2068 XXIX.
2626 2013 2738 2070 Hoc
2764 2015 2832 2069 ita
2859 2030 3001 2079 esse,
3030 2017 3188 2085 paulo
3213 2028 3339 2071 ante
3363 2017 3532 2073 oculis
3560 2018 3707 2074 licuit
3731 2033 3899 2088 cxpe-

2320 2104 2437 2179 riri.
2467 2114 2492 2142 ι
2523 2103 2578 2158 In
2604 2113 2856 2174 quantam
2890 2106 3098 2161 laxatus
3121 2115 3208 2161 est
3244 2109 3473 2178 populus
3507 2117 3562 2164 te
3588 2111 3898 2166 consulibus

2321 2197 2423 2251 tuis
2451 2198 2722 2254 arridente
2748 2199 2984 2254 laetitiam
3008 2201 3034 2255 ἲ
3074 2199 3312 2256 Vidimus
3339 2201 3598 2256 attonitos
3623 2201 3894 2258 admiran-

2320 2289 2453 2344 tium
2484 2293 2688 2355 vultus,
2729 2291 3084 2347 multiformes
3127 2292 3421 2346 laetantium
3458 2302 3666 2359 status,
3714 2295 3894 2351 varios

2315 2396 2604 2451 corporum
2636 2393 2834 2441 motus.
2885 2382 3164 2439 Clamores
3212 2385 3514 2440 inconditos
3542 2387 3895 2455 profundebat

2319 2473 2569 2530 laudandi
2595 2474 2760 2529 effusa
2794 2476 3030 2531 libertas.
3066 2475 3413 2543 Tripudiabat
3439 2477 3646 2532 crebris
3671 2478 3892 2534 saltibus

2319 2565 2623 2620 multitudo.
2673 2565 2861 2620 Nimite
2896 2567 3095 2621 laetitia:
3124 2567 3335 2622 decoris
3359 2576 3484 2623 sunt
3515 2580 3568 2624 et
3611 2568 3893 2638 gravitatis

2319 2655 2681 2710 immemores.
2732 2655 2824 2711 Ilia
2865 2656 3091 2725 jactatio
3135 2667 3412 2727 togarum,
3467 2659 3552 2713 illa
3601 2660 3895 2715 exsultatio

2317 2757 2604 2811 corporum
2633 2744 2999 2801 nescientibus
3023 2760 3161 2815 pene
3189 2744 3496 2804 hominibus
3535 2747 3888 2806 excitabatur.

2315 2832 2543 2892 Omnem
2570 2834 2890 2891 modestiam
2920 2836 3124 2906 populi,
3159 2852 3374 2892 omnem
3409 2837 3783 2894 verecundiam
3810 2841 3888 2894 tui

2316 2925 2510 2996 gaudia
2551 2925 2755 2981 effrena
2791 2937 3196 2997 superaverant.
3263 2929 3397 2995 Ave,
3441 2929 3628 2984 consul
3671 2929 3890 2999 amplis-

2316 3017 2473 3072 sime.
2519 3020 2666 3071 Aveo
2709 3019 2895 3086 plane,
2942 3019 3277 3088 imperator,
3321 3029 3376 3074 et
3402 3019 3598 3076 avebo.
3630 3019 3660 3060 δ
3709 3021 3890 3091 Nonne

2315 3105 2460 3162 enim
2501 3118 2725 3162 eventus
2762 3122 2886 3162 esse
2931 3117 3106 3176 potest
3144 3109 3314 3178 optati
3367 3109 3522 3177 hujus
3566 3110 3886 3181 ambiguus;

643 3201 951 3263 humanam,
1001 3208 1076 3263 et,
1121 3198 1447 3253 offensarum
1486 3199 1712 3269 gratiam
1765 3199 1987 3268 faciens,
2043 3203 2210 3257 induit
2237 3206 2281 3269 (ζ
2313 3211 2434 3253 cum
2467 3201 2512 3253 is
2533 3213 2695 3254 avere
2713 3199 2919 3266 jubeat,
2950 3200 3040 3267 qui
3066 3200 3175 3268 jam
3206 3200 3329 3255 fecit
3352 3209 3664 3254 utavereni.
3686 3198 3887 3256 Consul

641 3290 879 3354 fratrem,
903 3299 954 3343 et
980 3289 1133 3357 cujus
1158 3290 1321 3344 armis
1341 3288 1363 3321 ⁶
1389 3289 1552 3344 vitam
1580 3290 1938 3360 impugnatam
1968 3293 2206 3359 sciebat;

639 3390 867 3436 mortem
895 3382 1012 3447 ejus
1038 3381 1271 3444 ornavit,
1313 3394 1376 3435 ac
1399 3389 1580 3450 postea
1623 3383 1736 3451 ipse
1764 3382 1900 3451 jnsta
1933 3384 2205 3452 persolvit.

640 3473 704 3526 Et
726 3471 1004 3537 memoria,
1030 3483 1083 3525 et
1106 3470 1379 3527 oblivione
1405 3472 1683 3538 mirabilis,
1707 3474 1726 3503 '
1755 3474 1952 3528 oblitus
1987 3474 2206 3540 inimici,

639 3563 879 3619 meminit
909 3563 1159 3617 hteredis.

709 3655 945 3708 XXHII.
995 3653 1100 3709 Sed
1142 3655 1271 3723 quid
1313 3669 1414 3724 ego
1458 3653 1670 3723 longius
1712 3653 1906 3710 indicia
1956 3657 2099 3712 mitis
2149 3665 2205 3711 et

637 3755 929 3799 mansueta:
958 3745 1152 3800 mentis
1177 3745 1432 3800 accerso?
1455 3745 1551 3800 llic
1573 3747 1706 3814 ipse,
1738 3746 1823 3800 hic
1854 3747 2068 3815 inquam
2092 3748 2204 3815 ipse

635 3838 752 3892 dies
798 3836 1026 3906 prtebuit
1061 3837 1233 3890 civilis
1281 3837 1440 3891 animi
1494 3837 1626 3891 satis
1669 3838 1815 3892 clara
1862 3837 2200 3892 documenta.

638 3927 752 3996 Ego
781 3935 835 3981 et
863 3929 884 3958 ⁸
911 3927 1112 3994 collega
1162 3941 1335 3984 meus,
1363 3942 1431 3980 ne
1467 3926 1592 3995 quid
1625 3927 1886 3980 maximus
1913 3928 2198 3995 imperator

638 4018 955 4086 propensius
1002 4015 1345 4070 humanitatis
1388 4016 1567 4069 studio
1614 4016 1811 4072 faceret
1864 4022 2198 4071 verebamur.

636 4110 817 4177 Itaque
858 4108 1118 4162 matutino
1155 4108 1472 4176 crepusculo
1513 4108 1763 4177 palatium
1808 4108 2058 4177 petimus.
2106 4110 2207 4164 Ad-

2310 3290 2660 3359 amplissime.
2708 3291 2840 3345 Sum
2883 3291 3037 3359 plane
3088 3301 3142 3345 et
3179 3291 3388 3354 consul,
3431 3303 3484 3346 et
3524 3291 3888 3360 amplissimus

2309 3382 2515 3436 consul.
2532 3380 2663 3448 Quis
2681 3382 2822 3435 enim
2841 3396 2925 3436 me
2945 3381 3040 3435 fuit
3054 3383 3279 3451 amplior
3292 3382 3499 3446 consul,
3520 3396 3676 3447 quem
3692 3382 3737 3416 “
3751 3384 3883 3439 sub-

2309 3471 2460 3526 limat
2497 3480 2553 3527 et
2597 3471 2826 3526 illustrat
2869 3471 3197 3536 consulatus,
3227 3485 3388 3540 quem
3435 3471 3667 3527 tribuisti
3701 3487 3716 3525 :
3768 3485 3886 3526 amo

2314 3562 2535 3632 plitudo,
2564 3576 2722 3633 quam
2753 3561 2962 3616 tribuis.
2995 3561 3122 3616 Post
3147 3561 3333 3631 prima
3357 3561 3692 3617 salutationis
3713 3560 3883 3616 fausta

2309 3653 2596 3723 colloquia,
2623 3652 2747 3722 quid
2778 3667 2872 3721 pro
2897 3653 3019 3720 jure
3038 3651 3300 3708 consulari
3320 3666 3479 3721 agere
3505 3652 3658 3705 nobis
3680 3653 3886 3722 placeat

2309 3745 2634 3808 sciscitatur,
2678 3746 3006 3798 senatorium
3040 3742 3356 3810 impleturus
3382 3742 3614 3797 officium
3643 3745 3687 3796 si
3720 3743 3884 3798 libeat

2314 3836 2357 3868 “
2387 3836 2616 3892 tribunal
2649 3844 2860 3905 petere,
2888 3835 2934 3888 si
2960 3835 3270 3889 concionem
3297 3833 3582 3899 advocare,
3637 3833 3680 3888 si
3710 3842 3882 3888 rostra

2308 3928 2691 3984 conscendere.
2723 3927 2829 3982 Sed
2859 3940 2957 3981 nos
2982 3928 3052 3980 ad
3076 3928 3275 3980 curiam
3301 3925 3558 3980 solemnia
3590 3924 3746 3994 hujus
3771 3925 3880 3980 diei

2307 4018 2766 4074 senatusconsulta
2791 4018 3076 4074 ducebant.
3108 4017 3289 4086 Itaque
3319 4030 3380 4071 se
3419 4017 3668 4071 comitem
3698 4018 3881 4070 statim

2316 4111 2556 4182 praebet,
2602 4121 2657 4167 et
2704 4119 2986 4174 utrumque
3025 4109 3163 4164 latus
3199 4107 3506 4164 coiisulatus
3555 4107 3885 4176 pra-testans

707 4243 723 4269 ¹
755 4240 810 4312 Id
839 4248 940 4303 cst,
967 4254 1124 4308 quam
1154 4237 1414 4291 cachinno
1441 4253 1536 4312 seu
1558 4237 1728 4292 effuso
1755 4239 1861 4293 risu
1891 4241 2199 4295 dissimula-
2233 4244 2279 4302 D
2307 4259 2379 4309 tv,
2410 4258 2498 4312 ep.
2525 4244 2558 4297 8
2584 4261 2597 4297 :

635 4312 743 4363 hat.
785 4310 1138 4363 Domitianum
1187 4316 1367 4379 notat,
1393 4308 1519 4375 qui,
1546 4313 1968 4379 quotiescunque
2013 4313 2202 4366 sci-ire

633 4384 688 4434 in
713 4380 1008 4449 quempiam
1040 4378 1358 4449 destinabat,
1385 4379 1683 4446 composito
1718 4379 1783 4432 ad
1821 4378 1960 4435 treus
1981 4388 2038 4436 et
2053 4381 2205 4449 jocos

636 4451 798 4511 vultu,
833 4448 1158 4502 iracundiam
1186 4448 1414 4514 tegebat.

703 4520 724 4548 ²
754 4518 1034 4583 Sumptnm
1064 4518 1192 4569 illud
1219 4531 1285 4570 ex
1317 4517 1600 4570 Plutarcho
1623 4517 1691 4572 de
1720 4517 2053 4575 Institutione
2079 4535 2204 4586 pue-

637 4601 840 4661 rerum,
871 4587 1213 4661 δουλθπρεπὲς
1240 4593 1296 4661 vr".
1326 4586 1620 4661 tramam.

707 4657 727 4686 ³
758 4665 838 4728 An
861 4667 993 4707 amat
1015 4672 1033 4710 :
1060 4657 1157 4709 nisi
1187 4657 1331 4706 habet
1357 4657 1406 4707 iil
1432 4659 1706 4724 signiﬁcat,
1731 4660 1872 4726 quod
1895 4661 2030 4728 apud
2058 4658 2203 4714 Crte-

635 4740 731 4780 cos
759 4726 898 4794 ἔχει,
932 4742 1025 4791 pro
1055 4735 1216 4785 tenet,
1247 4728 1454 4778 retinet.

708 4797 730 4826 "
768 4797 1035 4850 Acidalius
1093 4798 1238 4862 legit,
1312 4797 1363 4848 iri
1413 4797 1662 4850 litterulas
1732 4795 1919 4851 Callia!
1994 4801 2198 4868 provin-

635 4883 762 4917 cras.

707 4936 729 4965 ‘
769 4934 965 5005 Nempe
995 4935 1310 5005 constantii,
1339 4934 1558 5003 ejusque
1580 4935 1843 4992 factionis.

707 5006 728 5077 ἢ
767 5004 1152 5077 Ilittei'sliusins
1184 5007 1326 5074 legit,
1359 5010 1509 5077 vitam
1531 5025 1676 5059 suam
1706 5009 2077 5077 impugnatum.

705 5075 725 5105 τ
763 5075 1050 5128 Ulilitnssc
1078 5075 1346 5130 inimicum
1376 5075 1559 5143 ftiiSse,
1581 5075 1822 5132 iiietninil
1843 5075 1902 5134 se
1930 5079 2196 5133 hmrt‘dcni

635 5149 751 5214 «jus
778 5160 895 5198 esse
928 5145 1150 5210 imperii.

703 5219 726 5248 ⁸
764 5215 964 5274 Net-ita,
997 5215 1062 5268 de
1091 5231 1194 5282 quo
1227 5230 1330 5267 non
1355 5229 1462 5269 uno
1485 5215 1534 5268 in
1569 5217 1687 5271 loco
1720 5219 2050 5271 Ammianus.

704 5289 724 5318 ε’
763 5285 890 5337 Nam
920 5287 1082 5337 moris
1111 5295 1225 5338 erat
1246 5285 1379 5354 apud
1414 5286 1698 5352 Romanos,
1729 5299 1785 5340 ut
1809 5289 1900 5340 viri
1932 5290 2196 5357 principes

633 5374 725 5408 ξηιλ
757 5357 845 5424 qui
869 5371 1022 5422 supra
1051 5364 1274 5408 cmlcros
1323 5357 1550 5426 polentia
1590 5358 1914 5423 eminerent,
1949 5360 2111 5426 prima
2143 5371 2197 5412 et

634 5431 870 5480 διςευιιαλ
899 5428 1026 5478 liora
1057 5427 1311 5477 matutina
1359 5425 1735 5480 salutzircntur.
1778 5425 2062 5493 Marltalls,
2100 5431 2191 5482 lib.

2461 4335 2620 4385 Prima
2638 4334 2902 4385 salutantes
2923 4342 3072 4398 atque
3094 4335 3249 4385 altera
3269 4336 3482 4386 conterit
3502 4334 3638 4384 hora.

2385 4419 2426 4449 ‘°
2468 4419 2521 4472 ιιι
2549 4427 2665 4484 est,
2698 4430 3032 4488 pra-ventus,
3055 4427 3112 4473 ut
3141 4417 3323 4486 Virgil.
3365 4417 3579 4472 Encid.
3621 4433 3691 4478 vi.
3734 4415 3879 4474 105:

2463 4509 2633 4558 Omnia
2657 4508 2881 4571 praecepi,
2900 4517 3046 4571 atque
3070 4512 3227 4558 animo
3246 4519 3435 4558 mecum
3456 4512 3570 4557 ante
3592 4508 3784 4570 peregi.

2383 4589 2422 4620 ’ί
2461 4589 2644 4644 Utrum
2677 4590 2778 4644 hoc
2803 4591 3017 4646 honoris
3049 4592 3201 4646 titulo
3226 4589 3709 4644 cohonestabanlnr
3748 4605 3878 4645 con-

2308 4659 2455 4714 sules
2475 4699 2492 4723 ,
2521 4672 2582 4730 ut
2603 4661 2667 4713 ad
2695 4663 2862 4730 epigr.
2890 4663 2944 4726 9,
3002 4662 3095 4715 lib.
3135 4678 3149 4714 ι
3196 4661 3515 4730 Apollinaris
3538 4659 3743 4730 Sidonii
3772 4667 3873 4712 oli-

2307 4738 2486 4782 servat
2507 4729 2662 4783 Joan.
2691 4727 2926 4785 S'av'aro?
2954 4745 3019 4784 an
3045 4731 3183 4799 quod
3208 4727 3553 4785 Mamertinus
3577 4729 3644 4784 ad
3675 4745 3871 4785 con-u-

2309 4799 2469 4852 latum
2502 4801 2694 4853 virtute
2719 4816 2812 4854 sua
2838 4801 3206 4869 pervenisset?
3234 4799 3463 4866 laciniis,
3487 4799 3874 4868 inquit'l‘ullius

2309 4884 2406 4937 pro
2427 4869 2619 4924 Roscio
2653 4871 2924 4934 Amerino,
2953 4887 3097 4924 num.
3128 4871 3236 4926 85:
3279 4870 3411 4922 Milli
3434 4871 3632 4923 videtur
3665 4872 3876 4938 amplis-

2305 4941 2482 5004 simus,
2510 4944 2597 5008 qui
2623 4958 2716 4994 sua
2743 4942 2925 4994 virtute
2949 4942 3003 4994 in
3029 4939 3262 4994 altiorem
3291 4940 3460 4993 locum
3488 4943 3735 5007 peruenit.

2379 5010 2419 5040 "
2458 5012 2539 5063 An
2563 5012 2763 5063 halitu?
2783 5012 3090 5079 Quanquam
3114 5024 3168 5066 et
3185 5010 3384 5064 habitus
3404 5012 3508 5064 oris
3526 5010 3668 5080 apud
3695 5009 3862 5066 Luca-

2306 5094 2430 5134 num
2460 5081 2671 5135 dicitur.

2381 5149 2424 5180 ²’
2468 5153 2699 5204 hxtollit.
2727 5150 2838 5203 Vox
2869 5150 3025 5205 Ennii
3053 5159 3107 5204 et
3132 5148 3306 5204 Nonii.

2379 5222 2420 5252 “
2459 5220 2592 5273 Nota
2647 5222 2792 5273 varia
2833 5223 3112 5274 consulum
3159 5220 3360 5282 officia,
3391 5219 3620 5273 tribunal
3665 5229 3871 5286 petere,

2300 5293 2610 5345 concionem
2641 5292 2937 5350 advocare.
2983 5301 3158 5344 rostra
3186 5291 3582 5348 conscendere.
3635 5293 3685 5342 iu
3719 5306 3871 5344 curia

2301 5365 2760 5414 senatusconsulta
2811 5365 3067 5428 proferre.
3136 5361 3247 5414 lloc
3291 5361 3489 5430 passim
3543 5362 3718 5414 vidi-re
3786 5371 3873 5413 est

2301 5432 2440 5500 apud
2475 5431 2706 5484 historiae
2733 5434 2985 5484 llomanae
3011 5434 3320 5501 scriptores.

1955 5560 2519 5618 INTERI‘RETATIO.

707 5683 730 5706 ’ί
764 5670 822 5722 In
854 5682 1092 5743 quantum
1113 5671 1354 5741 {ttriidiiim
1381 5673 1570 5737 e/Yusus
1598 5684 1666 5728 est
1691 5677 1924 5743 papulas,
1948 5676 2066 5726 dum
2094 5677 2190 5728 tuis

634 5745 917 5794 amsuli‘bus
941 5740 1323 5794 udbluiilircris.

2368 5677 2398 5757 δ’
2438 5675 2614 5753 Neque
2663 5679 2791 5730 enim
2841 5689 2998 5745 potest
3043 5677 3228 5732 dubius
3269 5694 3378 5732 esse
3411 5696 3670 5732 succestus
3715 5679 3876 5750 hujus

2302 5760 2396 5798 υοιι
2426 5759 2520 5800 ιυι.
