4300 6458
392 343 495 393 £57
1582 340 1912 396 EPISTOLA
1957 337 2432 396 DEDICATORIA.
3529 330 3634 385 ικει

458 444 756 501 Secundam
797 458 1002 517 partem
1031 448 1193 504 ellicit
1217 448 1575 505 Grammatice
1598 451 1802 513 critica,
1836 467 1953 520 qua:
2001 466 2124 506 cum
2168 454 2308 505 circa
2358 449 2635 519 generales
2673 448 2882 504 Gotltici
2932 444 3191 501 sermonis
3220 440 3477 502 theorias.
3523 451 3635 494 tum

394 536 529 587 circa
558 535 896 592 diﬂicultates
923 546 1097 592 textus
1131 537 1340 592 Ullilani
1369 540 1724 594 eruditissime
1752 551 2011 594 versatur.
3492 538 3495 539 ⁷

464 621 640 676 Tertia
670 639 794 692 pars
815 626 923 679 duo
946 625 1115 681 lexica
1136 628 1375 682 continet
1401 647 1414 679 :
1441 645 1602 683 unum
1629 628 1833 684 scilicet
1856 630 2381 695 Gothico—Latinum,
2402 647 2511 700 quo
2537 629 2745 701 singula
2774 628 3013 684 Ullilana:
3051 626 3241 695 lingua“:
3273 625 3527 680 vocabula
3549 638 3646 678 ex-

396 724 666 785 ponuntur
704 726 797 771 aut
826 719 989 772 etiam
1015 718 1407 786 discutiuntur;
1452 721 1680 789 alterum
1717 720 2241 790 Gneoo-Gothicum,
2282 741 2348 779 ex
2396 742 2501 796 quo
2528 734 2726 795 quanta
2757 738 3173 795 synonymorunt
3201 721 3354 791 copia
3390 718 3650 773 Gothicus

397 817 578 856 sermo
606 804 826 871 polleat,
854 808 1155 876 comperire
1185 808 1242 861 fit
1269 809 1505 865 obvium.

475 897 542 949 At
568 912 696 950 vero
723 896 1134 954 Grammaticem
1174 899 1470 970 lexicaquc,
1509 919 1629 958 cum
1660 903 1979 959 Germanice
2008 908 2203 977 scripta
2227 917 2426 973 essent,
2457 908 2721 962 latinitate
2747 907 2933 962 donari
2961 919 3180 959 necesse
3207 902 3326 967 fuit,
3351 911 3405 957 et
3429 901 3516 954 hic
3535 901 3656 968 qui-

403 983 529 1041 dem
576 1002 712 1055 opus
761 996 816 1042 et
844 988 1014 1053 labor,
1064 1004 1162 1043 nec
1191 1000 1339 1045 certe
1382 990 1551 1045 facilis
1579 994 1796 1062 patebat
1823 994 1927 1058 via,
1964 995 2057 1049 sed
2102 997 2279 1065 potius
2327 998 2617 1052 innumeris
2661 997 2867 1051 hirsuta
2911 994 3326 1063 asperitatibus:
3358 992 3498 1046 inter
3522 1006 3658 1059 quas

408 1076 703 1146 principem
731 1078 906 1131 locum
949 1079 1263 1134 obtinebant
1308 1081 1665 1136 arctissimum
1720 1084 1862 1152 pacti
1912 1086 2168 1154 temporis
2210 1086 2568 1151 intervallum,
2614 1084 2759 1155 quod
2804 1084 3075 1155 pmterim
3102 1081 3320 1137 omnino
3348 1080 3494 1135 nefas
3519 1090 3657 1144 erat.

410 1165 805 1236 identidemque
835 1167 1119 1222 verborum
1144 1170 1580 1227 Germanicorum
1606 1174 1812 1229 indoles
1834 1176 2027 1243 linguae
2058 1176 2259 1231 Latinae
2281 1179 2489 1248 penitus
2518 1178 2794 1247 impervia.

481 1250 745 1318 Quidquid
772 1256 859 1318 sit,
884 1255 1028 1322 quod
1056 1256 1193 1311 intra
1223 1261 1362 1313 vires
1384 1260 1514 1329 fuit,
1546 1262 1649 1317 hoc
1676 1264 1906 1318 libenter
1925 1266 2299 1333 relligioseque
2339 1267 2629 1335 praestitum
2661 1285 2674 1319 :
2709 1281 2807 1321 nec
2833 1265 3022 1320 saltem
3054 1262 3478 1332 interpretationi
3506 1257 3661 1315 deest

411 1344 513 1400 dos
540 1347 778 1401 onmimn
803 1345 1276 1412 desideratissima,
1307 1366 1499 1420 nempe
1523 1354 1772 1426 ἀκρίϐεια,
1791 1370 1909 1420 seu,
1937 1363 1995 1409 ut
2015 1355 2185 1420 aiunt,
2210 1356 2460 1423 ﬁdelitas,
2480 1371 2579 1410 nec
2602 1356 2882 1425 interpreti
2906 1370 3030 1424 spes
3051 1353 3151 1409 sibi
3176 1352 3394 1409 lectoris
3410 1351 3657 1419 gratiam,

414 1434 726 1501 veniamque
750 1453 863 1495 stuc
886 1437 1069 1505 opella:
1097 1435 1392 1493 defectibus
1419 1441 1754 1496 conciliandi.

435 1600 3568 1637 NW

1276 1726 1869 1901 @piﬁtola
1998 1725 2793 1863 hebicatot‘ia.

1088 2151 3020 2360 MAXIMILIANO

1401 2511 1702 2591 REGNI
1778 2514 2231 2592 BAVARICI
2310 2516 2677 2594 HEREDI

1751 2733 1818 2802 E
1833 2733 2285 2807 DITORES
2298 2784 2322 2808 .

1924 2926 2190 2983 οων

510 3165 644 3226 Tuo
670 3160 937 3229 nomine,
988 3159 1276 3237 princeps
1312 3154 1660 3229 celsissime,
1714 3154 1828 3214 hoc
1858 3165 2141 3214 nostrum
2174 3173 2328 3231 opus
2362 3175 2584 3217 ornare
2610 3176 2735 3219 non
2765 3161 2916 3233 alio,
2948 3180 3130 3240 quam
3160 3180 3405 3224 summa
3433 3182 3689 3225 venera-

431 3265 624 3323 tionis
657 3279 835 3321 sensu
869 3261 1042 3322 ducti
1068 3277 1276 3319 sumus
1305 3258 1443 3317 ausi
1467 3279 1484 3316 :
1528 3258 1664 3336 quis
1691 3259 1850 3317 enim
1884 3263 1940 3314 te
1965 3260 2220 3333 gravior
2249 3256 2466 3314 harum
2527 3258 2880 3321 litterarum
2923 3271 3233 3339 patronus
3265 3264 3535 3337 exstitit,
3580 3275 3691 3326 aut

426 3362 565 3441 quis
592 3360 756 3421 alius
780 3360 1179 3439 prwclariore
1215 3359 1339 3418 haec
1369 3357 1579 3417 studia
1609 3355 1984 3415 liberalitate
2027 3354 2348 3423 accendit,
2383 3356 2601 3430 auxit,
2631 3360 2879 3419 ornavit
2907 3361 2935 3417 ?
2964 3362 3186 3440 Itaque
3217 3376 3343 3420 non
3379 3358 3691 3419 metueba-

429 3478 587 3527 mus.
615 3478 692 3521 ne
727 3460 1128 3539 o/fendereris
1159 3456 1485 3519 conatibus
1510 3454 1778 3529 nostris,
1813 3454 1948 3533 qui,
1988 3472 2125 3513 eum
2180 3452 2295 3511 tibi
2328 3457 2723 3533 propositum
2755 3466 2904 3516 esset
2933 3458 3015 3519 ad
3055 3458 3571 3537 perscrutandum
3600 3478 3692 3517 re-

430 3559 821 3623 leberrimum
847 3559 1010 3621 illud
1037 3558 1416 3623 bibliotheca:
1452 3557 1837 3633 Upsaliensis
1864 3555 2171 3616 cimelium
2199 3553 2360 3614 alios
2389 3555 2563 3617 viros
2596 3555 2818 3616 doctos
2844 3558 3112 3631 mittere,
3140 3568 3465 3638 antequam
3502 3558 3691 3635 huius

430 3656 683 3719 consilii
718 3660 883 3734 [arua
917 3658 1000 3719 ad
1035 3675 1151 3717 nos
1187 3658 1584 3735 pervenisset,
1628 3656 1749 3733 ipsi
1791 3656 1944 3716 illuc
1988 3654 2261 3732 profecti
2307 3672 2470 3714 nova
2510 3657 2708 3716 animi
2757 3675 2891 3717 vere
2929 3660 3089 3735 regii
3134 3659 3501 3720 documenta
3544 3657 3693 3718 dare

432 3760 549 3819 tibi
582 3759 859 3837 cupienti
903 3759 1165 3836 fortasse
1199 3755 1629 3835 impedimento
1677 3755 1866 3830 fuisse
1895 3752 2244 3813 videremur
2269 3774 2289 3813 :
2318 3752 2424 3812 sed
2440 3756 2657 3831 potius
2686 3757 2992 3831 persuasi,
3021 3758 3299 3836 principi
3326 3757 3567 3819 excelso
3596 3767 3693 3816 at-

428 3876 543 3939 que
568 3860 897 3937 Magniﬁca
928 3868 1148 3917 nostra
1187 3873 1299 3915 nos
1324 3854 1535 3914 studia
1559 3853 1964 3932 probaturos.
2019 3852 2135 3911 tibi
2159 3852 2317 3910 hanc
2349 3852 2609 3928 apellant
2633 3863 2911 3914 nostram
2938 3873 3298 3917 consecrare
3326 3856 3690 3925 statuimus,

428 3977 610 4041 quam
636 3968 702 4020 ut
732 3961 890 4038 xqui
915 3957 1177 4036 bonique
1200 3959 1404 4035 facere
1438 3952 2042 4031 velis,.suppliciter
2089 3969 2405 4029 rogamus.
2455 3953 2836 4031 Collegimus
2885 3975 3017 4034 qua:
3052 3956 3118 4015 in
3167 3965 3466 4035 promptu
3513 3963 3692 4014 erant

427 4074 549 4140 pro
598 4060 839 4121 viribus
874 4077 986 4119 nos
1020 4056 1260 4137 quidem
1306 4077 1326 4115 :
1377 4065 1441 4115 at
1480 4072 1615 4134 qua:
1655 4064 1709 4112 te
1751 4053 2261 4123 acclamationes,
2306 4062 2556 4130 quanta
2600 4054 2812 4114 laudes
2879 4059 3073 4119 totius
3109 4058 3313 4135 gentis
3358 4056 3690 4126 litteratis.

428 4163 639 4241 quales
673 4158 1244 4239 congratulationes
1275 4155 1620 4233 excipient,
1670 4155 1725 4212 si
1753 4152 1924 4211 missi
1962 4152 2059 4213 tui
2086 4152 2261 4229 regia
2299 4154 2727 4230 munificentia
2775 4156 2981 4234 adjuti
3016 4176 3095 4217 ex
3122 4156 3330 4220 Gallia
3359 4164 3417 4217 et
3446 4156 3688 4234 Hispa-

428 4264 536 4323 nia
563 4308 578 4335 ,
617 4280 770 4340 quas
816 4270 1015 4320 terras
1045 4254 1235 4317 Gothi
1267 4254 1418 4316 olim
1455 4272 1864 4332 occupavere,
1911 4254 2121 4331 copias
2157 4253 2712 4316 desideratissimas
2760 4276 2836 4315 ex
2872 4260 3386 4323 monasteriorum
3432 4259 3683 4321 latebris

435 4370 730 4441 tanquam
760 4379 837 4418 ex
865 4359 1170 4417 diuturna
1200 4357 1560 4433 captivitate
1598 4354 1938 4433 redemptus
1977 4355 2047 4413 in
2077 4356 2246 4414 atria
2297 4364 2407 4413 tua
2435 4368 2701 4435 augusta
2738 4361 3160 4437 reportarint!
3192 4360 3329 4435 Qua
3363 4379 3467 4440 spe
3500 4361 3686 4422 erecti

431 4475 545 4519 nos
571 4505 586 4529 ,
643 4458 695 4517 si
722 4460 800 4517 ad
832 4466 909 4529 te,
943 4458 1229 4534 princeps
1264 4454 1589 4515 celsissime
1618 4464 1798 4534 atque
1827 4453 2404 4533 indulgentissime,
2436 4455 2684 4518 libellus
2714 4461 3186 4535 noster/acilem
3219 4462 3528 4524 invenerit
3557 4461 3691 4522 adi-

434 4567 565 4616 tum
590 4600 608 4630 ,
640 4554 1080 4635 nniplissimum
1105 4554 1423 4629 praemium
1456 4560 1818 4612 consecutos
1846 4570 1965 4611 esse
1990 4551 2518 4613 existimabimus.

1228 4930 1361 4990 Tuo
1391 4927 1626 4988 nomini
1658 4924 1986 4988 celsissimo

2775 5248 3191 5312 addictissimi

2619 5375 2694 5437 Η.
2732 5376 2800 5439 C.
2837 5373 2915 5435 de
2953 5372 3081 5433 fi...
3128 5372 3183 5431 J.
3218 5372 3339 5430 ι...

724 5844 993 5906 Partum.
1038 5841 1258 5905 XVIII.
3124 5826 3196 5886 13
