4300 6430
470 356 570 411 4135

471 472 542 526 Ea
568 475 881 538 tempestate
900 466 986 521 illa
1008 463 1361 527 oratiuncula,
1382 463 1433 517 in
1455 463 1557 517 line
1582 460 1781 516 codicis
1806 458 2034 514 Βιιίιίηηί

472 563 663 631 posita.
700 558 939 614 conlecta
974 571 1096 612 esse
1126 556 1355 618 videtur,
1387 555 1438 606 in
1481 568 1583 619 qua
1614 562 1672 605 ut
1701 558 1930 604 caveam
1958 548 2041 601 itt-

472 664 731 726 terpretes
769 652 1071 707 litterarum
1120 664 1391 703 sacrarum
1432 656 1737 709 monentur,
1768 658 1830 695 tte
1859 639 2044 711 legenti

468 748 699 800 videatur
718 743 862 798 aliud
880 742 931 795 in
948 757 1114 812 σταται
1133 737 1481 811 (iugumaliud
1505 738 1554 789 in
1577 735 1733 788 latina
1744 732 1820 786 vel
1839 730 2041 801 gotht’ca

470 839 732 907 designata
758 851 866 889 esse
895 834 1183 901 conscripta
1209 832 1243 883 ‘.
1300 829 1448 884 Unde
1478 828 1742 897 gotlticatu
1783 825 2043 889 interire-

472 930 726 982 tationem
772 940 877 979 non
925 923 1098 977 solum
1144 923 1195 974 in
1247 920 1392 973 Italia
1441 919 1663 986 aliisque
1694 914 1881 979 terris,
1914 925 2046 981 quas

471 1016 632 1073 Gothi
684 1016 969 1080 tenebant,
1002 1013 1299 1081 posteriore
1342 1019 1582 1076 tempore
1622 1007 1920 1068 exstitisse.
1949 1002 2044 1057 sed

473 1108 637 1163 etiam
677 1121 798 1160 cum
830 1104 993 1158 latina
1020 1104 1132 1171 pari
1162 1102 1478 1154 auctoritate
1506 1097 1733 1152 valuisse
1764 1094 2042 1150 discimus.

475 1200 715 1254 Alterum
759 1198 828 1251 de
878 1196 1127 1249 versione
1179 1191 1394 1260 guthica
1441 1188 1799 1243 testimonium
1854 1186 2046 1254 legitur

474 1291 616 1360 apud
647 1288 995 1345 Walalridutn
1024 1286 1271 1341 Strabuut
1294 1328 1308 1350 ,
1338 1288 1654 1352 scriptorem
1698 1280 1861 1335 seculi
1896 1280 2043 1344 noni,

475 1383 565 1454 qui
612 1382 945 1453 gothieorum
988 1379 1271 1433 biblioruut
1300 1386 1642 1429 monumenta
1680 1388 1778 1427 suo
1808 1382 2048 1438 tempore

477 1475 617 1541 apud
638 1471 920 1527 nonnullos
941 1469 1123 1523 haberi
1144 1468 1273 1519 dicit.
1294 1468 1341 1531 ’ς
1373 1465 1525 1530 cujus
1551 1464 1680 1519 tides
1705 1464 1786 1516 his
1813 1463 1864 1517 iu
1888 1463 2049 1516 rebus

479 1579 547 1620 eo
576 1562 745 1632 major
772 1574 872 1627 est,
906 1560 1048 1628 quod
1076 1559 1407 1613 monasterio
1440 1554 1881 1610 lteiebenaviensi
1915 1568 2051 1621 prte-

482 1656 705 1724 positus;
740 1654 793 1707 in
820 1650 1051 1706 conﬁnio
1084 1648 1198 1704 fere
1221 1647 1494 1703 habitabat
1537 1662 1721 1701 earum
1750 1642 2049 1714 regionum,

479 1761 613 1817 quas
649 1742 806 1799 Gethi
833 1740 1044 1810 utrique
1066 1740 1194 1793 olim
1222 1739 1575 1792 incoluerant.

551 1835 838 1904 Postquam
867 1831 1062 1887 deinde
1101 1845 1197 1899 per
1237 1845 1329 1883 ses
1362 1829 1543 1883 secula
1570 1843 1599 1881 a
1631 1826 1843 1882 nemine
1871 1824 2050 1895 gotlti-

481 1940 668 1983 corum
698 1924 980 1977 bibliorum
1016 1921 1218 1976 mentio
1268 1920 1403 1974 tacta
1426 1928 1532 1985 est,
1571 1918 1671 1973 nisi
1703 1918 1746 1971 si
1777 1918 1897 1985 quis
1936 1931 2054 1984 qum

483 2016 623 2085 apud
650 2013 938 2083 scriptores
962 2010 1209 2080 antiquos
1234 2010 1471 2079 legisset,
1495 2007 1746 2075 reddidit,
1765 2022 1938 2076 neque
1960 2006 2055 2059 ali-

484 2107 606 2163 cubi
655 2104 935 2174 vestigium
979 2101 1237 2155 librorum
1278 2101 1420 2155 illam
1451 2099 1748 2155 versionem
1777 2096 2058 2151 continen-

486 2200 618 2253 tium
645 2194 973 2262 comparuit:
1016 2191 1199 2245 seculo
1236 2199 1387 2243 sexto
1421 2189 1626 2242 decimo
1654 2189 1704 2241 itt
1735 2184 2049 2240 monasterii

489 2283 911 2348 Werdenensis,
941 2283 993 2336 in
1032 2280 1202 2336 Gallia
1246 2280 1451 2348 Belgica
1496 2280 1564 2333 ad
1606 2278 1802 2334 liuram
1833 2276 2055 2341 conditi,

490 2381 810 2437 bibliotheca
838 2376 1014 2434 codex
1065 2390 1205 2429 unus
1245 2374 1493 2428 inventus
1521 2380 1624 2427 est.
1656 2374 1888 2427 Antonio
1914 2370 2057 2425 enim

491 2470 757 2529 Morilloni
787 2470 831 2535 ³,
877 2468 964 2538 qui
993 2467 1227 2522 Antonio
1260 2465 1571 2528 Pcrrenoto,
1604 2463 1863 2519 cardinali
1889 2461 2061 2517 Gran-

489 2563 730 2627 vellauo,
768 2559 837 2615 ab
888 2557 1130 2628 epistolis
1158 2566 1304 2619 erat,
1337 2556 1672 2610 bibliothecae
1706 2553 1849 2609 illius
1897 2553 2059 2608 libros

493 2651 886 2719 ntanuscriptos
928 2647 1281 2718 perscrutanti
1332 2646 1383 2700 in
1428 2661 1617 2701 manus
1658 2646 1839 2700 incidit
1866 2646 2055 2711 codex,

490 2758 649 2814 quem
676 2741 954 2797 Ulftlanam
976 2740 1272 2793 versionem
1302 2739 1579 2792 continere
1602 2737 1687 2791 ille
1709 2736 1887 2792 statim
1903 2736 2056 2805 vidit,

492 2845 544 2889 ot
573 2832 867 2886 oratimtetn
896 2830 1216 2882 dominicam
1245 2845 1363 2882 cum
1401 2828 1521 2881 aliis
1548 2827 1864 2895 quibusdam
1894 2828 2055 2895 parti-

491 2924 626 2979 culis
652 2924 719 2976 ab
766 2936 832 2975 eo
861 2920 983 2975 inde
1016 2920 1336 2983 descriptam
1385 2918 1796 2983 Masintilianus,
1842 2918 2058 2973 Antonii

492 3014 675 3077 frater,
717 3027 840 3067 cum
883 3011 1118 3077 GorOpio
1161 3011 1369 3064 iteratio
1414 3010 1848 3074 communicavit,
1877 3012 1965 3079 qui
1997 3027 2056 3065 ea

490 3105 833 3161 Gntodatticis
864 3104 977 3159 suis
1006 3102 1289 3158 inseruit‘.
1326 3103 1489 3156 Paulo
1520 3114 1639 3171 post
1666 3102 1925 3158 Gruterus
1954 3104 2058 3157 ali-

489 3208 620 3267 quot
646 3210 854 3263 versus,
884 3198 952 3249 ab
977 3194 1213 3249 Arnoldo
1242 3195 1535 3248 Mercatore
1559 3210 1624 3249 ex
1655 3197 1843 3249 eodem
1875 3197 2057 3250 codice

489 3299 791 3357 excerptas,
822 3287 875 3341 in
903 3287 1152 3341 thesauro
1178 3286 1583 3355 inscriptionum
1608 3285 1775 3341 edidit
1803 3286 1842 3338 ⁸.
1869 3288 2056 3341 Omnia

489 3380 781 3447 fragmenta
801 3417 815 3440 ,
845 3378 896 3431 in
929 3379 1018 3431 illo
1054 3376 1241 3429 codice
1265 3386 1473 3429 servata
1493 3418 1508 3441 ,
1549 3378 1717 3430 multo
1749 3385 1867 3445 post
1898 3380 2058 3447 (anno

488 3467 649 3535 11363)
678 3483 840 3535 opera
888 3465 1155 3519 Frattcisci
1184 3466 1322 3519 Junii
1357 3476 1412 3520 et
1451 3466 1645 3521 deinde
1673 3468 1868 3534 smpins
1914 3467 2057 3521 edita

487 3568 633 3612 sunt.
674 3558 779 3613 Sed
809 3557 907 3610 viri
952 3556 1178 3627 gotlticae
1210 3556 1401 3624 linguae
1432 3558 1654 3611 studiosi
1684 3559 1774 3611 diu
1806 3560 2059 3615 multum-

486 3663 590 3718 que
618 3650 791 3717 questi
820 3657 996 3711 erant,
1027 3648 1168 3714 quod
1195 3647 1261 3700 de
1290 3649 1386 3702 hac
1411 3644 1871 3716 totiusSct-iptura:
1891 3665 2057 3704 sacra:

489 3740 734 3793 versione
790 3749 896 3794 tam
952 3754 1161 3808 pauca,
1221 3754 1388 3807 eaque
1445 3741 1839 3808 evangeliorum
1897 3742 2059 3795 modo

486 3830 779 3899 fragmenta
812 3832 996 3886 relicta
1024 3838 1225 3898 essent,
1252 3846 1372 3899 quae
1391 3831 1458 3884 ad
1481 3830 1787 3886 enodandas
1806 3842 1860 3888 et
1890 3850 2058 3889 remo-

492 3922 693 3976 vendas
732 3922 1115 3987 interpretandi
1164 3919 1501 3974 ditt‘tcultates
1547 3938 1650 3975 non
1702 3923 2054 3979 sufﬁceriut:

487 4030 607 4068 eum
639 4014 956 4075 Kuittclius.
1007 4015 1138 4067 aedis
1184 4014 1605 4081 metropolitaua:
1646 4016 1783 4079 apud
1817 4015 2059 4070 Guelfer-

489 4104 715 4174 bytanus
743 4103 1171 4167 archidiaconus,
1208 4102 1392 4155 seculo
1423 4102 1668 4169 maxime
1697 4105 1972 4171 superiore
2002 4107 2053 4158 itt

485 4195 669 4251 codice
692 4196 1026 4249 bibliotheca:
1049 4194 1481 4266 Guelferbytanae
1503 4196 1794 4263 fragmenta
1819 4198 2056 4275 epistola:

486 4287 633 4343 Pauli
663 4288 730 4342 ad
761 4288 1032 4342 Romanos
1064 4291 1276 4356 scripta:
1305 4287 1526 4341 invenit.
1560 4286 1613 4341 ltt
1658 4290 1868 4363 ἕρμαιον
1892 4304 2055 4359 gran-

485 4378 607 4434 dius
636 4378 896 4447 incidere,
921 4393 1026 4448 quo
1054 4377 1213 4433 biblia
1241 4377 1479 4448 gothica,
1508 4379 1719 4432 etiamsi
1749 4394 1852 4433 non
1883 4379 2056 4433 outnl-

558 4535 576 4566 ⁸
608 4533 730 4591 νω.
770 4533 1101 4589 Garbellutn.
1150 4548 1236 4603 ap.
1293 4531 1657 4586 Blanchinium
1717 4532 2051 4599 Evangeliar.

487 4604 772 4673 quadrupl.
801 4606 1036 4671 prolegg.
1064 4620 1116 4669 ι).
1140 4604 1172 4673 7
1201 4616 1280 4670 sq.
1316 4603 1386 4655 Ea
1414 4604 1575 4657 verba
1604 4604 1795 4656 vitiose
1818 4608 2056 4658 conscri-

488 4672 573 4742 pta
616 4686 672 4728 et
706 4674 946 4728 vitiosius
996 4672 1264 4740 descripta
1300 4673 1543 4727 Setnlero
1578 4673 1643 4726 ad
1691 4673 2052 4739 praelatiotiem

484 4746 790 4811 quamdam,
813 4742 1192 4810 comparationi
1222 4744 1446 4810 gothiea:
1470 4743 1729 4797 versiouis
1748 4758 1868 4795 cum
1893 4744 2052 4795 latina

485 4822 543 4886 et
575 4824 720 4886 testu
756 4828 933 4886 grteeo
986 4812 1243 4886 iacienda:
1299 4813 1590 4886 praetisam,
1640 4815 1906 4886 pertinere
1931 4821 2057 4867 sont

486 4884 618 4945 visa,
647 4881 944 4951 vid.'huj-ts
972 4884 1067 4935 viri
1101 4883 1415 4935 venerabilis
1449 4881 1668 4935 γει-εειεὴ
1698 4883 1835 4934 eincr
1865 4882 2052 4935 Erlan-

484 4962 665 5023 te‘rtmg
684 4954 823 5007 einet-
851 4952 987 5005 alteu
1016 4952 1155 5020 Spur
1183 4953 1317 5004 einer
1343 4955 1635 5022 goutisclteu
1661 4951 2052 5023 Uebersetzung,

486 5021 824 5085 1101151765,
846 5025 897 5075 4.

556 5095 577 5124 ³
606 5092 681 5146 De
709 5094 855 5145 rebus
886 5090 1252 5151 ecclesiasticis,
1285 5104 1406 5153 cap.
1436 5091 1486 5143 7.

554 5161 577 5192 ⁸
608 5162 842 5216 l’ritnntn
866 5160 1102 5215 Ultllnna:
1144 5160 1403 5214 vetsionis
1431 5169 1756 5226 repertorem
1791 5175 1911 5213 rum
1938 5160 2054 5215 lhre

485 5231 538 5286 in
559 5231 935 5285 dissertatione
966 5234 1030 5283 de
1055 5236 1228 5298 lingua
1250 5231 1449 5284 codicis
1470 5232 1717 5299 Argentei
1749 5230 2049 5298 conscripta

483 5311 536 5355 et
565 5316 709 5355 anno
746 5300 880 5353 1754
915 5300 1055 5354 edita
1094 5311 1237 5354 recte
1275 5300 1605 5357 Morillonem
1644 5300 2051 5368 appellavisset,

487 5371 641 5438 paulo
671 5382 788 5438 post
822 5369 874 5439 in
922 5372 1089 5422 altera
1140 5379 1206 5421 tte
1235 5374 1423 5425 codice
1462 5372 1731 5439 Argenti-0
1760 5369 1884 5423 anni
1915 5369 2049 5425 1759

484 5442 777 5494 Arnoldnin
811 5438 1157 5493 Mercatorctn
1191 5441 1351 5493 fuisse
1382 5438 1557 5493 ttiittus
1588 5450 1733 5494 recte
1765 5440 1913 5502 dicit,
1940 5440 2045 5492 vid.

485 5509 673 5563 Zabnii
718 5507 927 5561 Einlct't.
987 5526 1038 5575 p.
1071 5510 1139 5562 59
1184 5525 1264 5577 sq.
1321 5511 1581 5562 Castorum
1627 5514 1904 5575 quaesitum
1944 5523 2047 5573 est,

487 5590 664 5633 utrtttn
712 5580 799 5632 ille
847 5580 1011 5632 codex
1048 5584 1369 5645 Argeuteus,
1399 5596 1468 5631 an
1508 5580 1645 5632 alius
1685 5578 1879 5642 fuerit;
1928 5579 2050 5635 lltre

486 5646 626 5703 Ullil.
659 5650 848 5701 illustr.
886 5664 1001 5717 pag.
1041 5650 1108 5703 98
1148 5650 1309 5702 luis~e
1341 5660 1494 5713 negat
1546 5651 1679 5701 hanc
1722 5650 1949 5702 maxime
1980 5650 2050 5703 ob

484 5733 718 5775 causam.
738 5722 875 5785 quod
898 5718 1139 5771 Motillou
1164 5720 1495 5783 coutpeudtis
1514 5718 1779 5773 scribendi
1802 5733 1926 5771 usus
1954 5720 2042 5783 si',

489 5803 603 5856 qua:
633 5788 682 5841 itt
713 5788 895 5842 Codice
914 5790 1196 5855 Argeuteo,
1216 5798 1362 5843 certe
1391 5789 1518 5843 locis
1550 5790 1614 5841 ab
1644 5802 1707 5841 cu
1737 5790 2038 5858 exscriptts,

1806 342 2334 398 I‘ROLEGOMENA.

3604 347 3707 401 4136

2145 456 2241 511 bus
2281 456 2521 525 partibus
2561 457 2763 527 integra
2788 497 2801 519 ,
2844 458 3099 526 ampliora
3146 468 3322 513 tamen
3361 458 3707 526 plurimorum

2144 547 2265 599 novi
2307 545 2522 603 fmderis
2562 548 2815 602 librorum
2846 549 3139 617 fragmenta
3186 551 3324 605 nacti
3354 566 3557 612 sumus,
3583 551 3711 601 viris

2141 636 2309 690 doctis
2350 637 2521 690 nostri
2557 637 2724 691 seculi
2764 651 3090 693 reservatum
3123 649 3271 693 erat:
3306 640 3359 692 in
3392 639 3708 693 bibliotheca

2141 730 2281 783 enim
2315 728 2694 785 Mediolanensi
2724 730 2791 786 ab
2818 732 3018 799 Angela
3042 732 3174 798 Majn
3200 746 3250 785 et
3279 732 3471 785 Carolo
3492 734 3713 787 Octavio

2139 820 2502 875 Castillionzeo
2537 821 2752 882 codices
2783 823 3025 889 rescripti
3062 832 3185 875 sunt
3234 822 3454 890 reperti,
3485 838 3711 890 quorum

2142 912 2372 979 priorem
2393 911 2739 977 scriptionem
2765 912 3075 981 diligentius
3102 913 3429 966 intuentibus
3455 912 3561 965 illis
3585 911 3713 967 viris

2142 1000 2334 1063 doetis,
2363 1000 2607 1055 Ulﬁlaua:
2642 1001 2906 1059 versionis
2937 1003 3196 1071 evangelii
3231 1003 3482 1067 Matthrri,
3511 1003 3714 1069 episto-

2145 1092 2311 1146 Iarum
2345 1092 2680 1148 Paulinarunt
2711 1096 2774 1149 ad
2805 1094 3076 1148 Romanos
3102 1097 3324 1162 ejusque
3354 1096 3523 1163 plura,
3554 1113 3714 1165 quam

2145 1200 2262 1251 quae
2278 1185 2561 1240 Knittelius
2576 1187 2685 1255 jam
2707 1196 3002 1255 repercrat,
3019 1190 3294 1253 utriuSque
3311 1190 3375 1241 ad
3391 1189 3714 1251 Corinthios.

2146 1275 2379 1338 Galatas.
2412 1277 2693 1345 Ephesios.
2723 1278 3113 1345 Pltilippettses,
3138 1280 3728 1341 (Iolussettses,utrius-

2147 1381 2251 1435 que
2296 1368 2358 1421 ad
2405 1368 2908 1422 Tltessaloniceuses
2951 1380 3002 1422 et
3038 1370 3379 1438 pastoralium
3428 1370 3493 1421 ad
3541 1369 3720 1422 Timo-

2150 1456 2351 1515 theum.
2384 1456 2561 1510 Titum
2617 1466 2672 1511 et
2716 1457 3107 1523 Philemonem.
3157 1472 3412 1527 praeterea
3445 1458 3629 1514 Esdrze
3668 1473 3723 1513 rt

2149 1548 2452 1613 Nebetniaz,
2499 1549 2573 1602 lib
2603 1565 2753 1601 orum
2797 1552 2992 1604 veteris
3043 1552 3380 1616 testamenti,
3429 1552 3720 1621 fragmenta

2150 1639 2425 1692 continere
2462 1640 2775 1707 apparebat,
2805 1654 2924 1707 qua:
2949 1640 3242 1709 fragtnenta
3274 1642 3499 1708 primum
3530 1644 3724 1695 duum-

2154 1730 2252 1781 viri
2280 1729 2353 1783 illi
2393 1731 2694 1797 conjunctis
2734 1732 2898 1795 curis,
2931 1731 3125 1787 deinde
3162 1732 3550 1788 Castilliouteus
3578 1734 3727 1789 solus

2156 1818 2281 1873 inde
2304 1819 2369 1871 ab
2393 1834 2532 1873 anno
2559 1821 2713 1887 hujus
2740 1823 2907 1877 seculi
2939 1824 3337 1879 undevicesimo
3358 1826 3547 1881 edidi.

2230 1911 2333 1965 Sed
2353 1912 2671 1980 jampridem
2700 1915 3048 1982 quaestionem
3080 1930 3227 1984 posui
3248 1926 3369 1971 runt
3392 1919 3487 1972 viri
3513 1917 3726 1979 eruditi,

2157 2010 2332 2054 utrum
2377 2017 2470 2064 ea,
2502 2018 2620 2072 qua:
2660 2018 2754 2071 pro
2792 2004 3032 2059 Ullilanae
3072 2021 3165 2061 seu
3202 2009 3429 2072 gotbicas
3468 2010 3730 2064 ven-tionis

2159 2090 2468 2160 fragmentis
2512 2092 2854 2157 haberentur,
2904 2111 3030 2149 vere
3069 2097 3281 2166 gothica
3323 2110 3523 2165 essent,
3568 2115 3634 2155 an
3663 2101 3731 2154 ad

2160 2182 2339 2245 aliam,
2374 2183 2425 2236 in
2474 2199 2625 2238 usum
2671 2186 2808 2239 alius
2855 2186 3145 2242 barbariem
3188 2191 3363 2258 gentis
3408 2191 3730 2254 conlectam,

2160 2275 2506 2343 pertinerent.
2539 2276 2677 2330 Inter
2697 2278 2831 2331 alios
2852 2278 3135 2334 Lacrnzius
3158 2281 3367 2349 negavit
3387 2292 3438 2337 et
3455 2282 3729 2350 [ranct'ram

2159 2380 2280 2419 esse
2328 2366 2559 2435 linguam
2608 2376 2802 2422 nostrae
2865 2370 3125 2424 versionis
3171 2376 3397 2440 probare
3446 2373 3645 2427 studuit
3686 2375 3725 2426 °.

2160 2458 2328 2520 Quam
2371 2460 2490 2513 trita
2521 2468 2603 2513 est
2633 2474 2694 2512 ac
2720 2474 2885 2528 prope
2912 2461 3192 2518 decantata
3220 2464 3307 2516 illa
3328 2464 3576 2531 qua-stin.
3624 2476 3727 2518 tam

2160 2546 2335 2615 inepta
2367 2557 2526 2615 atque
2555 2547 2761 2603 inﬁrma
2787 2558 2912 2606 sunt
2939 2562 3275 2620 argumenta,
3305 2554 3497 2619 quibus
3540 2554 3720 2609 Lat-ro-

2164 2640 2277 2693 zius
2296 2639 2531 2707 opinioni
2570 2656 2678 2697 sum
2704 2642 2860 2695 tidem
2897 2643 3073 2696 facere
3098 2643 3385 2708 laberavit;
3417 2648 3557 2713 quod
3588 2649 3731 2701 enim

2162 2729 2390 2799 primum
2418 2730 2569 2795 dicit,
2615 2732 2854 2787 codicem
2902 2744 3097 2788 nostra;
3128 2735 3390 2788 versinnis
3421 2754 3525 2792 non
3571 2739 3621 2790 itt
3668 2737 3731 2792 iis

2160 2819 2488 2889 regionibus.
2518 2822 2607 2879 ubi
2638 2820 2796 2875 Gothi
2827 2823 3144 2889 incolerent,
3168 2826 3259 2881 sed
3291 2827 3375 2879 ubi
3413 2824 3622 2890 Franci.
3648 2843 3731 2883 re-

2161 2924 2372 2984 pertum
2400 2928 2553 2977 esse;
2580 2913 2773 2969 deinde
2794 2915 3079 2973 nonnullos
3106 2918 3290 2971 barum
3316 2917 3608 2971 litterarum
3637 2919 3731 2971 dn-

2160 3014 2277 3059 ctus
2300 3004 2364 3058 ad
2396 3002 2720 3059 Francorum
2751 3015 2983 3060 veterem
3016 3008 3282 3062 scribendi
3309 3008 3568 3062 rationem
3601 3024 3727 3077 pro-

2164 3096 2283 3164 pius
2311 3096 2602 3160 accedere;
2633 3106 2742 3151 tum
2771 3098 2901 3150 alias
2925 3101 3179 3167 quasdam
3217 3101 3400 3153 latinas
3431 3116 3570 3165 esse,
3600 3114 3733 3169 quas

2162 3185 2317 3239 Gmbi
2352 3188 2403 3239 in
2444 3186 2628 3243 Marsis
2658 3187 2952 3242 habitantes
2980 3191 3217 3258 cognitas
3253 3190 3448 3244 habere
3476 3207 3577 3243 nou
3609 3207 3728 3259 νο·-

2159 3285 2309 3339 sent;
2352 3288 2621 3345 postremo
2674 3279 2813 3331 inter
2844 3277 3044 3331 litteras
3094 3280 3249 3347 hujus
3280 3278 3473 3350 lingua:
3508 3290 3731 3349 quatuor

2162 3380 2326 3422 novas
2347 3378 2401 3422 et
2422 3383 2449 3418 a
2469 3381 2768 3436 grxeearum
2791 3376 2844 3420 et
2868 3368 3148 3422 lalinarum
3172 3370 3518 3425 similitudine
3538 3371 3729 3427 abhor-

2160 3466 2340 3511 rentes
2369 3458 2616 3521 inveniri,
2664 3474 2885 3528 quarum
2938 3469 3045 3513 tres
3094 3460 3283 3515 litteris
3330 3477 3359 3519 ει
3408 3463 3729 3531 Chilperico,

2164 3546 2488 3602 Francorum
2514 3564 2661 3619 rege.
2691 3549 2956 3605 renovatis
2978 3564 3274 3618 congruere
3300 3568 3313 3605 :
3338 3554 3456 3621 quis
3477 3562 3577 3619 est,
3604 3555 3732 3621 quin

2159 3639 2335 3693 videat
2384 3656 2447 3695 ea
2478 3652 2807 3709 argumenta,
2839 3656 2959 3710 qua:
2998 3640 3309 3698 refellantur
3349 3644 3435 3696 vix
3482 3644 3633 3711 dgna
3674 3656 3727 3699 et

2160 3746 2219 3784 ea
2250 3732 2513 3799 posuisse,
2541 3746 2660 3787 esse
2686 3732 2985 3785 refutassc?
3010 3732 3198 3790 Mirum
3236 3732 3413 3799 igitur,
3445 3734 3584 3801 quod
3618 3734 3732 3790 hac

2157 3825 2558 3894 argumentandi
2588 3824 2908 3894 perversitas
2954 3826 3089 3880 inter
3139 3826 3272 3882 alios
3300 3828 3318 3856 ⁷
3351 3824 3731 3892 Wetstenium.

2159 3920 2330 3972 virum
2360 3934 2564 3988 magna:
2592 3918 2919 3987 sagacitatis,
2963 3926 3019 3972 ut
3050 3919 3300 3985 probaret
3328 3918 3483 3973 i-tam
3526 3919 3729 3987 opiniot

2160 4025 2302 4075 nem,
2335 4025 2648 4080 permovere
2699 4011 2866 4077 potuit
2904 4011 2947 4065 ⁸.
3016 4011 3265 4067 Omnium
3309 4015 3532 4079 Optime,
3571 4027 3730 4079 quam

2157 4102 2361 4171 frigidis
2390 4102 2685 4158 rationibus
2712 4117 2840 4157 usus
2869 4110 3011 4157 esset
3057 4102 3365 4162 Lacrozius.
3394 4104 3733 4158 demonstra-

2156 4195 2229 4248 vit
2258 4194 2374 4249 lhre
2405 4197 2455 4247 in
2500 4195 2875 4249 dissertatione
2914 4194 2983 4247 de
3026 4194 3201 4260 lingua
3244 4194 3445 4250 codicis
3479 4196 3729 4262 Argeutei

2158 4298 2298 4337 anno
2340 4284 2476 4338 1754
2516 4284 2655 4345 edita
2683 4287 2705 4317 '
2752 4293 2805 4336 et
2852 4285 3204 4352 sapientiores
3252 4283 3569 4355 jampridem
3610 4284 3733 4342 illas

2157 4389 2324 4445 nugas
2349 4376 2781 4445 improbaverunt
2813 4376 2873 4428 ι’.

2156 4549 2263 4604 non
2310 4535 2682 4599 inveniantur,
2724 4535 2919 4591 deinde
2970 4550 3181 4604 quoque
3232 4536 3378 4592 illum
3432 4536 3725 4591 litterarum

2158 4603 2355 4657 formai
2395 4605 2703 4659 exhibuisse
2729 4646 2743 4669 ,
2789 4622 2922 4671 quas
2960 4603 3129 4661 codex
3174 4608 3472 4671 Argeutetts
3510 4610 3729 4662 omnino

2157 4689 2265 4726 non
2306 4685 2580 4743 agnosi-at.
2613 4677 2717 4729 Alii
2753 4678 2955 4730 nullum
2983 4679 3175 4741 alium,
3208 4692 3364 4743 quam
3403 4678 3724 4742 Argenteam

2159 4752 2280 4823 ante
2327 4746 2514 4864 fuluos
2556 4746 2806 4800 habuisse
2863 4748 3382 4813 comprobaverunt,
3434 4749 3541 4800 vid.
3590 4746 3727 4800 Zalt-

2160 4827 2301 4864 11111111
2352 4854 2365 4864 .
2426 4855 2438 4864 .

2230 4882 2255 4956 ξ
2286 4882 2652 4956 νίάηϐοτοιιήἱ
2689 4884 2934 4954 Origines
2973 4886 3372 4956 Antuerpen-es
3407 4886 3541 4941 libro
3573 4903 3640 4941 vn

2160 4951 2263 5006 739
2292 4968 2373 5021 sq.
2402 4954 2527 5007 750.

2230 5023 2250 5053 ³

2227 5091 2248 5122 ⁸
2744 5095 3009 5169 epistolam
3065 5094 3134 5147 ad
3160 5093 3411 5169 Joannem
3444 5094 3719 5169 (ἔρριψεν.

2158 5162 2385 5245 luy'ttt‘ntn
2413 5165 2464 5245 in
2493 5163 3105 5245 'll'ltesaitrecyistoln‘rjttu
3130 5172 3261 5218 lout.
3293 5164 3356 5219 Ill
3387 5180 3437 5233 β.
3470 5165 3540 5218 92
3569 5180 3650 5235 sq.

2228 5232 2247 5262 ⁷
2283 5233 2396 5283 Viti.
2431 5233 2615 5286 Zaltnii
2649 5232 2855 5288 Εἱηιδίε.
2888 5248 2939 5301 p.
2969 5233 3059 5288 ‘27.

2226 5303 2625 5375 {WWetsteuiii
2676 5302 2919 5375 Prolegg.
2990 5304 3042 5355 in
3109 5320 3289 5357 novum
3370 5312 3721 5359 testatttetttum

2159 5387 2211 5435 ρ.
2241 5374 2344 5425 504
2372 5389 2454 5441 sq.
2486 5377 2572 5430 (ιιι.
2606 5374 2831 5426 St-mler.

2222 5447 2243 5476 ’
2302 5442 2416 5495 Vid.
2453 5444 2601 5509 Ulﬁl.
2634 5444 2873 5496 illustrat.
2910 5458 2964 5509 p.
2991 5442 3097 5511 259
3123 5456 3240 5511 sqq.

2224 5514 2266 5545 ⁸⁸
2322 5514 2595 5566 Semlcrus
2620 5516 2687 5565 ad
2716 5514 2961 5566 Wetsen.
3019 5510 3259 5583 Prolegg.
3306 5525 3357 5578 p.
3394 5512 3499 5566 305
3538 5512 3718 5578 (quem

2153 5595 2329 5636 tamen
2377 5598 2633 5636 mirantur
2663 5585 2819 5652 paulo
2851 5594 2970 5649 post
3001 5598 3051 5650 ρ.
3085 5583 3191 5637 508
3233 5585 3575 5648 interpretem
3626 5598 3720 5633 litt-

2154 5666 2320 5706 struttt
2362 5649 2774 5721 Frattrogothuttt
2816 5652 3105 5719 appellare)
3155 5650 3225 5705 cf.
3277 5650 3460 5706 'L'tltnii
3506 5649 3719 5714 Einlrilt

2156 5743 2203 5791 ν.
2238 5728 2304 5775 2h
2335 5737 2484 5790 seqq.
2520 5722 2907 5775 Ascltbacbiutn
2942 5724 2976 5775 I.
3011 5721 3048 5775 ι.
3083 5740 3135 5792 p.
3167 5723 3236 5776 36
3266 5739 3345 5790 sq.
