4300 6458
452 371 549 426 669

449 481 820 554 properantius
847 490 1048 548 ageret,
1077 496 1198 536 nam
1219 492 1274 537 ut
1300 484 1563 550 interpres
1592 484 1705 554 gap
1729 496 1787 537 re
1814 498 1938 535 vera
1968 481 2031 534 ad

447 576 714 630 Christum
748 575 1012 642 retulerit,
1053 589 1373 644 quamquam
1406 574 1455 628 id
1497 590 1602 629 non
1629 590 1765 644 opus
1786 589 1905 629 esse
1930 573 2029 628 viri

446 668 588 722 docti
618 666 683 719 ad
711 666 768 723 h.
803 667 838 720 l.
863 666 1176 732 docuerunt,
1214 667 1502 722 tenendum
1529 676 1631 730 est,
1667 667 1894 720 Ariauos
1923 682 2028 720 non

445 758 782 812 divinitatem
807 757 1027 825 Christi,
1055 759 1146 814 sed
1178 759 1374 814 Christi
1406 775 1524 813 cum
1559 760 1666 814 Deo
1695 771 1842 827 patre
1880 759 2030 828 quasi

447 849 780 904 identitatem
810 850 1112 919 negavisse,
1152 860 1208 904 ut
1241 850 1352 905 Arii
1379 860 1610 906 sectator
1637 853 1719 906 vel
1751 852 2032 907 severissi-

448 957 570 997 mus
597 941 668 996 ita
690 940 928 996 scribere
968 953 1170 1011 posset,
1203 944 1278 998 uti
1307 953 1492 1000 auctor
1519 944 1863 1012 expositionis
1891 944 2033 997 illius

448 1033 646 1102 sapius
696 1033 873 1087 citata
903 1032 921 1064 ¹
964 1030 1245 1087 ainabaura
1285 1051 1447 1089 simas
1483 1034 1625 1106 gulis
1654 1035 1766 1106 gap
1799 1033 2031 1088 vitandin

450 1129 574 1199 (soli
601 1129 711 1186 ﬁlio
733 1126 1005 1199 Dei,Deus
1026 1131 1350 1200 essisteuti).
1377 1129 1558 1198 Neque
1582 1147 1700 1186 eam
1729 1132 1796 1185 ob
1817 1144 2031 1185 causam

452 1223 625 1290 locus,
669 1221 759 1276 diu
802 1220 1320 1289 desideratissiuttts,
1365 1223 1601 1278 Timuth.
1643 1225 1678 1288 Ι,
1727 1239 1804 1290 tu,
1857 1224 1923 1278 l6
1966 1223 2031 1279 ad

450 1315 806 1387 quaestionem
838 1313 1226 1384 profligandam
1258 1314 1402 1376 facit.
1431 1317 1517 1369 ubi
1543 1317 1704 1370 etiam
1725 1315 1793 1371 de
1821 1313 2033 1369 Clirism

453 1407 568 1481 gap
594 1406 922 1481 σπῶσίτήιίρε
954 1423 1040 1462 vas
1078 1409 1133 1461 in
1160 1407 1289 1462 [cita
1320 1407 1514 1464 dicitur
1541 1411 1591 1472 ’ς
1623 1424 1719 1462 nec
1741 1406 1880 1476 quod
1908 1404 2033 1460 Cas-

455 1500 742 1555 tilliottacus
775 1499 844 1555 ad
886 1499 1157 1569 guthicam
1189 1502 1492 1554 versionem
1524 1498 1885 1554 ἱιθιρτοὰοιίω
1930 1496 2036 1550 cri-

454 1591 600 1647 mine
631 1590 957 1646 liberandam
983 1589 1191 1647 Coloss.
1225 1607 1263 1659 ι,
1315 1592 1382 1646 t6
1410 1592 1666 1655 laudavit,
1697 1590 1826 1644 satis
1851 1590 2037 1644 mirari

454 1695 756 1750 possumus.
801 1680 949 1738 Unus
978 1682 1349 1738 tantummodo
1377 1684 1525 1738 locus
1569 1693 1672 1750 est,
1704 1696 1734 1734 a
1764 1679 2036 1736 Castillio-

457 1788 575 1828 meo
596 1773 708 1843 jam
755 1774 1043 1841 indicatus,
1073 1791 1140 1831 ex
1175 1791 1285 1847 quo
1327 1776 1638 1846 interpretis
1689 1777 1857 1830 nostri
1896 1776 2036 1830 aria-

457 1867 661 1922 nismus
702 1868 981 1938 perspicue
1018 1869 1398 1938 cognoscitur;
1444 1869 1674 1937 Philipp.
1715 1868 1858 1922 enim
1901 1884 1957 1930 ll,
2003 1868 2037 1920 6

457 1958 691 2027 legitur:
717 1961 768 2012 in
795 1961 994 2013 cristati
1026 1963 1157 2015 issit.
1187 1960 1291 2015 sed
1317 1963 1372 2014 in
1401 1959 1802 2032 gupaskstttteitt
1831 1958 2042 2013 visenda

455 2050 510 2102 ui
531 2050 677 2103 cuius
703 2049 924 2103 raltnt'da
951 2051 1092 2104 aitait
1119 2049 1198 2105 εει
1217 2052 1386 2123 galet'
1399 2052 1472 2106 to
1495 2049 1661 2124 gubn.
1683 2049 1801 2116 Quo
1823 2048 2036 2119 quidem

455 2142 578 2198 loco
616 2142 986 2198 Ilassmannus
1013 2143 1190 2200 Skeir.
1234 2159 1289 2214 p.
1316 2147 1407 2214 73,
1444 2145 1535 2217 qui
1560 2143 1829 2198 samalst’ks
1868 2151 1921 2197 et
1946 2157 2039 2213 ga-

456 2235 587 2290 let'ks
614 2250 722 2292 non
751 2245 897 2292 recte
922 2235 1275 2302 distinxisset,
1303 2237 1651 2292 ariauismum
1685 2235 1898 2305 probari
1941 2250 2036 2288 ne-

453 2329 625 2397 gavit,
645 2326 739 2384 sed
769 2328 1160 2385 Castillionaeus
1187 2328 1239 2384 in
1267 2331 1528 2400 epimetro
1552 2328 1797 2398 epistola:
1826 2328 1892 2382 ad
1919 2328 2042 2382 Phi.

457 2420 730 2492 lippenses
754 2421 937 2478 addito
963 2437 1018 2492 p.
1048 2422 1120 2478 63
1153 2438 1270 2493 sqq.
1303 2423 1556 2491 praeclare
1591 2424 1665 2478 de
1695 2438 1765 2478 eu
1786 2423 2043 2476 disseruit

457 2528 689 2585 eumque
709 2513 965 2569 exhibere
981 2524 1374 2585 argumentum,
1401 2515 1748 2585 interpretem
1768 2515 2040 2584 gothicum

458 2607 551 2677 qui
578 2604 985 2661 similitudinem
1012 2621 1109 2676 pro
1135 2608 1441 2675 mqualitate
1471 2606 1732 2674 posuerit,
1763 2605 2040 2660 arianismi

461 2697 716 2768 placitum
747 2696 798 2751 in
825 2707 1029 2752 textum
1057 2697 1302 2753 intulisse
1330 2697 1534 2753 docuit.

531 2787 732 2843 Contra
773 2787 1063 2844 Knittelius
1105 2789 1278 2846 Ullila:
1320 2790 1486 2855 ipsius
1514 2804 1637 2845 esse
1663 2798 1900 2844 nostram
1928 2804 2045 2844 ver-

460 2880 669 2936 sionem
685 2881 1016 2936 contendens
1051 2882 1190 2938 haud
1213 2881 1420 2938 felicius
1445 2897 1661 2937 causam
1682 2898 1832 2939 suam
1861 2881 2042 2954 agit‘;

462 2971 605 3042 quod
631 2971 776 3026 enim
801 2972 949 3039 dicit,
981 2971 1267 3030 Ultilanam
1312 2987 1432 3030 esse
1457 2983 1730 3044 oportere,
1759 2983 2046 3044 propterea

461 3063 604 3134 quod
626 3063 768 3132 apud
794 3066 1087 3132 scriptores
1115 3065 1319 3120 nullius
1347 3064 1448 3120 nisi
1477 3064 1651 3122 Uliila:
1677 3064 1818 3121 sacri
1844 3063 2048 3122 codicis

465 3153 641 3209 versio
659 3165 1137 3225 commemoretur,
1158 3171 1262 3211 non
1283 3156 1665 3224 consideravit,
1683 3173 1840 3227 quam
1860 3173 2048 3227 parum

461 3246 742 3317 gravitatis
768 3245 820 3301 in
860 3257 1170 3316 argumenta
1199 3261 1234 3302 e
1262 3248 1584 3318 scriptorum
1630 3247 1861 3303 silentiis
1889 3248 2046 3303 ducta

464 3339 762 3405 redundet;
789 3348 847 3394 et
884 3341 930 3405 si
965 3353 1053 3396 res
1090 3340 1486 3396 ecclesiasticas
1523 3340 1822 3397 Gothorum
1866 3356 1896 3394 a
1937 3342 2049 3396 suis

462 3430 821 3502 scriptoribus
861 3431 1059 3488 relatas
1104 3432 1441 3499 haberemus,
1487 3443 1582 3489 aut
1623 3433 1694 3489 de
1730 3435 1796 3490 iis
1839 3435 1894 3489 in
1932 3436 2051 3491 aliis

465 3521 812 3580 historiarum
829 3523 1165 3595 gnthicarum
1183 3525 1335 3580 libris
1352 3527 1569 3596 copiose
1592 3536 1865 3581 narratum
1885 3535 2047 3591 esset,

463 3615 740 3672 silentium
770 3606 857 3673 \le
899 3627 1157 3673 renovata
1203 3615 1648 3688 interpretatione
1700 3616 1997 3672 otfenderet
2030 3633 2048 3683 ;

466 3722 612 3763 nunc
635 3715 837 3774 autem,
867 3723 988 3762 cum
1012 3707 1274 3779 ejusmodi
1307 3709 1510 3764 mentio
1537 3723 1645 3763 non
1673 3707 1784 3775 liat,
1811 3708 1935 3762 inde
1964 3711 2048 3762 in-

468 3797 758 3868 telligimus
777 3801 1107 3869 posteriores
1122 3803 1443 3870 interpretes
1459 3813 1633 3869 neque
1649 3799 1859 3867 publice
1879 3813 2053 3869 neque

467 3902 618 3947 certo
642 3900 886 3962 tempore
912 3906 1048 3963 opus
1083 3890 1302 3958 fecisse.
1324 3892 1434 3948 sed
1474 3891 1730 3961 deinceps
1761 3890 1832 3945 ita
1855 3934 1869 3957 ,
1902 3903 1960 3946 ut
1985 3892 2055 3946 ab

471 3983 591 4039 aliis
618 3984 721 4039 alia
747 3993 1104 4041 mutarentur.
1138 3984 1342 4040 Revera
1385 3983 1682 4055 fragmenta
1714 3985 1781 4038 ad
1813 3992 2051 4039 nostram

469 4084 684 4130 tetatem
707 4082 922 4132 servata
952 4090 1074 4132 esse
1101 4075 1243 4131 illius
1261 4077 1549 4145 versionis,
1578 4092 1737 4148 quam
1778 4076 1962 4132 Ullilas
1987 4093 2050 4133 ex

469 4165 796 4235 scriptorum
824 4168 1134 4222 testimonio
1157 4164 1414 4235 confecit,
1441 4177 1535 4221 aut
1553 4167 1826 4222 aflirmare
1848 4176 1941 4221 aut
1963 4183 2053 4224 ne-

470 4271 602 4326 gare
624 4257 841 4313 ditlicile
866 4256 1082 4327 quidem
1117 4265 1221 4313 est.
1265 4257 1544 4314 Versionis
1583 4257 1729 4312 illius
1759 4261 1811 4313 in
1837 4259 2054 4328 gothica

471 4349 700 4406 ecclesia
729 4351 1102 4407 auctoritatem
1133 4351 1300 4409 fuisse
1317 4365 1568 4423 magnam
1583 4390 1602 4417 ,
1626 4351 1750 4407 huic
1772 4352 1851 4407 rei
1879 4361 1934 4408 et
1961 4351 2055 4407 Ut-

475 4443 580 4498 lila:
621 4444 936 4511 auctoritas,
978 4460 1082 4515 qua
1109 4443 1252 4514 apud
1291 4459 1420 4501 suos
1457 4444 1640 4516 viguit,
1681 4452 1738 4499 et
1765 4445 1868 4500 hoc
1894 4443 2054 4499 etiam

475 4550 792 4608 argumento
811 4550 917 4606 est,
945 4542 1086 4624 qupd
1118 4541 1317 4598 nullius
1344 4541 1481 4598 alius
1508 4557 1672 4612 opera
1703 4542 1757 4596 in
1784 4541 2056 4610 interpre-

476 4633 635 4689 tanda
662 4633 824 4689 biblia
848 4634 1088 4703 impensa
1110 4651 1139 4688 a
1162 4649 1341 4691 rerum
1363 4633 1714 4702 scriptoribus
1737 4648 2060 4689 commemo-

477 4735 644 4784 ratur.
689 4730 821 4790 uuze
859 4727 1149 4783 auctoritas
1178 4737 1360 4783 autem
1392 4729 1435 4783 si
1474 4735 1618 4781 tanta
1648 4726 1766 4791 fuit,
1789 4726 1916 4796 quid
1946 4735 2062 4780 erat

477 4833 676 4892 ausas,
701 4828 760 4875 ut
787 4819 979 4891 aliquis
1010 4819 1217 4877 litteras
1244 4834 1426 4876 sacras
1459 4818 1638 4876 denuo
1670 4819 2062 4873 convertendus

478 4911 810 4983 susciperet?
838 4915 909 4969 At
945 4913 990 4968 si
1014 4914 1178 4969 totius
1202 4911 1468 4968 versionis
1492 4910 1865 4982 repetitionem
1892 4902 2059 4980 nega-

554 5091 571 5122 ⁸
605 5090 770 5146 Sket'r.
802 5105 855 5159 p.
890 5091 979 5155 ιδ.
1023 5092 1112 5149 l3.

552 5160 578 5195 ³
603 5161 747 5224 llaec,
778 5161 1142 5218 Castillionteo
1186 5171 1403 5217 auctore
1425 5202 1441 5224 ,
1490 5161 1629 5217 dicta
1657 5161 1730 5217 de
1781 5161 1899 5217 loco
1921 5161 2063 5216 Tim.

486 5230 530 5298 l,
571 5246 661 5298 tu,
714 5231 804 5300 16,
837 5231 967 5288 falsa
1018 5243 1176 5300 sunt;
1230 5233 1351 5288 vide
1379 5232 1780 5288 adnotationem
1828 5235 1892 5287 ad
1926 5235 2068 5287 hunc

487 5302 660 5374 ipsum
690 5303 900 5374 locum;
931 5319 1104 5374 neque
1135 5305 1429 5372 prrsertim
1461 5305 1681 5373 Cognito
1712 5304 1847 5357 libro
1895 5303 1988 5360 illo
2035 5319 2064 5357 a

488 5370 717 5444 Waitzio
736 5373 903 5440 edito,
928 5370 1093 5429 ullum
1123 5370 1445 5444 relinquitur
1473 5370 1717 5438 dubium.
1746 5377 1873 5441 quin
1903 5374 2066 5434 Gothi

488 5442 687 5498 fuerint
717 5444 921 5500 Ariani.
958 5443 1096 5502 Vide
1121 5442 1317 5500 Waiti.
1349 5459 1404 5514 p.
1441 5445 1510 5501 40
1539 5461 1657 5515 sqq.

560 5512 584 5546 ⁸
613 5514 675 5570 Ρ.
701 5512 806 5570 Ms
827 5530 921 5570 su.

563 5530 584 5546 '
613 5530 675 5570 ι’.
701 5530 806 5570 sas
827 5530 921 5584 sq.

563 5583 584 5660 ξ
614 5585 1005 5660 (destruction?
1028 5587 1171 5660 apud
1189 5587 1404 5660 Iunium
1429 5602 1479 5657 p.
1503 5585 1628 5641 588.

562 5655 585 5727 ξ
612 5655 693 5711 Cf.
724 5655 909 5712 Zahnii
941 5655 1155 5713 Einleit.
1193 5675 1244 5727 p.
1276 5657 1368 5712 36.

565 5725 588 5757 '
640 5729 792 5796 Apud
845 5729 1150 5783 Simeoietu
1194 5725 1641 5797 dietaphrastcm
1709 5730 1762 5783 in
1819 5728 1951 5783 actis
2008 5729 2067 5783 8.

495 5797 694 5853 Nicetes
726 5799 881 5870 (Acta
911 5800 1232 5856 Sanctorum
1279 5801 1584 5868 Septembr.
1631 5800 1693 5853 V'.
1726 5815 1778 5870 p.
1822 5800 1884 5853 fil
1939 5801 2068 5853 edit.

501 5872 779 5941 Antverp.)
807 5867 1072 5945 Οὗριριλος,
1101 5872 1287 5940 iltqtlil,
1318 5878 1404 5930 τήν
1447 5873 1580 5947 ίερᾶν
1606 5867 1742 5942 ἡμᾶν)
1767 5877 1956 5946 γραφήν
1990 5875 2072 5927 καὶ

1834 365 2360 422 PliOLECOMENA.

3604 359 3707 413 470

2139 499 2279 549 mus,
2315 485 2636 555 procedente
2679 497 2916 554 tempore
2949 485 3032 539 hic
3063 484 3167 538 illic
3195 481 3513 536 mutationes
3550 492 3708 549 quas-

2136 578 2257 630 dam
2289 577 2456 630 factas
2499 591 2620 632 esse
2651 591 2754 630 non
2784 591 3058 645 negamus.
3108 575 3258 642 Quod
3298 589 3328 627 e
3383 573 3567 627 codice
3608 573 3711 624 Ar-

2135 679 2350 738 geuleo,
2377 669 2689 723 conditione
2713 679 2767 725 et
2795 669 2974 724 indole
3001 668 3323 737 singularum
3347 667 3461 732 eius
3485 664 3709 732 partium

2133 760 2441 829 diligentius
2471 770 2770 828 perspecta,
2804 763 3053 829 cognosci
3076 767 3305 828 poterat,
3324 758 3505 826 plures
3527 770 3709 809 recen~

2136 851 2316 907 siones
2341 852 2614 906 exstitisse
2638 853 2810 923 (cujus
2833 853 2907 907 rei
2939 851 3268 920 ignoratione
3298 849 3494 904 factum
3523 858 3629 910 est,
3653 860 3713 902 ut

2136 943 2490 1000 Mareshallus
2521 945 2572 998 in
2610 945 2849 1000 fraudem
2882 945 3160 1007 incideret,
3193 957 3314 998 cum
3360 952 3578 1011 prepter
3603 953 3714 994 stu-

2135 1037 2363 1107 pendam
2388 1048 2709 1092 vetustatem
2739 1038 2940 1092 codicis
2972 1037 3225 1106 Argentei
3250 1037 3387 1090 hanc
3413 1035 3713 1089 versionem

2135 1145 2242 1186 non
2292 1131 2448 1185 aliam
2488 1145 2632 1197 esse,
2678 1145 2838 1200 quam
2883 1129 3056 1186 Ullilae
3105 1130 3245 1184 illam
3286 1127 3715 1198 antiquissimam

2136 1225 2466 1280 existimaret
2504 1224 2560 1293 ‘;
2624 1239 2765 1280 nunc
2811 1239 2934 1280 cum
2986 1225 3335 1292 epismlarum
3375 1234 3555 1292 partes
3599 1239 3720 1289 per-

2138 1319 2354 1379 multas,
2384 1317 2782 1388 evangeliorum
2813 1317 3095 1372 nonnullas
3133 1317 3211 1371 bis
3243 1321 3293 1369 in
3326 1317 3549 1371 diversis
3575 1316 3722 1371 codi-

2138 1409 2290 1464 cibus
2317 1422 2630 1478 comparare
2655 1410 2798 1471 licet,
2829 1410 2989 1464 etiam
3021 1409 3217 1462 clarius
3241 1409 3581 1477 inteliigitur:
3616 1407 3718 1459 lllil‘.

2140 1515 2317 1557 tamen
2349 1504 2690 1559 recensiones
2716 1512 2861 1556 certe
2892 1516 2957 1556 ex
3003 1518 3102 1555 una
3145 1517 3343 1570 eaque,
3381 1503 3452 1554 uti
3481 1501 3717 1565 videtur,

2141 1594 2367 1651 Ulﬁlana
2398 1595 2662 1664 originem
2709 1594 2996 1656 duxerunt,
3035 1603 3374 1648 mutaverunt
3400 1602 3576 1648 autem
3624 1594 3721 1647 viri

2138 1687 2332 1742 eruditi
2374 1686 2688 1756 posterioris
2723 1687 2919 1750 aetatis,
2961 1695 3051 1738 aut
3091 1687 3179 1739 ubi
3215 1685 3383 1740 Uiiilzc
3421 1689 3721 1739 versionem

2140 1778 2313 1835 textui
2338 1793 2514 1850 graeco
2544 1795 2648 1834 tton
2681 1781 2810 1832 satis
2841 1787 3087 1832 accurate
3117 1778 3532 1846 respondentem
3564 1778 3727 1830 vidis-

2139 1879 2281 1934 sent,
2308 1879 2400 1924 aut
2425 1871 2514 1924 ubi
2544 1872 2596 1924 in
2631 1871 2742 1924 suis
2771 1870 2920 1923 libris
2945 1869 3078 1922 alias
3110 1868 3368 1923 lectiones
3396 1871 3726 1937 reperissent

2139 1972 2299 2030 atque
2322 1976 2458 2031 quas
2485 1961 2743 2016 habuerat
2774 1959 2975 2015 Ullilas.
3011 1960 3135 2015 llaec
3160 1960 3377 2030 quidem
3405 1959 3588 2015 videre
3617 1973 3723 2014 non

2140 2051 2364 2108 difficile
2386 2060 2488 2117 est,
2521 2051 2646 2106 illud
2675 2062 2853 2105 autem
2886 2066 2990 2105 non
3021 2051 3177 2106 facile
3207 2052 3403 2121 aliquis
3421 2051 3584 2116 dicet,
3606 2065 3726 2121 quae

2140 2145 2246 2200 illis
2276 2145 2408 2199 locis
2435 2144 2584 2199 initio
2613 2143 2681 2197 ab
2713 2143 2865 2198 Ullila
2897 2142 3092 2213 scripta
3122 2150 3177 2198 et
3206 2157 3326 2212 qute
3356 2142 3424 2196 ab
3459 2143 3581 2197 aliis
3611 2159 3726 2196 mu-

2141 2245 2271 2303 tata,
2291 2236 2468 2291 addita
2491 2245 2582 2289 aut
2604 2236 2962 2303 praetermissa
2990 2234 3129 2298 sint;
3155 2233 3443 2290 dolendum
3469 2248 3597 2288 vero
3620 2241 3726 2300 est,

2141 2328 2283 2399 quod
2331 2327 2642 2398 Heynatius,
2687 2327 2778 2395 qui
2813 2325 3177 2380 additamenta
3221 2325 3467 2395 quaedam
3507 2324 3723 2380 diversa

2143 2422 2340 2492 lingua
2369 2420 2550 2476 indole
2583 2434 2642 2474 se
2661 2420 2977 2489 cognovisse
2995 2418 3260 2487 gloriatur
3281 2418 3325 2485 ',
3366 2420 3517 2489 signa
3543 2419 3728 2489 cogni-

2145 2521 2320 2567 torum
2352 2527 2458 2566 non
2485 2510 2740 2582 prodidit.

2217 2604 2517 2661 Praemissis
2558 2605 2642 2659 bis
2681 2603 2737 2657 in
2765 2603 3074 2659 universum
3104 2602 3172 2658 de
3203 2591 3380 2674 lingua
3421 2612 3475 2660 et
3508 2613 3730 2659 auctore

2146 2707 2346 2753 nostra!
2370 2697 2656 2762 versionis,
2693 2696 2963 2766 pergimus
2979 2697 3044 2751 ad
3069 2697 3451 2753 instituendam
3478 2699 3730 2767 quaeStio-

2147 2805 2268 2845 ncm
2299 2789 2368 2845 de
2400 2790 2626 2856 ratione,
2648 2804 2751 2859 qua
2780 2790 2859 2844 sic
2880 2788 3148 2856 confecta,
3177 2791 3318 2846 unde
3345 2790 3431 2859 qui
3461 2790 3576 2859 ejus
3604 2805 3732 2845 usus

2147 2886 2382 2940 maxime
2422 2882 2478 2939 in
2520 2881 2873 2939 emendandis
2912 2881 3046 2938 locis
3078 2883 3364 2952 Scriptura
3406 2898 3573 2938 sacra:
3611 2897 3733 2939 esse

2150 2979 2338 3047 possit,
2371 2977 2670 3046 apparebit.
2717 2975 2952 3032 Primum
2989 2983 3168 3031 autem
3210 2974 3496 3031 dicendum
3537 2984 3622 3031 est
3666 2976 3737 3033 de

2151 3070 2297 3124 fonte
2330 3085 2394 3124 ex
2423 3082 2530 3136 quo
2557 3066 2763 3124 Gothus
2790 3063 3056 3137 interpi'es
3093 3064 3347 3121 hauserit.
3402 3064 3616 3122 Ullilam
3649 3068 3734 3121 in-

2152 3161 2589 3228 terpretationem
2615 3173 2767 3214 suam
2799 3174 2832 3214 e
2859 3160 3040 3228 grecis
3067 3159 3218 3213 libris
3244 3157 3542 3214 confecisse
3578 3173 3737 3214 nemo

2152 3253 2282 3308 olim
2312 3252 2594 3317 dubitavit,
2625 3251 2783 3321 idque
2800 3249 3119 3320 jampridem
3149 3250 3386 3321 Martyrii
3416 3248 3616 3305 Nicette
3637 3265 3738 3304 att-

2152 3357 2270 3402 ctor
2296 3347 2319 3378 ⁶
2348 3355 2573 3401 testatur
2608 3354 2834 3414 postque
2871 3361 2992 3398 eum
3021 3345 3204 3400 Sixtus
3243 3343 3497 3400 Semnsis
3515 3344 3556 3396 '.
3607 3343 3739 3410 Quae

2154 3438 2341 3494 notitia
2371 3438 2515 3493 unde
2560 3437 2642 3491 Itis
2671 3436 2801 3490 viris
2826 3436 3076 3502 venerit,
3111 3436 3325 3491 famaue
3352 3436 3493 3501 apud
3527 3446 3737 3491 veteres

2155 3528 2520 3599 percrebuerit
2548 3545 2617 3582 an
2640 3528 2762 3582 inde
2786 3526 3133 3597 coniecerim,
3167 3527 3291 3595 quia
3319 3527 3501 3584 Ullilas
3526 3528 3578 3581 in
3610 3527 3740 3581 Μαι

2153 3622 2232 3677 sia
2260 3620 2607 3676 habitavisset
2639 3629 2691 3673 ct
2712 3633 2741 3673 e
2764 3617 3090 3672 commercio
3118 3618 3738 3686 Constantinopolitano-

2155 3731 2272 3770 rum
2303 3715 2580 3770 hominum
2612 3728 2805 3783 graecae
2847 3712 3038 3779 lingua:
3073 3713 3316 3780 peritiam
3352 3723 3537 3766 nactus
3575 3720 3739 3775 esset,

2153 3823 2274 3863 eum
2299 3807 2459 3862 etiam
2487 3819 2692 3875 graecos
2724 3804 2890 3859 libros
2927 3804 2991 3859 ad
3017 3819 3150 3874 opus
3177 3818 3328 3858 snum
3359 3805 3740 3872 perliciendum

2155 3898 2499 3963 adhibuisse,
2530 3913 2627 3952 nos
2658 3897 2872 3968 quidem
2903 3897 3193 3960 nescimus,
3241 3897 3335 3951 sed
3378 3898 3740 3952 testimonium

2158 3993 2388 4047 maxime
2417 3991 2614 4062 prioris
2653 3990 2797 4044 illius
2843 3989 3122 4058 scriptoris
3160 4000 3376 4058 propter
3424 4001 3742 4046 vetustatem

2158 4100 2262 4138 non
2306 4082 2438 4137 adeo
2480 4080 2936 4136 contemnendum
2980 4078 3213 4133 videtur.
3258 4079 3360 4144 Qui
3407 4095 3538 4135 vero
3578 4089 3740 4134 stata

2157 4175 2402 4245 partibus
2440 4187 2649 4237 eorum,
2691 4173 2781 4238 qui
2813 4170 3025 4226 Ullilam
3065 4186 3268 4240 graecos
3309 4170 3474 4227 libros
3499 4185 3742 4228 secutum

2158 4269 2313 4322 esse‘I
2333 4262 2684 4328 contendunt,
2702 4262 2748 4318 is
2771 4277 2875 4317 non
2908 4263 3079 4317 solum
3094 4264 3413 4331 scriptorum
3440 4265 3743 4318 auctoritati

2160 4357 2318 4413 ﬁdem
2348 4355 2545 4410 habere
2565 4353 2745 4420 debet,
2772 4354 2860 4423 qui
2893 4355 2943 4407 in
2991 4353 3075 4408 his
3103 4353 3264 4408 rebus
3305 4354 3444 4408 haud
3493 4354 3744 4410 idoneam

2158 4449 2225 4505 ad
2259 4447 2688 4517 persuadendum
2723 4445 2827 4499 vim
2857 4445 3055 4501 habere
3080 4445 3288 4501 soleant
3319 4462 3332 4496 :
3363 4443 3555 4499 adsunt
3583 4446 3745 4501 etiam

2161 4549 2470 4611 argumenta
2501 4537 2657 4593 ducta
2687 4552 2717 4593 e
2737 4539 3143 4606 comparatione
3169 4536 3434 4592 vcrsionis
3463 4551 3662 4592 nostris
3687 4549 3746 4594 et

2165 4643 2343 4690 textus
2370 4633 2553 4704 graeci,
2587 4631 2778 4696 quibus
2805 4630 2856 4684 id
2888 4629 3162 4700 probatur.
3208 4631 3250 4684 E
3279 4631 3461 4684 multis
3485 4631 3600 4685 aliis
3633 4634 3748 4688 hac

2164 4741 2329 4795 pauca
2361 4724 2731 4796 proferimus:
2781 4738 2884 4776 non
2931 4723 3107 4778 solum
3149 4723 3289 4777 enim
3335 4741 3454 4780 eunt
3501 4724 3745 4779 ordinem

2165 4819 2474 4882 verborum,
2513 4832 2620 4887 quo
2644 4817 2802 4884 αι·ωεί
2844 4817 3192 4884 przeiverunt,
3223 4815 3450 4871 ﬁdeliter
3473 4826 3653 4872 servat
3678 4847 3750 4870 -_-

2167 4916 2522 4979 praterquam
2547 4908 2635 4964 ubi
2681 4907 2892 4962 indoles
2929 4906 3158 4976 gothicai
3186 4906 3378 4974 lingua:
3410 4908 3572 4963 alium
3603 4907 3747 4962 ordi-

2169 5089 2503 5148 οεόπνευστον
2538 5090 2639 5143 ἀπὸ
2671 5096 2763 5148 τῆς
2806 5086 3007 5149 ίλλάδος
3038 5089 3110 5146 sic
3148 5093 3238 5145 τήν
3269 5091 3490 5158 γοτθικὴν
3513 5089 3750 5158 γλῶσσαν

2236 5162 2486 5218 ratiﬁeld”.
2541 5159 2620 5213 ω.
2669 5159 2975 5230 llierOnymj
3023 5158 3311 5230 epistolam
3331 5159 3396 5212 ad
3429 5163 3648 5226 buttjaut
3693 5170 3752 5212 et.

2221 5231 2455 5290 rithilam
2484 5231 2735 5296 scriptam
2755 5271 2770 5294 ,
2799 5226 2902 5296 qua
2936 5226 3138 5282 Gothos
3158 5228 3346 5296 graecis
3377 5245 3542 5284 sacrae
3580 5231 3751 5297 scrip-

2174 5311 2307 5356 tura:
2329 5303 2603 5361 codicibus
2634 5315 2761 5354 usos
2788 5313 2909 5354 esse
2931 5299 3075 5352 dicit.

2240 5373 2260 5402 ⁷
2309 5373 2560 5430 Biblintlt.
2596 5387 2645 5423 tv
2680 5387 2730 5433 p.
2763 5373 2867 5426 590
2895 5371 3025 5424 edit.
3059 5370 3246 5424 Colon.
3309 5370 3490 5426 Ullilas
3544 5371 3750 5438 primus

2174 5443 2383 5501 Gothus
2406 5459 2595 5500 omnes
2619 5442 2828 5495 divinas
2851 5442 3146 5508 scripturas
3167 5457 3198 5496 e
3213 5457 3381 5510 grrcco
3403 5443 3452 5494 in
3478 5441 3750 5511 gothicam

2175 5513 2405 5583 linguam
2437 5533 2467 5570 a
2498 5529 2557 5569 se
2581 5527 2864 5566 conversas
2897 5513 3129 5564 tradidit.

2245 5580 2274 5617 ί
2321 5587 2455 5641 Cum
2513 5585 2710 5644 Ussero
2741 5583 2875 5648 apud
2907 5582 3122 5636 iunium
3180 5584 3407 5638 (ilossar.
3457 5581 3628 5645 p.16.
3674 5580 3746 5632 cf.

2177 5652 2554 5711 Mareshallnm
2590 5669 2642 5719 ιι.
2697 5654 2800 5707 589
2830 5671 2912 5720 sq.
2963 5653 3264 5708 liemelitttn
3321 5651 3524 5723 prmfat.
3579 5667 3633 5723 p.
3666 5650 3754 5723 γι,

2177 5724 2375 5795 Lycum
2407 5743 2454 5795 p.
2497 5740 2676 5784 usu,
2711 5723 3100 5795 “erUIIIMUl/ll.
3132 5720 3332 5781 iliustrf
3354 5739 3401 5791 p.
3439 5721 3565 5787 ‘268,
3597 5720 3751 5775 linit-

2179 5793 2359 5853 lcliuut
2386 5793 2434 5854 tt.
2471 5796 2591 5853 N3.
2621 5795 2876 5851 Zahuium
2911 5793 3119 5848 Eittleit.
3154 5811 3204 5866 p.
3232 5796 3300 5850 ‘28
3330 5811 3447 5865 sqq.
