4300 6434
438 367 540 418 475

433 477 704 548 iunctione
734 478 906 545 aliqua
929 480 995 530 ad
1025 478 1149 530 illud
1175 477 1722 532 circumscribe"ilum
1751 488 2002 540 utuntur;

435 571 722 638 patticnlas
748 571 1003 637 quasdam
1035 585 1234 636 glaucas
1263 588 1292 620 a
1326 571 1504 623 latinis
1530 571 1756 623 omissas
1782 571 2016 625 lideltter

435 663 730 725 reililit,sic
757 661 818 716 ἄν
853 663 983 716 an.
1009 679 1084 726 Ix,
1111 663 1220 727 46;
1254 679 1315 724 χ,
1356 664 1444 726 15ς
1483 679 1622 722 ιιι-ιι,
1669 667 1734 725 (5;
1777 663 1931 715 Juau.
1963 679 2011 714 Ix

434 757 537 812 M;
575 759 730 806 lituo.
764 771 839 818 Ix,
869 756 975 819 29;
1004 776 1100 831 περ
1134 755 1259 808 an.
1286 771 1436 819 vaII,
1461 755 1555 818 H;
1582 756 1704 813 Cor.
1733 757 1796 818 ll,
1816 772 1928 822 vIII,
1948 758 2011 816 7;

439 847 616 899 multis
647 845 778 898 locis
802 847 1055 899 lectiones
1081 847 1362 898 latinorum
1389 863 1417 898 a
1441 849 1628 916 granis
1653 848 2014 915 tlisCIepantes

439 951 537 990 nec
568 933 773 988 Gothus
799 938 976 999 habet,
1001 940 1093 989 sed
1128 953 1249 990 cum
1271 939 1457 1006 grsrcis
1489 938 1747 1004 cont-iuit,
1779 942 1856 992 sic
1890 939 1948 994 L.
1977 956 2013 1001 I,

439 1028 505 1081 10
529 1026 612 1080 ubi
639 1029 814 1081 nullus
843 1027 1126 1079 latinorum
1151 1045 1270 1080 cum
1298 1031 1470 1079 tiotlto
1491 1027 1912 1100 προσδεχόμενον
1940 1030 2016 1082 le-

433 1119 537 1188 git;
565 1121 668 1172 sub
696 1120 953 1172 orationis
979 1121 1259 1174 il0IniIIica:
1284 1124 1438 1174 linem
1465 1119 1674 1174 Gothus
1704 1138 1824 1173 cum
1853 1122 2006 1174 codd.

433 1213 623 1280 grarcis
649 1211 681 1264 tl
707 1211 989 1278 ixologiam
1020 1210 1201 1276 habet,
1236 1228 1393 1279 quant
1429 1211 1715 1266 latinorum
1749 1212 1860 1267 let'e
1894 1216 2015 1265 ttul-

436 1303 520 1358 lus
546 1327 552 1348 :
576 1304 821 1374 guuscit;
855 1313 908 1357 et
937 1304 1064 1371 quid
1095 1304 1196 1356 aha
1251 1305 1627 1371 producamus,
1683 1319 1803 1357 cum
1835 1302 2017 1374 paucis

435 1397 676 1464 exceptis
715 1396 894 1446 omnia
947 1397 1057 1449 t'ete
1104 1408 1138 1449 e
1192 1395 1383 1463 gra-cis
1435 1394 1623 1449 hausta
1665 1409 1786 1450 esse
1833 1407 2018 1464 aperte

434 1495 694 1542 testentur
717 1487 741 1539 ι

508 1575 617 1632 V’iri
648 1577 844 1632 eruditi
899 1577 1057 1644 igitur
1098 1593 1219 1630 cum
1251 1579 1300 1629 iu
1329 1576 1499 1632 Ullilae
1529 1578 1781 1634 versione
1813 1578 2020 1646 aliquot

435 1669 569 1722 locis
619 1671 903 1722 latium-qu
962 1673 1205 1725 codicum
1257 1671 1518 1726 lectiones
1550 1673 1894 1740 reperissent,
1927 1672 2016 1728 alii

435 1776 558 1814 eum
580 1761 743 1813 libros
767 1764 1042 1828 utriusque
1064 1763 1330 1815 sermonis
1351 1763 1688 1817 consuluisse
1713 1764 1754 1826 ⁸,
1784 1765 1872 1815 alii
1899 1780 2016 1817 ver-

439 1849 651 1902 sionem
684 1850 860 1917 gatlnc
880 1865 948 1904 .m
989 1853 1284 1918 posti-riure
1326 1860 1483 1905 (etate
1511 1853 1578 1906 ab
1607 1851 1726 1906 aliis
1754 1852 2018 1922 theologis

433 1941 500 1991 ad
532 1941 721 1992 latinos
753 1941 916 1993 libros
950 1941 1287 1995 refortttatam
1307 1955 1426 1997 eset!
1447 1955 1768 1998 censuerunt
1790 1947 1828 1996 '.
1871 1945 2015 2014 Qua-

436 2043 553 2082 rum
582 2029 893 2099 opinionum
927 2033 1070 2099 prior
1103 2048 1288 2098 parum
1313 2032 1579 2089 laudanda
1608 2035 1820 2090 videtur
1845 2052 1858 2098 ;
1891 2053 2014 2088 nam

431 2120 640 2174 etiamsi
679 2137 852 2189 neque
891 2139 1013 2178 cum
1054 2122 1370 2190 Wetsteuio,
1421 2141 1548 2179 num
1593 2124 1776 2181 Ullilas
1823 2127 2016 2196 lingua:

435 2210 612 2264 latinae
639 2213 863 2276 peritus,
891 2227 1066 2282 neque
1087 2228 1209 2267 cum
1234 2214 1484 2270 Hicltesio
1503 2227 1556 2269 et
1587 2217 1864 2281 Lacrozio,
1888 2233 2013 2270 nunt

433 2307 596 2358 latina
631 2307 807 2376 lingua
839 2308 889 2360 iu
917 2306 1099 2364 Maesia
1129 2310 1363 2377 vulgaris
1393 2321 1445 2364 et
1489 2309 1639 2366 latini
1681 2326 1848 2366 sacra:
1871 2315 2014 2370 Scri-

434 2409 605 2466 ptura:
654 2399 872 2457 codices
911 2401 1040 2459 illuc
1089 2404 1329 2456 translati
1370 2403 1563 2458 iuerint
1591 2405 1634 2467 ³,
1692 2407 2010 2471 quaerimus;

433 2499 612 2544 tamen
661 2489 784 2556 quia
815 2491 902 2543 lux
933 2493 1192 2560 evangelii
1223 2490 1412 2545 Gothis
1439 2507 1468 2544 a
1500 2509 1675 2562 grmco
1701 2495 1834 2549 urbe
1861 2495 2015 2546 amil-

429 2596 595 2646 serat,
622 2582 741 2637 fieri
773 2597 876 2635 nou
914 2583 1115 2650 putuit,
1164 2599 1288 2654 quin
1320 2585 1572 2642 ductores
1596 2587 1820 2654 gotliici,
1852 2588 1940 2656 qui
1981 2604 2011 2642 a

430 2669 636 2729 Graecis
657 2674 955 2729 doctrinam
996 2685 1320 2743 acceperant
1359 2685 1417 2730 et
1459 2677 1510 2731 lu
1541 2693 1834 2748 graecorum
1865 2680 2012 2732 chri-

428 2763 722 2819 stinuorutu
755 2766 1000 2818 conciliis
1031 2767 1344 2830 intererant,
1398 2781 1590 2836 graec
1634 2770 1830 2838 lingua:
1857 2770 2010 2840 gnari

428 2865 628 2917 essent,
662 2870 730 2906 i-x
759 2871 866 2922 quo
917 2856 1230 2925 intelligitur
1260 2857 1460 2910 nullam
1494 2875 1616 2913 esse
1658 2875 1874 2914 causam
1914 2876 2012 2916 cur

429 2953 632 3017 primus
663 2950 928 3020 interpres
955 2952 1238 3008 qutioruut
1262 2931 1325 3006 ad
1358 2955 1522 3009 libros
1548 2954 1742 3014 latinos
1761 2959 2012 3024 coniuge.

428 3041 495 3094 rit
512 3079 527 3100 .
551 3041 703 3105 cujus
726 3042 938 3109 linguae,
962 3044 1006 3094 si
1034 3057 1158 3096 vere
1176 3057 1293 3095 eam
1317 3045 1522 3105 calluit,
1543 3046 1777 3113 cognitio
1797 3049 1843 3100 ei
1861 3058 2009 3100 certe

425 3143 532 3183 non
561 3130 794 3196 paratior
821 3145 978 3198 quam
1017 3146 1207 3198 graecae
1235 3143 1398 3186 esset.
1433 3133 1608 3188 Medio
1634 3134 1852 3207 quidem
1892 3151 2006 3189 aevo

428 3223 707 3288 theologos
731 3230 876 3273 tanta
911 3222 1101 3293 lingua:
1130 3236 1318 3291 gramm
1368 3225 1635 3297 imperitia
1680 3226 2007 3287 laboravisse

422 3310 646 3374 scimus,
679 3323 734 3364 ut
759 3312 931 3365 sicuti
961 3313 1151 3366 littera:
1178 3329 1348 3368 sacra:
1369 3325 1548 3370 essent
1570 3317 1912 3381 adhibendte.
1935 3319 2004 3373 ad

427 3401 592 3455 libros
624 3401 814 3457 latinos
845 3403 1241 3472 confugeretttr,
1279 3406 1329 3458 id
1359 3409 1500 3475 quod
1530 3407 1792 3461 Lutlierus
1821 3418 2008 3466 poster

425 3491 574 3554 fecit,
606 3493 913 3562 priusquam
941 3496 1131 3564 graacis
1157 3496 1352 3550 litteris
1368 3498 1583 3556 studere
1601 3500 1884 3568 cotpisset;
1905 3503 2002 3557 sed

423 3581 547 3638 inde
575 3584 824 3654 probare,
878 3585 965 3638 illa
993 3601 1208 3656 quoque
1254 3596 1410 3642 aetate
1454 3588 1766 3648 hominibus
1805 3593 2004 3646 exteris

423 3677 640 3731 latinam
665 3691 824 3743 quam
850 3691 1080 3746 grmcam
1107 3679 1400 3733 faciliorem
1429 3681 1700 3736 intellectu
1732 3683 1898 3738 fuisse
1923 3695 2007 3736 at-

420 3780 527 3834 que
557 3769 607 3818 in
629 3766 961 3835 explicandis
993 3768 1126 3821 locis
1166 3769 1556 3825 difﬁcilioribus
1602 3771 1795 3826 latinus
1837 3773 2006 3833 libros

423 3857 712 3921 adhibitos,
748 3859 1099 3924 periculosius
1127 3859 1353 3915 videtur.
1389 3861 1456 3919 Et
1484 3862 1531 3919 si
1560 3879 1690 3919 vere
1721 3864 1911 3922 habuit
1939 3866 2002 3920 li-

425 3950 550 4005 bros
577 3953 790 4012 latinos,
820 3965 919 4008 cur
942 3953 1011 4008 de
1038 3961 1144 4006 tam
1189 3955 1372 4020 paucis
1401 3955 1536 4008 locis
1576 3970 1675 4009 eos
1709 3957 2004 4022 consuluit,

421 4044 488 4094 de
517 4041 760 4108 plurimis
789 4043 910 4094 aliis
951 4043 1204 4110 neglexit,
1259 4043 1346 4100 ubi
1390 4054 1614 4116 prOpter
1656 4047 2003 4103 dilticultatcs

425 4133 880 4201 interpretationis
920 4144 1011 4186 aut
1059 4137 1235 4192 minus
1272 4148 1419 4194 recte
1465 4149 1554 4195 aut
1612 4154 1832 4212 prorsus
1870 4141 2007 4203 {also

421 4222 721 4276 convertit?
775 4222 938 4276 Multo
978 4234 1153 4278 autem
1187 4227 1511 4295 probabilior
1539 4239 1621 4283 est
1667 4235 1833 4285 altera
1884 4247 2007 4286 seu-

423 4320 610 4382 teutia,
637 4332 738 4384 qua
767 4319 950 4370 versio
984 4319 1036 4370 in
1067 4318 1250 4376 Moesia
1277 4335 1341 4375 ex
1373 4321 1524 4376 libris
1547 4323 1735 4392 gratcls
1763 4324 2005 4383 conficta

425 4417 607 4476 postea
639 4411 689 4461 in
723 4408 866 4462 Italia
903 4410 971 4461 ab
1014 4410 1130 4466 aliis
1177 4411 1445 4482 theologis
1472 4414 1699 4485 gotliicis
1737 4415 1800 4472 ad
1850 4429 2008 4474 teno~

425 4514 536 4556 rem
562 4507 616 4554 et
645 4515 884 4555 normam
917 4501 1202 4558 latinorum
1243 4503 1498 4560 librorum
1530 4515 1730 4560 mutata
1756 4516 1808 4562 et
1840 4509 2003 4565 inter-

425 4591 598 4656 polata
640 4605 762 4644 esse
805 4593 1162 4646 existimatur.
1214 4592 1394 4660 Neque
1436 4594 1818 4650 Griesbaclnus
1849 4598 1871 4627 ⁸
1903 4614 1999 4650 au-

424 4681 650 4735 diendus
678 4693 780 4746 εει,
805 4683 894 4751 qui
923 4684 1187 4750 gothicatu
1215 4685 1512 4737 versionem
1539 4685 1712 4752 aliqua
1745 4685 2002 4740 relatione

423 4787 544 4827 cum
576 4772 756 4828 latinis
787 4776 1126 4844 euujuactam
1159 4789 1278 4830 esse
1309 4791 1510 4846 negans
1541 4778 1735 4842 potius.
1763 4791 1882 4846 qua:
1916 4778 2000 4831 il‘a

425 4879 488 4919 ex
539 4863 621 4918 his
651 4864 716 4924 in
764 4879 820 4919 se
850 4866 1101 4920 translata
1137 4865 1333 4922 habere
1357 4866 1621 4930 videatur,
1655 4884 1715 4920 ea
1747 4879 1838 4921 aut
1873 4881 2000 4922 casu

499 4980 514 5008 ‘
551 4977 827 5050 Bcnzelius
861 4976 1066 5044 praefat.
1098 4994 1149 5050 p.
1182 4994 1348 5032 χχχιιι
1378 4996 1388 5030 :
1417 4979 1590 5050 versio
1614 4980 1748 5034 facta
1781 4992 1882 5044 est,
1918 4983 1997 5034 in-

427 5052 560 5116 quit,
609 5049 974 5118 nonaliuude,
1027 5049 1182 5116 quam
1227 5049 1533 5106 authentico
1588 5065 1779 5118 arma,
1834 5052 1996 5105 latino

429 5129 605 5174 tamen
637 5116 950 5189 interprete,
999 5120 1087 5187 qni
1140 5120 1227 5174 ille
1269 5116 1645 5189 cuttiqneifuit,
1677 5136 1779 5174 non
1814 5120 1996 5177 incon-

426 5189 596 5252 sulto;
619 5188 1026 5258 cffalleogebuut
1063 5189 1362 5258 Defenst‘uue
1388 5188 1458 5246 Ν,
1487 5188 1550 5244 Τ.
1583 5207 1632 5256 p.
1665 5189 1752 5244 27.
1784 5191 1991 5246 Semlc-

428 5260 634 5328 rnmad
665 5257 926 5313 Wetstett.
953 5275 1001 5324 ιι.
1029 5259 1152 5324 309,
1179 5258 1493 5315 GriInIIIiu-u
1523 5259 1603 5311 ιν.
1630 5258 1678 5316 J.
1710 5276 1803 5314 Lxx
1830 5277 1878 5328 p.
1905 5261 1991 5316 47.

495 5330 516 5360 ¹
550 5327 876 5385 Wet~tcnius
902 5345 951 5396 p.
982 5330 1082 5382 ’.50ιὶ
1104 5331 1229 5383 edit.
1271 5332 1435 5388 Setnl.
1468 5330 1586 5384 lltre
1615 5330 1760 5396 Ulﬁl.
1792 5327 1978 5382 ilium.

431 5413 483 5464 ιι.
515 5399 638 5452 268.
673 5398 906 5451 lahnius
939 5398 1140 5451 Eiulcit.
1199 5415 1248 5465 p.
1273 5400 1333 5452 3i
1368 5415 1483 5466 sqq.
1515 5399 1807 5456 Castillioo.
1864 5402 1992 5463 Spe-

428 5483 545 5538 ctttt.
577 5471 722 5538 przcl'.
759 5486 810 5534 p.
852 5485 942 5521 xx.
976 5471 1043 5521 cl‘.
1077 5473 1322 5524 eumdem
1355 5471 1418 5522 ad
1453 5469 1648 5538 lipltos.
1683 5487 1740 5535 II,
1772 5470 1805 5522 5
1839 5482 1892 5524 et
1925 5473 1989 5524 ad

431 5537 599 5592 Calai.
638 5556 714 5603 Iv,
754 5539 834 5590 18.

509 5609 630 5662 'Cf.
658 5609 776 5662 Ihrc
809 5608 957 5667 U/ftl.
990 5611 1230 5660 illustrat.
1262 5623 1310 5678 ιι.
1334 5609 1459 5672 9.60,
1490 5609 1613 5664 269.

431 5752 444 5800 Ι
499 5677 520 5708 ⁸
578 5680 804 5800 Ιιιιιδὶιιιδ
852 5685 915 5731 ad
959 5679 1218 5733 Zabuiuut
1254 5677 1396 5742 data,
1456 5680 1560 5733 vid.
1626 5679 1812 5735 Zaltnii
1873 5680 1999 5734 Ein-

451 5763 532 5800 (ΙΙ.
569 5764 615 5800 ιι.
654 5775 682 5798 .:
732 5790 738 5797 .

451 5763 532 5802 (tl.
569 5764 615 5802 β.
654 5763 738 5800 .:’t.

501 5764 532 5799 l.
610 5764 738 5800 ..:’t.

501 5822 518 5850 ⁸
569 5764 707 5874 [Loca
757 5836 819 5874 cx
875 5821 1138 5889 ναι-ωηιξη
1215 5822 1525 5891 interpolata
1594 5819 1756 5877 habes
1823 5821 1933 5875 ll.L'C
1981 5839 1990 5872 :

1783 358 2308 414 l’llOLECOMEN.\.

3595 352 3693 408 ιιι

2117 474 2337 528 fortuito
2363 484 2418 527 et
2444 490 2470 526 a
2498 471 2674 528 Gotho
2702 483 2755 528 et
2781 490 2808 526 a
2843 473 3042 528 Latinis
3069 473 3270 539 addita,
3301 483 3391 526 aut
3416 489 3535 526 cum
3567 489 3696 526 con-

2121 581 2308 618 seusus
2349 568 2417 616 ita
2451 565 2660 626 habeat,
2697 576 2750 616 ut
2778 566 3007 617 maxine
3035 566 3528 632 interpretameuta,
3555 567 3698 632 glos-

2119 670 2352 718 semata,
2381 658 2743 709 additamenta
2779 676 2807 709 ι·
2840 658 2967 709 locis
2996 657 3268 726 parallelis
3295 657 3316 685 ⁸
3343 657 3561 725 ejusque
3590 656 3696 708 sint

2119 752 2329 820 generis
2358 751 2489 812 alia,
2527 752 2580 803 in
2615 762 2892 816 utramque
2925 750 3219 805 versionem
3247 767 3308 803 ex
3339 750 3526 803 eodem
3552 749 3697 802 fonte

2118 845 2342 897 derint-ta
2374 860 2493 898 esse
2518 845 2781 909 opinatur.
2813 844 2934 896 lla-c
2964 849 3129 896 altera
3153 845 3354 912 opinio,
3388 856 3440 897 nt
3465 845 3693 910 priori-nt

2119 938 2459 1000 omittamus,
2506 939 2767 1003 sagaciter
2802 938 3014 1005 quidem
3051 939 3342 1004 excogitata
3383 946 3493 1000 est,
3526 938 3617 990 sed
3649 939 3693 991 si

2121 1029 2200 1080 vir
2225 1028 2564 1082 doctissimus
2592 1029 2934 1096 epistularum
2963 1047 3102 1081 nunc.
3132 1031 3390 1083 editorum
3419 1046 3697 1096 compara-

2121 1119 2317 1173 tionem
2348 1117 2626 1173 instituere
2656 1124 2904 1184 potuisset
2940 1130 2991 1173 et
3020 1121 3101 1173 vi-l
3136 1135 3346 1174 errores
3375 1136 3405 1172 e
3433 1121 3610 1174 latinis
3641 1121 3694 1174 in

2120 1209 2386 1277 guthicam
2421 1208 2722 1264 versionem
2749 1211 3021 1264 trauslisse
3049 1211 3284 1271 vidisset.
3318 1212 3502 1278 procul
3535 1211 3695 1264 dubio

2120 1299 2273 1357 aliter
2304 1300 2634 1370 iudicasset;
2674 1316 2795 1354 nam
2823 1317 2872 1356 e.
2905 1317 2957 1366 σι.
2985 1303 3125 1370 quod
3159 1302 3293 1371 Eph.
3330 1319 3362 1356 ιι
3385 1342 3398 1362 .
3433 1301 3466 1353 5
3489 1302 3552 1355 ad
3581 1319 3696 1355 vor-

2122 1390 2245 1446 bttttt
2278 1401 2454 1449 textus
2481 1393 2667 1464 viljans
2720 1394 3065 1460 (voluntates)
3116 1393 3168 1446 in
3213 1393 3456 1461 margine
3497 1395 3695 1448 lustrius

2121 1480 2469 1549 (voluptates)
2499 1484 2727 1550 positum
2759 1493 2864 1545 est,
2890 1483 3030 1537 unde
3058 1499 3120 1538 ea
3155 1483 3309 1537 lectio
3339 1484 3504 1548 venit,
3529 1483 3633 1536 nisi
3665 1498 3698 1538 e

2121 1575 2286 1630 latino
2311 1576 2495 1634 codice
2521 1616 2533 1636 .
2584 1579 2633 1630 in
2662 1592 2766 1647 quo
2796 1577 2953 1630 verba
2999 1590 3132 1630 sonu
3170 1577 3365 1630 similia
3399 1587 3696 1644 permutata

2118 1665 2307 1721 erant?
2335 1666 2517 1733 Neque
2545 1668 2630 1720 illa
2659 1666 2947 1731 sententia,
2982 1666 3136 1720 nobis
3165 1667 3405 1733 probata,
3435 1676 3540 1718 tam
3569 1667 3697 1719 ridi-

2120 1758 2238 1808 cula
2262 1766 2383 1818 est,
2415 1772 2575 1824 quant
2609 1757 2875 1812 llicbardo
2902 1755 3107 1810 Simoni
3139 1758 3160 1786 ‘
3189 1757 3466 1811 videbatur
3485 1798 3503 1820 ,
3535 1758 3696 1812 modo

2121 1863 2189 1902 ne
2210 1847 2278 1902 de
2311 1848 2532 1917 Vulgata
2559 1852 2850 1921 cogitetur,
2881 1849 2946 1906 ad
2975 1862 3134 1916 quam
3167 1859 3342 1902 nostra
3379 1849 3556 1903 versia
3584 1865 3700 1906 tutt-

2121 1949 2225 1994 tata
2255 1942 2344 1994 sit.
2383 1939 2660 2014 Vulgatam
2691 1944 2857 2008 enim,
2890 1957 3046 2010 quam
3086 1957 3226 1994 nunc
3254 1951 3467 2005 vocant,
3495 1941 3702 1997 Gothos

2119 2047 2224 2086 ιιοιι
2273 2034 2583 2090 adhibuisse
2625 2049 2731 2088 non
2774 2033 2945 2089 solum
2981 2032 3104 2086 inde
3144 2034 3518 2101 cognoscitur,
3557 2036 3700 2104 quod

2118 2126 2285 2179 multo
2317 2135 2435 2194 post
2483 2142 2580 2181 usu
2626 2135 2836 2194 recepta
2868 2134 2990 2192 est,
3024 2140 3206 2179 verum
3236 2127 3396 2180 etiam
3425 2128 3565 2196 quod
3594 2127 3701 2184 Go-

2117 2217 2263 2271 tbica
2296 2219 2471 2279 versio
2498 2227 2553 2278 et
2583 2219 2709 2276 novi
2734 2228 2788 2275 et
2814 2218 3008 2275 veteris
3035 2220 3333 2275 uelamenti
3354 2262 3368 2285 ,
3399 2233 3518 2274 cum
3551 2221 3643 2274 nul
3667 2236 3700 2273 ο

2118 2307 2230 2364 fere
2268 2309 2401 2366 libro
2441 2311 2648 2373 rarius.
2675 2324 2833 2379 quant
2863 2324 2984 2367 eum
3017 2310 3106 2364 illa
3133 2310 3370 2363 etmeinit
3396 2311 3416 2342 ⁷
3449 2327 3463 2374 ;
3512 2323 3698 2364 contra

2117 2400 2313 2467 turpius
2345 2417 2466 2454 cum
2498 2404 2714 2473 antiqua
2747 2401 2836 2458 illa
2859 2403 3129 2467 versione,
3160 2417 3320 2469 quam
3353 2404 3454 2456 hoc
3481 2403 3700 2457 nomine

2115 2491 2432 2558 appellatam
2457 2492 2701 2550 Sabatier
2731 2509 2761 2546 e
2789 2491 2952 2544 variis
2972 2491 3246 2548 codicibus
3269 2491 3546 2548 collemam
3576 2506 3697 2548 cum

2117 2581 2338 2657 Vulgata
2382 2583 2587 2648 edidit,
2632 2582 2830 2652 saepius
2859 2584 3019 2638 etiam
3065 2599 3184 2642 cum
3214 2583 3464 2640 Brixiano
3486 2583 3697 2651 codice,

2114 2688 2273 2740 quem
2299 2671 2644 2731 Blancltiuius
2661 2673 2863 2736 edidit;
2887 2673 2979 2726 sed
3003 2688 3123 2726 cum
3153 2675 3298 2726 nullo
3323 2674 3509 2728 borum
3534 2675 3698 2730 libro-

2116 2779 2234 2817 rum
2261 2765 2329 2817 ita
2359 2767 2606 2834 congruit
2644 2762 2850 2819 Gellius
2874 2805 2892 2829 ,
2940 2774 2999 2818 ut
3023 2779 3189 2818 unum
3215 2775 3306 2818 aut
3335 2766 3559 2821 alterum
3587 2782 3699 2838 prie

2121 2856 2341 2925 reliquis
2369 2868 2586 2913 secatus
2612 2870 2734 2914 esse
2762 2855 2864 2912 diri
2899 2857 3086 2924 possit.
3140 2858 3245 2913 lies
3270 2869 3448 2912 autem
3483 2861 3562 2916 sic
3599 2861 3695 2916 lia-

2115 2946 2240 3004 bere
2274 2945 2488 3002 videtur
2517 2965 2532 3004 :
2564 2946 2722 3002 Comi
2772 2947 2972 3001 relictis
3019 2948 3136 3002 lstri
3194 2949 3325 3012 ripis
3369 2951 3530 3004 biblia
3576 2967 3695 3017 sua,

2112 3039 2251 3092 sicut
2277 3049 2434 3093 erant
2463 3040 2531 3093 ab
2560 3040 2714 3093 llitlla
2745 3053 2999 3095 conversa
3027 3080 3042 3102 ,
3074 3050 3164 3094 aut
3190 3042 3350 3099 etiam
3395 3043 3463 3098 ab
3491 3043 3693 3116 aliquo,

2109 3131 2152 3183 si
2184 3131 2308 3200 quid
2336 3134 2578 3196 deesset,
2619 3131 2854 3201 perfecta
2874 3169 2891 3193 ,
2918 3145 3100 3185 secum
3135 3131 3189 3185 in
3218 3131 3419 3187 Italiam
3445 3134 3697 3204 deporta—

2111 3231 2268 3282 raut;
2315 3221 2385 3276 ibi
2420 3222 2716 3279 incolentes
2749 3237 2870 3276 cum
2900 3222 3133 3290 linguam
3164 3223 3530 3280 Romanorum
3558 3225 3694 3282 didi-

2108 3313 2309 3368 cissent
2333 3323 2389 3367 et
2419 3314 2613 3370 latinos
2650 3329 2818 3368 sacra
2835 3311 3129 3383 Scriptura
3172 3315 3385 3369 aidices
3412 3357 3426 3379 ,
3469 3318 3520 3370 in
3558 3334 3692 3388 quos

2107 3405 2436 3470 inciderant,
2463 3421 2492 3458 a
2525 3421 2620 3458 sua
2652 3408 3093 3478 interpretatione
3119 3405 3425 3476 discrepare
3445 3448 3462 3472 ,
3493 3411 3688 3476 passim

2107 3497 2268 3552 etiam
2291 3497 2559 3557 auCIiorcs
2580 3511 2700 3550 esse
2727 3496 3008 3559 vidissent.
3031 3510 3094 3554 ex
3121 3497 3227 3551 illis
3245 3499 3506 3568 exemplis
3528 3499 3692 3555 libros

2107 3585 2331 3642 otiosita
2360 3596 2710 3643 correxerunt
2734 3596 2894 3653 atque
2919 3597 3278 3653 mutaverunt,
3301 3599 3359 3640 ut
3380 3589 3461 3644 vel
3483 3591 3688 3659 singula

2111 3675 2269 3728 verba
2297 3677 2510 3745 gotbica
2535 3679 2763 3747 antiquae
2795 3678 3055 3732 vers-iouis
3080 3694 3200 3732 cum
3231 3680 3353 3735 aliis
3379 3684 3491 3736 sive
3524 3685 3692 3739 usita-

2109 3768 2354 3834 toribus,
2385 3768 2498 3824 sive
2543 3769 2609 3825 ad
2651 3784 2864 3823 sensum
2913 3769 3240 3826 reddendum
3283 3773 3454 3840 magis
3485 3775 3690 3832 idoneis

2109 3869 2475 3929 permutarent
2497 3902 2517 3925 ,
2549 3864 2632 3917 vel
2661 3861 2706 3914 si
2731 3877 2852 3928 qua:
2881 3876 3066 3916 manca
3101 3865 3432 3931 viderentur,
3471 3881 3531 3922 ea
3564 3883 3690 3933 sup-

2109 3952 2337 4021 plerent.
2356 3953 2474 4018 Quo
2495 3953 2692 4006 factum
2711 3962 2812 4013 est.
2840 3963 2896 4006 ut
2919 3967 3023 4008 non
3046 3955 3219 4008 solum
3245 3956 3503 4011 lectiones
3528 3958 3690 4012 libro-

2108 4057 2224 4096 rum
2250 4043 2536 4099 latinorum
2563 4045 2616 4097 in
2641 4045 2884 4098 versione
2907 4060 2994 4105 ea,
3020 4061 3136 4111 qua:
3157 4062 3187 4100 e
3207 4048 3394 4114 gracis
3416 4049 3687 4105 codicibus

2110 4133 2246 4190 facta
2268 4142 2407 4196 erat,
2426 4135 2918 4203 deprehendantur.
2941 4139 2961 4166 ⁸
2984 4137 3076 4189 sed
3100 4138 3261 4189 etiam
3285 4152 3365 4191 ete
3394 4139 3686 4192 litterarum

2105 4240 2377 4280 sacrarum
2404 4238 2604 4294 partes,
2627 4242 2745 4296 qua:
2775 4227 2913 4279 binis
2935 4227 3198 4294 exemplis
3219 4229 3446 4298 gmbicis
3466 4245 3686 4284 conser-

2108 4331 2241 4373 vata:
2271 4321 2407 4386 sint,
2444 4320 2669 4373 duarum
2709 4319 3086 4374 receusluunm
3127 4321 3348 4391 vestigia
3380 4322 3684 4386 ostendant,

2106 4414 2323 4470 alteram
2371 4410 2727 4485 antiquiorem
2765 4414 2831 4464 ad
2874 4421 3048 4467 textus
3085 4413 3244 4479 grteci
3283 4414 3686 4469 similitudinem

2109 4506 2277 4574 magis
2316 4503 2802 4565 accommodatam,
2843 4503 3064 4556 alteram
3103 4504 3460 4558 recentiorem
3505 4506 3689 4562 multis

2109 4596 2238 4650 locis
2261 4597 2618 4658 emendatam,
2647 4604 2922 4654 mutatam,
2951 4593 3350 4661 interpolatam,
3371 4595 3464 4650 sed
3489 4593 3559 4646 ita
3609 4607 3686 4660 ut,

2104 4691 2192 4758 qui
2223 4703 2341 4742 eam
2396 4687 2698 4756 relegerent
2726 4697 2884 4751 atque
2931 4694 3286 4740 retractarent
3309 4726 3324 4749 ,
3365 4687 3400 4742 ii
3430 4686 3688 4742 librorum

2105 4782 2451 4846 antiquorum
2482 4780 2740 4835 lectiones
2771 4779 3016 4846 religiose
3044 4779 3096 4829 in
3122 4777 3357 4846 margine
3381 4779 3461 4832 sui
3492 4779 3687 4833 codicis

2104 4872 2493 4941 appingereut,
2527 4885 2659 4940 quas
2707 4869 3080 4926 adnotationes
3112 4869 3313 4923 librarii
3361 4872 3685 4936 pOSleriOreS

2108 4985 2293 5039 Matth.
2325 4987 2428 5052 (III,
2460 4983 2551 5047 ll)
2595 4999 2757 5044 uvn,
2809 4982 2878 5035 42
2910 4984 3059 5050 (53);
3105 4982 3267 5035 Marc.
3310 4998 3366 5046 It,
3401 4981 3496 5046 εἰς
3535 5000 3586 5045 ς.
3616 4988 3682 5045 4;

2108 5070 2214 5117 xiv,
2250 5057 2339 5119 ‘7;
2375 5069 2461 5117 xv,
2488 5054 2580 5118 21,
2613 5054 2696 5114 57,
2725 5055 2822 5114 4ος
2851 5069 2957 5117 xvi,
2982 5058 3034 5114 l,
3057 5052 3122 5112 Ως
3149 5052 3277 5107 Luc.
3309 5069 3379 5120 tv,
3403 5054 3500 5117 35;
3527 5070 3595 5116 Vl,
3621 5059 3683 5116 ις

2108 5142 2181 5190 Ix,
2211 5125 2304 5186 43,
2335 5127 2423 5186 50;
2454 5124 2610 5180 Joan.
2645 5140 2731 5185 xv,
2753 5123 2808 5186 ες
2836 5121 2951 5176 Gal.
2983 5139 3036 5188 v,
3066 5124 3166 5187 ‘20;
3188 5122 3393 5179 Coloss.
3416 5139 3494 5188 III,
3519 5127 3579 5188 ὃς
3611 5133 3681 5178 ι·ι.

2107 5195 2256 5250 Millii
2287 5195 2529 5262 Prolcgg.
2563 5193 2666 5248 742
2693 5209 2808 5260 seq.

2180 5267 2200 5296 ⁵
2231 5264 2470 5318 Historia
2492 5261 2668 5317 tritica
2695 5265 2982 5315 versionttm
3009 5261 3082 5316 N.
3109 5261 3168 5316 Τ.
3201 5279 3255 5331 p.
3287 5261 3410 5316 922.

2179 5337 2196 5365 ⁷
2239 5335 2318 5386 Ct.
2369 5334 2672 5387 Kuittelintu
2727 5349 2775 5399 ιι.
2823 5334 2959 5395 576;
3014 5333 3268 5384 Zalinium
3329 5349 3379 5399 ιι.
3435 5334 3522 5388 32.
3580 5335 3680 5386 Pio

2108 5406 2288 5458 multis
2318 5406 2436 5457 aliis
2467 5406 2596 5456 locis
2627 5420 2766 5457 nunc
2798 5403 3072 5459 laudamus
3100 5403 3331 5456 Titnoth.
3368 5403 3405 5462 Ι,
3439 5419 3513 5462 ιιι,
3538 5406 3570 5455 6
3599 5409 3678 5455 ιη.

2104 5491 2224 5528 com
2243 5476 2670 5534 celeberrimum,
2699 5472 2782 5526 ubi
2811 5474 2968 5525 (lotb.
2993 5488 3112 5525 cum
3133 5473 3320 5541 ara-cis
3346 5474 3475 5536 θεὸς,
3497 5490 3524 5525 a
3557 5473 3680 5525 Vul-

2103 5555 2223 5614 gata
2255 5559 2530 5602 omissum.
2558 5544 2701 5608 legit,
2736 5554 2787 5596 et
2817 5543 2882 5596 ile
2915 5554 3094 5597 vetere
3137 5553 3451 5596 testamento
3481 5544 3547 5594 cf.
3582 5560 3680 5594 nu-

2105 5629 2280 5669 Ineros
2331 5632 2358 5666 ιι
2394 5616 2528 5667 libro
2569 5615 2840 5666 (it-nesciis
2882 5629 3040 5679 sttpra
3089 5625 3141 5677 ιι.
3191 5627 3240 5666 xI
3282 5616 3494 5676 citatos,
3525 5616 3614 5681 qui
3646 5627 3679 5666 ι

2107 5685 2256 5751 Vulg.
2295 5684 2519 5736 tIIIIlIIIIn
2551 5686 2869 5744 tltscrcpaut.

2174 5757 2192 5784 ⁸
2232 5757 2353 5808 Vide
2387 5768 2537 5820 :upt‘a
2569 5768 2660 5820 pag
2730 5752 2977 5806 tofi-i156.
