4300 6436
414 380 518 438 £85

1781 373 2307 432 Ρηοιιεϐυιιεθιιι.

3558 371 3662 424 486

412 491 744 565 compendiis
758 495 812 549 in
830 507 930 549 suo
945 493 1133 550 codice
1150 493 1402 566 deceptus
1418 493 1575 550 aliter
1597 503 1909 561 atquenunc
1930 494 1983 548 in
2087 508 2193 559 quo
2224 494 2274 546 in
2302 506 2523 546 numero
2547 507 2606 545 ea
2667 491 2897 545 maxime
2942 509 3086 552 sunt,
3122 490 3207 543 ubi
3242 491 3442 547 oblitus
3470 492 3664 545 verbo-

412 587 714 658 grtecisest,
727 588 1071 644 converterit.
1099 586 1248 642 Nunc
1265 600 1371 640 non
1393 585 1461 642 de
1482 586 1613 641 locis
1633 584 1795 640 lare.
1810 600 1904 650 VII,
1919 586 1987 650 5;

2094 600 2213 637 rutn
2239 592 2537 647 structum,
2585 596 2745 649 quam
2774 590 3037 637 sermonis
3058 581 3256 652 gotitici
3305 585 3444 637 ratio
3484 594 3669 653 postu-

411 679 540 737 Cor.
571 679 636 745 ll,
659 678 844 746 v.10;
898 677 1127 749 Philipp.
1151 693 1226 740 Iv,
1256 678 1289 733 8
1344 677 1581 743 dicetur,
1614 693 1737 732 nam
1784 677 1856 731 ibi
1894 692 1992 748 pro
2094 676 2257 739 labat,
2286 688 2459 744 graeca
2494 675 2607 728 sola
2637 686 2850 729 secutos
2879 674 3230 743 uegligentius
3248 676 3543 739 convertit;
3588 675 3669 728 sic

416 779 615 847 πυγμῇ,
657 770 742 826 διὰ
791 780 845 826 ct
900 769 1031 841 ama
1058 770 1221 825 etiam
1276 772 1595 839 interpretes
1624 767 1773 823 latini
1799 768 1995 837 aliique
2094 766 2361 831 Luc.l,9,
2385 766 2554 820 Itiuttts
2578 769 2733 820 intuta
2762 782 2955 818 urrann
2979 768 3048 818 du
3064 768 3233 833 scilicet
3262 768 3670 837 atgaggattds

415 865 705 935 scriptores
734 864 902 919 πυκνᾶ
923 862 1030 933 (vel
1060 862 1237 918 simile
1270 860 1443 931 quid),
1494 860 1598 917 Bt.
1623 870 1677 915 et
1700 859 1827 934 ἅγια
1852 861 1998 931 lege-

423 965 568 1019 runt,
596 952 667 1006 ita
696 961 755 1006 ut
784 951 837 1005 in
861 952 1064 1021 aliquot
1107 951 1256 1007 libris
1278 949 1540 1020 ejusmodi
1568 951 1801 1006 varietas
1830 949 1996 1007 exsti-

425 1042 553 1096 tisse
599 1042 873 1105 videatur;
908 1056 1078 1111 neque
1119 1044 1361 1097 eamdem
1395 1043 1465 1096 ob
1508 1056 1731 1096 causam
1755 1039 1882 1094 Cor.
1932 1039 1995 1105 li,

425 1148 464 1196 I,
489 1132 559 1187 24
590 1134 693 1187 huc
720 1133 1035 1188 trahendum
1065 1143 1168 1196 est,
1194 1147 1315 1187 naut
1339 1148 1436 1202 pro
1464 1137 1636 1210 χαρᾶς
1665 1147 1769 1185 ιιυιι
1792 1129 1999 1185 Gothus

426 1226 596 1279 solum
644 1227 861 1304 χάριτος
914 1225 1064 1294 legit,
1097 1238 1279 1278 verum
1335 1223 1494 1277 etiam
1548 1222 1701 1277 codd.
1735 1224 1826 1290 57,
1855 1222 1915 1275 71
1949 1229 2004 1275 et

428 1316 607 1371 versio
652 1316 987 1381 Armenica;
1034 1330 1157 1369 eunt
1214 1312 1392 1383 priore
1446 1325 1624 1366 autem
1676 1312 1768 1366 illo
1818 1308 2005 1367 codice

427 1406 637 1462 GOthus
683 1406 981 1475 saepissime
1034 1406 1326 1473 conspirat.
1378 1402 1615 1459 Citamus
1665 1403 1843 1474 potius
1890 1402 2005 1457 loca

430 1495 598 1552 lare.
630 1511 704 1562 Ix,
733 1498 820 1562 t8,
852 1496 941 1551 ubi
972 1511 1067 1565 pro
1095 1498 1275 1572 ῥήσσιι
1305 1495 1433 1564 legit
1457 1495 1627 1569 ῥίπτει
1676 1505 1732 1549 et
1759 1492 2003 1548 Tltessal.

433 1588 476 1653 l,
503 1603 559 1650 v.
593 1588 682 1653 ﬂ,
727 1587 820 1642 ubi
859 1590 1105 1659 ἀνέχεσθε
1157 1600 1252 1655 pro
1303 1587 1630 1656 ἁντέχισθες
1689 1598 2007 1654 quamquam

431 1690 556 1735 sunt
602 1680 789 1743 etiam,
832 1663 939 1749 qui.
967 1682 1049 1733 bis
1081 1678 1214 1734 locis
1254 1692 1375 1733 cum
1407 1678 1569 1733 Gothi
1617 1675 1844 1733 lectione
1880 1690 2012 1731 con-

434 1773 690 1839 sentiant,
743 1784 798 1827 et
847 1772 942 1827 illo
982 1770 1194 1839 quidem
1255 1772 1322 1826 i2
1358 1783 1443 1840 ap.
1503 1768 1628 1834 ιιι..
1674 1768 1775 1824 hoc
1825 1769 1893 1824 τι
1920 1783 2012 1839 ap.

437 1862 676 1929 αδδεδ..
724 1863 819 1919 sed
848 1877 970 1919 cum
999 1863 1066 1917 iis
1089 1861 1240 1917 libris
1267 1874 1560 1917 consensus
1583 1869 1675 1914 aut
1704 1858 1901 1928 nullus,
1921 1868 2015 1915 aut

433 1966 542 2011 tam
575 1970 729 2009 rarus
752 1964 858 2021 est,
907 1962 966 2008 ut
995 1954 1082 2011 hic
1127 1968 1256 2009 casu
1294 1950 1526 2021 quodam
1555 1964 1610 2008 et
1645 1951 1863 2007 fortuito
1886 1964 2017 2007 con-

433 2055 615 2105 cinere
640 2059 695 2103 et
731 2049 962 2103 librariis
991 2046 1154 2109 idem.
1178 2046 1317 2117 quod
1347 2043 1525 2101 Gotho
1555 2043 1817 2100 accidisse
1837 2043 2019 2098 videa-

439 2154 555 2209 tur;
583 2142 833 2211 idemque
855 2142 922 2197 de
942 2140 1074 2196 Luc.
1104 2155 1144 2207 ι,
1171 2140 1239 2195 to
1264 2140 1567 2206 statuimus,
1602 2138 1692 2193 ubi
1712 2147 1767 2194 et
1788 2153 1817 2191 ιι
1843 2135 2018 2192 Gotho

440 2243 553 2289 eta
603 2232 837 2288 librariis
892 2230 1096 2287 codicis
1145 2231 1245 2286 151
1296 2241 1351 2287 et
1397 2229 1741 2299 evangeliarii
1785 2228 1856 2284 ιι
1921 2240 2019 2297 pro

437 2325 853 2401 προσευχόμενον
880 2322 1015 2380 falso
1040 2321 1455 2399 πρωδιχόμινσυ
1484 2323 1681 2376 lcetutu
1707 2330 1811 2377 est.
1862 2320 2019 2375 Falso

438 2433 561 2471 eum
594 2416 787 2484 legisse
814 2418 982 2469 multo
1008 2414 1206 2469 clarius
1238 2423 1460 2483 apparet
1488 2414 1619 2469 Luc.
1665 2428 1759 2479 vu,
1797 2412 1893 2478 25,
1930 2409 2018 2466 ubi

440 2508 604 2577 ει·ωοί
652 2521 841 2563 omnes
880 2515 1045 2581 τρυφῇ
1090 2506 1313 2571 habent,
1347 2508 1461 2575 ipse
1509 2514 1685 2560 autem
1734 2504 2017 2568 convertit,

443 2604 591 2670 quasi
614 2609 773 2675 τρογῇ
801 2599 1084 2671 ([οάείιιιιί,
1133 2598 1243 2652 vid.
1285 2597 1474 2653 Matth.
1503 2613 1577 2660 vI,
1618 2598 1713 2663 25,
1742 2596 1853 2662 26;
1886 2594 2015 2650 Luc.

444 2708 499 2759 v,
529 2693 625 2759 16;
660 2692 795 2763 Eph.
826 2679 880 2758 ι,
907 2691 1011 2755 29;
1043 2690 1218 2746 Skeir.
1271 2689 1362 2757 50,
1397 2690 1486 2761 14)
1538 2690 1801 2757 scriptum
1858 2701 2016 2755 repe-

446 2788 635 2847 risset;
666 2786 745 2840 sic
800 2785 957 2839 Joan.
993 2800 1104 2849 va,
1132 2784 1166 2840 6
1212 2798 1334 2838 cum
1372 2782 1663 2853 gadaubida
1693 2778 2022 2852 (obduravit)

444 2876 750 2945 scripserit,
811 2879 1117 2947 πιπὼρωκιν
1172 2888 1267 2943 pro
1322 2875 1645 2951 πεπλήρωκεν
1697 2868 2022 2942 (Itsfullida)

449 2966 643 3034 legisse
687 2964 1081 3019 existimandus
1111 2972 1221 3028 est;
1268 2972 1323 3018 et
1364 2963 1521 3018 fidem
1577 2963 1773 3017 habent
1821 2961 2021 3017 Mares-

448 3057 623 3111 ltallus
680 3066 737 3110 et
779 3055 1105 3120 Bettzeiius,
1168 3054 1261 3123 qui
1308 3053 1520 3109 Ultitam
1577 3054 1741 3108 Marc.
1802 3068 1867 3119 x,
1928 3052 2022 3121 ἓξ,

448 3136 703 3224 ἐρύματα
730 3163 827 3217 pro
867 3154 1133 3222 κτήματα,
1182 3157 1237 3202 et
1268 3146 1451 3202 Matth.
1482 3162 1646 3212 ιινιι,
1674 3146 1763 3213 52,
1792 3149 2027 3221 κειμένων

450 3255 550 3309 pro
576 3240 946 3313 κεκοιμημένων
975 3254 1070 3307 per
1090 3238 1323 3294 similem
1351 3254 1593 3295 errorem
1622 3240 1815 3307 legisse
1838 3240 2025 3294 existi-

456 3338 631 3401 mant,
664 3328 775 3384 vid.
816 3328 883 3383 ad
929 3328 1022 3383 bh.
1072 3327 1162 3395 ll.;
1212 3343 1387 3399 neque
1412 3329 1590 3384 minus
1636 3329 1842 3384 idoneis
1869 3345 2029 3398 argu-

453 3418 650 3474 mentis
672 3418 741 3473 ad
768 3416 927 3473 lare.
951 3434 1007 3483 x,
1027 3416 1100 3472 24
1119 3419 1552 3489 comprobavisse
1576 3420 1731 3474 nobis
1759 3420 2023 3489 videmur,

452 3507 685 3565 Gothum
733 3511 1080 3572 «insonuit-ac
1121 3509 1531 3579 interpretatum
1576 3524 1698 3565 esse
1724 3528 1823 3579 pro
1852 3532 2030 3566 πεποι-

449 3601 640 3666 οὸταςς
667 3602 747 3657 sic
793 3599 954 3656 Marc.
995 3615 1087 3667 xv,
1137 3599 1209 3656 29
1244 3602 1651 3672 prepositiones
1676 3605 1819 3676 παρὰ
1846 3611 1902 3657 et
1927 3606 2030 3678 πρό

456 3692 514 3746 ιιι
543 3692 933 3761 compositione
957 3707 1081 3747 eum
1120 3706 1227 3748 non
1254 3702 1400 3749 recte
1422 3694 1732 3749 distinxisse
1782 3696 2032 3763 vidimus,

457 3782 561 3838 nisi
606 3782 785 3852 po;ius
826 3782 1077 3838 librarius
1120 3783 1174 3840 in
1224 3783 1473 3839 codicem
1522 3787 1774 3840 mendum
1826 3788 2032 3852 intulit;

458 3886 635 3941 neque
658 3873 1017 3941 improbabile
1034 3874 1245 3929 videtur
1266 3874 1610 3944 interpretem
1636 3886 1873 3932 nostrum
1904 3877 2033 3933 an.

461 3980 587 4032 xix,
642 3966 678 4020 2
723 3965 1053 4043 ὗποπρᾶψιι
1109 3966 1450 4024 festinatione
1490 3970 1717 4038 quadam
1756 3970 2036 4039 abreptum

458 4058 896 4129 ντιιύπᾶστραψιν
922 4067 979 4113 et
1029 4057 1131 4123 18,
1174 4060 1243 4115 35
1267 4068 1563 4135 προσαιτιῑν
1613 4075 1708 4129 pro
1746 4069 2039 4135 προσαιτῶν

459 4152 679 4219 legisse,
704 4149 901 4204 deinde
952 4147 1085 4205 Cor.
1130 4149 1194 4217 ll,
1250 4163 1331 4215 ιιι,
1362 4151 1394 4203 7
1420 4149 1591 4227 ἐνδόξῃ
1619 4166 1739 4206 cum
1769 4151 1934 4215 ἐνδὸξη
1980 4161 2041 4207 ιιι

461 4241 591 4297 Luc.
624 4256 738 4305 VIII,
770 4242 840 4297 55
870 4240 1062 4302 εἰδότες
1105 4255 1226 4297 cum
1270 4241 1460 4306 ἰδόντας
1501 4246 1907 4314 perntntavisse.
1961 4244 2041 4298 Ad

465 4333 596 4388 Luc.
650 4346 708 4388 III
735 4370 754 4398 ,
786 4333 855 4386 tt
910 4346 1009 4386 nos
1046 4332 1301 4401 probasse
1325 4334 1687 4402 conjecturam
1719 4333 2040 4402 Hareshslli,

460 4424 746 4495 judicautis
795 4423 1008 4480 Ultilam
1041 4439 1138 4494 pro
1178 4426 1409 4499 ἀρκεῖσθε
1436 4425 1664 4480 furtasse
1710 4423 1905 4500 ἄρχετε
1952 4434 2044 4480 aut

463 4514 694 4592 ἄρχεσθε
723 4516 936 4585 legisse,
963 4530 1104 4572 nunc
1134 4519 1381 4583 panitet,
1422 4528 1702 4587 propterea
1731 4518 1874 4587 quod
1926 4518 2046 4572 nul-

468 4609 579 4664 lum
618 4609 839 4665 verbum
894 4623 1015 4662 cum
1068 4606 1256 4662 sold-tt
1291 4608 1646 4679 compositum
1685 4607 1815 4663 illud
1856 4607 2043 4681 ἄρχειν

465 4700 742 4765 continet,
791 4709 848 4755 et
898 4697 1176 4769 genoltidai
1229 4697 1395 4770 s’jai]:
1424 4737 1441 4761 ,
1492 4700 1633 4769 quod
1692 4702 1745 4754 in
1802 4700 2044 4769 margine

466 4791 727 4861 scriptum
754 4798 860 4857 est,
888 4794 1067 4863 glossa
1107 4791 1285 4860 potius
1328 4807 1490 4861 quam
1522 4792 1669 4847 varia
1719 4792 1877 4848 lectio
1925 4808 2048 4848 esse

471 4883 703 4938 videtur.
732 4882 888 4949 Quod
918 4899 1045 4938 vero
1073 4883 1241 4938 Nare.
1273 4898 1366 4949 xv,
1409 4882 1481 4939 ει
1510 4894 1564 4940 et
1605 4885 1739 4940 Luc.
1780 4901 1867 4961 xv,
1913 4886 1947 4941 8
1968 4891 2049 4948 τίς

470 4986 592 5026 cum
628 4993 729 5042 τις,
756 4972 885 5027 Cor.
911 4970 951 5036 1,
977 4988 1033 5038 ι,
1066 4974 1131 5028 l7
1153 4983 1209 5028 et
1235 4972 1461 5044 Philipp.
1496 4991 1533 5041 I,
1560 4975 1625 5033 16
1650 4977 1696 5030 oi
1733 4992 1855 5032 cum
1881 4978 1929 5032 οἵ
1953 4962 2047 5049 (cf.

474 5064 601 5119 Luc.
624 5079 738 5129 Vltt,
763 5064 875 5132 ﬂ),
904 5063 1025 5123 Gal.
1057 5080 1115 5133 II,
1148 5066 1212 5119 17
1234 5059 1336 5139 ἆρα
1364 5081 1486 5121 cum
1510 5066 1614 5141 ἄρα
1642 5078 1938 5137 permutata
1968 5073 2051 5125 in—

477 5159 798 5222 veniuntur;
832 5156 885 5213 id
911 5157 1025 5211 sola
1058 5157 1365 5227 interpretis
1386 5160 1701 5229 negligentia
1726 5159 1919 5215 factum
1936 5169 2047 5225 est;

476 5248 589 5303 fieri
615 5258 790 5303 autem
817 5247 1025 5304 facilius
1054 5256 1261 5318 poterat
1295 5261 1513 5319 propter
1549 5260 1804 5308 accentus
1842 5262 1896 5308 et
1938 5251 2051 5323 spi-

477 5340 609 5392 ritus
634 5339 933 5408 antiquitus
956 5340 1205 5393 omissos.
1264 5338 1357 5392 llis
1387 5342 1548 5395 etiam
1579 5342 1631 5395 in
1678 5340 1811 5396 locis
1856 5356 2052 5397 caveu~

478 5428 602 5481 dum
647 5437 753 5494 est,
790 5443 859 5483 ne
909 5429 1030 5498 quis
1059 5442 1089 5481 a
1116 5427 1294 5483 Cottio
1335 5431 1641 5487 varietatem
1664 5434 1823 5502 εωεοί
1871 5442 2052 5487 textus

480 5520 738 5573 redditam
766 5520 1033 5587 opinetur.

551 5608 757 5672 Restat,
782 5619 838 5663 ut
868 5611 935 5662 de
959 5610 1021 5663 iis
1049 5612 1208 5665 etiam
1251 5611 1383 5667 locis
1414 5614 1716 5684 loquamur.
1746 5616 1833 5672 ubi
1866 5604 2051 5674 Ulmus

483 5700 604 5755 vitia
626 5713 811 5755 contra
860 5701 1053 5771 linguae
1101 5720 1211 5757 sum
1261 5706 1404 5774 leges
1450 5708 1785 5763 commisisse
1826 5711 2051 5774 videtur,

555 5816 571 5847 ³
612 5812 729 5868 Vid.
788 5814 1111 5890 lleupelium‘
1149 5816 1185 5875 ἰ.
1248 5819 1281 5871 1.
1306 5820 1359 5879 4,
1411 5836 1461 5883 s,
1495 5822 1582 5890 qui
1632 5822 1836 5876 Franzii
1867 5836 2051 5879 aucto-

485 5885 635 5939 ritate
658 5896 946 5953 permotus,
975 5887 1233 5945 versionis
1263 5890 1490 5957 gothiete
1513 5885 1873 5963 prastantiam
1896 5896 2044 5966 igno-

2099 874 2195 929 pro
2219 860 2585 931 atgaggandin,
2603 860 2727 926 quia
2756 860 2809 912 in
2829 873 3006 926 grzeco
3025 874 3107 911 est
3128 857 3295 929 ἴὶαχε
3322 865 3410 913 τοῦ
3428 864 3671 929 θυμιᾶσαι

2099 951 2426 1007 εἰσελθών.
2459 947 2582 1003 Cor.
2618 949 2778 1017 l,vII,
2820 951 2886 1004 10
2933 964 3014 1018 sq.
3054 948 3201 1020 ραίιιι
3241 950 3430 1019 litigent
3476 952 3675 1020 finitam

2100 1043 2358 1097 anabiuda
2386 1058 2582 1111 qenut
2608 1042 2809 1113 -—jalt
2843 1042 3010 1094 abun
3046 1056 3141 1109 pro
3161 1042 3308 1106 abin,
3354 1042 3559 1097 Gothus
3600 1044 3673 1097 ita

2106 1144 2319 1203 prapter
2346 1147 2575 1204 graecum
2603 1140 2821 1205 γυναῖκα
2840 1162 2910 1174 -—-
2933 1135 3015 1187 καί
3041 1129 3226 1208 ἄνδρας
3253 1133 3379 1187 Luc.
3431 1148 3516 1187 va
3540 1172 3558 1200 ,
3608 1136 3677 1189 18

2104 1226 2283 1279 toaatth
2316 1226 2420 1278 seei
2458 1223 2711 1292 aﬂetands
2748 1251 2807 1264 -—
2849 1224 2948 1293 jalt
2978 1224 3215 1293 lingaan
3251 1240 3346 1293 pro
3367 1224 3551 1295 σβιιίῥ
3576 1226 3679 1295 jeh

2109 1316 2347 1389 lingaip,
2402 1331 2526 1371 nam
2556 1317 2834 1386 participia
2870 1331 3041 1385 gramm
3093 1319 3326 1373 ἀπολύων
3369 1323 3452 1373 καὶ
3503 1328 3680 1391 γαμῶν

2108 1412 2383 1467 enuntiato
2419 1411 2644 1466 relativo
2672 1410 2976 1465 redditurus
3024 1422 3161 1474 erat,
3213 1411 3306 1465 sed
3361 1413 3535 1480 posito
3560 1424 3681 1481 pro-

2112 1500 2325 1556 nomine
2370 1499 2593 1556 relativo
2638 1500 2800 1555 etiam
2850 1499 3129 1567 participia
3178 1516 3276 1567 pro
3330 1500 3508 1555 verbis
3550 1502 3683 1569 ipsis

2111 1592 2346 1657 addidit;
2375 1592 2478 1647 vid.
2526 1592 2688 1647 etiam
2727 1607 2845 1659 qua:
2874 1591 2941 1645 ad
2970 1592 3181 1647 Coloss.
3214 1607 3271 1660 tt,
3325 1595 3389 1648 14
3416 1604 3469 1647 et
3516 1610 3596 1658 ιιι,
3645 1595 3682 1650 5

2113 1682 2485 1738 adnotavimus
2508 1691 2562 1737 et
2599 1680 2671 1735 cf.
2720 1681 2852 1736 Luc.
2893 1696 2973 1747 Ix,
3028 1682 3093 1735 t3
3123 1683 3283 1736 maizo
3314 1684 3433 1752 [im]
3458 1684 3687 1739 blattam

2106 1776 2206 1847 jah
2225 1774 2379 1842 ﬁskos
2420 1773 2541 1838 (cui,
2575 1771 2664 1828 ubi
2689 1787 2810 1828 cum
2851 1788 2947 1841 pro
2976 1774 3199 1841 get-cuti
3227 1776 3374 1829 πᾶντε
3406 1773 3549 1850 ἄρτοι
3591 1777 3689 1830 da-

2117 1867 2280 1921 tivum
2307 1873 2427 1934 post
2450 1864 2871 1933 comparativum
2902 1864 3120 1917 solitum
3152 1866 3439 1935 posuisset,
3470 1881 3688 1935 pergen-

2117 1955 2242 2013 dum
2293 1964 2409 2011 erat
2456 1953 2637 2024 ﬁlium
2682 1955 2869 2020 Iouini,
2923 1956 3018 2010 sed
3066 1956 3276 2011 consilii
3325 1956 3523 2012 oblitus
3565 1975 3689 2013 cunt

2122 2048 2333 2118 grazcis,
2365 2048 2457 2117 qui
2488 2058 2634 2103 recte
2674 2048 2853 2118 ἰχούις
2875 2045 2970 2103 δύο
3006 2046 3226 2113 habent,
3277 2050 3390 2117 ipse
3431 2050 3569 2104 male
3590 2066 3690 2105 no-

2116 2140 2373 2195 minativo
2412 2138 2615 2209 pergit;
2655 2139 2739 2193 sic
2763 2139 2924 2193 etiam
2955 2138 3140 2191 Matth.
3192 2155 3300 2205 vui,
3354 2140 3422 2194 ib
3467 2141 3694 2198 fortasse

2117 2228 2315 2285 rectius
2346 2243 2443 2299 pro
2473 2230 2629 2297 heito,
2671 2228 2813 2298 quod
2861 2243 2981 2282 cum
3037 2229 3227 2297 graccis
3283 2233 3467 2297 ponit,
3498 2233 3696 2287 licitam

2120 2322 2401 2392 posuisset,
2425 2329 2645 2392 propter
2672 2321 2981 2390 prmcedens
3016 2322 3217 2375 heitom.
3249 2322 3365 2377 Alia
3393 2326 3528 2391 loca,
3575 2342 3695 2395 qua:

2119 2412 2223 2468 huc
2243 2412 2378 2466 trahi
2400 2411 2628 2481 possint,
2651 2412 2867 2478 habent,
2890 2426 2997 2481 quo
3027 2411 3403 2479 defenduntur,
3434 2417 3507 2468 uti
3535 2415 3695 2471 toan.

2137 2518 2212 2568 ιί,
2244 2503 2313 2558 63
2343 2502 2419 2574 [to
2454 2502 2662 2556 t'uurda.
2694 2500 2817 2573 [ioci
2839 2500 2889 2553 ili
2927 2502 3110 2555 rodida
3303 2506 3457 2559 clima
3495 2507 3559 2559 is!
3598 2508 3697 2579 λοι

2120 2582 2305 2649 libarius
2334 2598 2419 2660 ist,
2451 2595 2536 2650 ubi
2564 2594 2786 2649 verbum
2814 2598 2878 2648 ist
2906 2593 3082 2649 Gotbo
3112 2611 3217 2650 non
3276 2597 3341 2650 ad
3398 2600 3696 2667 subjectum

2120 2687 2334 2750 uaerda,
2382 2686 2478 2741 sed
2528 2686 2596 2741 ad
2636 2686 2924 2754 praedicata
2968 2689 3120 2739 olim
3166 2698 3220 2741 et
3264 2688 3470 2755 tibains,
3501 2692 3698 2761 quibus

2122 2776 2433 2846 apponitur,
2482 2777 2752 2845 pertinere
2802 2792 2973 2830 visum
3015 2778 3219 2840 est,sic
3259 2782 3418 2832 etiam
3447 2795 3475 2835 e
3523 2782 3697 2836 latinis

2123 2867 2573 2935 Cantabrigiensia
2595 2877 2647 2921 et
2683 2866 3024 2922 Corbeiensis
3052 2878 3453 2923 converterunt.
3488 2872 3698 2940 Saepius

2124 2971 2303 3015 autem
2332 2962 2385 3013 in
2426 2972 2492 3012 eo
2518 2958 2739 3022 erravit,
2772 2956 2911 3026 quod
2938 2958 3283 3014 substantivis
3318 2962 3698 3031 adjt't'llt'Of'tlm

2126 3048 2348 3114 formas,
2395 3052 2462 3106 ab
2494 3050 2706 3104 illorum
2744 3063 2942 3117 genere
2993 3051 3367 3120 abhorrentes,
3427 3056 3695 3123 apposuit,

2127 3158 2246 3215 quse
2277 3145 2393 3197 loca
2418 3140 2736 3213 collegimus
2757 3142 2823 3195 ad
2858 3140 3078 3196 Neltem.
3106 3158 3175 3208 vt,
3205 3144 3290 3199 16.

2201 3234 2482 3290 Maximam
2514 3242 2691 3287 autem
2714 3247 2782 3287 ex
2806 3235 3206 3302 comparatione
3238 3236 3699 3305 interpretationis

2132 3336 2328 3382 nostra:
2358 3325 2639 3380 utilitatem
2662 3327 2807 3379 nasci
2831 3322 2897 3379 ad
2922 3327 3303 3380 restituendam
3338 3336 3512 3382 textus
3541 3333 3701 3399 grmei

2133 3418 2490 3488 integritatem
2534 3431 2695 3471 nemo
2724 3416 2897 3471 adhuc
2928 3419 3143 3487 negavit
3173 3434 3531 3489 :quamqnam
3559 3424 3702 3478 enim

2132 3527 2237 3566 nou
2262 3526 2427 3580 pauca
2457 3510 2889 3565 enumeravimus
2920 3510 3058 3577 ioca,
3088 3511 3140 3565 in
3163 3512 3356 3580 qutbus
3380 3512 3569 3569 Ulftlas
3588 3516 3706 3571 sive

2134 3618 2229 3672 per
2253 3617 2517 3667 errorem,
2539 3603 2655 3657 sive
2695 3601 2763 3656 de
2791 3608 3035 3657 consulto
3061 3617 3090 3657 a
3114 3605 3305 3673 grazeis
3360 3607 3626 3672 discessit,
3654 3621 3710 3663 et

2135 3695 2395 3766 permulta
2423 3695 2586 3751 etiam
2614 3692 2715 3747 alia
2740 3705 2886 3761 sunt,
2941 3694 3027 3748 ubi
3056 3708 3177 3749 eum
3209 3700 3477 3753 sermonis
3504 3699 3703 3768 gotbici

2136 3788 2407 3858 ingenium
2436 3803 2465 3843 a
2494 3787 2834 3858 diligentiore
2851 3801 3147 3858 graecorum
3179 3792 3473 3849 imitatione
3518 3810 3707 3850 avoca-

2135 3883 2213 3935 vit
2244 3896 2259 3949 ;
2290 3888 2470 3935 tamen
2494 3880 2797 3935 versionem
2823 3891 3058 3937 nostram
3090 3885 3259 3951 primo
3310 3886 3548 3940 omnium
3593 3887 3713 3944 loco

2139 3987 2341 4043 ponere
2370 3986 2475 4025 non
2501 3970 2830 4037 dubitamus,
2880 3981 3159 4041 propterea
3212 3975 3354 4043 quod
3400 3991 3507 4029 non
3536 3978 3711 4033 solum

2139 4063 2398 4119 fidissime
2426 4077 2596 4129 grteta
2640 4062 2888 4127 reddidit,
2944 4064 3038 4119 sed
3082 4066 3241 4119 etiam
3270 4069 3389 4137 quia
3422 4068 3562 4123 nulla
3609 4071 3712 4124 alia

2139 4157 2316 4227 lingua
2340 4170 2530 4225 graeca:
2561 4156 2776 4225 propius
2826 4167 3070 4225 cognata,
3126 4158 3265 4212 nulla
3322 4162 3488 4231 magis
3525 4162 3717 4217 idonea

2142 4254 2243 4314 est,
2266 4262 2386 4317 qua:
2417 4256 2589 4302 textus
2618 4249 2777 4317 graeci
2819 4258 3067 4318 tanquam
3100 4251 3386 4320 imaginem
3427 4254 3716 4323 exprimat,

2143 4353 2303 4408 quam
2344 4338 2582 4408 gothica.
2618 4338 2854 4394 Fuerunt
2874 4342 3091 4411 quidem
3110 4345 3199 4414 qui
3227 4348 3529 4401 versionem
3552 4350 3717 4418 syria-

2144 4446 2261 4487 cam
2334 4442 2724 4502 anteponerent
2786 4436 2840 4497 ⁸,
2892 4434 2987 4490 sed
3041 4438 3087 4491 si
3140 4439 3453 4493 varietatnm
3522 4442 3714 4496 nubem

2146 4527 2217 4580 ab
2272 4525 2578 4581 hominibus
2622 4526 2816 4596 linguai
2875 4527 3099 4596 syriacae
3157 4530 3341 4597 peritis
3388 4532 3714 4588 adductatn'

2147 4619 2571 4686 contemplemur
2594 4627 2649 4673 et
2671 4620 2931 4674 versionis
2948 4622 3179 4689 gotbice
3214 4638 3319 4693 prae
3349 4626 3441 4679 illo
3467 4627 3717 4697 exiguum

2149 4724 2430 4765 numerum
2455 4720 2847 4781 computamus,
2875 4713 3138 4783 syriacam
3166 4717 3309 4770 nulla
3353 4734 3411 4772 re
3440 4720 3541 4775 nisi
3566 4732 3723 4778 :etate

2148 4814 2269 4857 esse
2290 4802 2724 4871 praestabiliorem
2756 4805 3054 4874 apparebit.
3101 4806 3323 4875 Oportet
3368 4821 3546 4867 autem
3576 4827 3723 4880 eum,

2151 4894 2241 4962 qui
2295 4893 2365 4949 de
2409 4892 2669 4963 dignitate
2718 4897 2983 4952 versionis
3024 4898 3251 4967 alicujus
3301 4914 3451 4959 recte
3490 4914 3725 4962 statuere

2151 4983 2285 5049 vult,
2311 4983 2428 5054 ejus
2448 4985 2664 5056 linguai,
2695 5001 2797 5055 qua
2828 4997 2911 5042 est
2952 4991 3279 5057 conscripta,
3331 5008 3449 5049 eam
3479 4997 3725 5064 peritiam

2152 5074 2371 5140 habere,
2419 5086 2477 5130 ut
2514 5090 2634 5146 quae
2659 5078 2766 5131 sint
2804 5078 3093 5135 varietates
3122 5082 3174 5136 iu
3213 5082 3325 5151 illa,
3371 5099 3492 5154 qua:
3532 5087 3727 5158 linguae

2155 5168 2506 5238 proprietates
2561 5170 2729 5239 probe
2776 5170 3088 5241 dignoscere
3137 5188 3333 5243 queat;
3379 5194 3487 5248 qua
3541 5183 3727 5250 peritia

2152 5260 2417 5325 destituti,
2443 5260 2531 5331 qui
2556 5264 3010 5331 comparationem
3040 5274 3216 5321 textus
3258 5274 3417 5338 graeci
3446 5286 3567 5325 cum
3603 5288 3727 5329 ver-

2153 5350 2306 5405 sione
2359 5351 2583 5407 Ultilana
2633 5354 3000 5421 instituerunt,
3048 5357 3167 5413 fieri
3218 5375 3323 5415 non
3367 5363 3533 5429 potuit
3595 5367 3724 5433 quin

2156 5457 2267 5495 rent
2296 5456 2547 5498 successu
2576 5448 2753 5502 minus
2799 5462 3057 5515 prospero
3111 5464 3381 5520 gererent.
3435 5456 3506 5509 Ea
3552 5460 3726 5528 Impe-

2158 5534 2275 5587 ritis
2302 5533 2535 5589 Zaltnius
2569 5536 2720 5592 initio
2762 5544 2822 5593 se
2874 5540 3194 5608 prohibitum
3244 5561 3361 5603 θήρ
3392 5548 3606 5613 fatetur,
3660 5568 3726 5605 ne

2158 5640 2345 5679 omnes
2374 5627 2625 5682 lectiones
2652 5644 2676 5679 ιι
2694 5632 2886 5699 graecis
2910 5633 3269 5701 discrepantes
3297 5648 3536 5702 notaret;
3578 5654 3714 5709 pOsi-

2157 5732 2313 5786 quam
2335 5729 2513 5773 autem
2544 5720 2765 5788 peritior
2787 5722 2899 5777 ﬁeri
2926 5725 3196 5794 caepisset,
3221 5729 3368 5795 operi
3400 5729 3725 5799 perficiendo

2158 5830 2346 5886 rantis.
2381 5830 2431 5881 id
2465 5832 2706 5899 posuisse
2736 5835 2961 5888 videtur.

2229 5905 2247 5929 ⁸
2295 5900 2405 5955 t’ld.
2438 5902 2737 5959 Seholtium
2768 5905 2803 5959 l.
2841 5911 3072 5978 prolcgg.
3109 5926 3159 5981 p.
3183 5912 3342 5971 CXXI
3360 5927 3513 5983 seqq.
