4300 6480
669 356 771 410 487

1767 351 2135 406 BllilJOltl'M
2181 350 2529 410 ULFILANA
2574 353 2835 410 VEIlSIO.

3822 363 3943 417 488

673 484 793 523 eum
826 478 969 519 mors
991 461 1286 533 prmripult.
1317 461 1462 528 Quas
1483 471 1659 516 autem
1685 464 1970 515 varietates
2002 460 2252 515 Gricsha-
2282 466 2334 523 Α
2364 462 2561 518 lectum
2588 465 2767 531 fuerit,
2800 474 2951 521 certo
2981 466 3082 521 dici
3133 482 3238 523 non
3278 473 3496 542 potest).
3536 472 3641 529 Sed
3674 475 3790 529 nm
3820 474 3944 529 δατ-

674 556 846 618 chius,
869 553 1081 607 omissis
1103 552 1470 620 compluribus
1496 553 1602 615 jam
1650 567 1677 603 a
1726 552 1890 605 Millin
1929 551 2133 627 datis‘,
2184 567 2249 604 ex

668 645 996 714 imperfectis
1016 642 1157 697 Junii
1200 652 1255 696 ct
1300 641 1539 697 Knittelii
1590 642 1915 696 editionibus
1956 642 2250 696 adnotave-

668 748 769 804 rat,
818 754 908 792 eas
959 736 1265 798 Schulzius,
1316 737 1403 803 qui
1452 733 1743 789 editionem
1777 732 2248 788 Griesbachianain

668 831 860 883 iterum
893 828 1125 891 curavit,
1170 826 1406 879 adhibita
1432 824 1614 878 Z:iltnii
1670 825 1806 879 mala
1857 826 2105 879 versione
2132 824 2253 879 aliis

667 922 837 987 auxit,
870 921 941 973 ita
995 928 1196 982 tamen,
1247 930 1304 971 ut
1356 934 1461 985 quo
1514 918 1742 971 consilio
1796 917 1846 970 id
1888 916 2099 985 fecerit,
2144 933 2249 971 non

666 1013 1013 1080 intelligatur,
1038 1012 1126 1077 qui
1156 1010 1281 1063 dum
1310 1023 1505 1075 paucas
1534 1024 1698 1063 novas
1747 1007 1918 1072 addit,
1968 1020 2252 1064 sescentas

666 1102 929 1155 mniserit.
967 1101 1041 1155 Ne
1063 1101 1383 1155 calumniari
1410 1100 1710 1161 videamur,
1732 1114 1798 1152 es
1829 1099 2053 1153 Joannei
2085 1115 2251 1153 evan-

664 1195 786 1264 gelii
816 1194 1016 1263 aliquot
1056 1193 1341 1261 capitibus,
1395 1205 1528 1260 quas
1582 1190 1843 1244 lectiones
1878 1192 2054 1244 varias
2091 1192 2253 1245 tacite

667 1286 1005 1355 praeterierit,
1028 1286 1185 1339 liceat
1210 1283 1467 1347 indicare,
1495 1282 1868 1352 prietermissis
1890 1290 2066 1335 tamen
2095 1281 2250 1348 locis,

666 1377 719 1431 in
748 1378 943 1445 quibus
968 1374 1128 1428 Guthi
1162 1375 1323 1429 lectio
1355 1389 1475 1426 cum
1511 1372 1659 1425 nullo
1688 1373 1791 1426 alio
1817 1372 1953 1423 libro
1981 1374 2246 1440 congruit,

665 1469 778 1522 sive
809 1466 898 1521 ille
922 1482 1016 1533 pro
1040 1466 1281 1531 arbitrio,
1306 1465 1419 1518 sive
1461 1472 1681 1534 propter
1710 1464 1941 1515 nativam
1987 1464 2253 1517 sermonis

665 1558 1079 1625 discrepantiam
1109 1557 1306 1625 aliquid
1340 1555 1648 1616 mutaverit,
1682 1554 1984 1621 praeciderit
2012 1565 2102 1609 aut
2144 1555 2255 1609 ad-

665 1650 886 1711 diderit,
912 1664 961 1700 ν.
994 1663 1044 1701 c.
1075 1664 1128 1713 τ,
1154 1646 1218 1700 21
1252 1664 1367 1718 mag
1390 1645 1629 1716 unlmlbo
1664 1660 1746 1715 gr.
1767 1644 2017 1713 δαιμόνων
2039 1644 2251 1703 δύναται

668 1741 997 1812 (quanquam
1044 1740 1123 1791 sic
1152 1740 1205 1790 in
1226 1736 1349 1791 cod.
1376 1737 1484 1790 235
1512 1737 1676 1791 etiam
1708 1735 1810 1805 legi
1840 1732 2121 1789 Scholzius
2156 1738 2253 1789 ad-

669 1838 837 1899 notat)
859 1848 873 1895 ;
898 1830 967 1882 23
992 1831 1081 1883 ubi
1112 1832 1282 1890 αὐτοῖς
1311 1829 1616 1892 omittitur;
1646 1842 1723 1891 st,
1755 1826 1788 1880 4
1825 1825 1913 1877 ubi
1936 1840 2033 1895 pro
2053 1827 2250 1888 Ἰησοῦς

668 1925 821 1992 ponit
847 1925 891 1974 is
923 1921 1087 1989 (quod
1122 1921 1348 1974 fortasse
1392 1917 1593 1972 librarii
1630 1920 1674 1970 is
1723 1933 1820 1987 pro
1849 1904 1926 2000 Ξ
1965 1918 2250 1972 scribentis

667 2030 819 2068 error
846 2020 985 2081 est);
1017 2013 1051 2067 6
1077 2012 1163 2067 ubi
1191 2010 1387 2064 omittit
1416 2006 1505 2064 οὖν
1530 2025 1545 2071 ;
1600 2008 1670 2062 25
1721 2010 1808 2063 ubi
1852 2011 2054 2065 omittit
2082 2012 2246 2084 αὐτῇς

669 2121 745 2158 χι.
776 2106 842 2158 ’4
871 2104 1147 2171 Iagideduu
1171 2101 1509 2171 (posuerunt)
1533 2115 1630 2168 pro
1646 2102 1906 2157 τεθείκατε
1932 2117 1946 2164 ;
1982 2114 2073 2161 sn,
2105 2099 2139 2154 6
2160 2100 2248 2153 ubi

670 2202 782 2266 ipsa
840 2198 947 2251 alio
995 2196 1114 2250 loco
1165 2195 1313 2265 ponit
1352 2196 1461 2256 ina,
1514 2194 1622 2245 alio
1669 2192 1866 2261 graeci;
1903 2192 2049 2246 9ubi
2104 2192 2252 2245 addit

666 2292 835 2352 ieeur;
862 2289 932 2342 28
962 2288 1049 2341 tibi
1073 2303 1224 2340 nauta
1250 2285 1463 2357 peinata
1495 2299 1589 2349 pro
1614 2291 1706 2338 σοῦ
1730 2284 1787 2337 τὸ
1804 2282 1959 2353 ὄνομα
1980 2283 2244 2346 collocat;

672 2396 767 2441 xu,
794 2379 865 2432 45
884 2379 970 2431 ubi
999 2381 1127 2430 mais
1158 2377 1265 2431 alio
1295 2377 1411 2429 loco
1444 2375 1614 2443 ponit.
1666 2373 1772 2428 Sed
1819 2384 1941 2426 sunt
1984 2373 2249 2442 permulta

671 2472 797 2534 alia,
831 2470 917 2523 ubi
942 2481 1031 2521 aut
1060 2470 1191 2522 falso
1224 2469 1516 2529 adnotavit,
1570 2466 1646 2519 ιιιὶ
1679 2482 1732 2529 ι,
1783 2465 1851 2520 16
1897 2464 1984 2517 ubi
2017 2460 2249 2517 Gothum

666 2564 790 2619 αὐλή
815 2575 909 2629 pro
938 2562 1121 2630 ποίμνη
1148 2560 1337 2629 legiSse
1364 2557 1513 2623 dicit,
1540 2556 1648 2609 vid.
1682 2572 1781 2610 nos
1806 2556 1870 2607 ad
1906 2557 1960 2608 h.
1995 2555 2066 2620 l.;
2098 2569 2154 2619 ι,
2184 2554 2251 2608 18

667 2653 756 2705 tibi
788 2650 947 2704 Gothi
970 2651 1257 2703 auctoritas
1304 2648 1530 2701 delenda
1557 2658 1692 2710 erat,
1725 2662 1846 2701 nam
1890 2646 1968 2701 uti
2011 2646 2075 2700 ad
2119 2646 2176 2699 h.
2204 2646 2246 2700 I.

667 2742 1153 2811 cumprobavimns,
1185 2756 1289 2794 non
1321 2741 1425 2791 ἀλλ’
1451 2766 1523 2778 -—
1551 2740 1765 2810 ἱμαντοῦ
1790 2755 1817 2790 a
1845 2738 2020 2792 Gotho
2048 2739 2247 2793 omissa

667 2843 813 2896 sunt,
843 2834 938 2886 sed
968 2834 1091 2902 ἐμοῦ
1136 2858 1208 2872 -—-
1233 2832 1391 2887 ante»
1417 2830 1619 2882 librarii
1667 2828 1986 2898 negligentia
2036 2827 2251 2882 excide-

668 2931 820 2983 runt;
852 2936 904 2985 κ,
929 2921 999 2977 56
1018 2918 1203 2985 ineptit
1225 2919 1424 2972 addens
1444 2916 1677 2972 Gethnm
1700 2922 1949 2973 omittere
1966 2918 2249 2973 articulum

674 3019 789 3075 r09;
824 3041 891 3053 —-
918 3012 1069 3080 quasi
1121 3026 1245 3066 eum
1296 3010 1483 3064 L‘lfilas
1516 3026 1749 3078 unquam
1808 3012 1874 3065 ad
1921 3026 2107 3065 vocem
2138 3012 2249 3071 θεὸς

669 3106 964 3172 posuisset!
995 3121 1071 3170 sl,
1094 3106 1127 3159 4
1150 3106 1240 3159 ubi
1268 3104 1397 3160 αὕτη
1427 3104 1650 3160 aCotho
1692 3108 1882 3159 abesse
1927 3105 2079 3172 dicit,
2126 3121 2249 3161 cunt

670 3210 852 3267 aperte
882 3214 1198 3254 conversum
1231 3200 1300 3252 sit
1339 3214 1471 3252 voce
1500 3197 1594 3267 ρο,
1628 3200 1721 3253 sed
1759 3214 1855 3266 per
1905 3200 2046 3251 hunc
2093 3214 2245 3253 erro.

670 3306 786 3343 rem
817 3290 1116 3343 innumeris
1148 3289 1280 3342 locis
1323 3289 1502 3356 lapsus
1528 3300 1613 3342 est
1653 3291 1731 3343 vir
1773 3289 1860 3342 ille
1907 3288 2131 3352 doctus;
2174 3307 2244 3355 xi,

669 3382 703 3435 9
735 3389 790 3433 et
823 3394 912 3444 xu,
938 3380 1005 3433 20
1038 3378 1125 3433 ubi
1152 3381 1203 3432 ἐκ
1223 3376 1458 3433 Gothum
1489 3381 1737 3433 omisisse
1760 3379 1911 3447 dicit,
1931 3394 2047 3433 eam
2074 3390 2249 3435 autent

670 3474 1104 3543 praepositionem
1162 3470 1371 3524 Gothus
1406 3480 1527 3539 post
1555 3472 1717 3525 verba
1750 3471 1994 3540 partitiva
2029 3473 2245 3538 (πολλοὶ,

666 3570 799 3626 τινές
851 3565 972 3632 all.)
1014 3564 1129 3618 fere
1162 3567 1300 3617 solet
1340 3564 1626 3628 omittere;
1674 3580 1745 3629 xi,
1791 3563 1858 3618 ’53
1887 3565 1973 3616 ubi
2020 3563 2249 3617 Gothum

668 3671 791 3709 cum
825 3656 864 3708 l)
892 3656 1116 3722 aliisque
1139 3654 1315 3707 latinis
1338 3652 1615 3708 codicibus
1637 3656 1948 3722 conspirare
1973 3655 2119 3717 dicit,
2142 3654 2252 3707 imo

672 3752 848 3817 potius
874 3760 994 3801 cum
1020 3749 1222 3815 aliquot
1254 3748 1439 3800 latinis
1453 3746 1595 3815 apud
1617 3745 1884 3811 Sabaticr,
1908 3748 2000 3814 qui
2019 3746 2247 3799 habent:

666 3842 902 3907 Indicos,
931 3844 1017 3910 qui
1060 3855 1298 3895 venerant
1341 3842 1540 3912 (erant)
1576 3858 1691 3893 cum
1727 3857 1787 3892 ea
1824 3841 2126 3908 plorantes;
2161 3850 2252 3895 aut

670 3933 829 3987 Gothi
859 3933 1228 3987 auctoritatem
1255 3931 1371 3983 aliis
1401 3931 1670 3984 ailnotatis
1714 3946 1821 3986 non
1851 3932 2120 4002 apposuit,
2170 3933 2246 3986 uti

667 4042 726 4089 ι,
758 4027 826 4082 39
851 4026 937 4079 ub.
958 4024 1189 4078 Gothum
1216 4020 1306 4078 οὖν
1326 4038 1377 4079 c.
1410 4024 1571 4077 coild.
1593 4024 1844 4077 omittere
1869 4039 1974 4078 non
1996 4025 2211 4079 adnotat
2228 4066 2244 4087 ,

666 4131 788 4173 cum
834 4131 959 4170 tuo:
1007 4114 1148 4183 apud
1177 4130 1297 4168 cum
1343 4116 1491 4169 πῶυ
1543 4126 1661 4181 post
1697 4116 1843 4169 αὐτόν
1900 4118 2023 4181 poni
2077 4117 2244 4181 άίοέιις

666 4209 745 4262 sic
770 4224 824 4273 ι,
854 4207 917 4260 41
950 4216 1005 4261 et
1034 4204 1103 4257 42
1131 4219 1304 4273 neque
1329 4202 1537 4262 ἐποίησα
1564 4215 1775 4274 σημεῖον
1808 4219 1977 4273 neque
1999 4209 2070 4267 εἰς
2097 4209 2247 4261 αὐτὸν

669 4301 770 4353 ἐκεῖ
790 4313 913 4352 cum
943 4298 1061 4350 aliis
1100 4296 1294 4363 legisse
1330 4296 1579 4356 adnotat;
1624 4311 1697 4357 λι,
1726 4294 1790 4345 il
1844 4293 1871 4348 ὁ
1912 4294 2120 4367 ἁδελφὸς
2149 4318 2246 4367 μου

669 4398 791 4458 post
813 4389 1022 4443 ἀπέθανε
1058 4386 1353 4454 (ἐτεθνήκει)
1387 4386 1630 4453 ponitur;
1665 4401 1738 4448 XI,
1790 4386 1858 4438 29
1903 4384 1954 4440 δέ
2005 4387 2246 4447 additur;

668 4500 763 4549 ιιι,
793 4483 824 4535 6
850 4489 999 4535 τοῦτο
1043 4479 1096 4533 δὲ
1137 4476 1243 4533 εἶπε
1296 4478 1509 4545 legitur,
1538 4478 1774 4544 itemque
1800 4492 1894 4539 xtl,
1923 4477 1994 4532 26
2023 4482 2133 4550 ἐμοὶ
2168 4502 2247 4540 τις

670 4572 902 4647 oiazavfi;
938 4572 988 4623 in
1012 4570 1181 4637 iisque
1210 4567 1370 4621 Gothi
1401 4582 1522 4621 cum
1549 4567 1667 4622 aliis
1709 4568 1860 4621 Iihris
1898 4570 2086 4635 grsecis
2112 4584 2243 4624 con-

666 4678 882 4718 sensum
921 4676 1023 4713 non
1057 4658 1348 4712 indicatum
1373 4672 1491 4712 esse
1531 4673 1596 4708 eo
1638 4659 1806 4724 magis
1836 4660 2073 4723 ollendit,
2102 4660 2242 4725 quod

668 4756 789 4807 aliis
832 4756 961 4806 locis
1009 4752 1183 4803 versio
1220 4750 1434 4817 gotltica
1495 4750 1545 4800 in
1600 4751 1974 4801 aucturitatnm
2021 4767 2242 4804 numero

672 4847 840 4915 posita
868 4853 970 4905 i-st,
1013 4842 1086 4894 nti
1119 4857 1171 4904 ι,
1208 4840 1303 4902 lt);
1338 4857 1365 4893 κ
1388 4886 1401 4907 ,
1438 4842 1503 4895 115
1545 4841 1657 4906 (ubi
1694 4842 1921 4894 dubitari
1953 4845 2112 4896 etiam
2158 4858 2242 4912 po-

670 4948 802 5001 test,
856 4950 921 4985 an
964 4947 1107 4985 rece
1162 4931 1357 4983 factum
1404 4932 1501 4993 sit,
1551 4946 1670 4983 nam
1725 4933 1932 4985 etiamsi
1978 4939 2241 5005 γενήσεται

672 5027 877 5079 Gothus
904 5025 1139 5092 legisset,
1166 5033 1341 5077 tamen
1370 5024 1523 5075 aliter
1541 5024 1781 5076 scribere
1805 5040 1909 5077 non
1932 5026 2241 5095 potuisset),

670 5118 840 5183 x,29,
870 5118 957 5179 50,
988 5115 1090 5177 59;
1116 5130 1188 5177 st,
1226 5115 1314 5178 t7,
1338 5115 1428 5179 5t),
1461 5113 1549 5179 32,
1585 5114 1654 5168 ιθ
1678 5115 1793 5184 (uhi
1827 5130 1894 5169 ne
1925 5116 2058 5171 falso
2079 5119 2244 5170 adno-

672 5207 883 5268 taverit,
908 5207 1137 5259 Gothum
1160 5204 1187 5259 ὅ
1215 5220 1308 5273 pro
1346 5204 1378 5257 ἆ
1414 5204 1629 5273 legisse,
1671 5222 1943 5270 verentur,
1995 5223 2114 5261 nam
2166 5210 2247 5263 sic

673 5314 769 5366 pro
819 5297 1006 5367 plurali
1048 5311 1328 5349 numerum
1375 5298 1701 5365 singularem
1752 5298 1995 5352 neutrius
2046 5315 2245 5369 ponere

671 5387 871 5454 Solet);
915 5402 1020 5453 stt,
1066 5388 1128 5440 17
1154 5426 1169 5448 ,
1212 5386 1275 5439 57
1312 5388 1663 5453 (superﬂuum
1693 5386 1745 5438 lt.
1784 5387 1820 5440 I.
1859 5399 1975 5441 erat
2009 5388 2241 5442 Gothum

673 5479 929 5539 excitare,
978 5493 1005 5529 a
1053 5492 1156 5543 quo
1184 5492 1303 5529 cum
1338 5485 1393 5529 et
1428 5480 1879 5548 gulanbjanimmn
1907 5488 1962 5532 et
1997 5481 2067 5532 du
2091 5484 2247 5534 imma

673 5572 788 5624 sine
819 5551 1126 5622 discrimine
1157 5570 1393 5632 dicatur,
1442 5558 1616 5623 llll‘ﬂtit
1676 5575 1743 5630 s‘c
1782 5574 1940 5626 αὐτόν
1989 5588 2058 5626 an
2105 5576 2245 5643 αὐτῷ

746 5704 767 5739 ⁸
805 5706 954 5773 Quod
1000 5706 1049 5757 ei
1100 5706 1452 5769 laudimsgis,
1499 5720 1655 5774 quam
1708 5706 1971 5775 vituperio
2005 5710 2244 5763 tribuen-

675 5775 801 5829 dum
833 5791 952 5830 esse
974 5776 1205 5830 lahnius
1230 5779 1515 5838 existimat,
1560 5777 1772 5829 Einieit.
1804 5792 1856 5844 p.
1892 5776 2006 5831 ὅδ’.

2354 558 2549 611 tiriant.
2618 558 2936 624 Scholzins,
2991 563 3397 618 recentissimus
3444 568 3565 621 novi
3630 570 3941 623 testamenti

2352 648 2557 711 editor,
2610 649 2677 703 ad
2715 649 3081 706 additamenta
3127 654 3448 709 Schulziaua
3498 657 3629 712 nihil
3699 659 3939 727 addidit,

2353 739 2639 792 maximam
2666 753 2870 808 partem
2908 741 3027 807 ejus
3077 745 3398 801 auctoritate
3439 748 3699 803 adductus
3727 748 3938 808 falsario

2351 826 2481 891 sint,
2506 842 2573 879 an
2605 830 2769 897 proba
2799 830 2929 883 nihil
2960 844 3179 899 curans,
3210 834 3324 902 ipse
3344 836 3508 890 etiam
3543 853 3639 891 sun
3660 852 3941 894 commen-

2354 916 2490 971 tario
2516 921 2803 988 adspersit,
2835 922 3109 976 nonnullis
3137 926 3322 979 nescio
3364 940 3471 994 quo
3498 927 3722 981 consilio
3762 943 3937 998 quave

2350 1023 2513 1062 causa
2541 1025 2773 1065 01111861..

2426 1102 2699 1170 [ὶὶιίεοιιιίε
2723 1104 2891 1158 critici
2914 1119 3032 1158 cum
3054 1119 3175 1159 esse
3200 1106 3491 1173 rideretur,
3523 1122 3710 1163 omnes
3730 1109 3936 1164 discre-

2352 1194 2563 1260 pantias
2589 1204 2794 1259 nutare,
2818 1210 2935 1263 qua:
2972 1196 3113 1250 inter
3140 1204 3339 1251 textum
3369 1213 3600 1265 gramm
3650 1208 3703 1251 et
3731 1201 3936 1253 versio-

2354 1296 2474 1334 nem
2504 1284 2771 1350 gnthicam
2798 1286 3218 1353 intercederent,
3266 1288 3317 1341 id
3341 1289 3600 1343 suadente
3644 1290 3885 1345 stichaeli
3912 1294 3935 1322 ’

2352 1386 2451 1429 nos
2474 1374 2687 1442 quidem
2720 1377 2965 1438 iecimus.
2995 1378 3235 1447 exceptis
3259 1389 3436 1435 tamen
3468 1380 3553 1443 iis,
3585 1395 3704 1449 qua:
3731 1394 3834 1434 non
3855 1394 3928 1435 ex

2352 1465 2451 1517 alia
2484 1466 2735 1531 let-tione,
2766 1469 2858 1520 scil
2889 1484 2952 1520 es
2998 1469 3212 1523 diverso
3243 1471 3524 1539 ntriu~que
3565 1471 3754 1541 linguae
3781 1472 3934 1540 inge-

2353 1556 2443 1611 nio
2471 1569 2602 1611 ortae
2631 1570 2783 1624 sunt;
2828 1560 2903 1615 sic
2934 1577 2985 1613 v.
3016 1577 3069 1630 Β.
3103 1562 3369 1631 genitivus
3402 1563 3621 1632 pluralis
3663 1575 3779 1632 post
3806 1568 3929 1629 sua,

2353 1663 2477 1714 me,
2524 1666 2687 1715 sums,
2746 1651 2965 1705 ainshun
3023 1668 3119 1719 pro
3162 1654 3354 1708 eodem
3392 1655 3605 1709 illorum
3650 1657 3931 1711 verborum

2353 1754 2504 1805 casn,
2529 1743 2603 1794 uti
2626 1742 2811 1796 Matth.
2831 1758 2903 1799 vn
2924 1787 2939 1809 ,
2972 1745 3036 1798 l7
3058 1743 3130 1797 all
3150 1746 3328 1815 ttang
3357 1746 3538 1817 (omne
3558 1746 3828 1815 arborum)
3858 1778 3931 1788 -

2352 1838 2453 1886 πᾶν
2474 1832 2696 1906 δένδρον.
2740 1849 2795 1901 v,
2823 1834 2896 1889 46
2921 1851 2996 1888 too
3029 1837 3266 1891 misdono
3297 1837 3477 1908 (quam
3504 1840 3829 1909 mercedum)
3855 1872 3931 1882 —

2348 1926 2461 1978 τίνα
2475 1924 2674 1995 μισθόν.
2702 1922 2858 1978 Joan.
2900 1938 2995 1991 ait,
3026 1926 3099 1981 20
3114 1928 3281 1980 sumui
3304 1927 3475 1999 piudo
3496 1928 3735 1998 (quidam
3761 1934 3929 1999 genti-

2352 2012 2509 2084 lium)
2535 2042 2605 2053 -—
2630 2018 2762 2074 τινὲς
2784 2012 3029 2077 Ἐλληνῖς.
3060 2017 3226 2072 Marc.
3251 2031 3324 2083 vt,
3356 2019 3390 2071 5
3415 2019 3469 2072 ni
3497 2020 3726 2074 aiuolrun
3762 2019 3929 2073 inclite

2348 2105 2479 2169 (non
2508 2120 2665 2158 unam
2691 2106 3064 2177 virtutum)-—-
3092 2107 3337 2181 οὐδεμίαν
3391 2109 3637 2181 advertant;
3683 2112 3928 2167 eirenitiu

2351 2193 2601 2249 inﬁnitivi
2625 2210 2745 2250 cum
2772 2199 3149 2266 prapositioue
3170 2210 3225 2255 et
3246 2200 3468 2255 articulo
3485 2211 3541 2255 et
3564 2204 3752 2258 cadent
3775 2206 3925 2273 geni-

2348 2289 2577 2342 tivorum
2618 2289 3008 2357 absolutorum,
3034 2294 3108 2347 nti
3138 2293 3325 2348 Matth.
3354 2309 3523 2360 xxvii,
3554 2294 3626 2349 ﬂ
3648 2294 3921 2368 unth

2350 2379 2568 2452 omnip:
2595 2396 2681 2435 vas
2700 2382 2849 2452 (dum
2868 2393 3146 2437 accusatus
3164 2383 3283 2451 luit)
3308 2413 3378 2426 -—-
3394 2385 3444 2438 iv
3458 2393 3528 2457 τῷ
3542 2390 3922 2463 κατηγορεῖσθαι

2349 2473 2523 2527 αὐτόν.
2582 2473 2649 2527 57
2701 2470 2817 2544 pan
2868 2474 3023 2546 seipu
3080 2473 3215 2545 verb
3265 2476 3428 2542 (tum
3470 2492 3594 2530 sero
3635 2478 3807 2544 lieret)
3858 2506 3925 2515 --

2349 2562 2501 2633 ὀψίας
2528 2566 2825 2635 γενομένηςς
2878 2568 3064 2618 eadem
3115 2566 3359 2619 intinitivi
3408 2567 3622 2635 passivi,
3656 2568 3729 2620 uti
3760 2567 3917 2621 Marc.

2351 2667 2406 2717 Χ,
2438 2652 2507 2707 65
2528 2663 2581 2706 at
2608 2654 2940 2723 andbalttjant
2972 2654 3062 2723 (ad
3092 2656 3331 2723 servitia)
3361 2684 3432 2697 -—
3463 2656 3823 2723 semesam.
3853 2658 3923 2711 cf.

2349 2747 2415 2797 ad
2441 2760 2552 2813 vnt,
2578 2748 2638 2801 51
2674 2756 2730 2801 et
2756 2763 2843 2809 xv,
2864 2748 2931 2810 9;
2963 2764 3088 2800 usus
3120 2748 3381 2817 praeteriti
3424 2752 3681 2816 temporis
3712 2751 3763 2802 in
3809 2766 3930 2801 nar-

2351 2837 2559 2890 ratione
2582 2853 2679 2905 pro
2710 2849 2974 2907 praesente
2996 2853 3193 2907 grzrco,
3222 2839 3330 2892 viil.
3384 2839 3450 2891 ad
3482 2840 3665 2892 Matth.
3712 2854 3821 2901 vni,
3851 2838 3923 2894 ἰθ

2350 2936 2404 2977 et
2434 2928 2563 2980 Luc.
2592 2941 2666 2989 tn,
2699 2930 2755 2979 tl
2791 2938 2845 2980 et
2899 2937 3154 2993 praeterea
3188 2928 3352 2980 multa
3385 2927 3510 2992 alia,
3554 2942 3673 2997 qum
3710 2942 3927 2982 enunie-

2354 3029 2474 3069 rare
2507 3018 2716 3084 longum
2768 3029 2872 3082 est,
2920 3031 3026 3069 non
3075 3028 3200 3071 sunt
3247 3020 3565 3083 varietates;
3616 3033 3710 3073 eas
3751 3030 3929 3071 autem

2356 3103 2601 3160 invenire
2628 3107 2829 3160 auxilio
2852 3107 3122 3161 interioris
3148 3107 3413 3163 sermonis
3448 3109 3647 3178 gothici
3672 3109 3932 3178 costum-

2355 3193 2439 3248 nis
2467 3209 2573 3248 non
2604 3195 2739 3249 adeo
2768 3196 2986 3251 dillicile
3022 3206 3120 3251 est.
3158 3198 3500 3252 Inveniuntur
3545 3200 3762 3269 quidem
3791 3200 3927 3264 loca,

2356 3284 2445 3338 ubi
2467 3284 2663 3339 haereri
2686 3288 2873 3354 possit,
2929 3296 3103 3340 utram
3150 3286 3431 3341 lectionem
3464 3286 3668 3342 Gothus
3713 3298 3928 3345 secutus

2353 3377 2445 3443 sit,
2470 3378 2593 3446 quia
2613 3380 2799 3432 eadem
2829 3378 2997 3431 forma
3023 3378 3237 3446 gothica
3258 3378 3463 3432 duabus
3492 3382 3680 3449 graecis
3709 3394 3932 3449 respon-

2353 3472 2464 3535 det,
2488 3472 2563 3524 uti
2588 3470 2701 3525 Gal.
2739 3485 2811 3533 vt,
2849 3472 2885 3524 2
2924 3471 3014 3525 ubi
3063 3471 3314 3542 nsfnlleip
3344 3501 3416 3512 --
3440 3473 3838 3550 ἀναπληρώσατε
3874 3485 3933 3529 et

2349 3563 2766 3637 ἀναπληρῶσαι,
2795 3562 2922 3616 Cur.
2971 3561 3012 3627 1,
3046 3575 3134 3627 xv,
3185 3560 3252 3616 d9
3312 3564 3396 3613 tibi
3449 3574 3544 3630 per
3589 3564 3834 3615 bairairna
3874 3573 3933 3619 et

2353 3655 2631 3726 φορέσομεν
2668 3661 2724 3705 et
2751 3654 3035 3726 φορέσωμεν
3068 3652 3219 3705 reddi
3271 3661 3500 3720 poterat,
3547 3652 3619 3705 ct'.
3663 3653 3731 3706 ad
3775 3654 3835 3707 L.
3865 3669 3918 3719 v,

2350 3746 2422 3799 30
2447 3761 2463 3811 ;
2495 3756 2584 3800 aut
2607 3747 2887 3813 particulae
2912 3758 3099 3814 graeca:
3126 3746 3353 3799 diVerss
3375 3758 3404 3797 a
3441 3743 3617 3799 Gotlio
3666 3759 3771 3798 non
3798 3747 3929 3801 satis

2351 3834 2631 3902 diligenter
2680 3844 2808 3888 sunt
2860 3834 3149 3900 distinctae,
3200 3837 3275 3888 uti
3305 3834 3357 3889 δέ
3390 3844 3443 3888 et
3486 3835 3689 3915 γὰρ,δὲ
3713 3843 3768 3892 et
3818 3840 3924 3903 ui,

2353 3928 2435 3979 καί
2462 3934 2517 3980 et
2564 3921 2680 3995 05v;
2714 3926 2769 3980 in
2810 3925 2891 3984 his
2934 3925 3103 3985 satius
3146 3926 3248 3985 erit
3277 3927 3509 3985 Gothum
3565 3930 3779 3984 codices
3829 3941 3923 3982 eos

2350 4031 2591 4074 secutum
2620 4021 2823 4085 dicere,
2844 4036 2968 4075 cum
3007 4021 3201 4089 quibus
3247 4021 3557 4086 conspirare
3608 4018 3721 4072 fere
3765 4018 3922 4072 solet.

2350 4108 2478 4173 Quae
2506 4120 2683 4163 autem
2725 4110 2983 4165 lectiones
3019 4126 3208 4164 revera
3253 4121 3377 4164 sunt
3423 4110 3715 4171 variantes,
3748 4109 3828 4163 ha:
3858 4122 3924 4163 eo

2350 4199 2655 4268 diligentius
2710 4199 2955 4255 notanda:
3004 4212 3151 4264 sunt,
3189 4202 3315 4269 quia
3372 4201 3554 4255 versit)
3595 4200 3777 4265 Gothi,
3804 4214 3925 4268 qua:

2352 4307 2472 4344 cum
2500 4295 2644 4347 nullo
2676 4294 2931 4347 librorum
2966 4299 3295 4345 vetustorum
3326 4292 3502 4346 adhuc
3569 4287 3922 4356 superstitum

2352 4385 2424 4438 ita
2454 4386 2708 4452 concinit,
2736 4395 2795 4439 ut
2823 4399 2891 4440 ex
2918 4398 2986 4441 eo
3030 4386 3147 4439 solo
3202 4386 3389 4438 hausta
3429 4382 3535 4438 dici
3564 4383 3753 4453 possit,
3807 4384 3922 4452 ipsa

2356 4489 2451 4543 pro
2478 4475 2661 4529 codice
2688 4484 2774 4530 est
2795 4474 3058 4531 habenda.
3090 4475 3221 4528 Nam
3246 4475 3456 4529 etiamsi
3506 4476 3746 4544 plurimis
3789 4474 3922 4528 locis

2351 4567 2748 4634 evangeliorum
2791 4578 2915 4619 cum
2946 4566 3132 4619 codice
3168 4564 3209 4618 D
3248 4564 3595 4632 epistolarum
3637 4578 3757 4617 cum
3778 4564 3925 4618 codi-

2351 4658 2502 4710 cibos
2533 4656 2712 4712 DEFG
2738 4661 2755 4679 ⁶
2783 4656 3050 4711 consentit
3072 4698 3087 4722 ,
3147 4666 3321 4711 tamen
3349 4658 3402 4709 iu
3431 4655 3722 4725 evangeliis
3751 4655 3921 4720 illum,

2352 4750 2404 4801 in
2431 4750 2671 4818 epistolis
2700 4750 2798 4802 hos
2823 4748 3038 4803 codices
3077 4746 3307 4801 Gethum
3358 4761 3478 4801 esse
3504 4756 3744 4803 secutum
3789 4762 3919 4800 con-

2352 4841 2493 4892 tendi
2519 4856 2622 4892 non
2650 4850 2841 4906 petest,
2876 4839 2996 4904 quia
3029 4838 3164 4890 haud
3212 4852 3375 4903 pauca
3422 4846 3547 4890 sunt
3576 4837 3712 4899 loca,
3739 4837 3828 4890 ubi
3852 4839 3917 4891 ab

2352 4934 2561 4987 illormn
2586 4933 2903 4985 auctoritate
2931 4930 3160 4983 diSthtiil
3188 4960 3257 4970 --
3281 4946 3398 4998 qua:
3424 4931 3582 4983 etiam
3610 4942 3770 4981 causa
3813 4940 3916 4994 eSt,

2351 5039 2446 5077 cur
2477 5026 2652 5077 versio
2679 5023 2910 5092 gothics,
2941 5037 3060 5074 cum
3098 5021 3280 5073 mixtis
3316 5019 3713 5072 annumeranda
3743 5018 3831 5081 sit,
3856 5021 3921 5071 ad

2352 5113 2691 5183 hyzantiuam
2721 5113 2839 5165 sive
2884 5110 3516 5176 constantinotmlitauam
3556 5108 3923 5161 recensiout-m

2349 5208 2522 5258 solam
2569 5220 2599 5257 a
2658 5203 2787 5255 viris
2827 5201 2999 5255 doetis
3052 5217 3156 5253 non
3198 5201 3426 5253 debebat
3480 5198 3794 5263 reierri—;
3844 5199 3924 5252 sic

2352 5294 2536 5347 Matth.
2566 5308 2619 5356 ν,
2644 5290 2713 5345 46
2736 5291 2855 5345 cod.
2890 5289 2933 5343 1)
2956 5291 3181 5350 τελῶναι,
3227 5285 3387 5341 Goth.
3443 5287 3618 5340 ιΙιίιάο
3667 5288 3919 5357 (ἐθνικοῦς

2354 5402 2426 5449 \‘t,
2486 5386 2509 5439 1
2548 5385 2588 5437 1)
2638 5382 2995 5453 diminutivum,
3026 5381 3185 5435 Guth.
3229 5382 3461 5435 αηηαίοη
3512 5378 3917 5452 (ἐλιημοσύνηνᾙ

2355 5491 2426 5537 ιιι,
2459 5477 2492 5530 4
2540 5475 2583 5528 D
2624 5475 2781 5528 habet
2824 5475 2999 5534 αὐτὸς,
3031 5471 3169 5541 quod
3210 5470 3369 5525 Goth.
3404 5472 3633 5534 omittit;
3666 5483 3751 5536 vt,
3785 5466 3852 5522 15
3880 5470 3921 5521 D

2354 5564 2927 5631 omittitdosologiam,
2958 5574 3117 5631 quam
3165 5560 3324 5616 Goth.
3382 5560 3561 5623 habet,
3591 5569 3645 5614 et
3688 5560 3767 5613 sic
3794 5572 3920 5626 per-

2426 5707 2444 5735 '
2490 5704 2783 5771 hiulcitung
2816 5702 2865 5753 in
2891 5701 2971 5754 die
2994 5699 3264 5769 géttlirlten
3288 5698 3543 5769 Schriften
3562 5715 3614 5765 ρ.
3646 5695 3775 5751 279.

2430 5781 2443 5796 '
2487 5778 2629 5841 Quos
2662 5772 3038 5826 Griesbachins
3063 5772 3254 5839 signat.
