4346 6420
682 324 783 380 879
1736 320 2185 380 οηλιιωτιω
2224 321 2553 380 αοτιιιείις
2595 320 2897 377 ιικρυλε.
3826 302 3942 359 880

731 462 797 539 1:-
837 448 1078 521 lilippans
1109 462 1449 528 apaustaulus
1480 466 1530 519 in
1555 466 1865 541 jairupulai.
2408 449 2479 532 ἦ

730 557 797 633 Ε
2412 553 2479 607 lari

740 652 787 689 ll.
2413 647 2477 701 L‘c

729 715 802 786 Π
2410 727 2478 801 ἰςῖέ

714 813 930 903 ίςβίῑθ
951 828 1239 902 ειηήξιιιοίιι
1266 830 1280 859 ⁸
1314 830 1569 898 batranjai
1600 847 1695 883 ἰη’
1728 846 1945 885 samana
2408 822 2473 887 ﬁ

730 908 803 974 IT
2409 914 2481 980 ET.

2504 1020 2745 1075 andriins
2765 1018 3130 1089 apaustautul.

716 1100 788 1160 ET:
2410 1100 2479 1167 Ῐῗ

716 1247 734 1278 ¹
762 1243 822 1299 (ἶ.
850 1244 1173 1315 alpjazwiuc.
1208 1245 1351 1300 Cast.
1386 1246 1701 1318 aIIijinoine.

654 1448 3875 1500 “ﬂ

1830 1663 2768 1781 GRAMMATICA

1150 1956 2325 2122 GOTHICAE
2460 1954 3447 2121 LINGUZE

942 2301 1017 2386 E
1090 2300 1805 2389 GERMANICO
1879 2300 2448 2388 SERMONE
2520 2304 2642 2387 IN
2716 2301 3256 2388 LATINUM
3301 2300 3738 2405 VERSA,

1700 2505 2202 2567 lNTEltPliETE
2270 2505 2343 2565 F.
2406 2506 2568 2567 TEM
2585 2505 2910 2568 PESTINI.

2138 2704 2501 2717 .—-—-——-—_

1906 2838 2785 2971 PRKEFATIO.

738 3131 1102 3208 Antequam
1136 3129 1301 3191 hanc
1327 3128 1808 3208 grammaticam
1842 3129 2324 3208 aggrediamur,
2354 3145 2570 3210 operm
2594 3127 2867 3209 pretium
2899 3144 3038 3190 csso
3066 3127 3369 3191 duximus
3399 3125 3539 3208 ejus
3570 3124 3959 3190 fundamem

662 3235 796 3291 tum
833 3237 894 3290 et
924 3236 1209 3291 tenorem
1246 3229 1466 3309 paucis
1502 3228 1709 3290 verbis
1728 3246 2075 3307 exponere.

747 3331 971 3404 Quoad
1008 3333 1225 3409 operis
1267 3330 1762 3403 ordinationem,
1797 3336 2126 3411 propriam
2162 3333 2331 3393 viam
2380 3334 2442 3393 in
2495 3333 2751 3412 syntaxi
2800 3332 3105 3411 indagare
3141 3332 3505 3406 debuimus,
3539 3334 3661 3396 hac
3708 3332 3957 3396 bucus~

671 3451 801 3512 que
838 3435 1121 3496 nondum
1152 3435 1514 3512 explorata.
1546 3434 1663 3496 Hic
1693 3452 1844 3496 vero
1902 3435 2086 3496 nobis
2145 3434 2435 3496 ordinem
2490 3433 2875 3497 didacticum
2913 3436 3211 3512 persequi
3242 3438 3627 3498 conantibus
3656 3438 3959 3515 quando-

665 3553 798 3613 que
833 3537 1105 3598 attentio
1145 3537 1436 3597 relaxata
1466 3541 1593 3611 cst;
1629 3543 2026 3615 quapropter
2066 3553 2189 3595 non
2231 3536 2549 3596 immerito
2575 3553 2909 3617 speramus
2956 3536 3226 3598 indicem
3257 3556 3473 3600 rerum
3514 3547 3579 3602 et
3609 3539 3959 3601 vocabulo-

666 3655 809 3699 rum
840 3640 918 3701 ad
946 3639 1183 3701 calcem
1217 3638 1427 3719 aperis
1455 3638 1824 3713 remissum,
1847 3655 2152 3718 magnum
2186 3637 2321 3699 fore
2352 3637 2792 3717 adjumentum
2826 3638 2933 3711 iis,
2964 3639 3197 3717 quibus
3226 3640 3384 3701 ordo
3416 3650 3635 3704 noster
3668 3642 3960 3703 nondum

664 3745 851 3805 tritus
883 3751 994 3804 est.

743 3847 814 3908 In
850 3848 1055 3908 tribus
1089 3846 1307 3927 primis
1350 3846 1690 3925 capitibus,
1723 3862 1869 3924 qua:
1905 3844 1983 3905 de
2017 3844 2335 3923 scriptura
2374 3850 2436 3905 et
2470 3844 2850 3923 prolatione,
2886 3861 3135 3907 necnon
3170 3844 3635 3906 vocabulorum
3674 3843 3961 3907 ﬂexione

664 3967 1022 4031 eorumque
1063 3952 1448 4012 formatione
1498 3952 1847 4027 disserunt,
1875 3949 2072 4010 secuti
2125 3965 2344 4009 sumus
2400 3947 2695 4025 equidem
2749 3947 3037 4009 ordinem
3072 3953 3454 4007 consuetum
3493 3948 3617 4008 sub
3650 3958 3957 4027 recpectu

664 4056 917 4126 formas;
952 4056 1074 4117 sub
1106 4060 1319 4115 autem
1357 4060 1651 4135 reSpcctu
1693 4056 2006 4133 materia},
2040 4055 2241 4116 lector
2288 4059 2574 4115 attentus
2611 4054 2795 4116 facile
2831 4055 3328 4131 animadvertet,
3360 4054 3533 4131 quod
3581 4053 3688 4115 hic
3730 4058 3963 4133 etiam,

660 4156 1209 4234 quemadmodum
1246 4157 1307 4217 in
1342 4158 1627 4235 syntaxi,
1659 4157 1937 4237 propriis
1966 4157 2572 4235 investigationibus
2602 4155 2825 4215 muniti
2862 4156 3320 4234 propriamque
3348 4154 3519 4217 viam
3547 4161 3895 4230 sectantes,
3923 4175 3964 4220 a

664 4259 957 4322 doctrina
988 4260 1312 4321 communi
1347 4260 1831 4322 deﬂexerimus.
1864 4260 2087 4323 Utrum
2121 4265 2182 4319 et
2212 4259 2277 4319 in
2309 4265 2626 4337 quantum
2652 4258 2882 4318 merito
2917 4258 3279 4333 fecerimus,
3307 4257 3600 4318 sincerus
3633 4258 3838 4319 lector
3863 4259 3958 4319 di-

660 4361 990 4441 iudicabit.

742 4466 1053 4540 Quamvis
1088 4466 1150 4524 in
1183 4463 1625 4527 elucubrando
1658 4463 1778 4524 hoc
1812 4481 2006 4541 opere
2044 4462 2102 4521 id
2135 4461 2446 4538 imprimis
2477 4461 2558 4521 ob
2594 4460 2813 4521 oculos
2846 4460 3288 4536 habuerimus,
3318 4458 3487 4539 quod
3524 4458 3951 4536 grammatica

661 4565 1001 4644 cujuslibet
1032 4566 1354 4628 sermonis
1385 4565 1471 4626 ita
1503 4563 1949 4642 restringenda
1979 4564 2085 4640 sit,
2114 4569 2182 4623 ut
2215 4562 2504 4639 linguam
2537 4580 2570 4622 c
2602 4561 2819 4639 lingua
2851 4562 2989 4639 ipsa
3019 4562 3379 4639 explicans,
3410 4560 3814 4638 potissimum
3844 4576 3961 4624 ca-

662 4672 840 4744 veat,
872 4684 953 4727 ne
994 4664 1323 4743 quodlibet
1359 4670 1640 4743 systema
1674 4670 2187 4743 praaconceptum
2222 4670 2671 4741 persequatur,
2703 4668 2816 4723 aut
2851 4664 3089 4725 formas
3120 4661 3285 4725 alius
3329 4660 3650 4723 sermonis
3693 4659 3796 4721 vel
3847 4678 3963 4722 co-

668 4769 849 4847 gnati
888 4768 1127 4848 linguae
1158 4767 1556 4829 illustrande
1595 4768 1908 4846 imponat,
1940 4767 2060 4826 hoc
2094 4774 2303 4825 tamen
2338 4764 2655 4843 principio
2688 4781 2812 4824 non
2842 4763 3003 4825 adeo
3034 4764 3360 4825 constricti
3395 4761 3657 4836 fuimus,
3686 4768 3759 4822 ut
3786 4777 3962 4840 prm-

662 4870 849 4945 cipue
894 4870 959 4930 in
1000 4871 1286 4951 syntaxi,
1320 4887 1599 4949 gracum
1631 4875 1903 4941 textum,
1937 4867 2207 4947 gothicm
2242 4866 2617 4926 litteratum
2653 4864 3162 4937 fundamentum,
3194 4868 3567 4927 constanter
3601 4883 3728 4926 non
3760 4865 3964 4927 invo-

662 4975 1022 5035 caverimus
1060 4994 1074 5031 :
1117 4976 1375 5051 propria
1405 4973 1575 5033 enim
1607 4972 1853 5032 indoles
1885 4969 2154 5048 gothicao
2188 4969 2426 5047 linguae
2460 4984 2539 5028 ex
2572 4966 2688 5025 hac
2720 4965 3065 5025 collatione
3096 4964 3454 5027 evidentius
3485 4965 3743 5027 eminet.

748 5074 906 5137 Cum
941 5076 1018 5135 de
1055 5075 1362 5135 anteriori
1400 5082 1461 5135 et
1497 5075 1833 5154 posteriori
1872 5092 2167 5136 sermone
2204 5073 2441 5150 passim
2475 5070 2861 5131 mentionem
2897 5068 3192 5140 facimus,
3221 5067 3396 5130 hunc
3426 5068 3662 5149 dequo
3697 5068 3762 5127 in
3797 5085 3962 5145 pro—

666 5177 834 5257 lcgg.
875 5179 949 5238 ad
982 5183 1253 5254 textum,
1283 5179 1401 5240 col.
1435 5177 1576 5257 £73,
1608 5179 1951 5238 innuimus.

747 5277 887 5337 1am
920 5295 1072 5338 vero
1100 5279 1409 5355 quoniam
1440 5294 1518 5338 ex
1558 5277 2047 5337 elucubratione
2084 5274 2276 5352 hujus
2313 5274 2523 5350 operis
2557 5274 2795 5350 pluries
2835 5271 3237 5333 occasionem
3278 5270 3649 5344 habuimus,
3679 5269 3959 5334 lacunas

684 5385 747 5438 et
782 5395 1033 5439 errores
1066 5382 1173 5455 qui
1211 5387 1335 5442 tam
1375 5381 1439 5439 in
1477 5381 1795 5459 glossario
1869 5380 1885 5413 ι
1965 5396 2159 5458 quam
2211 5381 2274 5438 in
2347 5384 2521 5437 textu
2575 5376 2846 5455 ejusque
2881 5373 3415 5453 interpretatione
3450 5372 3952 5451 subrepserant,

680 5481 1014 5559 supplendi
1044 5488 1107 5542 et
1136 5480 1521 5562 corrigendi,
1555 5501 1687 5543 rem
1722 5499 1848 5543 non
1883 5482 2199 5561 ingratam
2240 5478 2464 5539 facturi
2506 5477 2685 5537 nobis
2721 5478 3036 5547 videmur,
3067 5476 3119 5535 si
3158 5474 3274 5539 bas
3322 5473 3806 5538 emendatione:
3844 5475 3960 5539 hic

665 5578 1069 5658 colligentes,
1100 5583 1402 5643 lectorem
1435 5583 1718 5647 numeris
1758 5582 2059 5666 paginam
2091 5580 2522 5643 indicantibus
2558 5577 2633 5638 ad
2664 5577 3147 5657 grammaticam
3186 5576 3640 5639 remiscrimus.

771 5730 784 5763 '
858 5730 915 5787 lu
955 5730 1189 5790 editione
1229 5732 1532 5805 germauica
1572 5733 1890 5805 glussarium
1924 5736 2069 5805 prius
2101 5746 2256 5801 quam
2300 5731 2643 5803 grammatica
2677 5737 2879 5784 calatum
2908 5739 3008 5785 est.
3046 5736 3268 5791 lirterpr.
