4346 6442
621 379 723 435 883

618 470 836 526 difﬁcile
855 484 920 524 ex
950 471 1151 539 gluten,
1174 474 1316 539 gout,
1346 473 1527 538 guttur,
1559 470 1744 534 gulam
1772 457 2040 533 (fundere)
2073 455 2204 508 tole-

616 563 801 620 rabilis
825 573 1115 633 peteretur,
1139 562 1336 630 quippe
1363 572 1482 612 cum
1505 557 1715 628 probari
1747 563 1974 621 nequeat
2018 561 2197 604 utrum

617 660 799 727 giutan
826 658 990 713 etiam
1018 659 1244 728 gignere,
1270 669 1446 707 creare
1485 653 1770 721 signiticet,
1799 659 1853 701 ut
1873 646 2040 700 leuss
2091 645 2192 697 loc.

619 752 763 806 laud.
791 749 894 806 l3!-
921 750 1215 806 contendit.
1248 748 1355 802 Nos
1386 747 1543 814 igitur
1566 744 1946 801 concludentcs
1974 740 2205 793 libenter

616 841 904 900 fatebimur
948 843 1168 897 omnino
1217 841 1446 907 nescire,
1486 837 1615 910 quid
1662 849 1858 892 nomen
1904 833 2200 887 Gothorum

618 935 885 1006 designet.

694 1045 716 1079 ο
750 1027 869 1081 lam
893 1027 1189 1083 Grimmius
1214 1025 1418 1099 (Grant.
1451 1039 1554 1081 xcv
1598 1023 1684 1096 [ιιι
1730 1016 1912 1093 edit.])
1955 1016 2205 1074 consulte

615 1120 1016 1188 animadvertit,
1047 1119 1281 1191 linguam
1308 1122 1378 1174 de
1402 1133 1506 1190 qua
1534 1132 1675 1172 nunc
1695 1114 1921 1186 questio
1943 1120 2049 1175 est,
2067 1123 2202 1166 ma-

616 1215 956 1283 wﬁothicam
974 1213 1274 1270 incorrecte
1296 1198 1495 1278 vocari;
1518 1214 1562 1266 si
1585 1210 1728 1266 enim
1756 1208 1963 1273 Ullilas,
1981 1206 2071 1275 qui
2096 1204 2201 1273 pri-

615 1320 736 1359 mus
759 1305 1119 1361 verisimilitcr
1140 1305 1358 1376 gothico
1374 1318 1628 1361 sermone
1645 1302 1882 1372 scripsit,
1904 1300 1984 1354 vel
2007 1298 2197 1353 saltem

609 1395 766 1462 cujus
789 1404 913 1450 sunt
939 1397 1311 1466 antiquissima
1341 1401 1688 1450 monumenta
1717 1390 1915 1460 scripta
1947 1389 2076 1460 (vid.
2109 1385 2139 1458 ᾗ
2164 1385 2200 1442 6

614 1497 671 1543 et
710 1488 821 1556 ll),
848 1488 1044 1545 Gothis
1083 1489 1325 1545 nimiam
1364 1486 1726 1544 habitantibus
1748 1483 2008 1548 interluit,
2041 1481 2096 1536 lii
2123 1491 2200 1535 ta-

613 1597 742 1636 metr
762 1579 944 1647 Gothi,
976 1579 1101 1637 licet
1127 1595 1160 1637 a
1188 1582 1402 1637 caeteris
1443 1579 1698 1636 lratribns
1734 1576 1974 1632 anterius
1997 1575 2200 1630 disces—

615 1674 806 1740 serint,
848 1681 1003 1730 certo
1042 1685 1219 1729 autem
1269 1673 1500 1743 linguam
1542 1686 1668 1729 cum
1716 1669 1832 1725 istis
1860 1678 2199 1724 communem

616 1765 649 1816 h
671 1765 940 1820 .buerimt.
980 1764 1148 1820 Immo
1173 1774 1228 1821 et
1255 1764 1580 1820 documenta
1610 1761 1828 1832 gotbica
1850 1771 1972 1827 qua:
1998 1758 2067 1811 ad
2099 1768 2196 1810 nos

617 1872 788 1926 usque
835 1866 1214 1926 pervenerunt,
1246 1870 1473 1925 quaeque
1507 1851 1907 1909 dominantibus
1937 1850 2199 1918 Ostrogo-

613 1952 721 2004 this
755 1950 814 2005 in
856 1949 1059 2005 Italiam
1102 1949 1434 2019 prodierunt,
1463 1947 1657 2003 eodem
1695 1959 1947 2001 sermone
1978 1941 2203 1998 omnino

613 2050 739 2096 sunt
769 2040 1096 2107 conscripta,
1125 2055 1234 2112 quo
1276 2040 1571 2094 Bibliorum
1598 2037 1904 2099 versiones;
1932 2033 2042 2104 jam
2071 2047 2202 2088 vero

612 2136 659 2187 si
689 2133 996 2206 Ostrogothi
1028 2134 1126 2188 hac
1155 2132 1343 2188 eadem
1375 2131 1551 2201 lingua
1587 2130 1962 2199 loquebantur,
1991 2141 2122 2197 ergo
2144 2133 2203 2181 et

614 2223 932 2295 Wisigotbi,
987 2239 1215 2295 quorum
1268 2236 1393 2294 pars
1429 2219 1671 2277 “asiam
1722 2218 2046 2274 incolebant.
2099 2218 2201 2288 lgi-

613 2330 702 2372 tur
738 2331 920 2374 sermo
959 2329 1145 2376 noster
1183 2317 1435 2374 omnibus
1477 2313 1668 2371 Gothis
1707 2315 2010 2371 communis
2047 2319 2196 2379 erat,

609 2408 740 2468 coll.
769 2407 801 2481 ς
829 2411 881 2466 ι.
915 2429 935 2463 s

688 2501 719 2574 ς
758 2501 814 2557 3.
851 2499 1076 2559 Gothica
1114 2499 1292 2572 lingua
1333 2500 1402 2554 ad
1441 2498 1930 2569 indogermanicam
1975 2497 2199 2565 stirpem

614 2594 824 2658 attinet,
853 2603 912 2649 et
936 2609 968 2650 e
992 2594 1312 2667 germanicm
1351 2592 1565 2648 familiar
1608 2591 1800 2661 linguis
1839 2605 1903 2646 ea
1937 2598 2042 2655 est,
2079 2602 2202 2659 qua

615 2685 995 2754 mitiquissima-
1045 2695 1389 2740 monumenta
1455 2683 1724 2752 praebeat;
1779 2683 1850 2737 ita
1900 2693 1977 2748 ut,
2032 2681 2200 2751 prima

617 2788 770 2833 certo
820 2777 1057 2833 omnium
1098 2777 1332 2844 scripta,
1380 2775 1434 2830 in
1482 2787 1585 2830 sua
1625 2773 1936 2828 sinceritate
1985 2771 2049 2825 ad
2103 2785 2204 2826 nos

619 2884 792 2939 usque
818 2875 1030 2925 servata
1059 2867 1384 2938 pervenerit.

699 2979 721 3013 ι
754 2960 810 3016 In
843 2961 928 3016 his
959 2958 1238 3016 hodiernis
1265 2958 1594 3029 temporibus
1629 2955 1776 3025 apud
1800 2963 2016 3009 exteros
2046 2953 2204 3024 (Ger-

620 3055 830 3122 manus)
858 3051 1094 3123 probare
1114 3059 1374 3109 tentatum
1395 3059 1499 3115 est,
1522 3047 1728 3106 Gothos
1749 3048 1814 3100 ad
1840 3045 2203 3115 germanicam

621 3147 850 3214 stirpem
872 3159 979 3201 non
1013 3143 1315 3214 pertinere;
1348 3143 1486 3198 inter
1511 3142 1647 3196 alios
1672 3143 1976 3211 Stephanus
2006 3140 2211 3195 llorvat

621 3238 985 3309 Tudantdnyos
1013 3236 1350 3310 Gyijtentény
1371 3234 1528 3300 1834,
1546 3235 1579 3288 ι
1595 3233 1856 3301 fascicul.)
1872 3248 1965 3287 eos
1979 3234 2135 3286 habet
2150 3242 2209 3286 ut

624 3355 634 3393 ε
659 3339 837 3385 entem
864 3329 1065 3384 sociam
1091 3327 1247 3384 simul
1277 3336 1333 3382 et
1360 3333 1632 3398 parentem
1663 3325 1994 3389 Hunnorum,
2020 3324 2208 3378 Polov-

625 3425 789 3478 Itium
821 3423 860 3491 ί,
888 3420 1250 3478 Cottianorum
1277 3421 1321 3486 ',
1349 3431 1453 3474 etc.
1497 3417 1609 3476 Sed
1647 3419 1850 3472 erravit
1895 3416 1979 3472 \ir
2017 3416 2208 3471 doctu

623 3513 884 3585 deceptus
921 3511 1138 3571 nomine
1179 3512 1394 3568 arabico
1432 3508 1566 3566 (ἴω
1610 3527 1706 3580 pro
1739 3509 1810 3565 Us
1837 3510 1918 3566 vel
1953 3510 2030 3564 Us
2053 3510 2095 3577 ⁸,
2117 3508 2210 3581 qui

627 3603 991 3663 verisimiliter
1013 3605 1154 3662 idem
1181 3613 1307 3661 sunt
1333 3617 1395 3659 ac
1416 3603 1660 3658 Cumani.
1690 3602 1774 3656 Ad
1799 3602 1959 3656 aliam
1987 3603 2207 3670 stirpem

627 3699 790 3754 etiam
815 3698 1246 3755 adscriberentur
1268 3695 1448 3761 Gothi,
1485 3695 1528 3748 si
1558 3709 1718 3749 unum
1741 3703 1794 3748 et
1815 3693 1954 3748 idem
1978 3708 2041 3748 ac
2059 3693 2210 3748 Getae

627 3804 750 3844 csse
794 3790 1171 3854 crederentur,
1223 3786 1334 3842 vid.
1380 3786 1409 3856 ς
1466 3791 1526 3851 t;
1579 3786 1672 3840 sed
1728 3785 1793 3838 de
1851 3785 1990 3838 facto
2048 3781 2209 3838 Gothi

635 3877 765 3937 nihil
824 3880 1021 3938 habent
1073 3893 1358 3935 commune
1407 3891 1527 3931 cum
1568 3877 1740 3941 Getis,
1787 3874 1887 3930 uisi
1934 3875 2101 3945 quod,
2143 3873 2211 3928 ad

631 3984 912 4045 utramque
951 3973 1124 4043 ripam
1174 3969 1444 4025 inferioris
1485 3968 1712 4024 Danubii
1743 3967 1899 4022 vicini
1931 3968 2210 4034 degentes,

627 4068 949 4139 quandoque
981 4065 1257 4124 commixti
1291 4065 1662 4120 habitaverint.
1708 4063 1970 4118 Cteternm
2007 4059 2212 4115 Gothos

627 4161 948 4227 germania
975 4157 1200 4229 originis
1225 4170 1348 4213 esse
1373 4165 1486 4210 tum
1513 4169 1578 4210 ea
1614 4150 2008 4222 Etbnograpltia
2040 4161 2150 4205 tum
2179 4165 2214 4206 e

630 4248 952 4321 Liﬂgttislt'ca
996 4257 1234 4316 constat,
1269 4261 1371 4302 nec
1404 4246 1516 4316 jam
1552 4260 1583 4299 a
1629 4243 1844 4299 nemine
1889 4242 1942 4297 in
1989 4239 2211 4296 dubium

627 4355 927 4400 revocatur.
960 4361 980 4396 ι

702 4432 732 4506 ᾗ
768 4436 822 4492 5.
862 4432 1090 4492 Gothica
1133 4432 1312 4502 lingua
1351 4444 1386 4485 e
1423 4426 1742 4501 germanicis
1771 4425 2113 4482 sermonibus
2145 4421 2212 4479 ad

625 4529 990 4599 gemanicum
1013 4524 1257 4598 propius,
1289 4523 1532 4595 proxime
1556 4531 1735 4575 autem
1762 4518 1829 4573 ad
1860 4528 2098 4574 veterem
2124 4531 2215 4570 su-

627 4622 894 4692 periorem
939 4618 1303 4689 germanicum
1352 4614 1583 4681 accedit,
1632 4615 1704 4667 ita
1749 4621 1949 4676 tamen,
1993 4620 2053 4664 ut
2091 4624 2213 4663 cum

627 4714 968 4771 scandinavis
988 4712 1330 4767 idiomatibus
1358 4708 1511 4780 plura
1536 4708 1732 4764 habeat
1755 4706 2078 4762 communia.
2107 4701 2214 4758 Sed

627 4807 787 4860 aliter
813 4816 970 4876 atque
1000 4814 1154 4859 vetus
1193 4817 1314 4872 sup.
1359 4797 1720 4872 germanicus,
1746 4797 1836 4867 qui
1867 4795 2100 4851 medium
2132 4809 2217 4849 re-

627 4907 946 4966 centemque
977 4895 1206 4964 peperit,
1241 4891 1447 4947 nullum
1477 4890 1563 4946 sui
1604 4888 1873 4946 heredem
1905 4886 2088 4943 habuit
2114 4901 2212 4957 go-

627 4989 823 5043 lbicus.

707 5100 727 5132 ε
765 5079 911 5135 Licet
941 5076 1258 5148 principium
1287 5089 1393 5129 non
1423 5081 1799 5138 retractemus,
1826 5070 1967 5142 quod
1995 5070 2047 5124 in
2080 5083 2217 5139 prte-

628 5173 828 5229 latione
866 5172 930 5227 ad
981 5172 1298 5243 glossarium
1330 5169 1352 5201 ³
1391 5169 1758 5237 exposuimus,
1794 5180 1890 5220 nec
1936 5174 2119 5218 nostro
2160 5163 2214 5218 in

625 5266 810 5319 animo
839 5266 910 5319 sit
954 5263 1242 5319 relationes
1289 5259 1516 5332 gotbica:
1557 5260 1751 5330 linguae
1779 5257 1844 5312 ad
1882 5256 2212 5312 sanskritum

624 5368 682 5412 et
720 5357 857 5412 alios
885 5357 1028 5412 Asize
1065 5364 1327 5425 cognatos
1370 5367 1648 5408 sermones
1676 5352 1943 5404 discutere
1971 5359 2027 5403 et
2064 5347 2216 5403 exhi-

630 5450 788 5515 bere,
833 5457 1068 5502 attamen
1099 5445 1190 5500 hic
1226 5444 1468 5514 apprime
1511 5445 1661 5498 venit
1686 5442 1828 5514 quod
1859 5442 2008 5512 Bopp
2055 5439 2216 5512 (Con-

695 5582 714 5615 '
774 5580 1030 5637 Polootsis
1078 5583 1161 5636 vel
1211 5579 1515 5644 Poloelses,
1559 5578 1610 5631 id
1658 5588 1777 5644 est,
1821 5577 1872 5631 in
1920 5576 2214 5631 Russorum

627 5653 904 5711 idiomate.
928 5661 1208 5717 venatores,
1243 5652 1401 5704 iidem
1431 5661 1554 5704 sunt
1583 5663 1647 5704 ac
1691 5648 1869 5717 populi
1896 5662 2030 5717 quos
2059 5647 2218 5716 vulgo

633 5733 828 5782 vocant
847 5723 1067 5776 Comites
1094 5716 1493 5793 (les’Cosoques)
1534 5736 1565 5775 e
1611 5716 1787 5776 Slavis
1828 5716 2085 5790 originem
2127 5718 2218 5772 du-

629 5807 832 5850 centes.
871 5793 1098 5860 lnterpr.

703 5870 723 5902 '
751 5866 971 5923 Cumani
1012 5859 1115 5937 (les
1147 5863 1427 5934 Gemens),
1461 5866 1622 5919 etiam
1665 5861 1894 5934 lt'umylts
1950 5862 2028 5917 vel
2077 5859 2215 5915 Κοκ-

1695 361 2147 424 GRADIIIATICA
2174 356 2498 416 GOTlllCE
2535 355 2813 414 ιιΝεωΕ

3788 353 3900 408 εει

2299 451 2753 521 jugalionsrystem
2785 464 2838 517 p.
2863 446 2920 517 ι)
2957 447 3026 503 de
3074 445 3160 500 his
3189 443 3520 514 respectihus
3559 443 3688 498 dicit
3714 462 3728 497 :
3758 463 3778 496 ι
3809 445 3895 497 ἰώ

2305 545 2489 613 glaube
2532 542 2772 598 Sansltrit
2809 561 2872 595 zu
2913 543 3082 605 lesen,
3125 556 3263 594 toenn
3292 539 3373 592 ich
3401 541 3498 593 den
3539 540 3894 608 eltrwiirdigen

2311 637 2472 706 Ul/ila
2495 638 2624 702 lese;
2653 639 2790 692 scine
2820 636 3053 704 Sprachr
3079 635 3208 698 Mli,
3238 651 3295 688 so
3323 650 3384 685 zu
3412 649 3598 702 segeti,
3631 635 3712 686 die
3747 633 3900 686 Mitte

2303 727 2554 782 sciscitari
2576 728 2816 782 Sonslnit
2851 728 2959 781 und
2991 725 3235 792 Deutsch,
3269 744 3285 777 ν
3323 725 3372 778 id
3416 737 3520 789 est,
3564 724 3894 782 sensi-ritum

2303 821 2466 876 credo
2496 823 2694 892 legere,
2724 822 3087 879 venerandum
3118 820 3330 876 Ullilnm
3355 821 3571 889 legens;
3601 821 3718 886 ejus
3746 823 3896 876 cnim

2303 927 2483 968 sermo
2512 916 2719 970 medius
2744 924 2851 970 stat
2881 917 3022 970 inter
3049 913 3380 969 sansltritum
3419 924 3474 967 et
3502 917 3892 982 germauicum.

2305 1005 2416 1060 llnc
2444 1005 2666 1078 insuper
2694 1006 2895 1077 absque
2924 1006 3340 1077 exaggeratione
3367 1004 3705 1059 verissimum
3735 1015 3898 1060 estet

2304 1099 2680 1155 anitnadversu
2724 1099 3098 1170 dignissimum
3128 1095 3197 1153 ad
3241 1097 3530 1153 notandam
3576 1095 3892 1151 allinitatem

2302 1193 2501 1264 gethici
2546 1209 2668 1249 cum
2714 1193 2835 1247 aliis
2877 1193 3200 1263 germanicze
3249 1189 3471 1245 lamilie
3522 1191 3893 1253 sermonibus,

2300 1287 2442 1356 quod
2505 1287 2651 1356 Bnpp
2703 1285 3137 1358 (Vergleichemle
3165 1283 3482 1339 Crummatilt
3519 1284 3561 1347 l,
3617 1299 3669 1352 p.
3716 1284 3818 1337 "5
3849 1288 3893 1305 “

2300 1386 2355 1432 et
2386 1376 2459 1444 ll,
2490 1377 2642 1445 prati.
2689 1393 2739 1445 p.
2766 1391 2837 1429 vn
2886 1375 2994 1445 sq.)
3026 1375 3196 1429 dicit:
3234 1392 3253 1426 ι
3282 1373 3376 1426 das
3405 1373 3679 1428 Gothisslie
3704 1375 3770 1425 ist
3801 1375 3896 1426 der

2301 1471 2469 1523 wabre
2518 1473 2779 1540 Ausgans-
2808 1471 2915 1522 und
2964 1469 3308 1538 Lirhtpnnkt,
3349 1470 3442 1520 der
3470 1467 3640 1521 wnltrc
3683 1466 3896 1522 Grand-

2300 1561 2481 1629 pfeiler
2510 1559 2780 1614 deutscher
2823 1558 3179 1625 Grammotik,
3218 1560 3310 1611 das
3348 1558 3702 1632 germanische
3746 1560 3892 1613 San-

2298 1651 2449 1713 skril,
2485 1668 2502 1700 ι
2537 1651 2589 1704 id
2635 1659 2747 1715 est,
2777 1651 3050 1720 gothicum
3079 1663 3202 1704 esse
3239 1648 3376 1702 lucis
3403 1657 3460 1703 et
3494 1649 3905 1718 explanationis-

2299 1742 2538 1796 lomitem
2590 1757 2884 1809 rerumque
2931 1741 3252 1810 germanica
3298 1741 3666 1809 grammatica:
3707 1742 3890 1794 cardi-

2299 1851 2421 1890 nem
2441 1883 2453 1901 ,
2485 1848 2592 1890 uno
2619 1836 2807 1898 verbo,
2842 1831 3291 1903 germanisantem
3317 1831 3666 1885 sanskritum.
3702 1831 3890 1887 Hiram

2298 1924 2574 1994 optionem
2619 1922 2822 1994 ptabet
2850 1921 3245 1976 Castillionaeus
3275 1921 3343 1975 de
3374 1921 3633 1977 relatione
3659 1923 3900 1993 gntbica'

2299 2015 2496 2087 lingula
2535 2015 2601 2068 ad
2651 2014 2782 2068 alias
2828 2013 3204 2082 germanicas:
3247 2028 3372 2064 cum
3416 2012 3558 2066 enim
3602 2013 3891 2080 quamdam

2300 2107 2486 2162 Fuldte
2514 2107 2920 2162 annouttionem
2964 2105 3182 2174 legerit,
3215 2103 3301 2156 ubi
3333 2105 3591 2158 asseritur
3614 2104 3900 2173 gothicunr

2299 2198 2496 2254 nullius
2540 2197 2969 2267 germanicorum
3013 2211 3325 2251 sermonum
3369 2195 3647 2250 exclusive
3691 2194 3892 2249 funda-

2298 2300 2537 2347 mentum
2562 2305 2708 2354 esse,
2737 2290 2818 2346 sic
2851 2304 3074 2346 sensum
3102 2305 3258 2344 suum
3287 2288 3556 2343 illustrare
3581 2304 3688 2344 non
3729 2290 3890 2346 dubi-

2301 2382 2661 2452 νησαίων..
2690 2379 2756 2450 ll,
2781 2382 2934 2455 pref.
2961 2398 3018 2453 pr.
3044 2397 3118 2449 Iv,
3139 2381 3252 2451 sq.)
3277 2398 3290 2435 :
3319 2399 3348 2434 ο
3369 2381 3474 2436 Aut
3499 2383 3811 2436 idolatriam
3831 2385 3903 2437 de

2298 2475 2505 2548 golltiea
2539 2475 2748 2548 lingua,
2786 2475 2922 2546 quod
2945 2475 3108 2530 serius
3129 2476 3194 2529 de
3223 2475 3421 2541 latino,
3451 2489 3570 2545 qua
3603 2493 3717 2528 am
3744 2476 3908 2546 quasi

2300 2578 2463 2625 mater
2483 2578 2534 2625 et
2559 2570 2675 2640 [ous
2713 2571 2852 2641 [octo
2885 2577 3015 2625 esset
3046 2569 3273 2638 plurium
3301 2567 3532 2638 itﬁuium
3559 2569 3896 2638 linguarum,

2299 2661 2416 2716 licet
2462 2662 2517 2714 in
2551 2659 2632 2714 Itis
2675 2661 2852 2713 multa?
2877 2658 3048 2714 latine
3074 2674 3219 2714 seces
3242 2657 3610 2724 obsoleverunt,
3638 2669 3810 2714 totum
3838 2660 3899 2714 in

2302 2770 2606 2825 unaquaque
2625 2769 2715 2822 per
2737 2753 3027 2808 innumeras
3049 2751 3274 2822 reliquas
3294 2759 3369 2806 rat
3389 2753 3563 2806 adhuc
3583 2753 3858 2820 conspicua
3872 2770 3896 2819 ;

2301 2856 2391 2901 aut
2417 2850 2704 2901 econtreria
2760 2845 2953 2900 censeri
2989 2853 3190 2916 potest,
3236 2843 3373 2913 quod
3416 2843 3706 2914 germenico
3749 2854 3905 2913 gente

2303 2934 2593 2991 Gothorum
2625 2953 2734 2991 ιτυο
2758 2952 3000 3006 magnam
3030 2934 3255 3006 Europae
3278 2944 3472 3004 partem
3501 2944 3800 3006 occupate,
3838 2937 3903 2990 ira

2308 3032 2576 3101 pluresque
2605 3033 2823 3097 populos
2847 3029 3032 3091 diuisa,
3055 3027 3392 3080 dictatorem
3422 3026 3684 3095 copulatio
3703 3025 3902 3080 Gothe-

2306 3138 2421 3176 rent
2445 3122 2678 3194 linguam
2702 3121 2912 3174 mixtum
2937 3117 3245 3173 reddiderit.
3279 3136 3298 3169 ι
3331 3115 3441 3174 Sed
3465 3116 3903 3176 animadvertere

2307 3215 2523 3270 obvium
2547 3223 2661 3276 est,
2690 3226 2792 3267 nec
2814 3213 3098 3280 quisquam
3121 3207 3465 3278 inliciahitur,
3489 3209 3632 3280 quod
3656 3208 3899 3279 gothica,

2309 3309 2558 3378 superior
2613 3307 2952 3378 germanica,
2994 3304 3288 3369 islandiea,
3327 3314 3458 3371 etc.,
3501 3304 3727 3376 singulae
3783 3314 3906 3358 tan-

2309 3400 2432 3456 dem
2462 3401 2677 3470 lingute,
2705 3413 2778 3453 ex
2809 3396 2965 3452 unica
3009 3397 3180 3465 stirpe
3221 3394 3497 3451 comm-toi
3542 3395 3900 3464 proveniant;

2308 3491 2417 3560 jam
2448 3505 2575 3545 vero
2605 3497 2812 3544 tantum
2841 3487 3216 3544 contendimus
3241 3485 3512 3557 gothicam
3552 3483 3704 3554 prius
3740 3499 3903 3556 quam

2310 3593 2520 3638 extera:
2549 3593 2790 3636 exortam
2832 3579 3019 3645 luisse,
3049 3579 3172 3632 licet
3216 3575 3287 3633 de
3315 3575 3418 3631 hoc
3446 3585 3570 3632 ortu
3600 3577 3752 3645 plura
3799 3589 3905 3631 nos

2311 3675 2536 3743 fugiant.
2569 3674 2623 3728 Si
2652 3671 2796 3728 enim
2836 3685 3021 3726 verum
3049 3678 3226 3733 esset,
3257 3677 3317 3723 ut
3343 3667 3506 3733 olim,
3535 3677 3755 3724 auctore
3780 3666 3909 3723 Jor-

2313 3766 2514 3833 nande,
2534 3780 2629 3836 per
2649 3765 2865 3834 longum
2886 3771 3100 3831 tempus
3119 3759 3386 3816 creditum
3415 3767 3526 3826 est,
3555 3768 3716 3829 atque
3739 3758 3908 3814 etiam

2313 3874 2453 3914 nunc
2489 3871 2674 3912 amore
2720 3855 2907 3925 patria:
2952 3853 3093 3924 apud
3137 3852 3343 3909 Succos
3384 3850 3629 3908 creditur
3667 3851 3905 3921 (Geijer,

2311 3950 2613 4006 Geschichte
2639 3948 2951 4011 schwedens,
2975 3959 3214 4015 germen.
3241 3943 3533 4012 interprete
3551 3943 3828 4010 Lefﬂerio,
3859 3942 3904 4007 l-,

2315 4041 2382 4095 l0
2421 4041 2558 4110 sq.),
2589 4040 2730 4109 quod
2756 4037 2964 4093 scilicet
2992 4034 3318 4090 continentis
3345 4032 3502 4090 Gothi
3531 4035 3692 4088 iidem
3713 4035 3822 4088 sint
3840 4048 3908 4088 ae

2311 4138 2679 4194 Scandinavia:
2720 4135 2854 4206 (vid.
2883 4144 3067 4190 contra
3105 4131 3447 4200 ZenssJOS,
3488 4131 3628 4194 437;
3672 4130 3907 4188 Grimm.

2313 4233 2465 4306 pref.
2490 4231 2558 4285 ad
2587 4243 2814 4299 gramm.
2843 4230 3108 4282 servieam
3133 4223 3297 4280 Wuki
3333 4223 3814 4294 Stephanowitseh
3845 4238 3900 4292 p.

2316 4340 2445 4380 mv
2474 4327 2517 4388 °,
2563 4333 2691 4378 tunc
2733 4321 3050 4376 arctissimte
3095 4316 3256 4373 sinnl
3306 4325 3364 4372 et
3408 4316 3681 4386 pleraeque
3727 4314 3906 4370 allini-

2315 4420 2443 4476 tatis
2470 4416 2762 4474 relationes
2805 4411 3261 4483 septentrionales
3305 4410 3513 4480 linguas
3541 4409 3682 4464 inter
3705 4417 3763 4463 et
3809 4423 3905 4478 go-

2317 4517 2517 4572 thicam
2565 4514 2685 4569 sine
2729 4511 2892 4566 dubio
2920 4511 3313 4574 innotuissent;
3343 4512 3451 4577 jam
3501 4523 3629 4564 vero
3677 4523 3765 4564 res
3794 4523 3902 4560 non

2318 4613 2390 4668 ita
2421 4625 2483 4667 se
2508 4609 2741 4672 habent;
2773 4615 2829 4661 et
2859 4604 3091 4659 maxima
3132 4602 3331 4672 gotbici
3369 4602 3634 4659 sermonis
3668 4599 3904 4655 affinitas

2318 4704 2384 4758 ad
2416 4702 2749 4771 superiorem
2777 4696 3142 4770 germanicum
3186 4692 3437 4749 refertur.
3467 4691 3593 4748 Hac
3622 4705 3784 4761 porro
3823 4689 3908 4743 af-

2321 4794 2498 4849 ﬁnitas
2546 4790 2887 4861 potissimum
2932 4794 3156 4856 apparet
3196 4785 3250 4839 in
3295 4783 3623 4849 admotione,
3663 4794 3716 4837 et
3764 4799 3906 4852 prte-

2319 4889 2478 4960 cipue
2533 4885 2589 4941 in
2646 4882 3030 4938 vocalisatione
3080 4888 3135 4934 et
3189 4876 3540 4934 similitudine
3601 4879 3903 4946 specierum

2319 4979 2588 5041 ﬂexionis,
2619 4975 2850 5044 quadarn
2897 4971 3118 5041 insuper
3145 4970 3340 5041 gothici
3363 4969 3622 5024 relatione
3651 4968 3716 5022 ad
3747 4983 3908 5022 scan-

2317 5070 2594 5125 dinavicas
2616 5079 2894 5121 sermones
2919 5065 2970 5118 in
2993 5065 3258 5118 vocalium
3289 5062 3606 5131 expulsione
3634 5060 3776 5129 (gall.
3810 5060 3909 5112 ἀέ-

2321 5160 2644 5231 plorantem),
2663 5160 2759 5213 Gr.
2781 5158 2879 5212 Gr.
2903 5173 2957 5212 ιι
2973 5155 3056 5229 [1⁸
3084 5151 3237 5224 edit.]
3262 5154 3301 5219 l,
3325 5154 3380 5220 8,
3403 5154 3436 5209 9
3455 5153 3545 5224 [5⁸
3569 5151 3748 5223 edit.])
3769 5156 3910 5209 exis-

2322 5267 2485 5311 tente.
2508 5253 2704 5318 Siquid
2731 5254 2818 5307 vel
2837 5252 2962 5320 quid
2989 5251 3160 5319 majus
3178 5266 3239 5304 ex
3265 5249 3383 5303 aliis
3404 5247 3741 5302 orientalium
3762 5247 3906 5302 Ger-

2319 5361 2626 5410 manorum,
2660 5343 3132 5413 Langobardorum
3153 5342 3385 5405 st-ilicet,
3421 5340 3761 5407 llerulorum,
3795 5339 3908 5393 ltu-

2319 5440 2527 5510 giornnt
2573 5438 2615 5502 ‘,
2663 5435 3092 5505 Thuringorum,
3145 5434 3605 5488 Marcomanorum
3656 5441 3710 5487 et
3761 5433 3907 5498 Qua-

2320 5570 2462 5638 mylts
2492 5568 2695 5638 vocati,
2721 5583 2752 5621 e
2780 5565 3016 5621 Tartaris
3042 5576 3217 5621 ortum
3247 5565 3483 5632 trahunt,
3504 5566 3571 5620 ad
3600 5565 3904 5621 Caucasum

2324 5637 2640 5696 habitantes.
2676 5637 2905 5706 lnlerpr.

2397 5711 2417 5742 ³
2449 5712 2775 5766 Glossarium
2817 5710 2868 5761 in
2899 5722 3200 5777 germanum
3232 5709 3468 5763 editione
3493 5709 3901 5778 grammaticam

2397 5782 2599 5835 :r-cedit.
2632 5781 2682 5833 in
2715 5793 2895 5834 nosne
2927 5782 3283 5835 βοειιξηξςεηηι.
3320 5778 3539 5835 lnlerpr.

2392 5796 2599 5838 ειτθιιιι,
2632 5798 2682 5833 lli
2715 5796 2895 5834 nosna
2927 5796 3283 5838 POSlli‘lSSllm.
3320 5796 3539 5838 Interpr.

2325 5794 2599 5856 przt'cedtt.
2632 5798 2682 5833 tn
2715 5794 2895 5834 nostra
2927 5794 3283 5845 pOSItHssnm.
3320 5794 3539 5843 lnlerpr.

2403 5856 2418 5883 ⁸³
2450 5853 2706 5909 I‘ritnititi
2741 5852 3065 5906 Pomerania:
3097 5851 3362 5906 ulterioris
3393 5851 3595 5906 incultu.
3628 5848 3850 5920 lulﬂpr.
