4346 6424
627 399 725 453 887

628 513 931 566 versionem
954 508 1252 564 hauserint.
1278 506 1370 563 Sic
1398 521 1428 561 c
1457 500 1660 562 Gfmcis
1690 503 1914 557 mutuati
1944 509 2089 565 sunt,
2111 514 2199 554 ex.

630 622 704 675 gr.
734 624 750 660 :
781 604 1083 659 morkreitus
1129 598 1521 677 (μαργαρίτης),
1570 594 1829 666 ρὶιιιὶιίιιῑιιι
1878 587 2201 660 (πισταός).

628 699 864 769 mynida
888 694 1152 772 (σπυρίς),
1183 691 1458 765 aipistaale
1485 687 1795 760 (ἐπιστολή),
1823 682 2074 752 ockkiesjo
2100 679 2207 752 (έκ-

630 795 855 859 ιὶησίαλ,
873 804 1167 862 paurpaura
1184 784 1492 860 (πορφύρα).
1508 782 1717 836 drafmta
1734 779 1856 855 (δρα
1864 801 1898 848 χ
1906 774 2021 849 μή),
2035 789 2209 841 smym

628 883 923 962 (σμ-Ξρρον),
951 882 1110 935 sabatt
1164 876 1463 945 (σὰεανον),
1503 872 1841 957 αιιοιιιιιιιιιιιι
1876 861 2208 938 (ἀπόστολος)

627 989 733 1031 utr.
762 956 868 1032 Sed
897 989 1059 1045 quam
1101 972 1259 1026 facile
1287 967 1462 1037 decipi
1494 956 1686 1035 poSsit,
1712 962 1803 1030 qui
1830 956 2209 1014 vocabulorum

628 1071 1036 1125 consonantiam
1089 1065 1316 1120 nimium
1349 1069 1530 1129 urget,
1581 1065 1724 1127 patet
1760 1068 1826 1108 ex
1869 1046 2210 1106 Castillionaai

627 1161 971 1217 annotatione
1001 1158 1067 1213 ad
1094 1154 1339 1211 Corinth.
1382 1152 1431 1218 Ι,
1473 1164 1598 1215 χιιι,
1642 1147 1707 1209 l,
1735 1158 1841 1214 qua
1872 1143 1953 1197 vir
1998 1141 2088 1196 ille
2115 1138 2212 1194 do-

629 1266 769 1317 ctus,
802 1255 870 1310 de
921 1250 1203 1308 klismoklt‘s
1256 1248 1563 1305 disserens,
1596 1241 1711 1295 lucc
1758 1250 1946 1306 graecm
1991 1232 2213 1303 originis

630 1346 910 1402 manifeste
954 1352 1077 1399 esse
1123 1338 1438 1402 contendit,
1484 1348 1605 1389 cum
1656 1330 1871 1386 aliunde
1919 1328 2023 1381 hoc
2073 1326 2214 1380 inter

630 1452 751 1493 uota
778 1439 1087 1494 Grmcorum
1118 1435 1475 1490 instrumenta
1504 1439 1776 1497 nunquam
1804 1426 2213 1476 aunumeratum

630 1536 794 1589 fuisse
818 1542 1021 1588 certum
1050 1530 1141 1586 sit.

708 1648 727 1677 ι
764 1626 951 1680 Nullus
972 1633 1150 1679 autem
1182 1621 1387 1675 alienus
1415 1614 1651 1670 influxus
1679 1616 1902 1679 apparet
1938 1607 1994 1663 in
2035 1605 2216 1675 ﬂex’o-

639 1722 713 1770 ais
743 1723 943 1786 forma;
970 1731 1094 1771 nam
1124 1714 1367 1770 inﬂexus
1388 1707 1567 1763 vocari
1599 1702 1814 1769 nequit,
1848 1699 1988 1768 quod
2019 1698 2215 1766 saepius

635 1810 939 1865 nominibus
969 1806 1223 1879 propriis,
1246 1820 1309 1858 ex
1339 1802 1516 1857 alieno
1541 1797 1685 1853 fonte
1706 1793 2022 1862 desumptis,
2043 1791 2215 1846 aliena

634 1906 700 1958 sit
746 1904 905 1957 {lexin
951 1902 1035 1957 vel
1085 1899 1315 1955 alienam
1365 1892 1601 1956 imitans,
1637 1885 1913 1941 vocabulis
1955 1882 2217 1951 indigenis

636 2007 765 2060 nihil
808 2004 984 2059 simile
1022 1999 1444 2070 experientiltus.
1479 1995 1587 2050 Nec
1632 1996 1683 2049 in
1736 1987 2001 2058 syntaxim
2044 1984 2213 2040 exteri

636 2102 745 2153 ullo
791 2099 950 2153 modo
982 2096 1340 2157 iufluxerunt;
1372 2092 1446 2145 ita
1480 2092 1670 2145 saltem
1699 2088 1769 2142 ab
1792 2083 2038 2142 omnibus
2068 2079 2215 2149 prius

637 2195 1034 2255 adttiittebatur,
1066 2204 1224 2257 quam
1248 2187 1315 2240 de
1345 2185 1587 2238 versione
1612 2182 1829 2236 ullilaua
1852 2191 1883 2233 e
1907 2188 2082 2246 graeco
2108 2186 2221 2225 ser-

636 2292 810 2343 viliter
866 2288 1003 2341 facta
1042 2297 1218 2337 actum
1264 2291 1378 2343 cst,
1426 2278 1534 2332 vid.
1586 2278 1821 2347 prolegg.
1872 2270 1937 2325 ad
1983 2268 2210 2323 Ulli'am.

636 2388 781 2449 Quos
841 2391 1020 2434 autem
1091 2374 1437 2429 Itellcnismos
1489 2367 1858 2439 agnoscimus,
1925 2364 2085 2417 etiam
2148 2355 2216 2410 ad

643 2472 878 2529 mdoletn
930 2468 1158 2540 gotbicae
1211 2465 1405 2534 lingua:
1458 2461 1959 2523 accommodantur,
2008 2467 2129 2509 cum
2166 2458 2223 2505 et

636 2582 741 2620 non
771 2569 1044 2634 prmeunte
1071 2573 1247 2631 gra-co
1277 2553 1400 2610 alibi
1427 2561 1737 2619 occurrant,
1769 2560 1849 2615 ut,
1878 2564 1931 2601 v.
1954 2562 2032 2617 3.,
2057 2553 2221 2599 attra-

638 2661 783 2724 ctio;
812 2671 914 2726 qua
940 2658 1089 2710 dere
1118 2652 1223 2707 vid.
1252 2649 1547 2722 sytttaxim.
1580 2666 1599 2698 ι

712 2760 740 2831 §
772 2760 828 2811 li.
866 2756 1016 2825 Quod
1043 2756 1112 2810 de
1132 2755 1426 2809 litteratura
1458 2748 1670 2819 gothica
1700 2743 1768 2800 ad
1792 2758 1891 2815 nos
1913 2753 2081 2811 usque
2103 2751 2225 2807 per-

639 2856 813 2919 venit,
872 2865 979 2907 non
1006 2848 1110 2905 nisi
1141 2848 1295 2917 inops
1325 2854 1378 2899 et
1423 2842 1665 2911 indigens
1710 2851 1821 2902 eSt;
1860 2844 2052 2903 prwter
2078 2832 2222 2888 enim

639 2950 937 3016 fragmenta
964 2940 1256 2998 Bibliorum
1285 2936 1547 2991 versionis
1572 2942 1625 2987 ct
1648 2946 1769 3001 qua:
1814 2926 2085 2984 Skeireins
2130 2938 2227 2977 no-

644 3014 785 3091 niine
808 3043 936 3090 nota
954 3041 1098 3097 sunt,
1128 3028 1371 3100 quietiam
1406 3034 1609 3080 tantum
1655 3020 1872 3077 insulsa:
1911 3014 2227 3086 superstites

640 3141 763 3185 sunt
788 3126 1052 3197 reliqttize.

717 3239 735 3271 ι
790 3195 939 3286 Quod
990 3215 1345 3270 litteraturam
1396 3206 1609 3280 proprie
1658 3203 1844 3267 efficit,
1896 3201 2041 3267 prius
2083 3195 2225 3264 apud

643 3326 832 3367 .nnnes
860 3307 1086 3379 populos
1126 3302 1391 3371 apparuit,
1421 3312 1579 3368 quam
1612 3296 1724 3363 ipsa
1756 3294 2070 3351 litteratura,
2114 3302 2229 3339 car-

648 3404 785 3454 min‘a
820 3375 1026 3454 scilicet
1065 3404 1121 3448 et
1160 3393 1453 3454 cautiones,-
1496 3387 1605 3455 jam
1656 3399 1780 3437 vero
1824 3394 1934 3434 rem
1983 3375 2226 3431 eamdem

646 3493 783 3558 apud
814 3490 1019 3546 Gothos
1045 3501 1166 3540 sese
1199 3481 1449 3537 habuisse
1495 3484 1707 3535 constat
1734 3490 1798 3527 ex
1847 3471 2119 3526 vocabulis
2149 3468 2230 3521 in-

645 3586 876 3656 digenis,
908 3582 1103 3652 quibus
1128 3578 1192 3631 ad
1219 3576 1307 3632 illa
1331 3569 1659 3643 designanda
1694 3566 1977 3620 utebantur
2010 3580 2021 3616 :
2052 3560 2230 3615 cantio

645 3654 786 3735 ι-ιιιιιι
820 3677 968 3752 (ᾠδή)
991 3675 1078 3729 hic
1108 3672 1306 3727 dicitur
1333 3682 1512 3737 saggvs
1538 3662 1701 3730 (Eph.
1747 3674 1802 3723 ν,
1849 3656 1948 3719 ta;
1980 3654 2096 3709 cm.
2130 3668 2186 3752 ιιι
2210 3694 2226 3717 ,

654 3774 762 3843 ιιι),
897 3743 1108 3841 siagcan
1157 3761 1376 3837 (435...);
1430 3767 1484 3811 et
1523 3767 1761 3816 carmen,
1804 3747 1944 3818 (iul),
1975 3762 2003 3799 a
2040 3743 2231 3816 ἰίιιραιι

652 3840 830 3936 (item.
854 3840 957 3929 sv,
970 3859 1051 3930 9),
1075 3871 1174 3927 pro
1194 3854 1399 3927 ψάλλειν
1416 3848 1579 3905 etiam
1601 3853 1877 3913 usurpato.
1905 3840 2116 3895 Practer’
2134 3840 2232 3893 has

651 3953 1051 4024 designationes
1088 3945 1389 4019 generales,
1419 3940 1615 3995 dantur
1639 3948 1695 3992 et
1740 3933 2010 3990 nonnullae
2048 3931 2235 4002 appel-

653 4049 847 4108 lativm,
881 4054 939 4099 ut
986 4058 1083 4111 pro
1122 4042 1342 4110 hymno,
1385 4032 1591 4087 hazeim
1642 4029 1819 4104 (ὕμνος
1860 4025 1995 4097 Eph.
2039 4040 2090 4090 ν,
2124 4025 2233 4090 l9;

646 4151 765 4204 tlol.
818 4161 897 4211 Ill,
950 4143 1080 4209 16);
1136 4140 1193 4193 in
1244 4136 1460 4191 uuiteius
1493 4131 1642 4204 (coll.
1678 4138 1782 4183 vel.
1832 4126 1950 4181 litlt.
2007 4126 2231 4198 neizjuu,

646 4243 733 4301 (ιι.
787 4241 852 4306 ll,
885 4236 1072 4304 “28),
1109 4232 1250 4304 quod
1287 4230 1388 4285 hic.
1418 4242 1479 4294 tt,
1507 4228 1571 4290 7;
1603 4239 1693 4294 ttt,
1720 4224 1828 4289 28;
1876 4221 2001 4276 Luc.
2057 4234 2113 4281 ν,
2141 4216 2233 4284 23,

648 4359 745 4411 pro
776 4339 1071 4412 βλασφημία
1101 4331 1339 4401 ponitur,
1367 4327 1534 4397 stirps
1562 4322 1866 4397 germauica
1890 4318 2046 4375 facile
2071 4333 2239 4388 agno-

647 4446 851 4496 scetur,
880 4444 990 4501 qua
1020 4425 1285 4482 irouicum
1327 4430 1384 4478 et
1408 4416 1849 4475 declamatorium
1878 4425 2099 4468 carmen
2139 4423 2238 4465 ex-

650 4500 918 4595 primitur,
959 4519 1053 4575 tali
1083 4514 1328 4572 carmine
1371 4510 1512 4581 apud
1541 4506 1748 4564 Gothos
1775 4503 1957 4560 forsan
1982 4500 2109 4573 acip
2140 4514 2239 4555 vo-

647 4593 790 4683 cato,
821 4627 877 4671 ut
923 4612 1065 4683 apud
1089 4618 1199 4666 vel.
1228 4616 1493 4678 septentr.
1533 4602 1642 4666 uid,
1674 4600 1804 4656 coll.
1842 4597 1931 4655 at.
1979 4593 2238 4661 Il,lt)31.

652 4708 993 4767 Carminibus
1019 4702 1287 4773 religiosis
1307 4698 1451 4755 nulla
1476 4696 1692 4752 fuerunt
1722 4690 1933 4763 propria
1957 4686 2239 4756 vocabula,

653 4804 738 4858 vel
752 4802 943 4858 saltem
963 4795 1254 4853 Bibliorutn
1276 4793 1601 4861 interpretes
1626 4800 1658 4840 e
1670 4797 1849 4855 graeco
1865 4782 2062 4851 paululo
2083 4778 2239 4850 (Luc.

652 4891 867 4963 “,4'2)
893 4890 979 4946 vel
1029 4887 1230 4959 psalmo
1259 4881 1413 4955 (Cor.
1466 4882 1507 4945 Ι,
1564 4892 1675 4944 xtv,
1730 4875 1837 4939 26;
1890 4871 2027 4942 Eph.
2082 4885 2155 4933 tv,
2207 4866 2241 4923 8

652 5002 865 5056 marg.;
903 5000 959 5051 ιν,
993 4980 1092 5046 l9;
1131 4977 1247 5035 Col.
1275 4992 1355 5041 ιιι,
1386 4973 1479 5043 l6)
1521 4969 1742 5026 mutuati
1789 4975 1935 5031 sunt,
1985 4966 2107 5019 licet
2147 4975 2242 5031 pro

652 5080 855 5154 φαλμὸς
883 5078 1048 5133 etiam
1084 5074 1160 5127 litt
1166 5071 1210 5145 p
1259 5069 1395 5140 (vid.
1421 5066 1606 5135 supra)
1637 5075 1898 5133 usurpare
1923 5057 2239 5127 potuissent.
2278 5066 2284 5072 ‘

658 5149 987 5241 ilevgnomis
1037 5167 1148 5220 vid.
1206 5164 1363 5218 infra.
1396 5159 1641 5229 IEnigura
1693 5153 1983 5209 Vocabatur
2033 5149 2243 5217 [malm

655 5266 807 5335 (Cor.
837 5263 878 5330 Ι,
909 5276 1025 5325 xm,
1073 5257 1201 5327 12);
1244 5252 1562 5319 similitudo,
1594 5246 1783 5320 gajuko
1834 5243 1980 5315 (vid.
2011 5242 2241 5313 glossar.

660 5374 715 5421 ιι»
764 5367 885 5435 an);
934 5361 1152 5425 fabular,
1198 5358 1486 5429 parabolae,
1540 5351 1895 5412 narrationes,
1945 5344 2068 5414 δρία
2107 5341 2241 5411 (vid.

656 5471 884 5536 glossar.
918 5464 972 5518 lt.
1003 5460 1105 5531 v.).
1137 5459 1254 5514 Non
1274 5459 1447 5512 solum
1478 5464 1656 5510 autem
1684 5452 1851 5506 fuisse
1879 5460 2070 5503 cantus
2102 5444 2241 5511 apud

663 5559 867 5614 Gothos
906 5572 973 5611 ex
1019 5568 1085 5609 eo
1131 5550 1527 5612 concludimus,
1571 5545 1711 5615 quod
1746 5542 1972 5613 propriis
2010 5536 2245 5594 ιιιιιιιιιιί-

662 5654 759 5705 hus
803 5647 1172 5715 designentur,
1214 5643 1308 5697 sed
1349 5640 1509 5695 etiam
1550 5652 1616 5691 ex
1661 5649 1916 5704 expresso
1959 5629 2245 5687 Jornandis

665 5739 997 5797 testimonio,
1028 5735 1119 5806 qui
1155 5747 1250 5790 eos
1276 5743 1386 5786 tum
1414 5730 1674 5784 cautiones
1704 5728 1782 5795 (p.
1823 5725 1890 5779 95
1922 5724 2007 5779 cd.
2039 5720 2242 5787 Lind.),

668 5844 777 5886 tum
810 5828 1134 5896 cnrmiua(p.
1166 5822 1257 5896 85)
1282 5832 1455 5887 vocat,
1484 5820 1759 5875 affirmans
1783 5816 1999 5885 insuper
2032 5810 2246 5867 histori-

661 5936 757 5981 cos
785 5930 841 5980 ct
870 5919 1113 5979 hcroicos
1138 5916 1300 5975 fuisse
1330 5923 1538 5984 cantus,
1566 5912 1616 5968 in
1639 5910 1854 5982 quibus,
1887 5924 1972 5963 ex.
2000 5922 2080 5977 gr.
2131 5903 2240 5959 Go-

1697 388 2149 446 GRAMMATICA
2192 380 2517 443 GOTlllCrE
2557 378 2858 437 l.|NGU!E.

3798 365 3914 426 888

2308 496 2521 549 tho'utu
2553 490 2728 545 exitus
2776 504 2807 543 e
2848 484 3203 542 Scandinavia
3242 486 3293 538 in
3342 481 3728 547 continentem,
3764 479 3907 535 Vau-

2309 584 2508 643 daliutn
2547 581 2830 651 subjectio,
2868 594 3053 634 eorum
3087 592 3185 647 per
3213 574 3492 646 Scythiam
3524 572 3589 626 ad
3633 585 3786 627 mare
3813 569 3909 625 Ni-

2310 690 2462 747 grum
2506 672 2760 727 transitus
2804 673 2883 740 (p.
2930 670 3047 737 83),
3082 669 3245 722 immo
3279 684 3297 718 ι
3336 666 3472 735 facta
3520 661 3911 733 Etlmpam,

2315 767 2553 835 Hanalw,
2586 763 2876 837 Fridigernt
2898 805 2912 828 ,
2956 761 3205 816 Vidiruia:
3232 768 3281 814 et
3320 758 3567 820 aliorum,
3596 769 3815 825 quorum
3842 754 3902 807 in

2312 860 2408 935 hac
2454 868 2601 930 gente
2642 874 2832 928 magna
2860 856 3037 924 opinio
3078 864 3173 921 est,
3215 852 3391 935 quales
3416 851 3503 904 via:
3530 847 3713 904 heroas
3748 847 3910 918 [uim

2312 961 2549 1013 miranda
2570 960 2735 1031 joctat
2782 956 3060 1025 antiquitas
3109 957 3191 1025 (p.
3239 953 3358 1021 86),
3391 967 3413 1003 ι
3462 947 3901 1005 celebrabantur.

2313 1053 2499 1120 Quaad
2519 1065 2644 1105 vt-ro
2666 1048 2972 1121 rhythmum
2994 1048 3183 1100 horum
3205 1044 3525 1107 carminum,
3539 1038 3672 1095 nihil
3684 1036 3915 1094 omnino

2315 1145 2595 1207 novimus;
2629 1145 2841 1198 fuerunt
2885 1139 3232 1210 probabiliter
3257 1134 3525 1199 iterativa,
3550 1131 3913 1203 quemadmo-

2317 1241 2445 1294 dutn
2494 1249 2814 1293 castetorum
2865 1232 3251 1289 Germanorum
3301 1239 3532 1292 cantus;
3580 1234 3789 1282 certum
3824 1234 3912 1280 eet

2315 1349 2496 1395 autem
2530 1354 2591 1393 ea
2621 1336 2836 1394 heroico
2866 1336 3179 1390 Graecorum
3208 1337 3382 1385 metro
3408 1344 3513 1383 non
3543 1324 3713 1381 fuisse
3752 1323 3913 1379 indu-

2316 1443 2367 1486 ta
2386 1472 2401 1494 ,
2446 1431 2520 1490 uti
2561 1429 2851 1485 infeliciter
2880 1427 3251 1482 Hasstnannus
3280 1423 3347 1477 de
3376 1436 3533 1475 versu
3562 1419 3614 1472 in
3648 1419 3806 1486 epist.
3837 1417 3913 1469 ad

2315 1524 2423 1578 Tit.
2456 1542 2505 1589 t,
2542 1524 2610 1580 12
2651 1521 2859 1578 laudata
2887 1518 3143 1588 ccujecit.
3172 1516 3439 1573 Caeterum
3484 1526 3582 1566 nec
3611 1520 3767 1565 erant
3806 1522 3915 1564 nec

2316 1616 2534 1673 fuerunt
2563 1617 2845 1685 scripturae
2884 1611 3133 1668 mandata
3154 1650 3173 1677 ,
3214 1607 3334 1672 sed,
3377 1614 3436 1660 ut
3465 1620 3583 1659 mos
3619 1612 3737 1657 erat
3765 1601 3915 1670 apud

2314 1717 2448 1772 alias
2477 1715 2815 1788 germanicas
2850 1722 3065 1784 gentes,
3101 1724 3133 1765 a
3169 1708 3335 1764 certis
3377 1702 3746 1761 cautatorihus
3773 1699 3914 1754 orali

2317 1808 2477 1864 modo
2499 1808 2865 1863 tradebantur.
2892 1803 3011 1860 iam
3032 1817 3166 1859 vero
3204 1816 3305 1855 nos
3334 1798 3465 1868 fugit
3490 1794 3763 1866 gothicum
3812 1795 3917 1846 ho-

2318 1919 2435 1958 rum
2463 1912 2799 1958 cautatorum
2832 1912 3058 1962 nomen;
3103 1911 3229 1952 nam
3257 1892 3542 1965 (inparjos',
3567 1900 3626 1943 ut
3657 1887 3913 1941 llebrzco-

2316 2011 2433 2049 rum
2470 2003 2750 2052 cantantes
2794 1991 2976 2045 levita:
3001 1988 3257 2064 (ᾄδοντες)
3304 1985 3444 2055 apud
3477 1983 3603 2037 Esr.
3644 1995 3714 2047 ιι,
3758 1976 3823 2031 Μ
3858 1989 3917 2032 et

2315 2086 2453 2144 Neh.
2480 2102 2550 2142 ιιι
2569 2128 2585 2153 ,
2615 2087 2639 2141 1
2670 2084 2885 2156 gothiee
2916 2091 3216 2145 tertuntur,
3246 2080 3350 2133 dici
3393 2083 3690 2145 nequeunt,
3715 2070 3918 2143 quippe

2315 2200 2439 2242 cum
2466 2183 2676 2240 llebrari
2712 2197 2861 2237 more
2891 2190 3097 2244 nostro,
3123 2176 3377 2235 Germani
3422 2186 3599 2231 autem
3636 2190 3786 2229 more
3818 2189 3916 2243 po-

2320 2280 2425 2334 tius
2470 2276 2782 2342 recitatiro,
2833 2273 3134 2343 conjunctis
3180 2271 3402 2327 citharae
3456 2268 3909 2324 modulationibus

2317 2368 2602 2443 (iuruand.
2657 2383 2712 2437 p.
2755 2365 2847 2435 86)
2888 2372 3167 2420 canerent.
3201 2361 3364 2431 Atqui
3410 2375 3476 2417 eo
3507 2359 3668 2416 modo
3716 2373 3917 2414 canere

2318 2463 2531 2534 gothice
2550 2471 2631 2516 est
2657 2462 2887 2533 tiggvan,
2922 2468 2978 2513 et
3005 2454 3363 2526 compositum
3388 2455 3690 2523 ussiggoan,
3714 2453 3766 2506 ιιι
3788 2461 3909 2519 est,

2322 2556 2551 2612 recitare
2577 2552 3001 2625 (ἀναγινώσκειν),
3027 2548 3170 2603 unde
3196 2547 3473 2620 saggrjans
3512 2545 3596 2600 his
3619 2543 3920 2600 cantatori-

2324 2650 2423 2703 bus
2465 2661 2659 2702 nomen
2701 2642 3175 2699 accommodatius.
3217 2638 3403 2709 Quoad
3443 2638 3707 2693 rationem
3749 2652 3921 2707 quare

2323 2740 2621 2798 Gothorum
2644 2737 2882 2793 carmina
2907 2734 3107 2805 scripta
3136 2746 3241 2787 non
3272 2730 3502 2798 fuerint,
3535 2729 3694 2785 facile
3718 2728 3922 2799 percipi

2327 2842 2522 2905 potest.
2570 2832 2627 2888 ln
2668 2829 2910 2899 pristinis
2952 2830 3099 2881 enim
3139 2824 3474 2896 temporibus
3513 2824 3600 2879 hic
3648 2838 3757 2877 non
3802 2830 3925 2876 erat

2328 2942 2475 2990 usus,
2507 2936 2562 2981 et
2611 2924 2788 2995 posito
2823 2922 2967 2993 quod
3015 2919 3179 2977 Gothi
3222 2926 3350 2974 ante
3385 2917 3662 2972 ulfilanam
3707 2923 3922 2969 atatem

2326 3022 2645 3091 scripturam
2690 3016 2973 3073 habuerint
3010 3014 3145 3086 (vid.
3202 3012 3232 3085 δ
3269 3010 3383 3084 ΙΙ),
3435 3012 3554 3065 haec
3592 3007 3927 3064 carminibus

2328 3116 2482 3173 obvia
2520 3125 2576 3170 et
2603 3124 2903 3181 congruens
2934 3108 3104 3164 fuisse
3124 3105 3334 3163 creditu
3360 3103 3589 3159 diffic-.10
3632 3110 3734 3159 est.
3784 3100 3928 3156 Cum

2328 3230 2508 3273 autem
2531 3232 2595 3273 ea
2616 3215 2879 3284 scriptura
2912 3210 3019 3266 illis
3049 3210 3169 3275 fuit,
3196 3222 3317 3279 quae
3332 3206 3668 3272 conveniret,
3691 3203 3926 3258 deerunt

2328 3309 2602 3374 him-cenae,
2634 3320 2734 3362 nec
2783 3304 2975 3360 litteris
3017 3302 3248 3357 libenter
3294 3297 3570 3368 indulgere
3608 3301 3929 3366 potuerunt,

2329 3405 2432 3460 nisi
2461 3419 2581 3459 cum
2614 3399 2829 3470 politica
2856 3398 3036 3468 quiete
3055 3394 3374 3467 gaudentes,
3407 3390 3613 3461 patrios
3641 3402 3820 3444 mores
3846 3387 3927 3442 si—

2333 3497 2437 3550 mul
2492 3504 2547 3549 et
2599 3507 2838 3549 amorem
2888 3489 3121 3560 propriae
3194 3485 3517 3540 litteratura
3569 3480 3927 3550 recepissent.

2331 3589 2481 3644 Adde
2522 3587 2682 3643 etiam
2726 3583 2871 3652 quod
2912 3579 3052 3651 apud
3099 3576 3307 3633 Gothos
3347 3574 3616 3643 scriptura
3670 3572 3762 3627 diu
3794 3569 3929 3626 solis

2332 3677 2663 3752 presbyteris
2684 3674 2844 3731 fuerit
2873 3679 3169 3738 reservata,
3216 3666 3626 3739 presbyteriquc
3649 3665 3716 3719 ad
3738 3662 3930 3718 defen~

2330 3771 2561 3828 dendam
2597 3778 2654 3825 et
2699 3764 3098 3837 propagandam
3154 3760 3473 3833 religionem
3526 3773 3592 3813 ea
3635 3757 3811 3827 primo
3839 3756 3931 3810 usi

2332 3865 2461 3927 sint,
2489 3868 2547 3917 et
2584 3864 2981 3928 consequenter
3009 3852 3345 3909 carminibus
3372 3849 3659 3921 indulgere
3686 3862 3794 3904 non
3824 3861 3931 3918 po-

2336 3955 2556 4019 tuerint,
2586 3949 2797 4008 etiamsi
2822 3963 2975 4004 mens
3000 3946 3110 4003 illis
3140 3945 3352 3999 fuisset.

2411 4065 2431 4099 ι
2471 4045 2588 4101 Νοιι
2613 4043 2767 4115 pauci
2798 4043 2981 4105 etiam,
3019 4036 3250 4108 quodam
3287 4031 3713 4091 IocoJornandis
3735 4031 3933 4099 innixi,

2337 4137 2683 4195 crediderunt
2729 4131 2972 4203 pristinis
3029 4130 3223 4185 Gothis
3269 4128 3500 4197 scriptas
3548 4124 3693 4195 leges
3737 4122 3934 4180 fuisse.

2336 4233 2434 4290 ilic
2460 4232 2633 4295 locus,
2656 4228 2817 4284 etiam
2858 4225 2960 4281 sub
2981 4224 3091 4280 alio
3115 4232 3365 4290 respectu
3390 4221 3735 4289 conspicuus,
3758 4217 3841 4273 sic
3866 4230 3934 4273 se

2336 4324 2519 4390 habet,
2570 4338 2622 4391 p.
2668 4320 2741 4376 95
2780 4318 2940 4374 Lind.
2997 4332 3013 4371 :
3074 4333 3093 4367 ι
3129 4313 3383 4369 Diceam
3425 4311 3566 4367 omni
3605 4327 3730 4381 perte
3756 4310 3935 4383 philo-

2334 4416 2520 4489 sophia
2537 4430 2623 4468 eoa
2650 4410 2903 4483 (Gothos)
2931 4408 3174 4465 instruxit
3197 4423 3217 4461 :
3246 4422 3367 4461 nam
3384 4404 3607 4460 ethicam
3637 4420 3727 4460 eos
3753 4404 3934 4458 erudi-

2338 4512 2431 4576 vit,
2466 4518 2522 4563 ιιι
2547 4507 2837 4564 barbaricos
2876 4519 3044 4559 more:
3072 4502 3137 4556 ob
3165 4502 3238 4557 eis
3266 4509 3636 4573 compesceret;
3667 4499 3936 4570 physicam

2339 4602 2567 4665 tradens,
2600 4597 2903 4652 naturaliter
2928 4594 3152 4666 propriis
3179 4593 3374 4666 legibus
3415 4592 3580 4647 risero
3617 4590 3764 4660 fecit,
3792 4606 3932 4658 quo

2342 4709 2501 4760 usque
2524 4706 2662 4746 nunc
2685 4688 3000 4757 conscriptas
3027 4685 3304 4757 bellogiuea
3346 4690 3683 4755 nuncupant;
3707 4682 3931 4753 logicum

2342 4786 2602 4839 instruens
2630 4797 2715 4835 eos
2737 4777 2948 4833 rationis
2972 4791 3131 4848 supra
3164 4784 3378 4831 autem
3404 4782 3577 4845 gentes
3598 4772 3717 4842 fecit
3743 4786 3933 4837 exper-

2341 4894 2455 4949 tos;
2495 4884 2753 4955 practieen
2800 4878 3067 4933 «tandem
3111 4874 3165 4928 in
3206 4873 3353 4930 bonis
3400 4871 3600 4926 artibus
3640 4871 3932 4925 conversari

2342 4978 2529 5047 iussit;
2558 4975 2814 5029 theoricen
2839 4971 3196 5025 demonstrans
3243 4968 3510 5037 signorum
3558 4965 3827 5019 duodecim
3875 4968 3930 5017 et

2342 5084 2431 5140 per
2453 5084 2511 5121 ea
2544 5066 2869 5134 planetarum
2899 5077 3075 5116 cursus
3100 5073 3395 5127 omnemque
3417 5056 3783 5111 astronomiam
3800 5070 3934 5109 cono

2344 5159 2579 5228 tentplari
2617 5155 2813 5221 docuit,
2840 5162 2948 5208 etc.
2998 5150 3164 5222 Elegit
3202 5148 3561 5221 prudentiores
3608 5148 3763 5214 viros,
3804 5162 3836 5215 ιι
3874 5163 3936 5200 ω

2344 5247 2659 5319 theologiam
2699 5246 2958 5299 instruens
3003 5242 3212 5295 numina
3234 5241 3468 5310 quendam
3497 5246 3544 5293 et
3567 5237 3758 5291 sacello
3785 5253 3935 5290 verre-

2342 5342 2451 5395 rari
2495 5339 2678 5395 suasit.
2717 5355 2737 5389 ι
2776 5335 3033 5403 Quamvis
3061 5342 3269 5388 certum
3323 5332 3393 5385 sit
3419 5329 3686 5399 gothicam
3713 5339 3933 5400 gentem

2344 5449 2449 5490 non
2480 5446 2547 5488 eo
2590 5430 2748 5484 modo
2778 5426 3147 5498 philosOphice
3186 5425 3481 5479 institutam
3520 5436 3665 5490 esse,
3711 5435 3817 5489 quo
3837 5421 3934 5477 hic

2344 5523 2630 5581 Jornaudis
2666 5523 2814 5575 locus
2836 5517 3117 5573 indecente
3146 5525 3199 5570 et
3221 5516 3482 5585 indigesta
3502 5512 3799 5568 eruditione
3828 5511 3946 5581 ph»

2347 5632 2446 5671 nus
2465 5632 2560 5669 nos
2584 5625 2869 5683 persuasus
2891 5609 3089 5662 habere
3110 5606 3356 5671 voluerit,
3378 5604 3499 5658 hinc
3528 5615 3702 5658 tamen
3726 5601 3940 5658 Cottius

2345 5725 2451 5764 non
2480 5707 2733 5763 incultam
2764 5702 2999 5773 gentem,
3042 5698 3138 5755 sed
3164 5698 3232 5755 de
3257 5695 3504 5752 humanis
3537 5704 3593 5751 ct
3622 5696 3838 5759 divinis,
3865 5694 3934 5749 de

2348 5800 2687 5857 terrestribus
2713 5806 2768 5853 et
2797 5792 3106 5851 ctelestibus
3129 5789 3293 5847 rebus
3308 5788 3453 5844 varie
3474 5786 3737 5842 eruditam
3769 5787 3883 5840 fuis
3904 5803 3937 5840 e

2352 5893 2715 5965 consequitur.
2770 5889 2886 5946 iam
2924 5900 3053 5945 vero
3115 5882 3233 5942 sive
3283 5882 3486 5939 vicinas
3533 5879 3646 5937 sive
3698 5888 3937 5936 remotas
