4346 6456
476 542 669 603 gentes
700 534 1139 605 comparantibus
1171 531 1324 588 nobis
1348 538 1585 595 constat,
1636 530 1830 600 quibus
1865 529 2071 585 eisdem

478 628 700 681 luerunt
717 626 1104 693 institutiones,
1128 625 1376 697 quatdam
1399 624 1646 679 collectio
1664 622 1761 677 fuit
1783 624 2080 677 sententia-

479 734 620 783 rum;
640 718 722 774 sic
748 718 891 775 fndis
909 719 1170 786 Puranas,
1193 717 1396 775 Gra‘cis
1415 716 1606 774 Gnomi
1626 716 1947 785 llesiotlique
1965 716 2079 770 dies

475 817 536 862 et
561 822 748 880 opera,
774 809 1131 866 Scandinavis
1142 810 1295 866 dives
1315 819 1372 865 et
1396 808 1660 879 poeticum
1687 808 2080 864 sententiarum

478 915 679 968 corpus
704 899 836 973 (vid.
860 901 1121 967 Dietrich,
1150 902 1387 956 Altuord.
1414 900 1669 956 Lesebuclt
1695 901 1843 971 praf.
1866 898 2080 968 xxxiii),

480 1008 582 1048 nec
607 1008 715 1048 non
744 1002 799 1047 et
825 993 1131 1050 Germanis.
1165 994 1352 1051 Simile
1379 1008 1512 1063 ergo
1539 993 1928 1049 sententiarum
1961 1005 2083 1044 cor-

480 1100 584 1155 pus
602 1088 743 1156 apud
763 1084 969 1142 Gothos
992 1088 1238 1142 invenire
1250 1086 1591 1151 deberemus.
1608 1093 1665 1141 et
1678 1085 1802 1141 huic
1813 1081 2081 1139 verisimi-

484 1178 608 1234 Iiter
632 1178 822 1235 alludit
849 1194 1013 1250 supra
1060 1179 1313 1234 laudatus
1339 1177 1626 1234 Joruandis
1656 1179 1826 1232 locus.
1857 1174 2083 1230 Mentio-

482 1285 609 1324 nem
636 1271 780 1325 enim
814 1270 941 1325 facit
993 1270 1061 1325 de
1108 1270 1340 1341 quodam
1396 1270 1783 1325 sententiarum
1832 1279 2081 1333 corpore,

481 1362 769 1432 scriptura:
815 1362 1092 1424 mandato,
1147 1361 1473 1430 nomineque
1498 1358 1849 1429 Bcltaginium
1882 1356 2080 1426 indigi-

484 1464 619 1509 tsto.
647 1452 752 1509 Sed
781 1454 906 1523 quid
946 1454 1030 1507 hae
1063 1453 1350 1525 Bellagines
1375 1453 1461 1507 vel
1496 1451 1791 1507 correctius
1818 1449 2093 1521 Bilugiues

488 1548 595 1615 (vel
648 1547 1029 1619 Bilageineis)?
1082 1546 1225 1602 Penc
1277 1559 1463 1600 omnes
1522 1546 1620 1601 has
1666 1544 1968 1598 habuerunt
2025 1550 2082 1595 ut

485 1654 644 1695 veras
688 1641 833 1710 leges
885 1647 972 1706 et,
1008 1641 1264 1694 innuente
1304 1636 1596 1701 Jornaude,
1627 1636 1867 1691 codicem
1905 1634 2080 1703 legum

483 1732 831 1799 gothicarum
882 1749 899 1784 :
954 1732 1079 1785 inde
1142 1730 1386 1784 nonnulli
1433 1728 1678 1796 quaedam
1734 1733 2079 1779 monumenta

481 1825 681 1891 scripta
707 1833 833 1877 ante
859 1821 1067 1877 Ullilam
1093 1821 1257 1875 luisse
1278 1825 1634 1884 censuerunt;
1658 1816 1749 1871 alii
1774 1817 1841 1871 de
1862 1816 2083 1869 authen—

488 1914 694 1969 ticitate
752 1914 911 1983 hujus
980 1913 1184 1969 codicis
1238 1911 1614 1967 dubitaverunt
1666 1910 1817 1983 (coll.
1873 1908 2079 1977 Manso,

484 2006 669 2060 Grsclt.
685 2009 775 2061 der
792 2007 1160 2077 0stgolhen,9l
1184 2006 1247 2076 i),
1260 2016 1314 2060 et
1326 2005 1573 2075 equidem
1588 2004 1800 2068 merito,
1818 2018 1937 2056 cum
1956 2018 2083 2054 non.

484 2098 587 2152 nisi
604 2108 859 2165 regnante
880 2098 1133 2161 Euriclio,
1156 2100 1207 2150 in
1230 2098 1428 2151 seculo
1449 2096 1656 2150 scilicet
1675 2095 1887 2163 quinto,
1920 2094 2082 2147 Wisi-

484 2192 639 2263 gotbi
653 2192 896 2248 codicem
917 2194 1090 2261 legum
1115 2191 1397 2245 habuerint
1413 2190 1739 2257 (Aschbach,
1768 2186 1933 2241 Gesch
1947 2227 1961 2241 .
1992 2188 2083 2240 der

496 2284 853 2355 Westgotlten,
879 2284 1024 2351 157).
1040 2282 1145 2337 Sed
1168 2292 1469 2345 contextus,
1491 2280 1535 2334 si
1558 2279 1919 2339 cxaminctur,
1945 2277 2083 2331 hanc

488 2375 991 2441 interpretationem
1023 2371 1242 2425 minime
1266 2371 1541 2440 justiticat.
1579 2368 1675 2422 llic
1703 2370 1846 2423 enim
1893 2368 2082 2421 lacuna

485 2466 766 2521 evidenter
812 2463 999 2525 adest;
1031 2475 1155 2517 nam
1192 2474 1527 2531 quaecunque
1564 2459 1710 2528 leges
1756 2458 1841 2512 vel
1881 2465 2080 2511 statuta

487 2553 717 2626 supponi
746 2556 974 2624 possint,
1004 2551 1179 2606 nullus
1209 2566 1439 2620 unquam
1482 2549 1856 2619 phil050phus.
1898 2547 2084 2617 physi-

487 2664 609 2705 cam
651 2649 873 2710 docens,
902 2647 1048 2714 leges
1092 2644 1279 2698 civiles
1309 2642 1457 2707 tulit,
1490 2651 1543 2696 et
1571 2650 1699 2696 sunt
1742 2640 1827 2693 hic
1856 2636 1923 2692 ad
1951 2639 2085 2707 phy-

488 2742 658 2796 sicam
704 2739 1011 2804 adscriptae,
1042 2736 1137 2791 sed
1188 2736 1254 2790 de
1304 2733 1713 2803 investigatione
1751 2739 1956 2785 tantum
1990 2746 2086 2783 na-

491 2844 629 2887 tura
678 2842 732 2885 et
778 2828 1013 2885 essentia
1062 2842 1242 2883 rerum
1291 2825 1578 2889 disseruit;
1627 2824 1780 2878 deest
1822 2823 1983 2891 igitur
2031 2821 2085 2876 io

502 2933 651 2978 textu
681 2920 907 2976 scientia
936 2934 1061 2976 vere
1092 2915 1488 2988 philosophica,
1515 2914 1707 2969 Politia
1735 2914 1965 2979 scilicet,
1991 2927 2086 2967 seu

494 3017 617 3068 vim
637 3011 817 3068 civilis
837 3008 1158 3065 iustitutrix;
1184 3006 1326 3062 unde
1345 3005 1500 3061 facile
1523 3014 1690 3074 patet,
1712 3003 1859 3074 quod
1884 3000 2082 3056 erroris

493 3103 894 3158 fundamentum
910 3100 961 3154 in
979 3100 1278 3153 naturaliter
1288 3098 1483 3168 jaceat,
1504 3095 1584 3153 sic
1604 3095 1781 3151 forsan
1818 3096 2085 3150 sententia

495 3195 763 3267 primitive
790 3203 1047 3261 concepta
1076 3210 1091 3246 :
1116 3192 1379 3261 physicam
1401 3192 1607 3246 tradens
1634 3200 1881 3245 naturam
1906 3204 2084 3244 rerum

498 3305 559 3351 ut
597 3288 886 3352 discerent,
921 3284 1163 3356 politiam
1210 3285 1411 3339 docens
1458 3282 1785 3349 naturaliter,
1815 3292 1922 3337 etc.
1972 3280 2087 3337 Non

498 3392 581 3438 est
631 3382 849 3449 in-uper
901 3393 1213 3440 necessum,
1264 3386 1322 3432 ut
1366 3392 1464 3446 per
1514 3377 1611 3431 has
1659 3378 1793 3445 teges
1841 3374 2088 3445 positiva:

498 3474 895 3543 intelligantur;
922 3471 1016 3526 sed
1039 3470 1347 3526 eeontrario
1377 3469 1611 3539 legitime
1634 3469 1863 3537 supponi
1891 3476 2087 3535 potest,

492 3582 555 3620 ca
585 3580 706 3622 esse
735 3574 942 3618 tantum
976 3563 1237 3616 naturalia
1285 3561 1553 3630 aequitatis
1596 3560 1853 3630 principia
1893 3560 2089 3627 quibus

498 3674 526 3712 ν
552 3669 599 3710 ta
630 3657 804 3711 civilis
835 3654 1141 3708 instituitur.
1175 3652 1281 3707 Nec
1310 3668 1415 3707 non
1454 3659 1511 3708 et
1541 3651 1799 3704 formulas
1842 3649 2087 3703 incanta-

499 3753 658 3808 tionis
682 3764 735 3806 et
762 3749 1180 3819 conjuratiouis,
1209 3746 1394 3812 quales
1423 3745 1577 3800 nobis
1600 3759 1635 3799 e
1661 3741 1893 3808 Griecis.
1924 3742 2092 3799 Scan-

498 3846 710 3902 tlinavis
757 3853 810 3898 et
865 3841 1151 3896 Germanis
1204 3837 1420 3893 tradidit
1471 3836 1799 3906 antiquitas,
1844 3834 1897 3889 in
1961 3849 2093 3891 voce

484 3931 758 3992 ἳηηιὶοηεε
808 3935 985 3989 locum
1030 3930 1318 3985 Jornandis
1347 3926 1508 3983 modo
1550 3926 1823 3980 laudatum
1854 3940 2091 3994 sequen-

501 4039 582 4085 tes
631 4026 891 4096 suspicari
950 4036 1267 4093 possemus,
1314 4018 1418 4074 nisi
1478 4018 1641 4074 etiam
1700 4028 1982 4071 contextus
2025 4016 2091 4070 ad

502 4120 680 4175 minus
725 4118 973 4171 usitatam
1004 4110 1444 4184 significationem
1484 4118 1663 4165 cantus
1697 4121 1883 4162 vocem
1923 4108 2090 4159 cantio

503 4208 830 4279 restringere
859 4205 1127 4261 suaderet.

578 4317 600 4353 ι
639 4298 715 4355 De
741 4296 1031 4353 llibliorum
1059 4292 1330 4356 versione,
1356 4304 1476 4360 quze
1503 4288 1570 4344 ad
1598 4296 1849 4358 quartum
1876 4285 2094 4342 circiter

503 4393 759 4453 saeculum
788 4390 858 4445 ab
890 4388 1043 4445 Ullila
1069 4388 1322 4455 incoepta,
1350 4382 1421 4438 ab
1443 4380 1571 4449 alio,
1595 4380 1698 4435 nisi
1730 4380 1907 4435 forsan
1932 4379 2001 4433 ab
2029 4392 2097 4434 eo

504 4488 939 4559 lpsocoutinuata
959 4483 1077 4549 fuit,
1089 4482 1201 4553 jam
1212 4494 1371 4550 supra
1388 4478 1441 4534 in
1464 4476 1705 4549 prolegg.
1724 4474 1791 4529 ad
1815 4474 2094 4528 ulfilanum

507 4592 712 4640 textum
737 4578 965 4650 quaestio
993 4575 1110 4629 fuit.
1134 4570 1319 4640 Quoad
1346 4583 1476 4625 vero
1505 4565 1789 4630 Skeireins,
1818 4564 1923 4619 hoc
1951 4563 2097 4618 aliud

506 4676 738 4747 gothiea:
768 4674 1079 4727 litteratura:
1111 4666 1286 4736 majus
1312 4663 1669 4734 fragmentum
1697 4674 1729 4714 a
1759 4658 2100 4714 Massmanno

507 4770 745 4834 editum,
794 4767 863 4820 ad
915 4762 1181 4834 quodnam
1240 4769 1452 4825 tempus
1495 4751 1865 4817 referendum,
1921 4761 2101 4804 utrum

510 4861 687 4917 versio
720 4860 792 4915 sit
821 4857 902 4913 vel
940 4853 1202 4925 originale
1238 4852 1526 4920 scriptum,
1558 4846 1788 4916 denique
1816 4860 1844 4899 a
1870 4859 2101 4915 quonam

513 4954 811 5012 Gothorum
838 4950 1060 5003 doctore
1088 4944 1389 5000 confectum
1414 4940 1505 5004 sit,
1532 4940 1633 4994 hoc
1658 4938 1829 4992 adhuc
1859 4936 1910 4991 iu
1937 4936 2103 4991 dubio

514 5053 783 5111 remanet,
811 5042 939 5096 coll.
986 5040 1155 5105 Lbbe,
1183 5036 1226 5091 Τ
1229 5031 1664 5103 extbericluigung
1690 5030 1783 5085 der
1822 5028 2100 5095 Skeireins,

514 5140 793 5209 Altenburg
820 5136 980 5191 isse.

476 5224 479 5225 ν
594 5254 616 5289 s
668 5232 857 5287 Plures
908 5228 1128 5297 insuper
1168 5222 1303 5275 alias
1350 5217 1625 5273 versiones
1669 5214 2105 5285 theologicosque

520 5334 777 5382 tractatus
809 5321 986 5389 plures
1011 5313 1331 5383 conscripsit
1362 5307 1580 5375 Ulfilas,
1628 5316 1685 5362 ut
1710 5322 1742 5361 e
1770 5303 2107 5360 documentis

524 5421 696 5489 primo
734 5420 978 5469 recenter
1004 5409 1261 5465 consultis
1305 5417 1361 5464 et
1405 5426 1435 5463 a
1477 5402 1710 5461 Waitzio
1762 5399 1968 5471 (Ueber
2011 5398 2107 5451 das

527 5512 690 5566 chen
730 5507 837 5561 und
867 5506 950 5559 die
978 5503 1139 5557 Lchre
1168 5502 1259 5555 des
1287 5500 1470 5567 Ullila,
1501 5496 1735 5550 llannov.
1763 5492 1922 5562 1850)
1953 5490 2110 5546 editis

528 5602 887 5658 indubitanter
906 5603 1138 5657 constat;
1168 5595 1239 5649 ihi
1272 5594 1415 5647 enim
1434 5591 1630 5645 dicitur
1652 5590 1792 5658 (pag.
1820 5585 1911 5653 ti)
1935 5582 2107 5654 quod:

534 5715 554 5751 ι
590 5707 638 5750 et
661 5696 770 5763 ipse
799 5689 1034 5761 (Ulﬁlas)
1065 5687 1223 5740 tribus
1262 5685 1450 5755 linguis
1496 5684 1717 5752 (graeca,
1741 5678 1897 5733 'atiua
1923 5686 1975 5732 et
2007 5691 2111 5747 go.

604 5810 619 5839 ⁸
652 5805 931 5869 Quomodo
960 5804 1011 5856 in
1038 5801 1328 5855 editionem
1357 5795 1739 5869 germanicam,
1766 5790 1979 5847 aliunde
2004 5803 2110 5846 tam

533 5868 880 5945 exquisitam,
924 5874 1259 5945 snlirt-pserit
1286 5870 1373 5921 ille
1434 5868 1608 5945 gravis
1659 5881 1862 5945 (‘I’l‘jll’r
1896 5878 2112 5945 prorsus

538 5935 822 6001 nescimus.
875 5946 986 5998 Non
1036 5935 1176 5995 enim
1232 5935 1691 5993 (let-ttis'i-ilitortes
1739 5937 1869 6005 fugit
1914 5935 2108 5985 nullam

541 6034 769 6092 unquam
825 6019 904 6073 vel
960 6016 1230 6069 minimam
1293 6010 1555 6065 laudatam
1621 6010 1780 6062 luis-e
1832 6006 2107 6075 t‘jlleiOIiIItI

1880 416 2363 475 INTRODUCTIO.

3671 413 3772 471 890

2191 532 2317 601 tiCa)
2359 532 2542 601 plures
2573 540 2830 587 tractatus
2862 542 2913 587 et
2947 533 3137 587 multas
3185 533 3648 601 interpretationes
3688 545 3769 583 vo-

2184 622 2401 676 lentibui
2451 625 2520 677 ad
2580 625 2852 677 utilitatem
2896 636 2943 677 et
2993 627 3058 677 ad
3105 624 3183 677 (τά
3207 626 3524 693 ﬁrationrm,
3565 622 3660 675 sibi
3705 622 3771 674 ad

2184 723 2427 767 a’ternam
2457 716 2754 768 meritoriam
2779 725 2828 769 et
2858 718 3138 769 mercedem
3170 726 3289 786 post
3330 730 3389 768 Se
3418 716 3718 780 deri-liquit.
3749 731 3767 764 ι

2186 807 2265 859 Ad
2310 807 2634 861 anteriorem
2664 810 2925 878 epocham
2958 812 3194 879 pertinet
3235 811 3535 864 historicum
3564 826 3691 873 opus
3714 810 3774 859 ab

2185 898 2418 965 Ablavio,
2448 908 2504 954 et
2547 902 2885 972 geographica
2923 902 3135 970 scripta,
3170 902 3249 955 vel
3300 904 3475 971 potius
3506 900 3773 970 quoddam

2182 990 2503 1045 itinerarium
2555 994 2719 1047 totius
2757 994 3056 1049 Germaniae
3106 996 3168 1048 ab
3208 995 3548 1057 Athanarito,
3590 991 3775 1044 Hilde-

2185 1083 2362 1149 baldo,
2389 1081 2728 1151 Marti-antire,
2763 1084 2829 1139 ad
2862 1096 3071 1139 sextum
3101 1085 3353 1140 saeculum
3384 1082 3771 1147 conscriptum,

2184 1174 2433 1244 quodque
2461 1159 2783 1247 geograplms
2813 1176 3087 1232 Rauennas
3116 1177 3413 1247 saepissime
3440 1174 3606 1231 refrrt
3632 1173 3773 1247 (vid.

2182 1265 2502 1321 Grimmium
2534 1265 2627 1323 Gr.
2663 1284 2783 1323 sui
2811 1270 2897 1343 [1³
2926 1269 3131 1341 ed.t.|).

2259 1376 2279 1409 ι
2320 1358 2397 1413 Ad
2451 1360 2763 1415 litteratum
2806 1361 3102 1417 dominium
3150 1360 3431 1417 referenda
3478 1368 3605 1414 sunt
3672 1373 3774 1414 nec

2186 1449 2559 1505 Calendarium
2589 1452 2861 1520 gothicum
2890 1495 2903 1517 ,
2948 1470 3045 1508 nec
3081 1454 3313 1523 ευιὺίρω
3357 1453 3776 1519 subscriptiones

2185 1542 2557 1595 nonnullorum
2601 1546 3042 1599 documentorum
3084 1549 3133 1598 in
3163 1546 3310 1598 Italia
3343 1546 3509 1599 latine
3536 1545 3775 1597 conscri-

2186 1642 2393 1698 ptorum
2450 1634 2595 1704 (vid.
2654 1638 2797 1705 galli.
2855 1638 3070 1707 glossar.
3137 1637 3360 1705 pr;rf.),
3430 1636 3547 1688 licet
3622 1633 3778 1688 nobis

2186 1727 2360 1793 magni
2404 1737 2514 1779 sint
2559 1727 2693 1780 alias
2741 1730 3025 1792 momenti;
3056 1730 3225 1781 multo
3271 1730 3443 1781 minus
3488 1742 3549 1781 ea
3592 1726 3774 1794 spuria

2185 1830 2304 1883 qua:
2333 1816 2706 1873 Ma~srnannus
2754 1820 2935 1873 multis
2980 1821 3191 1887 quidem
3235 1820 3521 1874 sudoribus
3550 1833 3777 1885 compa--

2187 1922 2321 1971 rata,
2354 1926 2384 1964 c
2433 1912 2575 1965 fonte
2606 1913 2823 1965 nimium
2876 1913 3051 1966 fallaci
3092 1913 3287 1973 hausit.
3321 1922 3374 1967 et
3407 1914 3457 1964 in
3490 1926 3652 1977 opere
3683 1926 3773 1979 pe-

2184 1999 2387 2054 riodico
2435 2001 2645 2072 Ilauptii
2686 2004 2971 2056 Alterthum
3014 2004 3064 2065 l,
3110 2006 3213 2059 9.91
3261 2018 3380 2073 sqq.
3428 2004 3643 2057 nurnine
3685 2018 3775 2071 go-

2183 2091 2439 2145 tht'corum
2487 2094 2745 2146 minatum
2787 2095 3043 2165 inscripta
3092 2098 3141 2149 in
3185 2098 3356 2150 lucem
3397 2094 3603 2160 edidit,
3650 2093 3773 2147 coll.

2187 2182 2351 2251 §7..

2256 2278 2285 2348 §
2314 2280 2366 2333 7.
2398 2279 2622 2335 Gothica
2653 2281 2829 2351 lingua
2855 2298 2960 2336 non
2988 2282 3086 2337 nisi
3120 2282 3263 2337 brevi
3295 2290 3539 2348 tempore
3563 2281 3775 2342 floruit;

2183 2371 2236 2424 in
2265 2370 2448 2426 Mmsia
2473 2372 2626 2427 nobis
2654 2374 3004 2443 extinguitur,
3031 2390 3152 2429 sese
3177 2372 3613 2441 estingnentilius
3637 2371 3777 2425 indi-

2181 2462 2333 2531 genis
2358 2461 2547 2519 Gothis
2588 2480 2618 2518 a
2669 2473 2909 2520 torrente
2947 2482 3207 2521 novorum
3242 2466 3556 2535 populorum
3590 2465 3640 2516 in
3677 2464 3779 2517 Da-

2185 2554 2446 2610 nubianas
2508 2556 2755 2626 regiones
2823 2558 3173 2623 irruentium;
3234 2558 3285 2609 in
3350 2556 3774 2611 octideutalilius

2184 2654 2361 2699 autem
2386 2648 2563 2711 terris,
2581 2648 2667 2700 ubi
2694 2646 2899 2702 Gothus
2921 2651 3109 2703 Ostro-
3129 2661 3182 2703 et
3206 2647 3489 2715 Wisigothi
3518 2648 3777 2713 supplan-

2186 2748 2450 2803 taverunt,
2484 2739 2599 2793 hazc
2633 2740 2977 2808 probabiliter
3008 2742 3153 2811 prius
3184 2756 3343 2810 quam
3377 2740 3599 2808 populus
3630 2740 3774 2808 ipse,

2187 2828 2446 2884 influente
2477 2830 2644 2885 latino
2672 2846 2942 2897 sermone,
2972 2818 3212 2901 extingui
3248 2832 3451 2887 debuit.

2262 2938 2281 2970 ι
2320 2919 2543 2975 Gothica
2566 2921 2742 2991 lingua
2770 2922 2823 2975 in
2846 2922 3165 2977 litterariam
3188 2931 3457 2990 provecta,
3479 2920 3558 2972 τρι
3589 2918 3778 2972 saltem

2186 3009 2359 3079 primo
2382 3011 2644 3079 scriptura
2673 3014 2903 3067 stabilita
2926 3026 3006 3067 est
3031 3014 3082 3067 in
3112 3012 3316 3076 Moesia,
3343 3013 3429 3066 ubi
3457 3012 3778 3079 scripturam

2189 3104 2374 3160 Ullilas
2418 3105 2691 3159 adinvenit
2740 3105 2933 3177 (vid.§
2973 3105 3070 3174 tl)
3111 3104 3520 3170 versionemque
3570 3102 3773 3155 "IIJIIO°

2190 3211 2311 3250 rum
2341 3197 2581 3265 inempit.
2618 3198 2711 3253 llic
2740 3200 2918 3253 floruit
2946 3197 3193 3268 gothicus
3222 3212 3422 3263 sermo,
3447 3196 3606 3249 etiam
3637 3210 3779 3249 inor-

2188 3299 2281 3346 tuo
2333 3291 2488 3345 Ullila
2522 3292 2711 3360 (583),
2741 3302 2797 3346 ut
2842 3307 2910 3347 ex
2953 3291 3266 3346 Teitulliani
3298 3293 3311 3320 ‘
3348 3290 3582 3358 epistola
3634 3292 3780 3344 circa

2186 3397 2275 3437 an.
2301 3383 2408 3438 405
2436 3383 2638 3452 sciipta
2661 3394 2824 3452 patet.
2857 3384 2981 3438 lla-c
3009 3399 3168 3453 porro
3188 3384 3414 3452 epistola
3444 3384 3780 3455 (llieroaymi

2188 3490 2413 3544 operum
2444 3485 2576 3531 tom.
2606 3478 2656 3540 I,
2692 3479 2850 3545 epist.
2883 3492 2999 3542 cvr;
3032 3478 3231 3532 I’atrol.
3268 3490 3400 3533 tom.
3442 3475 3618 3545 XXII,
3648 3476 3778 3532 edit.

2190 3570 2398 3639 Migne;
2429 3584 2553 3640 epp.
2588 3586 2647 3637 ιι,
2676 3586 2730 3639 ι).
2764 3570 2868 3626 626
2896 3570 2985 3626 ed.
3016 3570 3101 3624 Pa
3121 3570 3213 3639 is.)
3244 3585 3561 3638 responsum
3609 3567 3782 3623 conti-

2191 3669 2283 3716 net
2311 3658 2533 3715 Sunnia:
2560 3669 2615 3714 et
2647 3659 2897 3729 Fretelte,
2931 3658 3122 3715 Gothis
3160 3660 3514 3730 presbyteris,
3545 3658 3613 3713 de
3644 3674 3784 3714 non-

2191 3752 2355 3808 nullis
2397 3752 2611 3807 Veteris
2650 3753 2981 3807 Testamenti
3016 3753 3147 3807 locis
3189 3753 3370 3807 divum
3400 3756 3676 3806 doctorem
3704 3750 3785 3805 in-

2192 3845 2609 3911 terrogantibus,
2638 3860 2849 3912 quaque
2891 3858 2997 3899 non
3035 3844 3102 3899 ad
3146 3843 3537 3899 institutionem
3580 3842 3789 3898 oraletn

2193 3942 2422 4000 tantum,
2452 3933 2545 3987 sed
2590 3935 2656 3986 ad
2707 3934 2976 4003 quoddam
3021 3949 3158 4003 Opus
3205 3934 3461 3998 scriptum
3510 3944 3662 3988 certo
3703 3932 3791 3985 usi

2192 4037 2337 4079 sunt.
2376 4025 2516 4093 Quin
2566 4026 2730 4080 immo
2770 4026 2837 4081 ad
2884 4042 3083 4081 nonum
3126 4043 3295 4095 usque
3344 4027 3597 4079 sascuhuti
3648 4026 3794 4091 apud-

2194 4114 2402 4171 Gothos
2448 4117 2674 4172 Danubii
2724 4117 3025 4185 inferioris,
3060 4128 3119 4173 ut
3148 4117 3444 4172 Walafrido
3476 4117 3727 4173 Straboni
3759 4132 3793 4172 a

2194 4210 2551 4268 miSsionariis
2594 4222 2871 4267 narratum
2911 4224 3013 4279 cst,
3052 4212 3104 4267 in
3142 4214 3359 4281 gotliico
3408 4228 3658 4266 sermone
3699 4211 3795 4263 di-

2195 4304 2317 4360 vina
2357 4303 2531 4361 officia
2578 4304 2962 4359 recitabantur.
3003 4323 3021 4357 ι
3067 4305 3236 4368 (.‘othi,
3281 4305 3451 4371 inquit
3496 4304 3596 4373 (De
3634 4303 3802 4358 rebus

2196 4395 2393 4452 eccles.
2426 4396 2523 4466 7),
2552 4399 2641 4462 qui
2687 4405 2731 4450 et
2773 4392 2949 4460 ϐείω,
2995 4412 3056 4451 eo
3100 4406 3358 4463 tempore,
3387 4412 3488 4464 quo
3530 4396 3600 4447 ad
3636 4396 3796 4464 ﬁdem

2198 4484 2393 4541 Christi
2434 4485 2666 4555 perducti
2707 4496 2855 4552 sunt,
2886 4487 2938 4540 in
2986 4484 3281 4540 Grecorum
3329 4487 3605 4555 provinciis
3649 4501 3793 4537 com-

2196 4590 2477 4646 moranlcs,
2510 4588 2763 4644 nostrum,
2794 4579 2849 4632 id
2894 4588 2968 4635 cst
3010 4578 3328 4633 tlteodiscum
3372 4593 3649 4633 sermonem
3699 4577 3794 4630 lia~

2198 4672 2434 4738 buerunt,
2466 4681 2533 4737 et,
2553 4681 2607 4726 ut
2638 4672 2866 4726 historia:
2911 4680 3181 4737 testantur,
3218 4674 3539 4736 postmodum
3578 4670 3795 4724 studiosi

2200 4764 2344 4820 illius
2373 4765 2533 4836 gentis
2577 4765 2775 4819 divinos
2805 4761 2965 4817 libros
2995 4765 3049 4817 in
3077 4779 3182 4818 sua:
3209 4762 3478 4817 locutionis
3505 4763 3795 4833 proprieta-

2202 4865 2300 4912 tem
2349 4857 2764 4923 transtulerunt,
2812 4871 3031 4925 quorum
3078 4857 3249 4908 adhuc
3290 4868 3608 4909 monumenta
3653 4856 3795 4922 apud

2202 4946 2478 5003 nonnullos
2531 4946 2805 5001 habentur.
2860 4946 2932 5001 Et
2994 4948 3221 5015 ﬁdelium
3276 4951 3495 5013 [rutrum
3530 4948 3797 5016 relations

2200 5039 2504 5102 didicimus,
2529 5037 2669 5107 quod
2706 5040 2957 5108 quasdam
3000 5038 3314 5109 Scytharum
3351 5050 3542 5108 gentes,
3575 5038 3797 5091 maxime

2208 5127 2541 5194 Tomitanus,
2569 5128 2742 5182 eadem
2784 5130 3041 5183 locutione
3082 5130 3252 5185 divina
3299 5129 3543 5184 hactenus
3589 5130 3797 5184 recitari

2206 5219 2390 5288 oﬁicia.
2428 5238 2447 5272 ι
2474 5218 2607 5274 Cum
2635 5228 2812 5275 autem
2834 5222 2995 5275 Olaus
3026 5220 3280 5275 Rudbeck
3305 5220 3527 5291 (Atlant.
3553 5218 3641 5284 III,
3662 5220 3793 5289 210)

2206 5320 2426 5376 narrat,
2463 5312 2604 5380 quod
2651 5325 2746 5366 sua
2794 5314 2953 5365 etiam
3004 5322 3160 5366 (ιιι-διε
3208 5312 3294 5382 (in
3343 5312 3538 5366 su‘culo
3586 5310 3707 5378 l't'°)
3741 5315 3797 5368 in

2210 5403 2453 5473 plurimis
2497 5400 2791 5457 Walachiie
2836 5402 2965 5457 locis
3019 5403 3240 5474 vestigia
3284 5404 3479 5474 gotbici
3528 5406 3795 5458 sermonis

2210 5504 2549 5564 supererant,
2586 5493 2683 5546 hoc
2707 5493 2770 5547 ad
2806 5493 3013 5548 fabulas
3036 5495 3445 5551 adscribendum
3476 5505 3577 5557 est,
3602 5494 3796 5565 quibus

2210 5586 2446 5639 abundat
2497 5582 2655 5652 hujus
2699 5583 2933 5638 auctoris
2976 5598 3138 5653 opus;
3176 5585 3336 5639 immo
3374 5586 3580 5640 etiamsi
3609 5600 3793 5640 verum

2211 5690 2298 5731 ess
2336 5686 2374 5738 ι,
2409 5684 2465 5729 ιιι
2511 5676 2598 5730 ille
2645 5674 2913 5741 affirmat,
2943 5675 3083 5746 quod
3134 5677 3246 5745 ipse
3300 5677 3482 5730 viderit
3526 5676 3796 5731 lmmidbm

2214 5792 2557 5854 Tertulliani,
2590 5790 2677 5859 qni
2708 5790 2922 5845 aliunde
2950 5806 3090 5844 anno
3120 5790 3332 5843 circiter
3370 5789 3477 5842 216
3517 5790 3665 5843 obiit.
3699 5790 3796 5843 llic

2216 5863 2377 5931 igitur
2417 5862 2609 5915 calami
2647 5870 2847 5914 tantum
2899 5864 3077 5929 lapsus
3130 5860 3794 5931 adest:IIIlillUNYliIUM

2220 5929 2419 6056 ponere
2450 5937 2656 5998 volens,
2691 5931 2945 5989 mendose
2990 5929 3530 5989 TERTULLIAAL’M
3558 5933 3789 6003 scripsit.

2256 6019 2381 6056 lIft't‘i
2402 6027 2443 6056 τ.

2256 6019 2381 6080 ttft't‘)
2402 6027 2443 6060 τ.
