4346 6420
633 376 726 436 801

631 497 922 569 quemdam
979 496 1047 551 ab
1096 498 1178 553 his
1225 498 1533 569 regionibus
1584 499 1650 554 ad
1699 517 1878 569 regem
1925 502 2220 558 Succorum

632 592 904 661 legatum,
945 593 1035 662 qui
1088 593 1298 648 lJlfilutn
1347 593 1559 663 gotltice
1607 594 1843 663 legerat,
1873 594 1997 664 hinc
2043 604 2220 651 tamen

637 686 908 755 gotbicam
956 686 1187 756 linguam
1227 695 1356 740 tunc
1403 686 1663 754 temporis
1694 688 1744 740 in
1776 686 2052 742 Walacbia
2083 689 2222 743 extio

634 780 764 835 tisse
792 780 1070 834 immerito
1089 778 1521 834 concluderetur.
1551 778 1944 833 Castillionazus
1972 779 2223 849 equidem

634 878 708 947 (li
736 879 979 935 Corinth.
1013 894 1065 949 p.
1114 878 1208 943 8'5)
1251 877 1365 933 haec
1408 876 1636 947 gothicze
1672 876 1865 944 lingua:
1911 875 2134 946 vestigia
2166 875 2220 930 iu

634 971 736 1024 ista
766 970 986 1040 regione
1028 985 1122 1038 per
1164 971 1407 1025 Saxones
1435 968 1837 1039 Transylvaniae
1878 968 2101 1022 colonos
2131 981 2226 1021 ex-

631 1064 836 1134 plicare
866 1064 1071 1133 putuit;
1104 1065 1223 1133 quis
1251 1076 1429 1118 autem
1471 1063 1658 1117 credat
1701 1062 1969 1116 Saxonem
2012 1059 2225 1115 Ullilatn

632 1172 701 1213 eo
729 1158 889 1213 modo
920 1158 1099 1228 legere
1130 1157 1389 1225 potuisse,
1418 1155 1616 1226 igu0tis
1644 1155 1913 1223 scriptura
1941 1155 2225 1225 linguaque

637 1253 902 1323 gothicis?

710 1365 732 1400 ι
780 1348 1145 1415 Quoscunqne
1206 1345 1369 1400 Gothi
1432 1344 1777 1413 subiecerunt
1828 1342 2093 1411 populos,
2147 1342 2226 1396 eis

636 1457 907 1511 nunquam
934 1456 1091 1494 suum
1121 1441 1319 1495 idinma
1351 1440 1747 1507 imposuerunt,
1772 1437 1894 1509 jura
1920 1435 2231 1507 patriosque

636 1549 819 1590 mores
871 1534 1028 1588 simul
1073 1542 1237 1603 atque
1296 1533 1533 1601 linguam
1586 1531 1791 1586 servari
1836 1530 2227 1599 permittentes.

638 1631 709 1684 Ea
740 1630 838 1684 fuit
868 1630 921 1684 in
947 1628 1091 1684 Italia
1126 1629 1575 1699 Ostrogothorum
1622 1627 1813 1693 agendi
1862 1629 2018 1682 ratio.
2054 1628 2147 1682 llic
2176 1628 2229 1684 in

639 1724 816 1778 medio
844 1722 1228 1790 relinquemus,
1258 1731 1435 1773 utrum
1468 1718 1650 1772 Manso
1692 1727 1945 1787 punctum
1976 1718 2229 1787 tetigerit,

638 1814 825 1869 dicens
859 1811 1183 1885 (Geschichte
1209 1812 1301 1865 des
1323 1812 1601 1879 ostrogoth.
1635 1810 1839 1875 lieichs,
1867 1810 1995 1881 135)
2024 1811 2229 1866 Gothos

640 1906 993 1971 intellexisse,
1026 1905 1167 1974 quod
1197 1920 1224 1955 a
1260 1902 1466 1970 legibus
1490 1913 1543 1956 et
1571 1916 1822 1957 sermone
1867 1902 2229 1955 Romanarum

638 1995 853 2050 nonnisi
899 1995 1110 2049 discere
1157 2004 1211 2048 et
1251 1993 1495 2062 accipere
1545 2003 1763 2060 possent
1803 1995 1962 2063 (nam
2012 1993 2093 2046 vir
2138 1994 2231 2049 ille

638 2090 829 2143 doctus
873 2088 1100 2143 mirifice
1137 2088 1205 2144 de
1242 2088 1419 2157 lingua
1459 2088 1669 2157 gothica
1714 2096 1896 2154 putat,
1924 2101 2047 2141 cum
2075 2086 2234 2157 vulgo

639 2181 975 2235 contendens
1001 2195 1118 2234 eam
1171 2176 1405 2233 nondum
1448 2180 1580 2232 satis
1624 2176 1915 2247 perfectam
1957 2174 2142 2239 fuisse,
2175 2184 2234 2230 ut

642 2271 969 2325 necessarias
996 2270 1120 2324 vitae
1153 2270 1331 2323 civilis
1364 2268 1715 2337 cogitationes
1743 2266 2049 2335 exprimere
2081 2266 2232 2322 vale-

641 2359 776 2432 ret);
806 2360 901 2415 sed
948 2359 1015 2415 de
1061 2360 1199 2414 facto
1238 2359 1449 2429 gothiea
1494 2358 1671 2427 lingua
1721 2358 1872 2413 nullo
1900 2357 2061 2413 modo
2089 2347 2230 2428 apud

644 2451 803 2506 Italos
832 2450 1099 2505 introduci
1132 2451 1301 2517 potuit
1330 2466 1345 2502 :
1379 2449 1671 2519 peculiares
1714 2450 1862 2506 enim
1910 2458 2037 2504 sunt
2074 2463 2233 2507 casus

641 2545 1001 2613 peculiaribus
1024 2527 1323 2612 eiplicandi
1347 2543 1674 2609 rationibus,
1702 2558 1825 2598 eum
1860 2544 2086 2598 Romani
2116 2546 2236 2611 qui-

640 2640 762 2693 dam
810 2638 1023 2708 gothice
1087 2637 1249 2691 locuti
1302 2646 1425 2690 sunt
1478 2636 1645 2703 (coll.
1695 2634 1942 2691 Cassiod.
1978 2635 2041 2700 8,
2084 2634 2230 2706 2|);

642 2740 862 2798 econtra
908 2745 1046 2784 nova
1084 2729 1203 2784 lucc
1232 2730 1381 2798 regio
1411 2730 1609 2783 urbana
1637 2729 1902 2793 moribus,
1926 2729 2235 2797 productio-

640 2826 800 2880 nibus
842 2826 1122 2894 opuleuta,
1158 2822 1520 2891 voluptatibus
1547 2822 1727 2885 unica,
1761 2819 2056 2875 Gothorum
2098 2818 2241 2876 adeo

642 2919 852 2974 animos
902 2916 1137 2980 seduxit,
1191 2928 1486 2982 eorumque
1529 2913 1955 2968 nationalitatcm
1993 2910 2237 2967 inﬁrma-

644 3014 751 3077 rit,
782 3020 840 3067 ιιι
873 3013 985 3081 jam
1030 3008 1402 3065 Theudoricus
1438 3008 1502 3060 ad
1546 3004 1822 3075 gymnasia
1872 3018 2091 3058 romana
2132 3005 2236 3060 fre-

641 3104 949 3175 quentanda
998 3115 1128 3157 suos
1174 3100 1354 3154 innixe
1403 3099 1669 3153 incitaret.
1744 3095 1897 3162 Quod
1952 3105 2130 3149 autem
2180 3093 2235 3149 in

645 3197 792 3253 Italia
829 3196 989 3252 ϐοαιὶ
1041 3194 1255 3264 guthice
1302 3192 1461 3246 locuti
1513 3191 1641 3256 sint,
1676 3189 1780 3243 hoc
1824 3188 2082 3258 probatur
2124 3198 2235 3243 tum

644 3303 711 3345 ex
741 3285 1181 3357 inscriptionibus
1233 3282 1562 3350 neapolitani
1594 3290 1652 3337 et
1679 3280 1872 3334 aretiui
1903 3278 2234 3341 documenti.

645 3390 757 3435 tum
788 3395 819 3437 e
846 3378 1105 3446 seiunctis
1154 3375 1506 3430 tribunalibus
1556 3374 1857 3429 Gothorum
1897 3380 1953 3424 et
1982 3369 2236 3425 Italorum

643 3475 739 3546 (de
768 3489 875 3544 quo
903 3487 1058 3527 suum
1100 3484 1322 3527 sensum
1351 3469 1559 3537 aperuit
1591 3466 1823 3532 Gloden,
1857 3466 1962 3517 Das
1987 3465 2240 3518 rdiniscltc

647 3567 808 3622 Rccht
836 3570 889 3621 in
920 3564 1292 3636 ostgothischcn
1326 3563 1536 3626 Reiche,
1566 3561 1695 3617 lena
1744 3560 1934 3629 1843);
1963 3569 2015 3615 et
2046 3560 2238 3617 verisi-

648 3660 931 3714 millimum
964 3666 1049 3712 est
1073 3656 1325 3723 reliquias
1352 3670 1539 3709 omnes
1564 3653 1762 3722 gothici
1792 3654 2075 3719 sermonis,
2107 3666 2239 3721 qua-

646 3749 727 3804 les
771 3763 915 3802 nunc
962 3746 1255 3809 habemus,
1283 3761 1347 3797 ex
1398 3744 1541 3797 Italia
1588 3742 1751 3796 fuisse
1797 3742 2084 3805 deductas;
2112 3741 2235 3797 coll.

643 3843 853 3899 Castill.
901 3857 1033 3912 spec.
1080 3840 1145 3893 IV
1182 3847 1238 3894 et
1283 3838 1346 3892 ad
1404 3838 1444 3891 ll
1488 3836 1615 3892 Cor.
1663 3852 1717 3905 p.
1750 3835 1853 3901 85;
1885 3833 1976 3889 W.
2009 3834 2234 3890 Grimtn.

643 3933 831 3989 Jahrb.
853 3935 944 3989 der
975 3932 1083 3986 Lit.
1116 3930 1301 3995 XLIII,
1334 3929 1424 3985 29.

723 4046 743 4080 ι
780 4026 887 4082 Nec
916 4025 1142 4079 ulterius
1171 4022 1451 4091 Wisigothi
1483 4021 1534 4076 in
1557 4020 1783 4075 victoria
1811 4019 2083 4075 abutendo
2111 4032 2239 4087 pro-

644 4120 816 4192 gressi
835 4125 1016 4185 ‘sunt,
1062 4124 1343 4186 postquam
1391 4116 1444 4169 in
1498 4113 1776 4167 Franciam
1823 4122 1878 4168 et
1927 4111 2237 4180 Hispaniam

643 4213 956 4277 lrruissent;
987 4206 1436 4278 quemadmodum
1480 4206 1625 4261 enim
1657 4205 1711 4258 in
1742 4206 1932 4267 sacris,
1975 4204 2045 4257 ita
2091 4213 2145 4258 et
2184 4204 2239 4256 in

644 4307 880 4378 profanis
919 4305 1212 4359 tolerantes
1254 4316 1315 4355 se
1354 4300 1721 4368 praebuerunt.
1759 4296 1916 4353 Gothi
1965 4296 2064 4364 ipsi
2114 4308 2241 4349 suos

643 4412 849 4464 mores,
881 4397 1031 4467 leges
1057 4404 1471 4458 sermonemque
1511 4403 1608 4457 per
1639 4387 1902 4442 ducentos
1931 4400 2099 4440 annos
2128 4400 2241 4439 ser.

646 4500 862 4555 varunt,
893 4490 1064 4544 donec
1093 4494 1351 4555 regnante
1382 4481 1689 4537 Ileecaredo
1719 4479 1869 4552 (601)
1894 4478 2116 4533 Romani
2147 4478 2241 4533 fie-

643 4595 789 4642 rem.
838 4581 1119 4649 ilic,enim
1170 4577 1378 4633 Gothos
1425 4585 1480 4631 et
1519 4577 1788 4630 ltomanos
1830 4574 1931 4629 sibi
1968 4572 2240 4644 subjectos

647 4691 815 4729 unum
863 4673 1113 4743 populum
1154 4683 1420 4735 unamque
1458 4674 1671 4737 gentem
1720 4665 1859 4722 effici
1904 4665 2236 4731 desiderans,

646 4772 700 4825 in
728 4770 830 4823 hoc
850 4744 1077 4821 consilio
1099 4758 1469 4830 exsequendo,
1496 4758 1750 4812 influente
1778 4757 1947 4822 clero,
1979 4764 2121 4810 totus
2150 4754 2238 4810 iu-

644 4861 850 4916 cubuit.
894 4858 1075 4927 Itaque
1112 4854 1237 4909 tulit
1263 4854 1433 4923 legem
1460 4852 1528 4906 ad
1561 4859 1816 4920 utrosque
1846 4849 2233 4920 pertinentem;

643 4968 767 5008 cum
818 4959 996 5006 autem
1045 4947 1409 5018 subiectorum
1438 4944 1804 4999 Romanorum
1853 4942 2015 5012 longe
2065 4942 2235 5011 major

644 5052 791 5103 esset
829 5054 1106 5103 numerus,
1154 5040 1236 5093 lex
1284 5038 1383 5092 ista
1429 5036 1590 5091 latine
1633 5034 1803 5105 redigi
1847 5033 2049 5099 debuit,
2080 5035 2151 5087 ita
2181 5042 2241 5088 ut

648 5138 847 5193 latinus
876 5132 1180 5203 reipublicze
1222 5144 1403 5186 sermo
1446 5127 1619 5182 factus
1647 5127 1749 5190 sit;
1779 5126 2087 5181 christiana:
2118 5124 2239 5180 Iidci

648 5232 878 5285 devotus
904 5237 1052 5289 erat;
1083 5224 1206 5277 hinc
1232 5223 1410 5278 divina
1437 5220 1612 5275 ofﬁcia
1642 5218 1803 5274 latine
1840 5216 2098 5272 celebrari
2124 5217 2240 5285 jus-
2274 5230 2285 5243 ί

648 5324 740 5386 sit,
768 5324 839 5375 ita
870 5329 929 5374 ut
957 5319 1115 5385 hujus
1146 5315 1397 5369 Ecclesia:
1424 5328 1601 5367 sermo
1626 5312 1877 5380 deinceps
1901 5310 2095 5363 latinus
2126 5308 2239 5363 fue-

647 5415 751 5477 rit;
785 5410 971 5463 aulicis
1013 5407 1123 5461 suis
1172 5420 1384 5460 nomina
1436 5403 1594 5456 latina
1642 5402 1807 5468 dedit,
1852 5402 1921 5455 ita
1965 5410 2021 5455 ut
2068 5401 2238 5455 aulica

654 5508 831 5571 lingua
861 5500 969 5569 jam
1002 5500 1164 5551 latina
1193 5497 1422 5551 evaserit
1444 5494 1588 5566 (coll.
1616 5494 1915 5556 Aschhach,
1937 5491 2119 5547 Gesch.
2150 5492 2242 5545 der

655 5591 1012 5663 Westgothen,
1047 5608 1100 5660 p.
1127 5591 1232 5645 230
1263 5589 1425 5657 ὅπως
1450 5588 1703 5643 confectis
1728 5588 1809 5641 his
1837 5586 2238 5653 mutaziunibus,

651 5656 933 5757 tio-teratne
956 5656 1164 5755 gothica
1192 5656 1509 5751 scriptorum
1544 5680 1718 5748 lingua
1740 5678 2058 5748 superesse?
2077 5678 2239 5747 Equi-

648 5778 776 5835 dem
817 5778 991 5848 lingua
1030 5776 1082 5833 in
1113 5774 1312 5829 ultimis
1356 5772 1685 5842 temporibus
1726 5771 2104 5827 dominationis
2144 5787 2235 5843 go-

1675 378 2125 439 CRMIMHICA
2167 380 2488 439 υοτιιιολιὶ
2525 380 2823 443 ιιηϐυαε.

3806 392 3920 450 892

2324 502 2481 559 thica)
2526 504 2777 574 paulatim
2819 504 2889 560 ab
2913 518 3010 562 ore
3053 508 3231 578 populi
3276 508 3524 567 decidere
3568 514 3679 569 visa
3710 529 3815 580 est,
3857 531 3921 572 et

2326 597 2562 665 exceptis
2605 597 2937 665 paucissimis
2975 602 3299 670 germanicis
3342 606 3649 671 vocabulis,
3695 624 3814 678 quze
3858 612 3916 665 iu

2326 685 2597 755 ltispauica
2638 688 2851 744 inducta
2899 703 3027 746 sunt
3067 693 3219 761 (coll.
3251 696 3399 764 goth.
3444 699 3665 768 glossar.
3707 704 3911 771 me),

2327 781 2577 835 nonnulla
2606 790 2810 836 ctutum
2840 796 2871 837 e
2899 785 3166 840 rusticana
3208 787 3475 857 Hispania'.
3512 793 3762 861 dialt‘ClO,
3789 811 3919 866 quae

2325 871 2507 928 forsan
2534 888 2643 927 non
2669 874 2791 929 sine
2813 876 3022 932 ratione
3048 880 3339 947 germania:
3359 883 3413 950 (a
3445 895 3555 936 vet.
3585 901 3755 953 germ.
3785 906 3921 959 gae,

2327 979 2444 1028 rus,
2473 980 2653 1033 gener,
2679 966 2933 1035 ruricola)
2969 980 3319 1039 nuncupatur,
3351 987 3414 1026 ex
3442 978 3762 1042 germanieis
3786 981 3923 1033 illu-

2328 1065 2583 1121 strantur,
2601 1067 2659 1111 ut
2684 1074 2698 1110 :
2724 1058 2890 1123 ledro,
2920 1059 3156 1123 sinister.
3185 1062 3336 1131 goth.
3364 1064 3671 1129 hleidumeii,
3697 1084 3725 1120 a
3748 1071 3928 1140 stirpe

2330 1146 2491 1212 Meid,
2537 1150 2653 1213 led;
2694 1151 2908 1214 mundo,
2948 1150 3132 1218 fames,
3172 1156 3320 1223 goth.
3365 1156 3578 1227 inutilis,
3625 1175 3716 1225 os;
3754 1166 3926 1219 etiam

2332 1237 2559 1294 fortasse
2589 1242 2741 1311 godo,
2790 1241 3002 1301 dexter.
3031 1244 3180 1314 goth.
3224 1247 3345 1315 god,
3390 1249 3560 1305 bonus
3589 1250 3668 1321 (ut
3700 1255 3929 1312 aliunde

2330 1334 2613 1401 expressio
2638 1332 2914 1387 dexterum
2946 1334 3085 1389 latus
3119 1337 3427 1406 signiﬁcans
3456 1342 3616 1395 etiam
3649 1360 3746 1414 pro
3777 1346 3943 1402 bono-

2332 1425 2529 1495 Ialct);
2576 1428 2747 1493 navie,
2793 1442 3012 1495 corpus,
3057 1430 3310 1497 cadaver,
3355 1435 3503 1503 goth.
3551 1453 3701 1501 aratis,
3736 1440 3927 1507 navis;

2331 1519 2530 1586 auctas,
2572 1533 2784 1587 manus,
2825 1519 2973 1590 goth.
3017 1540 3168 1594 agga,
3219 1526 3493 1594 articulus,
3534 1544 3751 1597 corpus,
3792 1535 3924 1590 coll:

2331 1611 2477 1680 angi.
2509 1613 2677 1677 anclc,
2709 1611 2869 1667 infer.
2890 1629 3058 1683 germ.
3091 1616 3255 1672 cnkcl.
3289 1617 3471 1691 Neque
3501 1622 3554 1675 in
3591 1624 3674 1678 his
3703 1626 3935 1681 investi-

2333 1702 2637 1776 gationibus
2663 1703 2874 1774 longius
2907 1709 3152 1777 progredi
3186 1711 3329 1777 licet,
3352 1726 3474 1767 cum
3504 1716 3609 1768 alia
3640 1718 3930 1783 nonnulla,

2334 1794 2516 1862 Specie
2543 1794 2866 1865 germanica,
2898 1812 3133 1852 romanae
3174 1808 3349 1856 tamen
3381 1815 3505 1858 sunt
3541 1807 3784 1876 originis,
3817 1819 3879 1864 ιιι
3914 1829 3929 1863 τ

2335 1902 2472 1955 asas,
2498 1900 2677 1954 aures,
2704 1889 2952 1958 equidem
2981 1892 3134 1959 goth.
3157 1909 3301 1957 ausa,
3325 1897 3419 1950 sed
3446 1897 3656 1967 hispan.
3684 1917 3804 1967 asa,
3828 1917 3929 1957 au-

2334 1978 2441 2045 ris;
2482 1989 2661 2047 ntetcr,
2702 1980 3010 2046 comedere,
3060 1984 3307 2053 equidem
3351 1987 3501 2055 goth.
3553 1994 3775 2062 matjnu,
3829 1993 3946 2049 sed'

2335 2068 2548 2140 bispan.
2587 2081 2765 2137 metcr,
2809 2074 3183 2142 introducere;
3217 2078 3389 2146 bufar,
3415 2081 3672 2150 clamare,
3705 2101 3936 2155 vocare,

2334 2163 2582 2234 equidem
2618 2166 2771 2237 goth.
2814 2173 3029 2242 eopjan,
3064 2172 3157 2225 sed
3204 2172 3409 2241 hispan.
3462 2177 3633 2245 ὀπίαν,
3682 2181 3930 2249 mugire;

2336 2260 2509 2330 ipsum
2538 2262 2691 2316 nario
2736 2262 2948 2332 bispan.
2991 2267 3143 2320 nario
3179 2268 3379 2336 (navis)
3402 2285 3525 2326 esse
3560 2284 3762 2341 posset,
3796 2277 3931 2330 coll.

2342 2351 2684 2410 Vocabulario
2711 2355 2777 2409 de
2802 2352 3081 2410 Germania
3106 2373 3176 2411 an
3194 2362 3291 2413 den
3322 2360 3604 2419 Romane-rs
3624 2366 3689 2417 de
3711 2365 3933 2422 Germ-

2334 2442 2445 2511 su'a,
2492 2443 2697 2500 editum
2726 2458 2756 2498 a
2783 2444 2939 2501 Joan.
2980 2444 3235 2517 Hldalgo,
3266 2448 3471 2504 Madrid
3509 2454 3667 2507 I779.
3707 2456 3785 2508 Ex
3830 2472 3930 2527 go—

2339 2533 2499 2589 tliicis
2538 2534 2773 2603 scriptis,
2817 2549 2940 2607 quae
2978 2536 3049 2591 ad
3093 2551 3195 2593 nos
3242 2553 3627 2609 pervenerunt,
3660 2545 3830 2601 ullum
3877 2548 3942 2603 iu

2335 2625 2591 2695 Hispania
2617 2626 2920 2683 confectum
2970 2627 3138 2685 fuisse
3179 2644 3302 2684 cum
3343 2634 3571 2702 quadam
3600 2638 3932 2694 certitudine

2333 2725 2573 2773 statuere
2597 2733 2705 2773 non
2731 2733 3049 2789 possumus;
3071 2721 3160 2789 qui
3186 2724 3331 2778 enim
3355 2725 3598 2780 codicem
3620 2729 3941 2786 carminum

2335 2818 2391 2866 et
2410 2809 2708 2880 fragmenta
2731 2810 2939 2867 Veteris
2958 2811 3291 2870 Testamenti
3323 2817 3411 2871 hic
3432 2822 3727 2889 composita
3757 2821 3937 2878 fuisse

2337 2913 2624 2971 assereret,
2667 2918 2733 2959 eo
2767 2904 3113 2962 fundamento
3149 2910 3326 2975 nixus,
3356 2911 3495 2979 quro‘
3538 2914 3683 2980 prior
3710 2917 3932 2985 origini-

2344 2994 2437 3047 bus
2468 2992 2654 3049 lsidori
2681 2994 2999 3064 ltispalensis
3017 3000 3414 3069 superscriptus
3433 3003 3524 3068 sit,
3545 3011 3602 3056 et
3626 3008 3931 3070 posmriora

2342 3084 2510 3140 textui
2540 3087 2921 3158 complutensis
2954 3088 3137 3144 Biblia:
3163 3094 3503 3157 conveniant,
3537 3094 3931 3149 intolerabilem

2341 3185 2585 3231 tueretur
2628 3179 2975 3233 sententiam.
3030 3178 3213 3249 Neque
3260 3194 3437 3237 tamen
3493 3186 3792 3241 audiendus
3844 3200 3934 3243 est

2339 3270 2573 3327 Lembke
2613 3272 2823 3340 (Gesch.
2868 3272 3129 3341 Spartiatis
3183 3274 3233 3340 l,
3284 3275 3417 3347 945)
3456 3276 3642 3331 dicens
3674 3297 3686 3330 :
3723 3281 3933 3335 nullum

2338 3377 2621 3432 superesse
2637 3366 2937 3435 vestigium.
2957 3380 3022 3420 ex
3039 3381 3147 3435 quo
3167 3367 3357 3424 deduci
3383 3371 3567 3439 possit,
3596 3374 3647 3426 in
3671 3372 3930 3444 "iapania

2338 3455 2551 3526 guthice
2576 3457 2835 3527 scriptum
2858 3458 3052 3528 fuisse;
3074 3476 3181 3531 qua
3200 3463 3270 3517 de
3290 3478 3348 3519 re
3368 3465 3494 3520 coll.
3527 3470 3931 3525 Massmannum

2340 3554 2394 3609 in
2423 3552 2633 3623 Hauptii
2661 3554 2957 3625 Zeitschrift
2986 3553 3029 3620 l,
3058 3555 3187 3611 378.
3214 3555 3483 3612 Caeterum
3512 3558 3556 3613 si
3587 3562 3778 3631 gothici
3810 3562 3937 3617 libri

2339 3656 2847 3713 commemorantur,
2874 3661 2981 3700 non
3004 3647 3249 3717 equidem
3271 3649 3409 3717 quod
3436 3653 3648 3720 gothico
3675 3669 3932 3711 sermone

2340 3735 2545 3792 fuerint
2570 3737 2876 3809 compositi,
2910 3740 3008 3794 sed
3046 3740 3189 3810 quod
3215 3740 3281 3796 ad
3310 3743 3527 3811 Oﬂldum
3557 3745 3843 3815 gothicum,
3877 3747 3936 3803 id

2339 3837 2444 3896 est,
2474 3830 2537 3882 ad
2570 3829 2837 3899 liturgiam
2867 3832 3198 3900 generalem,
3234 3848 3262 3886 a
3303 3835 3532 3890 concilio
3571 3837 3834 3895 Toletano
3878 3843 3936 3895 in

2341 3919 2566 3976 ecclesia
2594 3922 2807 3991 gothica
2827 3920 3097 3991 Iiispania:
3120 3933 3176 3979 et
3200 3926 3544 3993 Septimania:
3566 3928 3931 3989 introductum

2342 4019 2402 4065 ut
2421 4009 2540 4066 libri
2573 4010 2792 4066 rituales
2822 4011 3148 4083 pertinerent
3181 4014 3508 4085 (Aschbach,
3539 4016 3690 4089 550).

2418 4120 2438 4153 ι
2472 4100 2957 4172 Constantinopoli,
2979 4103 3153 4173 inqua
3193 4105 3410 4164 civitate
3444 4108 3510 4164 ad
3557 4109 3717 4165 linem
3742 4127 3935 4168 versus

2343 4195 2517 4264 quarti
2546 4196 2727 4249 saeculi
2757 4206 2812 4250 et
2840 4196 3047 4250 initium
3078 4197 3249 4266 quinti
3277 4198 3481 4267 schola,
3510 4211 3732 4259 curante
3756 4202 3935 4277 Chry-

2342 4296 2605 4353 sOstomu,
2635 4296 2819 4358 aperta
2855 4286 3049 4354 fuerat,
3080 4298 3139 4343 ut
3168 4288 3330 4345 Gothi
3369 4292 3582 4361 gothice
3608 4294 3935 4353 docerentur

2347 4376 2480 4446 (vid.
2511 4377 2831 4432 Massmann.
2863 4376 3036 4433 Skcir.
3067 4378 3183 4449 9i),
3213 4378 3283 4435 de
3309 4381 3523 4453 gotbico
3549 4399 3801 4441 sermone
3829 4402 3934 4445 sa:-

2347 4470 2463 4537 pius
2490 4470 2716 4539 quastio
2743 4482 2854 4537 est;
2884 4470 2969 4526 hic
2998 4472 3158 4527 etiam
3184 4476 3384 4529 sarculo
3413 4477 3622 4532 decimo
3659 4495 3931 4537 memora-

2348 4572 2437 4617 tur
2464 4562 2639 4617 adhue
2663 4565 2929 4633 quoddam
2960 4563 3239 4620 Gotthikon
3264 4568 3401 4636 apud
3432 4569 3768 4627 Constantio.
3802 4573 3934 4630 Por-

2349 4652 2644 4725 phyrogen.
2670 4658 2733 4709 de
2756 4655 3037 4712 Cteremon.
3062 4659 3195 4713 aula:
3221 4659 3423 4730 byzant.
3455 4659 3497 4726 I,
3519 4663 3606 4717 83.
3634 4664 3748 4719 lioc
3773 4680 3935 4733 porro

2349 4742 2641 4801 Gotthikon
2678 4762 2785 4802 non
2828 4748 3044 4819 proprie
3063 4761 3253 4805 cantus
3295 4759 3430 4815 erat,
3463 4754 3559 4807 sed
3583 4754 3793 4823 species
3822 4758 3932 4814 ludi

2344 4837 2430 4890 vel
2458 4837 2745 4906 Spectaculi
2773 4838 2851 4908 (et
2878 4854 3134 4907 expresse
3162 4840 3442 4896 dicebatur
3461 4848 3662 4909 παίζειν
3683 4849 3741 4902 τὸ
3761 4853 3934 4919 γοτθ..

2342 4927 2474 4998 κόν),
2501 4944 2639 4982 nono
2668 4928 2751 4982 die
2781 4929 3049 4982 duodecim
3078 4932 3323 4999 noctium,
3358 4933 3409 4987 in
3442 4933 3705 5003 imperiali
3733 4940 3932 5010 palatio

2344 5019 2486 5075 inter
2526 5020 2711 5090 epulas
2737 5037 2767 5075 a
2794 5019 3017 5077 Venetis
3051 5032 3107 5078 et
3135 5022 3374 5079 Prasinis
3402 5027 3782 5085 introductum.
3818 5032 3931 5091 Duo

2345 5121 2501 5167 erant
2530 5121 2703 5168 castra
2730 5130 2742 5165 :
2772 5129 2839 5167 ex
2867 5125 3087 5183 utraque
3119 5129 3267 5183 parte
3290 5116 3397 5172 duo
3423 5117 3605 5184 Gothi,
3636 5122 3749 5191 qui,
3776 5137 3930 5182 veste

2347 5210 2517 5277 pilosa
2545 5209 2712 5263 induti
2746 5208 3039 5278 faciemque
3066 5208 3208 5264 larva
3238 5213 3501 5281 cooperti,
3526 5214 3745 5270 sinistra
3769 5232 3926 5272 manu

2347 5301 2619 5371 clypeum,
2644 5305 2830 5354 dextra
2852 5312 3027 5355 autem
3059 5302 3262 5373 virgam
3293 5306 3568 5374 gerebant.
3594 5306 3816 5373 Cantus,
3840 5314 3927 5381 qui

2347 5397 2713 5465 spectaculum
2758 5396 3143 5462 comitabatur,
3200 5397 3419 5452 alternis
3467 5399 3676 5457 vicibus
3729 5402 3928 5461 refere-

2348 5488 2504 5542 batur
2550 5487 2741 5558 partim
2791 5503 2963 5557 grmce
3004 5502 3033 5539 a
3079 5490 3349 5554 ehoristis,
3398 5491 3590 5560 partim
3635 5493 3861 5550 barbare
3894 5511 3925 5550 a

2347 5581 2642 5637 Gothorum
2676 5594 2901 5648 persona
2932 5580 3150 5635 iudutis.
3183 5581 3299 5635 .lam
3330 5598 3457 5636 vero
3504 5584 3558 5636 hi
3601 5586 3926 5651 posteriores

2334 5674 2531 5729 ‘ludntn
2558 5678 2885 5742 aperientes,
2920 5674 3111 5730 mediis
3140 5675 3450 5744 strepitibus
3476 5676 3787 5747 clypeorum
3817 5680 3926 5734 vir-

2344 5786 2428 5841 gis
2459 5782 2836 5839 percussorum
2868 5772 3025 5839 pleno
3047 5783 3143 5825 ore
3175 5765 3478 5824 clamabant
3505 5784 3521 5824 ;
3551 5765 3648 5836 tul,
3677 5768 3755 5826 tul
3773 5771 3793 5823 .'
3813 5781 3922 5827 tutu
