4346 6420
608 304 718 362 899

693 443 711 470 ι
749 423 862 476 iam
896 434 1023 472 vero
1056 417 1096 471 si
1125 420 1242 481 quis
1272 415 1475 485 absque
1502 412 1729 484 partium
1753 411 1927 462 studio
1956 406 2199 476 gotiticas

611 514 818 569 ‘itteras
839 510 1278 575 consideraverit,
1298 520 1617 578 persuasum
1644 504 1859 557 habebit
1877 501 1939 554 ad
1964 512 2196 567 gi-arcum

616 600 955 665 alpheln‘tnm
991 596 1299 662 pertinere:
1338 593 1405 662 ᾖ,
1433 600 1491 660 ts,
1520 594 1585 663 Γ,
1620 594 1696 661 6,
1734 598 1815 662 7.,
1844 596 1885 662 I,
1919 597 1985 662 11.
2011 596 2080 662 λ,
2112 595 2192 663 Μ,

614 689 687 751 Ν,
720 690 794 750 ll,
825 686 888 757 Τ,
913 688 978 759 Υ,
1010 688 1074 751 Ω,
1100 686 1175 753 X;
1207 689 1273 743 ad
1295 690 1516 743 latinum
1546 708 1557 741 :
1598 687 1671 755 λ,
1708 688 1778 756 U,
1822 690 1881 757 it,
1921 692 1980 760 li,
2027 689 2085 753 3.
2140 691 2194 762 ξεν

608 784 683 839 ita
709 793 915 847 tamen,
943 783 999 835 ut
1021 797 1050 835 e
1077 781 1342 851 prioribus
1364 782 1543 850 plures
1564 780 1725 835 etiam
1754 777 1931 830 latina:
1958 782 2081 835 sint,
2108 781 2195 825 ut:

619 890 680 945 ,\,
709 880 771 943 tt,
813 874 854 926 (Ξ
880 919 893 939 ,
920 872 961 939 1,
998 872 1065 935 κ,
1100 871 1177 932 Ν.
1208 868 1288 936 '1';
1318 871 1385 925 ad
1433 868 1705 940 gothicum
1740 866 1952 921 tandem
1985 865 2201 933 proprie

612 976 877 1039 spectaui,
926 967 1006 1019 sin
1059 965 1251 1025 forma,
1281 965 1473 1017 saltent
1506 961 1893 1032 signiﬁcatione
1919 976 1932 1010 :
1954 956 2036 1029 ’ῴ
2066 964 2119 1011 et
2156 952 2205 1009 θ

613 1078 642 1114 c
663 1061 854 1130 gneeis
878 1070 917 1112 ‘r
936 1066 991 1112 et
1016 1068 1076 1121 9;
1100 1056 1150 1119 (ᾖ
1170 1064 1221 1108 et
1247 1056 1292 1110 11
1325 1069 1355 1109 e
1378 1054 1556 1109 latinis
1580 1051 1625 1108 G
1647 1060 1702 1108 ct
1726 1062 1786 1119 υς
1811 1052 1856 1106 si
1882 1051 1996 1105 lucc
2020 1048 2201 1102 ultima

616 1158 787 1209 littera
838 1153 1022 1206 lorum:
1072 1150 1247 1203 latinas
1295 1147 1495 1203 curaivi
1544 1164 1581 1202 n
1627 1146 1805 1200 minus
1845 1150 2199 1211 mugrueret,

613 1258 868 1301 extranea
897 1260 1017 1297 esse
1046 1252 1225 1311 posset
1254 1241 1338 1296 vel
1372 1238 1553 1293 forsan
1586 1236 1831 1306 indigena
1860 1235 1991 1305 (vid.
2021 1233 2049 1304 ς
2089 1233 2197 1304 η).

614 1341 822 1394 ltnnico
852 1349 1029 1391 autem
1059 1332 1189 1387 nihil
1235 1340 1482 1389 remanet
1509 1328 1949 1385 adscribendum.
1997 1325 2200 1381 Oll’ensi

614 1438 737 1485 sunt
784 1430 960 1497 plures
1002 1442 1067 1481 cx
1108 1441 1173 1479 eo
1212 1421 1353 1495 quod
1389 1422 1577 1478 Ulftlas
1607 1435 1673 1476 ex
1704 1418 1930 1473 arbitrio
1955 1416 2201 1487 quadam

613 1522 764 1591 signa
791 1520 1021 1588 elegisse
1047 1524 1412 1577 ilsStll‘ﬂ'eIuI‘;
1441 1512 1535 1569 sed
1559 1508 1752 1566 merito
1773 1508 1995 1579 cogitari
2027 1514 2204 1577 potest

612 1628 739 1670 eum
786 1608 1051 1679 imprimis
1093 1606 1360 1670 voluisse,
1410 1616 1467 1659 ut
1515 1616 1625 1657 sum
1674 1602 1867 1670 lingua:
1915 1598 2033 1653 soul
2079 1612 2202 1652 cum

614 1703 803 1761 alienis
859 1704 1025 1769 signis
1085 1713 1245 1769 quam
1312 1696 1543 1752 maxime
1603 1700 1993 1762 congruerent;
2045 1705 2206 1759 porro

616 1792 935 1865 quihusdam
958 1790 1361 1844 characteribus
1378 1786 1525 1841 sonis
1547 1800 1653 1840 non
1677 1783 2125 1853 respondentibus
2150 1791 2208 1837 et

616 1885 740 1941 aliis
784 1883 1124 1938 sermonibus
1167 1879 1453 1934 nonnullos
1495 1893 1659 1933 sonos
1697 1876 1915 1946 gothico
1958 1874 2205 1944 proprias

618 1994 727 2035 non
773 1974 1112 2041 habentibus,
1145 1971 1259 2027 h.cc
1303 1974 1454 2040 signa
1503 1969 1741 2037 legitime
1788 1984 1884 2038 pro
1926 1969 2075 2023 libitu
2106 1980 2207 2023 suo

618 2069 851 2129 mutuari
882 2067 1085 2137 potuit,
1121 2068 1171 2119 in
1207 2066 1307 2120 hoc
1338 2063 1511 2133 potius
1542 2061 1840 2117 laudandus
1870 2076 2030 2127 quam
2065 2063 2207 2115 vitu-

619 2160 908 2232 perandus.
934 2154 1104 2211 Etiam
1130 2156 1180 2209 in
1197 2153 1500 2225 quaerendis
1520 2152 1925 2208 cbaracteribus
1940 2152 2004 2209 ad
2026 2162 2206 2208 certos

619 2269 783 2310 sonos
826 2251 1244 2305 accommodatis
1282 2250 1458 2305 conati
1491 2256 1617 2302 sunt
1656 2248 1959 2303 Simoitiiles
1986 2260 2035 2301 et
2080 2247 2207 2317 Epi-

618 2348 869 2404 charmos
920 2360 1018 2413 pro
1058 2358 1236 2412 greco
1266 2342 1571 2411 alpltabeto,
1598 2340 1777 2396 Cmsar
1806 2339 2076 2407 Claudius,
2109 2356 2207 2409 pro

620 2442 787 2498 latino
825 2439 954 2509 (vid.
986 2438 1302 2501 Schneider,
1332 2433 1695 2489 Formenlehre
1715 2434 1807 2488 der
1850 2438 1940 2487 lat.
1976 2434 2209 2502 Sproche

622 2536 664 2600 Ι,
697 2532 929 2605 ιβτι‹ι.),
980 2532 1349 2601 Cltilpericus,
1398 2544 1493 2599 pro
1541 2528 1871 2584 Francorum
1918 2530 2205 2598 alptiaheto

619 2627 869 2697 (Gregor.
891 2624 1097 2681 Turon.
1131 2624 1268 2678 Hist.
1300 2621 1627 2678 Francorum
1656 2636 1709 2688 v,
1740 2624 1831 2692 45)
1853 2630 1909 2677 et
1936 2624 2205 2693 imprimis

621 2720 851 2793 Cyrillus
878 2718 1133 2772 slavicum
1161 2715 1499 2785 alphabetum
1538 2730 1570 2769 ο
1592 2730 1768 2785 grzeco
1798 2716 2090 2771 deducens.

698 2829 717 2861 s
767 2810 899 2864 Cum
948 2808 1161 2879 gethica
1208 2807 1468 2875 scriptura
1518 2806 1680 2860 etiam
1732 2818 1855 2876 post
1904 2805 2203 2864 Gothorum

621 2912 862 2971 tempora
907 2908 1377 2962 commemoratur,
1422 2913 1528 2951 non
1575 2897 1903 2954 credendum
1953 2910 2038 2956 est
2084 2918 2204 2957 eam

620 3005 775 3060 esse,
808 3005 929 3059 qua:
974 2991 1025 3043 in
1073 2987 1298 3059 gotbicis
1347 2986 1563 3055 scriptis
1611 3000 1916 3060 usurpatur.
1978 2993 2204 3051 Gothica

620 3083 766 3140 enim
798 3084 849 3136 in
882 3080 1129 3151 Hispania
1164 3081 1454 3135 vocabatur
1482 3080 1765 3148 scriptura,
1799 3097 1917 3149 qua:
1947 3084 2071 3138 alibi
2104 3088 2203 3140 sub

618 3176 837 3231 nomine
865 3172 1102 3227 teletam:
1126 3172 1421 3240 indignata,
1453 3187 1481 3224 e
1507 3173 1736 3240 gotlticis
1767 3182 1818 3227 et
1851 3176 2027 3229 latinis
2056 3177 2198 3233 litte-

619 3268 697 3323 ris
733 3265 1014 3321 commista
1046 3276 1147 3328 est,
1179 3272 1233 3317 et
1258 3279 1288 3317 a
1331 3263 1547 3317 Francis
1573 3275 1842 3333 assumpta
1876 3267 2200 3338 (Aschbach,

619 3356 805 3413 Gesch.
851 3359 943 3409 der
992 3354 1345 3423 Westgotlten,
1396 3355 1499 3410 353
1548 3355 1929 3426 sq.),concil.o
1960 3359 2201 3416 leonensi

620 3449 808 3521 (1091)
838 3450 1090 3517 abrogata
1122 3456 1223 3502 est.
1256 3447 1473 3501 Necnon
1499 3460 1551 3502 et
1583 3449 1634 3502 itt
1669 3450 1811 3503 Italia
1843 3454 2022 3506 runica
2048 3454 2197 3523 signa

620 3540 909 3611 improprie
951 3540 1160 3609 gothica
1213 3550 1512 3607 nuncupata
1564 3549 1708 3607 sunt,
1743 3543 1850 3597 vid.
1898 3544 2195 3600 llassman-

619 3647 774 3699 Itum,
807 3632 974 3686 Skrir.
1007 3646 1126 3701 pag.
1154 3646 1220 3685 xv
1255 3641 1309 3685 et
1344 3631 1558 3701 Hauptii
1605 3633 1895 3702 Zcilscltrilt
1933 3638 2019 3705 {tit
2050 3641 2199 3694 deut-

617 3728 765 3778 schcs
788 3721 1074 3776 Alteri/tum
1099 3724 1137 3787 Ι,
1160 3720 1287 3776 “577.
1312 3722 1465 3788 Quod
1492 3732 1669 3778 autem
1696 3727 1907 3795 gorbica
1939 3732 2197 3799 scriptura

616 3818 673 3871 itt
730 3814 876 3869 Italia
928 3820 1200 3869 asserVata
1260 3815 1454 3882 fuerit,
1495 3828 1551 3871 et
1602 3819 1878 3872 breaciana
1926 3822 2201 3890 inscriptio

619 3909 804 3977 prima:
837 3905 1031 3959 tabulae
1078 3906 1131 3959 in
1175 3905 1468 3974 Specimine
1518 3906 1690 3976 (Il/ila:
1721 3913 1945 3977 partium
1983 3916 2201 3968 inedita-

617 4018 731 4057 rum
755 4000 853 4055 hac
873 3998 1060 4054 eadem
1086 4001 1242 4053 luerit
1264 4000 1586 4066 conscripta,
1611 4002 1711 4054 hoc
1733 4007 1890 4056 unico
1911 4006 2142 4074 superin
2169 4026 2202 4064 e

616 4105 981 4156 monumento,
1008 4094 1265 4147 stabiliter
1294 4093 1549 4148 alliritiari
1576 4096 1781 4165 nequit,
1813 4097 1939 4152 coll.
1971 4098 2197 4157 Grimm.

615 4188 797 4246 Jahrb.
824 4186 915 4239 dcr
945 4184 1046 4240 Lit.
1080 4184 1258 4251 XLIII,
1287 4186 1377 4241 21.
1416 4203 1439 4237 ι
1767 4180 1773 4185 ’

688 4281 716 4352 §
754 4281 833 4337 19..
867 4280 1155 4335 Annotatio
1179 4279 1233 4332 2.
1260 4310 1323 4319 --
1345 4280 1498 4347 Quod
1526 4280 1590 4333 ad
1621 4286 1860 4348 formam,
1888 4287 2113 4341 habitum
2144 4301 2200 4346 ct

614 4376 885 4445 polrnlinm
929 4372 1229 4427 literarum
1273 4376 1483 4437 attinet,
1517 4389 1796 4431 erroneam
1846 4378 1971 4446 Maji
2011 4386 2197 4450 conje-

614 4478 815 4519 cturam
862 4463 1039 4533 (Sper.
1075 4466 1359 4532 xvt).prius
1390 4474 1577 4519 notare
1617 4469 1895 4531 debemus,
1924 4475 2064 4540 quod
2097 4476 2198 4530 sci-

613 4562 736 4612 licet
766 4558 950 4612 Ullilas
997 4561 1242 4624 majorem
1287 4566 1342 4611 ct
1376 4559 1621 4611 minorem
1660 4560 2000 4629 alphabetum
2047 4567 2200 4622 adtu-

614 4654 840 4708 vcoerit.
866 4650 1124 4718 Equidem
1148 4651 1199 4705 in
1222 4651 1495 4705 codicibus
1514 4652 1702 4708 littera:
1725 4656 1912 4723 majori
1934 4660 2197 4719 tninorive

612 4756 737 4801 sum
782 4756 1004 4809 statura,
1034 4754 1191 4813 prout
1233 4760 1389 4815 quam
1421 4746 1603 4801 sedem
1648 4762 1945 4819 occupant;
1972 4756 2051 4809 sic
2082 4773 2192 4811 ma—

614 4838 815 4905 joribtts
882 4836 1070 4888 litteris
1124 4838 1428 4903 conscripta
1482 4847 1607 4893 sunt
1663 4840 1808 4894 initia
1864 4844 2098 4912 capitum
2143 4858 2197 4901 et

614 4946 899 4993 versuum;
931 4929 1222 4983 minoribus
1270 4945 1419 4993 Vero,
1452 4932 1539 4985 ubi
1590 4941 1765 4987 textus
1804 4947 1951 4988 extra
2001 4940 2200 4995 lineam.

614 5022 1019 5075 determinatam
1055 5023 1105 5074 in
1139 5022 1374 5091 margine
1405 5025 1738 5092 conscriptus
1766 5037 1865 5079 est.
1901 5030 2007 5082 bed
2037 5041 2196 5085 utrte-

614 5130 718 5185 que
766 5115 953 5169 littera:
1000 5113 1241 5183 ejusdem
1292 5122 1417 5168 sunt
1445 5117 1574 5186 typi.
1623 5117 1822 5171 l'otiori
1851 5119 2001 5186 jure,
2031 5130 2085 5175 et
2130 5138 2195 5177 ea

616 5210 795 5263 forsan
843 5214 960 5261 erat
1007 5206 1126 5274 Blaji
1176 5210 1479 5273 sententia,
1528 5209 1771 5264 distinxit
1825 5211 2194 5269 Massmaonus

618 5301 738 5372 (Die
802 5300 1095 5371 gothischen
1155 5299 1429 5355 Urktmden
1486 5318 1578 5355 von
1640 5302 1839 5373 Nenpel
1894 5314 1941 5357 et
2001 5309 2207 5362 Ανριιο.

618 5410 669 5459 p.
696 5393 728 5447 ϐ
756 5389 896 5463 seq.)
925 5390 1239 5458 scripturam
1284 5402 1485 5446 rectam
1517 5402 1675 5461 atque
1705 5394 1930 5448 solidam
1978 5400 2041 5448 ad
2081 5413 2195 5451 ma-

616 5486 920 5553 nuscriptos
969 5484 1203 5552 codices,
1236 5482 1400 5537 libros
1447 5494 1501 5538 et
1546 5486 1923 5556 inscriptiones
1967 5503 2199 5558 usurpa-

618 5580 994 5642 tam,altcram
1044 5592 1171 5633 vero
1222 5577 1527 5633 inclinatam
1558 5587 1613 5633 et
1641 5580 1903 5635 cursivam
1947 5581 2014 5636 ad
2068 5598 2196 5639 usus

619 5674 738 5725 vitae
767 5670 1122 5739 quotidisttos.
1149 5670 1202 5723 In
1229 5684 1295 5722 co
1323 5671 1492 5738 prior,
1517 5672 1592 5725 ait
1620 5673 1699 5726 vir
1722 5672 1933 5742 doctus,
1960 5689 1989 5727 a
2024 5685 2190 5745 poste

622 5770 745 5820 riori
776 5767 1058 5835 discrepat,
1090 5764 1230 5833 quod
1275 5767 1543 5819 nonnulla:
1593 5766 1805 5836 littcrzc,
1840 5767 1997 5822 etiam
2032 5771 2189 5823 abso-

1695 295 1979 352 GllAM\I.\
1999 293 2135 346 I'iC.\
2179 285 2501 343 COTIIICAJ
2543 284 2845 341 Lthille.

3790 285 3896 339 900

2314 399 2469 463 lotae,
2528 397 2759 467 majores
2807 396 2997 451 calami
3051 395 3238 451 ductus
3289 398 3598 461 admittant,
3653 397 3779 453 dum
3841 402 3896 453 in

2306 498 2565 558 scriptura
2617 491 2825 543 cursiva
2878 490 3070 542 minori
3118 492 3513 546 deiineameuto
3572 500 3893 545 exaratttur.

2308 583 2456 648 Quod
2489 591 2682 651 praeter
2717 579 2762 645 it
2788 590 2838 634 et
2870 590 2936 643 at,
2962 581 3029 634 de
3056 580 3111 649 ῲ
3143 584 3425 639 dicendum
3466 594 3569 639 est.
3616 584 3724 638 llac
3753 585 3890 637 scri-

2307 686 2458 745 ptura
2484 674 2701 730 curslva
2731 677 2890 728 etiam
2916 673 3236 741 conscriptae
3267 690 3389 730 sunt
3418 677 3611 746 glossa
3638 687 3693 731 et
3720 690 3897 729 anno-

2306 769 2533 822 tationes
2564 767 2617 820 in
2646 768 3026 835 manuscriptis
3054 767 3349 827 codicibus.
3389 769 3500 822 vid.
3560 769 3793 821 tabulam
3825 769 3896 822 ad

2306 857 2629 915 Massmanni
2673 856 2987 924 Skcireins,
3043 862 3280 928 esccpt'ts
3328 862 3406 914 eis
3456 859 3506 913 in
3555 861 3743 914 codice
3803 876 3894 912 ar-

2304 961 2496 1023 genteo
2523 948 2906 1015 existentibus,
2932 965 3053 1020 quae
3103 949 3266 1005 rectis
3314 951 3629 1019 solidisque,
3661 951 3756 1005 scd
3790 954 3897 1003 tnt-

2306 1046 2544 1111 noribtts,
2576 1044 2698 1098 licet
2730 1042 2969 1113 pulchris
3016 1056 3182 1110 sepe,
3209 1052 3266 1097 et
3308 1057 3338 1095 ι
3393 1044 3673 1110 scriptura:
3717 1052 3899 1096 textus

2303 1137 2573 1193 distinctis
2598 1134 2798 1190 litteris
2846 1134 3061 1204 scripta:
3090 1146 3246 1197 sunt;
3282 1137 3549 1188 nonnulla:
3582 1143 3811 1197 tantum,
3841 1145 3901 1186 nt

2302 1246 2422 1301 qua
2467 1230 2533 1286 ad
2584 1229 2713 1285 an.
2743 1245 2814 1294 vr,
2841 1228 2907 1282 27
2949 1237 3001 1281 et
3039 1243 3147 1293 xvi,
3181 1229 3249 1282 15
3300 1230 3591 1298 pertinent,
3623 1229 3898 1282 cursiVan

2304 1325 2617 1395 scripturam
2649 1324 2913 1393 praebent,
2941 1322 3082 1376 unde
3110 1330 3356 1389 constat,
3388 1338 3480 1377 eas
3526 1324 3639 1377 sive
3680 1324 3898 1376 diverso

2305 1428 2564 1488 tempore,
2591 1417 2707 1473 sive
2734 1431 2894 1471 manu
2934 1415 3147 1471 dlvcha
3192 1414 3359 1472 fuisse
3387 1416 3744 1487 conscriptas.

2380 1532 2399 1565 ς
2437 1512 2588 1580 Quod
2620 1512 2686 1565 ad
2718 1512 2989 1565 diversum
3024 1509 3265 1565 habitum
3296 1525 3456 1581 quem
3504 1511 3774 1565 nonnulla:
3807 1512 3899 1566 lit-

2307 1618 2434 1663 tcra:
2470 1606 2522 1659 in
2552 1604 2828 1661 codicibus
2852 1601 3082 1658 diversis
3111 1618 3223 1671 przc
3241 1617 3301 1658 se
3324 1602 3508 1659 ferunt
3534 1643 3550 1668 ,
3584 1602 3716 1658 nihil
3762 1605 3897 1659 certi

2306 1702 2433 1756 olim
2480 1698 2677 1769 conjici
2725 1698 2919 1767 potuit,
2947 1698 3069 1768 quia
3104 1696 3479 1753 deﬁcientibus
3520 1696 3899 1763 facsimilihus.

2305 1810 2468 1850 mera:
2514 1791 2929 1855 dclineationes,
2962 1791 3160 1860 sacpius
3188 1789 3464 1857 inﬁdeles,
3495 1800 3690 1859 priesto
3714 1801 3900 1849 erant.

2304 1887 2456 1940 Nunc
2502 1898 2629 1939 vero
2657 1882 2799 1937 facta
2841 1890 2969 1936 sunt
2996 1880 3277 1936 facsimilia
3320 1883 3557 1937 omnium
3586 1883 3835 1938 codicum
3869 1898 3886 1937 :

2304 1978 2724 2037 ntediolanorum
2763 1990 2792 2027 a
2832 1975 2972 2041 Majo
3000 1984 3055 2028 et
3078 1972 3479 2043 Castillionco,
3511 1976 3890 2031 Viennensium

2304 2088 2334 2127 a
2357 2070 2449 2129 γυ.
2482 2070 2768 2136 Grimmio,
2795 2066 3120 2123 Skeircinsis
3147 2076 3203 2122 et
3229 2067 3558 2138 neapolitani
3587 2068 3899 2126 documenti

2303 2182 2335 2223 ει
2364 2165 2725 2229 κηωωειιηο,
2757 2160 3000 2215 codicum
3053 2160 3290 2230 argentei
3319 2168 3375 2213 et
3402 2158 3629 2215 earolini
3654 2175 3685 2214 a
3714 2162 3900 2227 nobis.

2304 2260 2393 2329 qui
2426 2254 2551 2310 inde
2580 2253 2812 2308 tabulam
2844 2251 3165 2320 exscriptatn
3194 2249 3542 2306 instituimus.

2381 2367 2400 2397 ι
2453 2345 2601 2401 Nunc
2642 2359 2771 2398 vcro
2800 2343 2867 2398 de
2899 2342 3169 2398 nonnullis
3218 2343 3412 2399 litteris
3453 2345 3563 2400 sint
3608 2355 3901 2417 sequentes

2305 2439 2793 2497 animadversiones
2822 2453 2837 2493 :

2382 2554 2401 2587 ι
2434 2532 2486 2589 λ
2513 2532 2633 2587 Vid.
2662 2531 2795 2587 infra
2824 2528 2851 2601 ᾗ
2880 2531 2967 2585 15.

2384 2648 2403 2679 ς
2444 2626 2492 2682 ll
2521 2635 2605 2682 est
2649 2639 2853 2692 nequc,
2894 2632 2952 2678 ot
3000 2623 3164 2679 voluit
3190 2622 3281 2680 W.
3318 2624 3640 2692 Grimmius,
3674 2626 3900 2686 Cmo-

2307 2738 2425 2777 rutn
2467 2720 2638 2790 ltoppa
2670 2716 2802 2780 (vid.
2829 2716 2895 2771 ad
2924 2715 2951 2787 §
2982 2717 3096 2787 l3),
3130 2732 3327 2788 neque,
3357 2730 3416 2773 ut
3462 2720 3739 2775 contendit
3787 2722 3900 2794 Lys

2306 2809 2553 2878 XXXIX,
2584 2808 2860 2863 Bonorum
2906 2807 3018 2861 korn
3048 2806 3183 2887 (γ),
3211 2824 3332 2879 qua:
3359 2811 3572 2865 nonnisi
3610 2812 3664 2866 in
3716 2825 3903 2882 poste-

2305 2905 2538 2959 tioribus
2569 2900 2730 2956 latine
2759 2900 2971 2954 donatis
3013 2917 3132 2955 rum
3162 2915 3227 2955 eo
3264 2914 3587 2972 congruunt,
3626 2908 3720 2958 sed
3753 2905 3901 2962 Lati.

2304 3011 2495 3052 norum
2542 3009 2599 3063 q.
2651 2992 2759 3047 Nec
2803 2991 2964 3045 lat‘ne
3011 2994 3291 3046 transcribi
3341 3002 3517 3061 potest
3557 3013 3657 3066 qv,
3712 2997 3896 3053 habita

2302 3089 2483 3142 forsan
2549 3084 2758 3140 ratione
2823 3082 3088 3152 analogia:
3154 3094 3469 3139 exterarum
3542 3087 3898 3143 dialectornm

2303 3180 2555 3254 (Grimm.
2587 3176 2764 3231 Gram.
2796 3173 2835 3239 l,
2865 3174 2944 3245 3),
2972 3188 3091 3228 cum
3122 3189 3381 3246 nusquam
3428 3177 3571 3232 adsit
3595 3178 3649 3232 in
3676 3179 3900 3247 gothico

2301 3287 2550 3329 sermone
2571 3267 2764 3339 duplex
2789 3281 2954 3322 sonus
2975 3266 3119 3337 (luo),
3146 3281 3302 3336 quem
3328 3268 3516 3323 Ultllas
3538 3269 3599 3323 Its
3626 3274 3679 3325 in
3708 3269 3893 3325 Akoila

2302 3366 2440 3419 adeo
2471 3362 2810 3434 transvertit.

2378 3475 2397 3507 ι
2434 3455 2493 3526 di
2538 3454 2691 3507 Nullo
2721 3449 3067 3503 fundamento
3102 3446 3257 3503 nixus
3288 3449 3519 3519 coniecit
3545 3450 3656 3521 Lye
3682 3449 3899 3521 (Grant.

2300 3550 2441 3619 gotlt.
2474 3545 2686 3613 XXIX),
2715 3544 2852 3612 quod
2893 3539 2954 3611 ᾧ
2985 3556 3049 3595 ex
3075 3541 3377 3611 conjunctis
3401 3542 3445 3597 Τ
3465 3554 3519 3597 ct
3548 3545 3586 3597 ll
3614 3546 3898 3612 evasisset.

2300 3639 2373 3693 ita
2405 3649 2464 3692 ut
2501 3636 2713 3706 proprie
2759 3633 2916 3689 fuerit
2948 3626 3039 3706 FF,
3072 3635 3213 3689 unde
3240 3626 3296 3709 ᾧ
3324 3646 3377 3690 et
3417 3636 3649 3707 denique
3690 3637 3778 3710 ῴ;
3810 3640 3899 3696 vel

2300 3746 2364 3785 ex
2396 3732 2600 3784 duobus
2630 3743 2696 3781 ex
2727 3727 2960 3782 adverso
2988 3726 3171 3795 positis
3200 3734 3249 3780 Δ
3281 3721 3469 3801 (Ξ).
3503 3728 3684 3799 Neque
3715 3731 3899 3787 verius

2300 3834 2416 3887 est,
2462 3823 2597 3876 hanc
2650 3821 2879 3874 litteram
2924 3836 2991 3874 ex
3040 3834 3107 3873 co
3160 3820 3420 3890 originem
3466 3820 3717 3887 duxisse,
3747 3828 3896 3892 quod

2301 3918 2670 3973 semicirculus
2714 3913 2851 3968 linea
2897 3911 3245 3967 transversali
3286 3912 3535 3983 ﬁgeretur
3565 3913 3887 3982 (W.Grim-

2301 4011 2461 4074 mins,
2501 4006 2677 4061 ltum-tt
2708 4003 2834 4075 M);
2868 4018 2991 4058 nam
3021 4002 3129 4057 duo
3155 4018 3361 4057 cornua
3384 4002 3615 4059 diversis
3641 4006 3894 4076 apicibus

2301 4101 2654 4155 ellortnantur
2690 4096 2822 4168 (vid.
2852 4094 3035 4165 Tab.).
3083 4093 3248 4149 Datur
3284 4103 3339 4150 et
3375 4094 3480 4151 alia
3511 4095 3669 4167 hujus
3695 4097 3894 4154 littera

2304 4192 2491 4259 forma,
2524 4207 2647 4260 qua,
2677 4187 2930 4244 cornibus
2954 4186 3022 4242 ad
3066 4186 3401 4255 superiorem
3435 4199 3639 4257 partem
3668 4192 3892 4246 conclu-

2302 4287 2395 4347 sis,
2430 4298 2604 4352 graeco
2644 4294 2679 4337 ηδ
2720 4280 3044 4336 assimilatur
3093 4277 3205 4351 (W.
3238 4278 3464 4336 Grimm.
3500 4280 3672 4337 Wiert.
3702 4280 3892 4343 Jahrb.

2303 4379 2481 4443 XLIII,
2511 4379 2589 4447 5).
2617 4378 2727 4433 Nec
2768 4376 2956 4430 runico
2981 4376 3135 4444 signo
3163 4372 3211 4449 β
3238 4374 3409 4430 forma
3451 4377 3699 4447 congruit
3718 4380 3894 4448 8011ιί-

2302 4489 2421 4526 cum
2456 4469 2566 4539 (Ν.
2611 4470 2835 4525 tirimm.
2891 4469 3072 4523 Runen
3101 4469 3207 4537 ὣς
3232 4471 3282 4525 J.
3328 4468 3499 4524 Grim.
3530 4468 3713 4527 Gram.
3741 4471 3785 4539 Ι,
3811 4473 3891 4539 3),

2300 4566 2423 4618 licet
2450 4568 2501 4617 in
2533 4561 2908 4630 manuscriptis
2935 4560 3210 4618 codicibus
3248 4562 3515 4632 scriptura
3558 4563 3722 4618 latina
3748 4580 3885 4620 cou-

2297 4661 2509 4729 scriptis
2555 4658 2678 4713 illud
2723 4672 2817 4726 pro
2863 4653 2921 4725 ῲ
2965 4668 3270 4727 usurpatur.
3301 4656 3360 4729 ῴ
3402 4658 3573 4714 forma
3617 4658 3759 4713 idem
3809 4671 3893 4716 est

2298 4766 2455 4820 atque
2484 4765 2715 4821 grazcum
2756 4759 2798 4803 Ψ
2835 4748 2978 4819 (ps);
3019 4748 3115 4805 sed
3169 4750 3356 4807 Uliilas
3396 4766 3496 4820 pro
3540 4768 3599 4819 ps
3646 4750 3738 4805 illo
3786 4767 3891 4806 non

2302 4846 2487 4910 Itlitut‘,
2513 4844 2778 4911 duplicem
2811 4850 3197 4897 consonantem
3220 4843 3418 4911 duplici
3446 4844 3598 4913 signo
3626 4843 3888 4906 reddens;

2299 4954 2419 4989 cum
2455 4944 2631 4987 autent
2685 4945 2785 4985 nec
2830 4930 2883 4985 in
2932 4944 3108 4999 gra‘co
3152 4948 3249 4986 nec
3290 4932 3343 4986 in
3394 4932 3559 4987 latino
3601 4932 3887 5002 alphabeto

2298 5028 2661 5084 characterem
2692 5023 2903 5093 gothico
2926 5024 2992 5075 dh
3017 5026 3424 5095 reSpondentem
3448 5025 3735 5092 inveniret,
3762 5027 3886 5081 illud

2299 5121 2420 5175 huic
2447 5134 2579 5175 sono
2610 5116 3051 5173 accommodavit.
3083 5116 3139 5170 lu
3166 5118 3501 5188 visigothicis
3531 5121 3761 5175 monetis
3788 5133 3889 5186 pro

2298 5230 2472 5282 grzecu
2502 5224 2541 5269 Θ
2568 5213 2837 5283 gothicum
2864 5209 2922 5278 ῲ
2953 5212 3188 5263 occurrit
3216 5210 3266 5263 in
3292 5206 3793 5264 CINDASVINBVS
3832 5220 3887 5265 et

2290 5298 2795 5378 [tGCCGSVlNOVS
2832 5298 2962 5369 (vid.
2994 5299 3131 5365 apud
3158 5298 3439 5353 Aschbach
3466 5296 3619 5366 360),
3640 5297 3758 5364 quia
3796 5313 3885 5352 vc-

2301 5394 2592 5448 risimiliter
2616 5392 2697 5444 bis
2720 5390 3097 5459 posterioribus
3113 5389 3305 5445 Gothis
3326 5403 3491 5458 purus
3512 5400 3675 5440 sonus
3687 5388 3756 5442 dit
3770 5406 3887 5443 sen-

2299 5490 2398 5542 sim
2430 5486 2737 5556 deperditus
2758 5494 2892 5551 erat,
2917 5483 3127 5552 cujusiu
3158 5483 3332 5538 locum
3358 5483 3411 5536 th
3437 5496 3510 5548 et,
3540 5482 3719 5537 ablata
3740 5485 3882 5554 aspi-

2300 5584 2528 5644 ratione,
2563 5590 2579 5632 t
2611 5580 2781 5634 inti-us
2805 5594 2921 5633 sum
2949 5578 3067 5637 fuit.
3090 5578 3229 5632 sicut
3255 5578 3446 5633 horum
3473 5578 3750 5632 nominum
3774 5591 3881 5633 ter-

2304 5673 2624 5731 minationes
2637 5670 2798 5728 etiam
2815 5668 3428 5742 probant.‘l‘heodoricus
3436 5670 3877 5742 Ostrogothorum

2309 5782 2422 5832 rex,
2442 5766 2614 5821 edicta
2632 5781 2723 5821 sua
2744 5764 3079 5825 subscribere
3098 5763 3491 5843 debuitthQA
3514 5766 3621 5838 (vel
3640 5764 3872 5833 θεολ),
