  <div class='ocr_page' id='page_1' title='image "/cluster/home/n/w/nwhite01/storage/ocr_20150623/18/umn.319510024773129/462.png"; bbox 0 0 4346 6472; ppageno 0'>
   <div class='ocr_carea' id='block_1_1' title="bbox 529 307 635 361">
    <p class='ocr_par' dir='ltr' id='par_1_1' title="bbox 529 307 635 361">
     <span class='ocr_line' id='line_1_1' title="bbox 529 307 635 361; baseline -0.009 0"><span class='ocrx_word' id='word_1_1' title='bbox 529 307 635 361; x_wconf 73' lang='lat' dir='ltr'>9M</span> 
     </span>
    </p>
   </div>
   <div class='ocr_carea' id='block_1_2' title="bbox 537 421 2113 498">
    <p class='ocr_par' dir='ltr' id='par_1_2' title="bbox 537 421 2113 498">
     <span class='ocr_line' id='line_1_2' title="bbox 537 421 2113 498; baseline 0.008 -23"><span class='ocrx_word' id='word_1_2' title='bbox 537 437 661 476; x_wconf 88' lang='lat' dir='ltr'><strong><em>nam</em></strong></span> <span class='ocrx_word' id='word_1_3' title='bbox 706 424 1017 493; x_wconf 78' lang='lat' dir='ltr'><strong><em>Anonymus</em></strong></span> <span class='ocrx_word' id='word_1_4' title='bbox 1042 421 1354 479; x_wconf 73' lang='lat' dir='ltr'><strong><em>Valesianus</em></strong></span> <span class='ocrx_word' id='word_1_5' title='bbox 1392 425 1532 494; x_wconf 85' lang='lat' dir='ltr'><strong><em>apud</em></strong></span> <span class='ocrx_word' id='word_1_6' title='bbox 1567 425 1886 483; x_wconf 78' lang='lat' dir='ltr'><strong><em>Muratorcm</em></strong></span> <span class='ocrx_word' id='word_1_7' title='bbox 1912 430 2113 498; x_wconf 75' lang='lat' dir='ltr'><strong><em>(Antio.</em></strong></span> 
     </span>
    </p>
   </div>
   <div class='ocr_carea' id='block_1_3' title="bbox 1936 308 2465 371">
    <p class='ocr_par' dir='ltr' id='par_1_3' title="bbox 1936 308 2465 371">
     <span class='ocr_line' id='line_1_3' title="bbox 1936 308 2465 371; baseline 0 -4"><span class='ocrx_word' id='word_1_8' title='bbox 1936 312 2028 369; x_wconf 78' lang='lat' dir='ltr'><strong><em>DE</em></strong></span> <span class='ocrx_word' id='word_1_9' title='bbox 2062 308 2465 371; x_wconf 70' lang='lat' dir='ltr'><strong><em>SCRIPTUBA.</em></strong></span> 
     </span>
    </p>
   </div>
   <div class='ocr_carea' id='block_1_4' title="bbox 3704 327 3808 383">
    <p class='ocr_par' dir='ltr' id='par_1_4' title="bbox 3704 327 3808 383">
     <span class='ocr_line' id='line_1_4' title="bbox 3704 327 3808 383; baseline 0.01 -1"><span class='ocrx_word' id='word_1_10' title='bbox 3704 327 3808 383; x_wconf 79' lang='lat'><strong>902</strong></span> 
     </span>
    </p>
   </div>
   <div class='ocr_carea' id='block_1_5' title="bbox 2220 428 3806 506">
    <p class='ocr_par' dir='ltr' id='par_1_5' title="bbox 2220 428 3806 506">
     <span class='ocr_line' id='line_1_5' title="bbox 2220 428 3806 506; baseline 0.009 -25"><span class='ocrx_word' id='word_1_11' title='bbox 2220 428 2499 493; x_wconf 87' lang='lat' dir='ltr'><strong><em>lationem,</em></strong></span> <span class='ocrx_word' id='word_1_12' title='bbox 2544 443 2702 499; x_wconf 89' lang='lat' dir='ltr'><strong><em>quam</em></strong></span> <span class='ocrx_word' id='word_1_13' title='bbox 2739 430 2954 489; x_wconf 80' lang='lat' dir='ltr'><strong>aliunde</strong></span> <span class='ocrx_word' id='word_1_14' title='bbox 3004 434 3151 488; x_wconf 85' lang='lat' dir='ltr'><strong><em>novit</em></strong></span> <span class='ocrx_word' id='word_1_15' title='bbox 3200 434 3404 502; x_wconf 61' lang='lat' dir='ltr'><strong><em>Ult‘tlae,</em></strong></span> <span class='ocrx_word' id='word_1_16' title='bbox 3445 455 3471 490; x_wconf 85' lang='grc' dir='ltr'>υ</span> <span class='ocrx_word' id='word_1_17' title='bbox 3518 456 3806 506; x_wconf 74' lang='lat' dir='ltr'><strong><em>usurpans.</em></strong></span> 
     </span>
    </p>
   </div>
   <div class='ocr_carea' id='block_1_6' title="bbox 535 510 3803 595">
    <p class='ocr_par' dir='ltr' id='par_1_6' title="bbox 535 510 3803 595">
     <span class='ocr_line' id='line_1_6' title="bbox 535 510 3803 595; baseline 0.006 -30"><span class='ocrx_word' id='word_1_18' title='bbox 535 510 664 566; x_wconf 71' lang='lat' dir='ltr'><strong><em>hct.</em></strong></span> <span class='ocrx_word' id='word_1_19' title='bbox 692 513 755 574; x_wconf 87' lang='lat' dir='ltr'><strong><em>ll.</em></strong></span> <span class='ocrx_word' id='word_1_20' title='bbox 784 514 913 584; x_wconf 77' lang='grc'><strong><em>505)</em></strong></span> <span class='ocrx_word' id='word_1_21' title='bbox 940 531 1193 585; x_wconf 74' lang='lat' dir='ltr'><strong><em>expresse</em></strong></span> <span class='ocrx_word' id='word_1_22' title='bbox 1222 516 1382 571; x_wconf 87' lang='lat' dir='ltr'><strong><em>dicit:</em></strong></span> <span class='ocrx_word' id='word_1_23' title='bbox 1414 536 1432 569; x_wconf 75' lang='grc' dir='ltr'><strong><em>ι</em></strong></span> <span class='ocrx_word' id='word_1_24' title='bbox 1473 516 1817 572; x_wconf 77' lang='lat' dir='ltr'><strong><em>Theodericus</em></strong></span> <span class='ocrx_word' id='word_1_25' title='bbox 1844 519 2143 575; x_wconf 71' lang='lat' dir='ltr'><strong><em>illitteratus</em></strong></span> <span class='ocrx_word' id='word_1_26' title='bbox 2216 517 2414 588; x_wconf 88' lang='lat' dir='ltr'><strong><em>ubique</em></strong></span> <span class='ocrx_word' id='word_1_27' title='bbox 2437 520 2695 576; x_wconf 81' lang='lat' dir='ltr'><strong><em>vocabula</em></strong></span> <span class='ocrx_word' id='word_1_28' title='bbox 2719 537 2895 592; x_wconf 65' lang='lat' dir='ltr'><strong><em>gratea</em></strong></span> <span class='ocrx_word' id='word_1_29' title='bbox 2914 524 3237 592; x_wconf 79' lang='lat' dir='ltr'><strong><em>digammate</em></strong></span> <span class='ocrx_word' id='word_1_30' title='bbox 3259 530 3575 595; x_wconf 71' lang='lat' dir='ltr'><strong><em>proferenda</em></strong></span> <span class='ocrx_word' id='word_1_31' title='bbox 3598 547 3803 586; x_wconf 76' lang='lat' dir='ltr'><strong><em>t&#39;ssettl.</em></strong></span> 
     </span>
    </p>
   </div>
   <div class='ocr_carea' id='block_1_7' title="bbox 533 605 3807 690">
    <p class='ocr_par' dir='ltr' id='par_1_7' title="bbox 533 605 3807 690">
     <span class='ocr_line' id='line_1_7' title="bbox 533 605 3807 690; baseline 0.007 -35"><span class='ocrx_word' id='word_1_32' title='bbox 533 613 642 655; x_wconf 84' lang='lat' dir='ltr'><strong><em>erat</em></strong></span> <span class='ocrx_word' id='word_1_33' title='bbox 667 614 712 656; x_wconf 88' lang='lat' dir='ltr'><strong><em>et</em></strong></span> <span class='ocrx_word' id='word_1_34' title='bbox 741 605 812 657; x_wconf 80' lang='lat' dir='ltr'><strong><em>sic</em></strong></span> <span class='ocrx_word' id='word_1_35' title='bbox 846 609 1029 660; x_wconf 87' lang='lat' dir='ltr'><strong><em>obruto</em></strong></span> <span class='ocrx_word' id='word_1_36' title='bbox 1054 623 1237 669; x_wconf 85' lang='lat' dir='ltr'><strong><em>sensu,</em></strong></span> <span class='ocrx_word' id='word_1_37' title='bbox 1265 616 1319 660; x_wconf 81' lang='lat' dir='ltr'><strong><em>at</em></strong></span> <span class='ocrx_word' id='word_1_38' title='bbox 1350 609 1405 661; x_wconf 88' lang='lat' dir='ltr'><strong><em>in</em></strong></span> <span class='ocrx_word' id='word_1_39' title='bbox 1444 609 1614 665; x_wconf 84' lang='lat' dir='ltr'><strong><em>decem</em></strong></span> <span class='ocrx_word' id='word_1_40' title='bbox 1657 627 1818 665; x_wconf 86' lang='lat' dir='ltr'><strong><em>annos</em></strong></span> <span class='ocrx_word' id='word_1_41' title='bbox 1865 613 2007 685; x_wconf 80' lang='lat' dir='ltr'><strong><em>regni</em></strong></span> <span class='ocrx_word' id='word_1_42' title='bbox 2037 612 2120 666; x_wconf 86' lang='lat' dir='ltr'><strong><em>sui</em></strong></span> <span class='ocrx_word' id='word_1_43' title='bbox 2216 607 2275 664; x_wconf 88' lang='lat' dir='ltr'><strong><em>Si</em></strong></span> <span class='ocrx_word' id='word_1_44' title='bbox 2299 618 2480 665; x_wconf 87' lang='lat' dir='ltr'><strong><em>autem</em></strong></span> <span class='ocrx_word' id='word_1_45' title='bbox 2511 611 2696 667; x_wconf 85' lang='lat' dir='ltr'><strong><em>Ullilas</em></strong></span> <span class='ocrx_word' id='word_1_46' title='bbox 2720 614 2922 668; x_wconf 87' lang='lat' dir='ltr'><strong><em>nullum</em></strong></span> <span class='ocrx_word' id='word_1_47' title='bbox 2950 616 3162 686; x_wconf 86' lang='lat' dir='ltr'><strong><em>signum</em></strong></span> <span class='ocrx_word' id='word_1_48' title='bbox 3190 618 3355 672; x_wconf 80' lang='lat' dir='ltr'><strong><em>latino</em></strong></span> <span class='ocrx_word' id='word_1_49' title='bbox 3377 622 3663 690; x_wconf 85' lang='lat' dir='ltr'><strong><em>alphabeto</em></strong></span> <span class='ocrx_word' id='word_1_50' title='bbox 3689 642 3807 679; x_wconf 81' lang='lat' dir='ltr'><strong><em>tnu-</em></strong></span> 
     </span>
    </p>
   </div>
   <div class='ocr_carea' id='block_1_8' title="bbox 532 698 2117 770">
    <p class='ocr_par' dir='ltr' id='par_1_8' title="bbox 532 698 2117 770">
     <span class='ocr_line' id='line_1_8' title="bbox 532 698 2117 770; baseline 0.006 -21"><span class='ocrx_word' id='word_1_51' title='bbox 532 709 754 761; x_wconf 76' lang='lat' dir='ltr'><strong><em>qnatnor</em></strong></span> <span class='ocrx_word' id='word_1_52' title='bbox 798 698 996 753; x_wconf 85' lang='lat' dir='ltr'><strong><em>litteras</em></strong></span> <span class='ocrx_word' id='word_1_53' title='bbox 1023 700 1411 770; x_wconf 80' lang='lat' dir='ltr'><strong><em>subscriptionis</em></strong></span> <span class='ocrx_word' id='word_1_54' title='bbox 1437 702 1592 755; x_wconf 84' lang='lat' dir='ltr'><strong><em>edicti</em></strong></span> <span class='ocrx_word' id='word_1_55' title='bbox 1618 702 1700 756; x_wconf 76' lang='lat' dir='ltr'><strong><em>sui</em></strong></span> <span class='ocrx_word' id='word_1_56' title='bbox 1722 702 1918 759; x_wconf 86' lang='lat' dir='ltr'><strong><em>discere</em></strong></span> <span class='ocrx_word' id='word_1_57' title='bbox 1947 704 2117 759; x_wconf 81' lang='lat' dir='ltr'><strong><em>nulla-</em></strong></span> 
     </span>
    </p>
   </div>
   <div class='ocr_carea' id='block_1_9' title="bbox 532 788 2116 862">
    <p class='ocr_par' dir='ltr' id='par_1_9' title="bbox 532 788 2116 862">
     <span class='ocr_line' id='line_1_9' title="bbox 532 788 2116 862; baseline 0.008 -25"><span class='ocrx_word' id='word_1_58' title='bbox 532 795 680 841; x_wconf 71' lang='lat' dir='ltr'><strong><em>tenus</em></strong></span> <span class='ocrx_word' id='word_1_59' title='bbox 722 788 997 856; x_wconf 79' lang='lat' dir='ltr'><strong><em>potuisset,</em></strong></span> <span class='ocrx_word' id='word_1_60' title='bbox 1037 792 1102 844; x_wconf 86' lang='lat' dir='ltr'><strong><em>de</em></strong></span> <span class='ocrx_word' id='word_1_61' title='bbox 1145 806 1247 860; x_wconf 75' lang='lat' dir='ltr'><strong><em>qua</em></strong></span> <span class='ocrx_word' id='word_1_62' title='bbox 1304 806 1360 846; x_wconf 81' lang='lat' dir='ltr'><strong><em>re</em></strong></span> <span class='ocrx_word' id='word_1_63' title='bbox 1403 792 1564 862; x_wconf 79' lang='lat' dir='ltr'><strong><em>jussit</em></strong></span> <span class='ocrx_word' id='word_1_64' title='bbox 1612 794 1858 849; x_wconf 77' lang='lat' dir='ltr'><strong><em>laminam</em></strong></span> <span class='ocrx_word' id='word_1_65' title='bbox 1905 812 2116 851; x_wconf 77' lang='lat' dir='ltr'><strong><em>auream</em></strong></span> 
     </span>
    </p>
   </div>
   <div class='ocr_carea' id='block_1_10' title="bbox 526 878 2115 956">
    <p class='ocr_par' dir='ltr' id='par_1_10' title="bbox 526 878 2115 956">
     <span class='ocr_line' id='line_1_10' title="bbox 526 878 2115 956; baseline 0.008 -27"><span class='ocrx_word' id='word_1_66' title='bbox 526 878 868 933; x_wconf 80' lang='lat' dir='ltr'><strong><em>interrasilem</em></strong></span> <span class='ocrx_word' id='word_1_67' title='bbox 924 881 1073 950; x_wconf 75' lang='lat' dir='ltr'><strong><em>fieri,</em></strong></span> <span class='ocrx_word' id='word_1_68' title='bbox 1116 891 1336 953; x_wconf 69' lang='lat' dir='ltr'><strong><em>qualiter</em></strong></span> <span class='ocrx_word' id='word_1_69' title='bbox 1398 881 1603 939; x_wconf 73' lang='lat' dir='ltr'><strong><em>litteras</em></strong></span> <span class='ocrx_word' id='word_1_70' title='bbox 1662 887 1798 956; x_wconf 79' lang='lat' dir='ltr'><strong><em>regis</em></strong></span> <span class='ocrx_word' id='word_1_71' title='bbox 1849 887 2115 943; x_wconf 75' lang='lat' dir='ltr'><strong><em>habentem</em></strong></span> 
     </span>
    </p>
   </div>
   <div class='ocr_carea' id='block_1_11' title="bbox 526 963 2113 1049">
    <p class='ocr_par' dir='ltr' id='par_1_11' title="bbox 526 963 2113 1049">
     <span class='ocr_line' id='line_1_11' title="bbox 526 963 2113 1049; baseline 0.008 -27"><span class='ocrx_word' id='word_1_72' title='bbox 526 963 782 1037; x_wconf 73' lang='grc'><strong><em>⁸1⁸11601),</em></strong></span> <span class='ocrx_word' id='word_1_73' title='bbox 828 981 901 1037; x_wconf 82' lang='lat' dir='ltr'><strong><em>at,</em></strong></span> <span class='ocrx_word' id='word_1_74' title='bbox 943 972 988 1027; x_wconf 90' lang='lat' dir='ltr'><strong><em>si</em></strong></span> <span class='ocrx_word' id='word_1_75' title='bbox 1028 973 1346 1029; x_wconf 75' lang='lat' dir='ltr'><strong><em>subscribere</em></strong></span> <span class='ocrx_word' id='word_1_76' title='bbox 1388 975 1628 1032; x_wconf 80' lang='lat' dir='ltr'><strong><em>voluisset</em></strong></span> <span class='ocrx_word' id='word_1_77' title='bbox 1648 1020 1663 1043; x_wconf 91' lang='lat'><strong><em>,</em></strong></span> <span class='ocrx_word' id='word_1_78' title='bbox 1706 980 1875 1049; x_wconf 83' lang='lat' dir='ltr'><strong><em>posita</em></strong></span> <span class='ocrx_word' id='word_1_79' title='bbox 1919 980 2113 1036; x_wconf 82' lang='lat' dir='ltr'><strong><em>lamina</em></strong></span> 
     </span>
    </p>
   </div>
   <div class='ocr_carea' id='block_1_12' title="bbox 525 1062 2111 1139">
    <p class='ocr_par' dir='ltr' id='par_1_12' title="bbox 525 1062 2111 1139">
     <span class='ocr_line' id='line_1_12' title="bbox 525 1062 2111 1139; baseline 0.009 -25"><span class='ocrx_word' id='word_1_80' title='bbox 525 1078 679 1133; x_wconf 73' lang='lat' dir='ltr'><strong><em>super</em></strong></span> <span class='ocrx_word' id='word_1_81' title='bbox 722 1062 991 1131; x_wconf 76' lang='lat' dir='ltr'><strong><em>chartam,</em></strong></span> <span class='ocrx_word' id='word_1_82' title='bbox 1041 1082 1132 1136; x_wconf 82' lang='lat' dir='ltr'><strong><em>per</em></strong></span> <span class='ocrx_word' id='word_1_83' title='bbox 1165 1083 1278 1122; x_wconf 84' lang='lat' dir='ltr'><strong><em>eant</em></strong></span> <span class='ocrx_word' id='word_1_84' title='bbox 1331 1086 1501 1137; x_wconf 83' lang='lat' dir='ltr'><strong><em>penna</em></strong></span> <span class='ocrx_word' id='word_1_85' title='bbox 1546 1071 1852 1139; x_wconf 84' lang='lat' dir='ltr'><strong><em>duceretur,</em></strong></span> <span class='ocrx_word' id='word_1_86' title='bbox 1896 1084 1943 1128; x_wconf 87' lang='lat' dir='ltr'><strong><em>et</em></strong></span> <span class='ocrx_word' id='word_1_87' title='bbox 1986 1073 2111 1128; x_wconf 86' lang='lat' dir='ltr'><strong><em>sub-</em></strong></span> 
     </span>
    </p>
   </div>
   <div class='ocr_carea' id='block_1_13' title="bbox 524 1154 2111 1226">
    <p class='ocr_par' dir='ltr' id='par_1_13' title="bbox 524 1154 2111 1226">
     <span class='ocr_line' id='line_1_13' title="bbox 524 1154 2111 1226; baseline 0.011 -20"><span class='ocrx_word' id='word_1_88' title='bbox 524 1154 736 1223; x_wconf 84' lang='lat' dir='ltr'><strong><em>scriptio</em></strong></span> <span class='ocrx_word' id='word_1_89' title='bbox 764 1158 874 1226; x_wconf 82' lang='lat' dir='ltr'><strong><em>ejus</em></strong></span> <span class='ocrx_word' id='word_1_90' title='bbox 896 1165 1097 1212; x_wconf 82' lang='lat' dir='ltr'><strong><em>tantum</em></strong></span> <span class='ocrx_word' id='word_1_91' title='bbox 1122 1159 1429 1214; x_wconf 58' lang='lat' dir='ltr'><strong><em>uideretura</em></strong></span> <span class='ocrx_word' id='word_1_92' title='bbox 1457 1162 1593 1217; x_wconf 89' lang='lat' dir='ltr'><strong><em>Cum</em></strong></span> <span class='ocrx_word' id='word_1_93' title='bbox 1617 1173 1793 1220; x_wconf 87' lang='lat' dir='ltr'><strong><em>autem</em></strong></span> <span class='ocrx_word' id='word_1_94' title='bbox 1825 1165 1907 1220; x_wconf 91' lang='lat' dir='ltr'><strong><em>his</em></strong></span> <span class='ocrx_word' id='word_1_95' title='bbox 1932 1168 2111 1223; x_wconf 79' lang='lat' dir='ltr'><strong><em>verbis</em></strong></span> 
     </span>
    </p>
   </div>
   <div class='ocr_carea' id='block_1_14' title="bbox 523 1246 2107 1324">
    <p class='ocr_par' dir='ltr' id='par_1_14' title="bbox 523 1246 2107 1324">
     <span class='ocr_line' id='line_1_14' title="bbox 523 1246 2107 1324; baseline 0.011 -27"><span class='ocrx_word' id='word_1_96' title='bbox 523 1246 782 1303; x_wconf 85' lang='lat' dir='ltr'><strong><em>asseritur</em></strong></span> <span class='ocrx_word' id='word_1_97' title='bbox 814 1263 995 1319; x_wconf 82' lang='lat' dir='ltr'><strong><em>regem</em></strong></span> <span class='ocrx_word' id='word_1_98' title='bbox 1027 1262 1260 1321; x_wconf 78' lang='lat' dir='ltr'><strong><em>quatuor</em></strong></span> <span class='ocrx_word' id='word_1_99' title='bbox 1296 1262 1501 1309; x_wconf 89' lang='lat' dir='ltr'><strong><em>tantum</em></strong></span> <span class='ocrx_word' id='word_1_100' title='bbox 1531 1254 1725 1311; x_wconf 84' lang='lat' dir='ltr'><strong><em>litteris</em></strong></span> <span class='ocrx_word' id='word_1_101' title='bbox 1745 1257 2107 1324; x_wconf 83' lang='lat' dir='ltr'><strong><em>subscribere,</em></strong></span> 
     </span>
    </p>
   </div>
   <div class='ocr_carea' id='block_1_15' title="bbox 523 1332 2111 1419">
    <p class='ocr_par' dir='ltr' id='par_1_15' title="bbox 523 1332 2111 1419">
     <span class='ocr_line' id='line_1_15' title="bbox 523 1332 2111 1419; baseline 0.006 -26"><span class='ocrx_word' id='word_1_102' title='bbox 523 1335 756 1393; x_wconf 74' lang='lat' dir='ltr'><strong>THGOD</strong></span> <span class='ocrx_word' id='word_1_103' title='bbox 791 1350 973 1395; x_wconf 82' lang='lat' dir='ltr'><strong><em>autem</em></strong></span> <span class='ocrx_word' id='word_1_104' title='bbox 1013 1342 1249 1413; x_wconf 85' lang='lat' dir='ltr'><strong><em>quinque</em></strong></span> <span class='ocrx_word' id='word_1_105' title='bbox 1273 1358 1522 1403; x_wconf 78' lang='lat' dir='ltr'><strong><em>constare</em></strong></span> <span class='ocrx_word' id='word_1_106' title='bbox 1540 1388 1557 1412; x_wconf 91' lang='lat'><strong><em>,</em></strong></span> <span class='ocrx_word' id='word_1_107' title='bbox 1586 1332 1852 1405; x_wconf 75' lang='lat' dir='ltr'><strong><em>infelicius</em></strong></span> <span class='ocrx_word' id='word_1_108' title='bbox 1879 1349 2111 1419; x_wconf 86' lang='lat' dir='ltr'><strong><em>conjecit</em></strong></span> 
     </span>
    </p>
   </div>
   <div class='ocr_carea' id='block_1_16' title="bbox 525 1427 2105 1512">
    <p class='ocr_par' dir='ltr' id='par_1_16' title="bbox 525 1427 2105 1512">
     <span class='ocr_line' id='line_1_16' title="bbox 525 1427 2105 1512; baseline 0.012 -32"><span class='ocrx_word' id='word_1_109' title='bbox 525 1427 722 1485; x_wconf 76' lang='lat' dir='ltr'><strong><em>Reiske</em></strong></span> <span class='ocrx_word' id='word_1_110' title='bbox 741 1431 811 1482; x_wconf 84' lang='lat' dir='ltr'><strong><em>ad</em></strong></span> <span class='ocrx_word' id='word_1_111' title='bbox 843 1430 1113 1489; x_wconf 76' lang='lat' dir='ltr'><strong><em>Constant.</em></strong></span> <span class='ocrx_word' id='word_1_112' title='bbox 1140 1436 1205 1489; x_wconf 86' lang='lat' dir='ltr'><strong><em>de</em></strong></span> <span class='ocrx_word' id='word_1_113' title='bbox 1230 1434 1436 1493; x_wconf 63' lang='lat' dir='ltr'><strong><em>Caeritis.</em></strong></span> <span class='ocrx_word' id='word_1_114' title='bbox 1464 1438 1576 1493; x_wconf 74' lang='lat' dir='ltr'><strong><em>aut.</em></strong></span> <span class='ocrx_word' id='word_1_115' title='bbox 1606 1440 1865 1510; x_wconf 75' lang='lat' dir='ltr'><strong><em>bysantin.</em></strong></span> <span class='ocrx_word' id='word_1_116' title='bbox 1892 1457 1946 1512; x_wconf 93' lang='lat' dir='ltr'><strong><em>p.</em></strong></span> <span class='ocrx_word' id='word_1_117' title='bbox 1980 1441 2105 1507; x_wconf 73' lang='lat' dir='ltr'><strong><em>ibo.</em></strong></span> 
     </span>
    </p>
   </div>
   <div class='ocr_carea' id='block_1_17' title="bbox 514 1521 2105 1601">
    <p class='ocr_par' dir='ltr' id='par_1_17' title="bbox 514 1521 2105 1601">
     <span class='ocr_line' id='line_1_17' title="bbox 514 1521 2105 1601; baseline 0.008 -26"><span class='ocrx_word' id='word_1_118' title='bbox 514 1521 653 1575; x_wconf 81' lang='lat' dir='ltr'><strong><em>edit.</em></strong></span> <span class='ocrx_word' id='word_1_119' title='bbox 679 1521 852 1591; x_wconf 86' lang='lat' dir='ltr'><strong><em>Lips.,</em></strong></span> <span class='ocrx_word' id='word_1_120' title='bbox 875 1523 995 1579; x_wconf 89' lang='lat' dir='ltr'><strong><em>loco</em></strong></span> <span class='ocrx_word' id='word_1_121' title='bbox 1020 1526 1252 1588; x_wconf 77' lang='lat' dir='ltr'><strong><em>THGOD</em></strong></span> <span class='ocrx_word' id='word_1_122' title='bbox 1273 1529 1477 1601; x_wconf 81' lang='lat' dir='ltr'><strong><em>aliquid</em></strong></span> <span class='ocrx_word' id='word_1_123' title='bbox 1516 1532 1689 1599; x_wconf 81' lang='lat' dir='ltr'><strong><em>aliud,</em></strong></span> <span class='ocrx_word' id='word_1_124' title='bbox 1716 1530 1894 1588; x_wconf 92' lang='lat' dir='ltr'><strong><em>forsan</em></strong></span> <span class='ocrx_word' id='word_1_125' title='bbox 1922 1534 2105 1601; x_wconf 81' lang='lat' dir='ltr'><strong><em>LEGI,</em></strong></span> 
     </span>
    </p>
   </div>
   <div class='ocr_carea' id='block_1_18' title="bbox 520 1612 2102 1699">
    <p class='ocr_par' dir='ltr' id='par_1_18' title="bbox 520 1612 2102 1699">
     <span class='ocr_line' id='line_1_18' title="bbox 520 1612 2102 1699; baseline 0.01 -31"><span class='ocrx_word' id='word_1_126' title='bbox 520 1612 827 1685; x_wconf 78' lang='lat' dir='ltr'><strong><em>legendum.</em></strong></span> <span class='ocrx_word' id='word_1_127' title='bbox 872 1617 1008 1676; x_wconf 79' lang='lat' dir='ltr'><strong><em>Hinc</em></strong></span> <span class='ocrx_word' id='word_1_128' title='bbox 1034 1622 1190 1676; x_wconf 88' lang='lat' dir='ltr'><strong><em>laclle</em></strong></span> <span class='ocrx_word' id='word_1_129' title='bbox 1228 1624 1454 1680; x_wconf 74' lang='lat' dir='ltr'><strong><em>solvitur</em></strong></span> <span class='ocrx_word' id='word_1_130' title='bbox 1491 1624 1815 1682; x_wconf 72' lang='lat' dir='ltr'><strong><em>Massmanni</em></strong></span> <span class='ocrx_word' id='word_1_131' title='bbox 1855 1629 2102 1699; x_wconf 64' lang='lat' dir='ltr'><strong><em>quinctio,</em></strong></span> 
     </span>
    </p>
   </div>
   <div class='ocr_carea' id='block_1_19' title="bbox 513 1704 2104 1792">
    <p class='ocr_par' dir='ltr' id='par_1_19' title="bbox 513 1704 2104 1792">
     <span class='ocr_line' id='line_1_19' title="bbox 513 1704 2104 1792; baseline 0.009 -31"><span class='ocrx_word' id='word_1_132' title='bbox 513 1704 693 1761; x_wconf 60' lang='grc' dir='ltr'><strong><em>ειεξιτ.</em></strong></span> <span class='ocrx_word' id='word_1_133' title='bbox 753 1709 903 1777; x_wconf 73' lang='lat' dir='ltr'><strong><em>pra-f.</em></strong></span> <span class='ocrx_word' id='word_1_134' title='bbox 964 1724 1017 1780; x_wconf 91' lang='lat' dir='ltr'><strong><em>p.</em></strong></span> <span class='ocrx_word' id='word_1_135' title='bbox 1070 1714 1221 1785; x_wconf 61' lang='grc' dir='ltr'><strong>ν’),</strong></span> <span class='ocrx_word' id='word_1_136' title='bbox 1275 1725 1455 1771; x_wconf 89' lang='lat' dir='ltr'><strong><em>utrum</em></strong></span> <span class='ocrx_word' id='word_1_137' title='bbox 1510 1716 1832 1775; x_wconf 69' lang='lat' dir='ltr'><strong><em>Theoderici</em></strong></span> <span class='ocrx_word' id='word_1_138' title='bbox 1869 1719 2104 1792; x_wconf 85' lang='lat' dir='ltr'><strong><em>sigillum</em></strong></span> 
     </span>
    </p>
   </div>
   <div class='ocr_carea' id='block_1_20' title="bbox 519 1798 1499 1871">
    <p class='ocr_par' dir='ltr' id='par_1_20' title="bbox 519 1798 1499 1871">
     <span class='ocr_line' id='line_1_20' title="bbox 519 1798 1499 1871; baseline 0.013 -21"><span class='ocrx_word' id='word_1_139' title='bbox 519 1798 844 1865; x_wconf 75' lang='lat' dir='ltr'><strong><em>scripturam</em></strong></span> <span class='ocrx_word' id='word_1_140' title='bbox 878 1801 1147 1871; x_wconf 86' lang='lat' dir='ltr'><strong><em>gothieam</em></strong></span> <span class='ocrx_word' id='word_1_141' title='bbox 1176 1805 1499 1863; x_wconf 77' lang='lat' dir='ltr'><strong><em>contineret.</em></strong></span> 
     </span>
    </p>
   </div>
   <div class='ocr_carea' id='block_1_21' title="bbox 596 1873 2107 1971">
    <p class='ocr_par' dir='ltr' id='par_1_21' title="bbox 596 1873 2107 1971">
     <span class='ocr_line' id='line_1_21' title="bbox 596 1873 2107 1971; baseline 0.012 -29"><span class='ocrx_word' id='word_1_142' title='bbox 596 1907 616 1940; x_wconf 85' lang='lat' dir='ltr'><strong><em>s</em></strong></span> <span class='ocrx_word' id='word_1_143' title='bbox 643 1873 680 1945; x_wconf 82' lang='grc' dir='ltr'>ἰ’</span> <span class='ocrx_word' id='word_1_144' title='bbox 699 1899 754 1946; x_wconf 81' lang='lat' dir='ltr'><strong><em>et</em></strong></span> <span class='ocrx_word' id='word_1_145' title='bbox 776 1890 794 1945; x_wconf 91' lang='lat' dir='ltr'><strong><em>l</em></strong></span> <span class='ocrx_word' id='word_1_146' title='bbox 818 1891 872 1946; x_wconf 88' lang='lat' dir='ltr'><strong><em>in</em></strong></span> <span class='ocrx_word' id='word_1_147' title='bbox 897 1907 965 1949; x_wconf 87' lang='lat' dir='ltr'><strong><em>eo</em></strong></span> <span class='ocrx_word' id='word_1_148' title='bbox 1003 1904 1130 1951; x_wconf 86' lang='lat' dir='ltr'><strong><em>sunt</em></strong></span> <span class='ocrx_word' id='word_1_149' title='bbox 1155 1895 1592 1966; x_wconf 88' lang='lat' dir='ltr'><strong><em>diseriminanda,</em></strong></span> <span class='ocrx_word' id='word_1_150' title='bbox 1622 1900 1765 1971; x_wconf 90' lang='lat' dir='ltr'><strong><em>quod</em></strong></span> <span class='ocrx_word' id='word_1_151' title='bbox 1796 1902 1945 1971; x_wconf 87' lang='lat' dir='ltr'><strong><em>prius</em></strong></span> <span class='ocrx_word' id='word_1_152' title='bbox 1972 1903 2107 1960; x_wconf 80' lang='lat' dir='ltr'><strong><em>insi-</em></strong></span> 
     </span>
    </p>
   </div>
   <div class='ocr_carea' id='block_1_22' title="bbox 518 1979 2107 2053">
    <p class='ocr_par' dir='ltr' id='par_1_22' title="bbox 518 1979 2107 2053">
     <span class='ocr_line' id='line_1_22' title="bbox 518 1979 2107 2053; baseline 0.012 -18"><span class='ocrx_word' id='word_1_153' title='bbox 518 1979 719 2049; x_wconf 84' lang='lat' dir='ltr'><strong><em>piente,</em></strong></span> <span class='ocrx_word' id='word_1_154' title='bbox 757 1984 1025 2051; x_wconf 75' lang='lat' dir='ltr'><strong><em>posterius</em></strong></span> <span class='ocrx_word' id='word_1_155' title='bbox 1062 1987 1227 2044; x_wconf 91' lang='lat' dir='ltr'><strong><em>metio</em></strong></span> <span class='ocrx_word' id='word_1_156' title='bbox 1261 1998 1320 2046; x_wconf 85' lang='lat' dir='ltr'><strong><em>et</em></strong></span> <span class='ocrx_word' id='word_1_157' title='bbox 1355 1990 1636 2048; x_wconf 76' lang='lat' dir='ltr'><strong><em>desinente</em></strong></span> <span class='ocrx_word' id='word_1_158' title='bbox 1663 1993 1927 2051; x_wconf 86' lang='lat' dir='ltr'><strong><em>vocabulo</em></strong></span> <span class='ocrx_word' id='word_1_159' title='bbox 1948 2010 2107 2053; x_wconf 86' lang='lat' dir='ltr'><strong><em>usur-</em></strong></span> 
     </span>
    </p>
   </div>
   <div class='ocr_carea' id='block_1_23' title="bbox 513 2074 1091 2149">
    <p class='ocr_par' dir='ltr' id='par_1_23' title="bbox 513 2074 1091 2149">
     <span class='ocr_line' id='line_1_23' title="bbox 513 2074 1091 2149; baseline 0.012 -22"><span class='ocrx_word' id='word_1_160' title='bbox 513 2080 695 2143; x_wconf 83' lang='lat' dir='ltr'><strong><em>petur,</em></strong></span> <span class='ocrx_word' id='word_1_161' title='bbox 722 2074 829 2129; x_wconf 83' lang='lat' dir='ltr'><strong><em>vid.</em></strong></span> <span class='ocrx_word' id='word_1_162' title='bbox 854 2076 919 2130; x_wconf 89' lang='lat' dir='ltr'><strong><em>ad</em></strong></span> <span class='ocrx_word' id='word_1_163' title='bbox 945 2076 974 2149; x_wconf 80' lang='lat'><strong>§</strong></span> <span class='ocrx_word' id='word_1_164' title='bbox 1007 2078 1091 2134; x_wconf 79' lang='grc'><strong><em>17.</em></strong></span> 
     </span>
    </p>
   </div>
   <div class='ocr_carea' id='block_1_24' title="bbox 593 2166 2102 2241">
    <p class='ocr_par' dir='ltr' id='par_1_24' title="bbox 593 2166 2102 2241">
     <span class='ocr_line' id='line_1_24' title="bbox 593 2166 2102 2241; baseline 0.014 -21"><span class='ocrx_word' id='word_1_165' title='bbox 593 2186 615 2220; x_wconf 81' lang='lat' dir='ltr'><strong><em>s</em></strong></span> <span class='ocrx_word' id='word_1_166' title='bbox 645 2166 702 2237; x_wconf 73' lang='lat' dir='ltr'><strong><em>C,</em></strong></span> <span class='ocrx_word' id='word_1_167' title='bbox 721 2179 804 2225; x_wconf 86' lang='lat' dir='ltr'><strong><em>est</em></strong></span> <span class='ocrx_word' id='word_1_168' title='bbox 829 2169 871 2226; x_wconf 77' lang='grc' dir='ltr'><strong>ϐ</strong></span> <span class='ocrx_word' id='word_1_169' title='bbox 896 2169 1232 2231; x_wconf 86' lang='lat' dir='ltr'><strong><em>Latinorum.</em></strong></span> <span class='ocrx_word' id='word_1_170' title='bbox 1270 2174 1548 2232; x_wconf 77' lang='lat' dir='ltr'><strong><em>Librarius</em></strong></span> <span class='ocrx_word' id='word_1_171' title='bbox 1572 2177 1771 2235; x_wconf 87' lang='lat' dir='ltr'><strong><em>codicis</em></strong></span> <span class='ocrx_word' id='word_1_172' title='bbox 1794 2180 2102 2241; x_wconf 71' lang='lat' dir='ltr'><strong><em>Viennensis</em></strong></span> 
     </span>
    </p>
   </div>
   <div class='ocr_carea' id='block_1_25' title="bbox 514 2258 2101 2344">
    <p class='ocr_par' dir='ltr' id='par_1_25' title="bbox 514 2258 2101 2344">
     <span class='ocr_line' id='line_1_25' title="bbox 514 2258 2101 2344; baseline 0.013 -33"><span class='ocrx_word' id='word_1_173' title='bbox 514 2259 651 2328; x_wconf 83' lang='lat' dir='ltr'><strong><em>(vid.</em></strong></span> <span class='ocrx_word' id='word_1_174' title='bbox 678 2261 784 2331; x_wconf 59' lang='grc' dir='ltr'><strong><em>ευ)</em></strong></span> <span class='ocrx_word' id='word_1_175' title='bbox 810 2258 860 2329; x_wconf 71' lang='grc' dir='ltr'><strong>Ω</strong></span> <span class='ocrx_word' id='word_1_176' title='bbox 878 2272 933 2318; x_wconf 92' lang='lat' dir='ltr'><strong><em>et</em></strong></span> <span class='ocrx_word' id='word_1_177' title='bbox 963 2274 1002 2321; x_wconf 74' lang='grc' dir='ltr'><strong><em>ι’</em></strong></span> <span class='ocrx_word' id='word_1_178' title='bbox 1024 2265 1190 2323; x_wconf 80' lang='lat' dir='ltr'><strong><em>habet</em></strong></span> <span class='ocrx_word' id='word_1_179' title='bbox 1218 2278 1274 2324; x_wconf 91' lang='lat' dir='ltr'><strong><em>et</em></strong></span> <span class='ocrx_word' id='word_1_180' title='bbox 1303 2281 1521 2340; x_wconf 77' lang='lat' dir='ltr'><strong><em>usurpat</em></strong></span> <span class='ocrx_word' id='word_1_181' title='bbox 1552 2286 1648 2340; x_wconf 92' lang='lat' dir='ltr'><strong><em>pro</em></strong></span> <span class='ocrx_word' id='word_1_182' title='bbox 1682 2271 1869 2330; x_wconf 87' lang='lat' dir='ltr'><strong><em>eadem</em></strong></span> <span class='ocrx_word' id='word_1_183' title='bbox 1900 2274 2101 2344; x_wconf 86' lang='lat' dir='ltr'><strong><em>littera,</em></strong></span> 
     </span>
    </p>
   </div>
   <div class='ocr_carea' id='block_1_26' title="bbox 516 2355 2102 2437">
    <p class='ocr_par' dir='ltr' id='par_1_26' title="bbox 516 2355 2102 2437">
     <span class='ocr_line' id='line_1_26' title="bbox 516 2355 2102 2437; baseline 0.012 -33"><span class='ocrx_word' id='word_1_184' title='bbox 516 2365 584 2405; x_wconf 81' lang='lat' dir='ltr'><strong><em>ea</em></strong></span> <span class='ocrx_word' id='word_1_185' title='bbox 624 2363 801 2409; x_wconf 88' lang='lat' dir='ltr'><strong><em>tamen</em></strong></span> <span class='ocrx_word' id='word_1_186' title='bbox 846 2355 1236 2428; x_wconf 83' lang='lat' dir='ltr'><strong><em>discrepantia,</em></strong></span> <span class='ocrx_word' id='word_1_187' title='bbox 1263 2361 1407 2431; x_wconf 87' lang='lat' dir='ltr'><strong><em>quod</em></strong></span> <span class='ocrx_word' id='word_1_188' title='bbox 1449 2362 1625 2432; x_wconf 87' lang='lat' dir='ltr'><strong><em>prius,</em></strong></span> <span class='ocrx_word' id='word_1_189' title='bbox 1658 2365 1903 2437; x_wconf 91' lang='lat' dir='ltr'><strong><em>latinum,</em></strong></span> <span class='ocrx_word' id='word_1_190' title='bbox 1925 2367 2102 2423; x_wconf 78' lang='lat' dir='ltr'><strong><em>debile</em></strong></span> 
     </span>
    </p>
   </div>
   <div class='ocr_carea' id='block_1_27' title="bbox 506 2439 2104 2529">
    <p class='ocr_par' dir='ltr' id='par_1_27' title="bbox 506 2439 2104 2529">
     <span class='ocr_line' id='line_1_27' title="bbox 506 2439 2104 2529; baseline 0.013 -31"><span class='ocrx_word' id='word_1_191' title='bbox 506 2439 561 2510; x_wconf 82' lang='lat' dir='ltr'><strong><em>j,</em></strong></span> <span class='ocrx_word' id='word_1_192' title='bbox 585 2446 873 2513; x_wconf 86' lang='lat' dir='ltr'><strong><em>posterius,</em></strong></span> <span class='ocrx_word' id='word_1_193' title='bbox 896 2462 1152 2518; x_wconf 74' lang='lat' dir='ltr'><strong><em>graecum,</em></strong></span> <span class='ocrx_word' id='word_1_194' title='bbox 1191 2465 1441 2522; x_wconf 83' lang='lat' dir='ltr'><strong><em>asperum</em></strong></span> <span class='ocrx_word' id='word_1_195' title='bbox 1477 2452 1524 2509; x_wconf 86' lang='lat' dir='ltr'><strong>G</strong></span> <span class='ocrx_word' id='word_1_196' title='bbox 1561 2457 1765 2523; x_wconf 79' lang='lat' dir='ltr'><strong><em>valeat;</em></strong></span> <span class='ocrx_word' id='word_1_197' title='bbox 1804 2458 2019 2529; x_wconf 89' lang='lat' dir='ltr'><strong><em>deinde,</em></strong></span> <span class='ocrx_word' id='word_1_198' title='bbox 2046 2470 2104 2518; x_wconf 91' lang='lat' dir='ltr'><strong><em>ut</em></strong></span> 
     </span>
    </p>
   </div>
   <div class='ocr_carea' id='block_1_28' title="bbox 516 2536 2101 2617">
    <p class='ocr_par' dir='ltr' id='par_1_28' title="bbox 516 2536 2101 2617">
     <span class='ocr_line' id='line_1_28' title="bbox 516 2536 2101 2617; baseline 0.012 -27"><span class='ocrx_word' id='word_1_199' title='bbox 516 2536 872 2605; x_wconf 80' lang='lat' dir='ltr'><strong><em>prolationem</em></strong></span> <span class='ocrx_word' id='word_1_200' title='bbox 918 2542 1252 2611; x_wconf 87' lang='lat' dir='ltr'><strong><em>gothieorum</em></strong></span> <span class='ocrx_word' id='word_1_201' title='bbox 1290 2559 1549 2602; x_wconf 84' lang='lat' dir='ltr'><strong><em>sonorum</em></strong></span> <span class='ocrx_word' id='word_1_202' title='bbox 1592 2548 1895 2617; x_wconf 84' lang='lat' dir='ltr'><strong><em>ignotorum</em></strong></span> <span class='ocrx_word' id='word_1_203' title='bbox 1923 2553 2101 2609; x_wconf 89' lang='lat' dir='ltr'><strong><em>deter-</em></strong></span> 
     </span>
    </p>
   </div>
   <div class='ocr_carea' id='block_1_29' title="bbox 516 2631 2101 2716">
    <p class='ocr_par' dir='ltr' id='par_1_29' title="bbox 516 2631 2101 2716">
     <span class='ocr_line' id='line_1_29' title="bbox 516 2631 2101 2716; baseline 0.01 -30"><span class='ocrx_word' id='word_1_204' title='bbox 516 2631 685 2687; x_wconf 73' lang='lat' dir='ltr'><strong><em>minet</em></strong></span> <span class='ocrx_word' id='word_1_205' title='bbox 714 2677 730 2702; x_wconf 92' lang='lat'><strong><em>,</em></strong></span> <span class='ocrx_word' id='word_1_206' title='bbox 762 2634 1022 2691; x_wconf 84' lang='lat' dir='ltr'><strong><em>vocabula</em></strong></span> <span class='ocrx_word' id='word_1_207' title='bbox 1052 2637 1280 2707; x_wconf 62' lang='lat' dir='ltr'><strong><em>cognita</em></strong></span> <span class='ocrx_word' id='word_1_208' title='bbox 1308 2640 1624 2710; x_wconf 85' lang='lat' dir='ltr'><strong><em>prolationis</em></strong></span> <span class='ocrx_word' id='word_1_209' title='bbox 1650 2646 1807 2699; x_wconf 81' lang='lat' dir='ltr'><strong><em>allert</em></strong></span> <span class='ocrx_word' id='word_1_210' title='bbox 1848 2646 2021 2716; x_wconf 78' lang='lat' dir='ltr'><strong><em>genuit</em></strong></span> <span class='ocrx_word' id='word_1_211' title='bbox 2046 2659 2101 2702; x_wconf 90' lang='lat' dir='ltr'><strong><em>et</em></strong></span> 
     </span>
    </p>
   </div>
   <div class='ocr_carea' id='block_1_30' title="bbox 513 2726 2103 2809">
    <p class='ocr_par' dir='ltr' id='par_1_30' title="bbox 513 2726 2103 2809">
     <span class='ocr_line' id='line_1_30' title="bbox 513 2726 2103 2809; baseline 0.011 -31"><span class='ocrx_word' id='word_1_212' title='bbox 513 2726 746 2794; x_wconf 73' lang='lat' dir='ltr'><strong><em>Gabriel,</em></strong></span> <span class='ocrx_word' id='word_1_213' title='bbox 775 2738 832 2783; x_wconf 93' lang='lat' dir='ltr'><strong><em>ut</em></strong></span> <span class='ocrx_word' id='word_1_214' title='bbox 856 2729 928 2784; x_wconf 88' lang='lat' dir='ltr'><strong><em>ita</em></strong></span> <span class='ocrx_word' id='word_1_215' title='bbox 969 2731 1153 2788; x_wconf 87' lang='lat' dir='ltr'><strong><em>dicere</em></strong></span> <span class='ocrx_word' id='word_1_216' title='bbox 1192 2732 1432 2791; x_wconf 83' lang='lat' dir='ltr'><strong><em>intendat</em></strong></span> <span class='ocrx_word' id='word_1_217' title='bbox 1459 2751 1474 2789; x_wconf 92' lang='lat'>:</span> <span class='ocrx_word' id='word_1_218' title='bbox 1498 2735 1584 2791; x_wconf 91' lang='lat' dir='ltr'><strong><em>ubi</em></strong></span> <span class='ocrx_word' id='word_1_219' title='bbox 1626 2737 1854 2793; x_wconf 86' lang='lat' dir='ltr'><strong><em>debilior</em></strong></span> <span class='ocrx_word' id='word_1_220' title='bbox 1880 2751 2103 2809; x_wconf 78' lang='lat' dir='ltr'><strong><em>estpro—</em></strong></span> 
     </span>
    </p>
   </div>
   <div class='ocr_carea' id='block_1_31' title="bbox 509 2815 2102 2899">
    <p class='ocr_par' dir='ltr' id='par_1_31' title="bbox 509 2815 2102 2899">
     <span class='ocr_line' id='line_1_31' title="bbox 509 2815 2102 2899; baseline 0.01 -29"><span class='ocrx_word' id='word_1_221' title='bbox 509 2815 663 2883; x_wconf 74' lang='lat' dir='ltr'><strong><em>latio,</em></strong></span> <span class='ocrx_word' id='word_1_222' title='bbox 690 2828 749 2873; x_wconf 91' lang='lat' dir='ltr'><strong><em>ut</em></strong></span> <span class='ocrx_word' id='word_1_223' title='bbox 776 2820 826 2873; x_wconf 92' lang='lat' dir='ltr'><strong><em>in</em></strong></span> <span class='ocrx_word' id='word_1_224' title='bbox 856 2822 1050 2892; x_wconf 71' lang='lat' dir='ltr'><strong><em>genuit,</em></strong></span> <span class='ocrx_word' id='word_1_225' title='bbox 1075 2825 1346 2893; x_wconf 88' lang='lat' dir='ltr'><strong><em>gothicum</em></strong></span> <span class='ocrx_word' id='word_1_226' title='bbox 1381 2824 1454 2893; x_wconf 67' lang='grc' dir='ltr'><strong><em>Ως</em></strong></span> <span class='ocrx_word' id='word_1_227' title='bbox 1486 2827 1576 2882; x_wconf 90' lang='lat' dir='ltr'><strong><em>ubi</em></strong></span> <span class='ocrx_word' id='word_1_228' title='bbox 1603 2841 1732 2883; x_wconf 85' lang='lat' dir='ltr'><strong><em>vero</em></strong></span> <span class='ocrx_word' id='word_1_229' title='bbox 1758 2831 2017 2899; x_wconf 86' lang='lat' dir='ltr'><strong><em>asperior,</em></strong></span> <span class='ocrx_word' id='word_1_230' title='bbox 2044 2842 2102 2886; x_wconf 93' lang='lat' dir='ltr'><strong><em>ut</em></strong></span> 
     </span>
    </p>
   </div>
   <div class='ocr_carea' id='block_1_32' title="bbox 514 2908 2101 2983">
    <p class='ocr_par' dir='ltr' id='par_1_32' title="bbox 514 2908 2101 2983">
     <span class='ocr_line' id='line_1_32' title="bbox 514 2908 2101 2983; baseline 0.013 -20"><span class='ocrx_word' id='word_1_231' title='bbox 514 2912 569 2964; x_wconf 88' lang='lat' dir='ltr'><strong><em>in</em></strong></span> <span class='ocrx_word' id='word_1_232' title='bbox 600 2908 827 2979; x_wconf 77' lang='lat' dir='ltr'><strong><em>Gabriel,</em></strong></span> <span class='ocrx_word' id='word_1_233' title='bbox 850 2923 886 2967; x_wconf 75' lang='grc' dir='ltr'>ι’</span> <span class='ocrx_word' id='word_1_234' title='bbox 910 2913 1215 2972; x_wconf 83' lang='lat' dir='ltr'><strong><em>adhibetur.</em></strong></span> <span class='ocrx_word' id='word_1_235' title='bbox 1245 2918 1446 2975; x_wconf 81' lang='lat' dir='ltr'><strong><em>Eodem</em></strong></span> <span class='ocrx_word' id='word_1_236' title='bbox 1482 2922 1643 2977; x_wconf 91' lang='lat' dir='ltr'><strong><em>modo</em></strong></span> <span class='ocrx_word' id='word_1_237' title='bbox 1672 2938 1785 2979; x_wconf 86' lang='lat' dir='ltr'><strong><em>rem</em></strong></span> <span class='ocrx_word' id='word_1_238' title='bbox 1822 2926 2101 2983; x_wconf 79' lang='lat' dir='ltr'><strong><em>intellexe-</em></strong></span> 
     </span>
    </p>
   </div>
   <div class='ocr_carea' id='block_1_33' title="bbox 511 3004 2097 3087">
    <p class='ocr_par' dir='ltr' id='par_1_33' title="bbox 511 3004 2097 3087">
     <span class='ocr_line' id='line_1_33' title="bbox 511 3004 2097 3087; baseline 0.011 -29"><span class='ocrx_word' id='word_1_239' title='bbox 511 3014 640 3059; x_wconf 85' lang='lat' dir='ltr'><strong><em>runt</em></strong></span> <span class='ocrx_word' id='word_1_240' title='bbox 665 3004 751 3060; x_wconf 84' lang='lat' dir='ltr'><strong><em>W.</em></strong></span> <span class='ocrx_word' id='word_1_241' title='bbox 776 3004 1067 3064; x_wconf 82' lang='lat' dir='ltr'><strong><em>Grimmius</em></strong></span> <span class='ocrx_word' id='word_1_242' title='bbox 1100 3020 1156 3067; x_wconf 89' lang='lat' dir='ltr'><strong><em>et</em></strong></span> <span class='ocrx_word' id='word_1_243' title='bbox 1186 3010 1579 3083; x_wconf 79' lang='lat' dir='ltr'><strong><em>Massmannus,</em></strong></span> <span class='ocrx_word' id='word_1_244' title='bbox 1614 3031 1840 3085; x_wconf 88' lang='lat' dir='ltr'><strong><em>quorum</em></strong></span> <span class='ocrx_word' id='word_1_245' title='bbox 1872 3021 2016 3087; x_wconf 88' lang='lat' dir='ltr'><strong><em>prior</em></strong></span> <span class='ocrx_word' id='word_1_246' title='bbox 2044 3021 2097 3076; x_wconf 91' lang='lat' dir='ltr'><strong><em>in</em></strong></span> 
     </span>
    </p>
   </div>
   <div class='ocr_carea' id='block_1_34' title="bbox 509 3099 2098 3182">
    <p class='ocr_par' dir='ltr' id='par_1_34' title="bbox 509 3099 2098 3182">
     <span class='ocr_line' id='line_1_34' title="bbox 509 3099 2098 3182; baseline 0.011 -33"><span class='ocrx_word' id='word_1_247' title='bbox 509 3099 791 3154; x_wconf 70' lang='lat' dir='ltr'><strong><em>Viennensi</em></strong></span> <span class='ocrx_word' id='word_1_248' title='bbox 832 3099 1014 3156; x_wconf 87' lang='lat' dir='ltr'><strong><em>Jahrb.</em></strong></span> <span class='ocrx_word' id='word_1_249' title='bbox 1059 3118 1110 3172; x_wconf 89' lang='lat' dir='ltr'><strong><em>p.</em></strong></span> <span class='ocrx_word' id='word_1_250' title='bbox 1157 3106 1246 3175; x_wconf 74' lang='grc'><strong><em>15,</em></strong></span> <span class='ocrx_word' id='word_1_251' title='bbox 1289 3109 1559 3179; x_wconf 87' lang='lat' dir='ltr'><strong><em>posterior</em></strong></span> <span class='ocrx_word' id='word_1_252' title='bbox 1607 3111 1659 3165; x_wconf 92' lang='lat' dir='ltr'><strong><em>in</em></strong></span> <span class='ocrx_word' id='word_1_253' title='bbox 1701 3110 1914 3182; x_wconf 87' lang='lat' dir='ltr'><strong><em>Hauptii</em></strong></span> <span class='ocrx_word' id='word_1_254' title='bbox 1954 3114 2098 3168; x_wconf 83' lang='lat' dir='ltr'><strong><em>Zeit-</em></strong></span> 
     </span>
    </p>
   </div>
   <div class='ocr_carea' id='block_1_35' title="bbox 507 3193 2096 3280">
    <p class='ocr_par' dir='ltr' id='par_1_35' title="bbox 507 3193 2096 3280">
     <span class='ocr_line' id='line_1_35' title="bbox 507 3193 2096 3280; baseline 0.009 -33"><span class='ocrx_word' id='word_1_255' title='bbox 507 3195 693 3267; x_wconf 75' lang='lat' dir='ltr'><strong><em>ochrift</em></strong></span> <span class='ocrx_word' id='word_1_256' title='bbox 723 3216 772 3269; x_wconf 73' lang='grc' dir='ltr'><strong>ῃ,</strong></span> <span class='ocrx_word' id='word_1_257' title='bbox 791 3193 921 3262; x_wconf 79' lang='grc'><strong>299,</strong></span> <span class='ocrx_word' id='word_1_258' title='bbox 942 3196 1214 3253; x_wconf 77' lang='lat' dir='ltr'><strong><em>afﬁrmant</em></strong></span> <span class='ocrx_word' id='word_1_259' title='bbox 1233 3202 1448 3271; x_wconf 86' lang='lat' dir='ltr'><strong><em>quidem</em></strong></span> <span class='ocrx_word' id='word_1_260' title='bbox 1480 3203 1582 3260; x_wconf 88' lang='lat' dir='ltr'><strong><em>hoc</em></strong></span> <span class='ocrx_word' id='word_1_261' title='bbox 1604 3209 1904 3276; x_wconf 80' lang='lat' dir='ltr'><strong><em>exemplum</em></strong></span> <span class='ocrx_word' id='word_1_262' title='bbox 1925 3212 2096 3280; x_wconf 81' lang='lat' dir='ltr'><strong><em>genuit</em></strong></span> 
     </span>
    </p>
   </div>
   <div class='ocr_carea' id='block_1_36' title="bbox 511 3284 2097 3370">
    <p class='ocr_par' dir='ltr' id='par_1_36' title="bbox 511 3284 2097 3370">
     <span class='ocr_line' id='line_1_36' title="bbox 511 3284 2097 3370; baseline 0.009 -29"><span class='ocrx_word' id='word_1_263' title='bbox 511 3285 590 3341; x_wconf 82' lang='lat' dir='ltr'><strong><em>rei</em></strong></span> <span class='ocrx_word' id='word_1_264' title='bbox 617 3284 816 3339; x_wconf 89' lang='lat' dir='ltr'><strong><em>nullam</em></strong></span> <span class='ocrx_word' id='word_1_265' title='bbox 838 3287 1029 3343; x_wconf 75' lang='lat' dir='ltr'><strong><em>aderre</em></strong></span> <span class='ocrx_word' id='word_1_266' title='bbox 1055 3289 1250 3359; x_wconf 87' lang='lat' dir='ltr'><strong><em>lucem,</em></strong></span> <span class='ocrx_word' id='word_1_267' title='bbox 1272 3307 1438 3364; x_wconf 86' lang='lat' dir='ltr'><strong><em>seque</em></strong></span> <span class='ocrx_word' id='word_1_268' title='bbox 1462 3296 1622 3352; x_wconf 85' lang='lat' dir='ltr'><strong><em>malle</em></strong></span> <span class='ocrx_word' id='word_1_269' title='bbox 1651 3299 1970 3355; x_wconf 82' lang='lat' dir='ltr'><strong><em>vocabulum</em></strong></span> <span class='ocrx_word' id='word_1_270' title='bbox 2003 3319 2097 3370; x_wconf 81' lang='lat' dir='ltr'><strong><em>per</em></strong></span> 
     </span>
    </p>
   </div>
   <div class='ocr_carea' id='block_1_37' title="bbox 506 3377 2093 3458">
    <p class='ocr_par' dir='ltr' id='par_1_37' title="bbox 506 3377 2093 3458">
     <span class='ocr_line' id='line_1_37' title="bbox 506 3377 2093 3458; baseline 0.012 -27"><span class='ocrx_word' id='word_1_271' title='bbox 506 3388 539 3431; x_wconf 71' lang='grc' dir='ltr'><em>δ</em></span> <span class='ocrx_word' id='word_1_272' title='bbox 567 3377 845 3447; x_wconf 81' lang='lat' dir='ltr'><strong><em>incipiens,</em></strong></span> <span class='ocrx_word' id='word_1_273' title='bbox 877 3392 957 3444; x_wconf 88' lang='lat' dir='ltr'><strong><em>ut,</em></strong></span> <span class='ocrx_word' id='word_1_274' title='bbox 988 3385 1186 3448; x_wconf 88' lang='lat' dir='ltr'><strong><em>lorsan,</em></strong></span> <span class='ocrx_word' id='word_1_275' title='bbox 1201 3387 1440 3458; x_wconf 80' lang='lat' dir='ltr'><strong><em>jadaius.</em></strong></span> <span class='ocrx_word' id='word_1_276' title='bbox 1474 3390 1584 3444; x_wconf 89' lang='lat' dir='ltr'><strong><em>lloc</em></strong></span> <span class='ocrx_word' id='word_1_277' title='bbox 1608 3390 1771 3446; x_wconf 84' lang='lat' dir='ltr'><strong><em>etiam</em></strong></span> <span class='ocrx_word' id='word_1_278' title='bbox 1799 3393 1974 3449; x_wconf 83' lang='lat' dir='ltr'><strong><em>obiter</em></strong></span> <span class='ocrx_word' id='word_1_279' title='bbox 2013 3396 2093 3449; x_wconf 78' lang='lat' dir='ltr'><strong><em>di-</em></strong></span> 
     </span>
    </p>
   </div>
   <div class='ocr_carea' id='block_1_38' title="bbox 503 3473 2093 3556">
    <p class='ocr_par' dir='ltr' id='par_1_38' title="bbox 503 3473 2093 3556">
     <span class='ocr_line' id='line_1_38' title="bbox 503 3473 2093 3556; baseline 0.01 -30"><span class='ocrx_word' id='word_1_280' title='bbox 503 3473 738 3527; x_wconf 83' lang='lat' dir='ltr'><strong><em>cendum</em></strong></span> <span class='ocrx_word' id='word_1_281' title='bbox 765 3482 871 3541; x_wconf 87' lang='lat' dir='ltr'><strong><em>est,</em></strong></span> <span class='ocrx_word' id='word_1_282' title='bbox 902 3473 1172 3532; x_wconf 88' lang='lat' dir='ltr'><strong><em>immerito</em></strong></span> <span class='ocrx_word' id='word_1_283' title='bbox 1201 3478 1310 3549; x_wconf 82' lang='lat' dir='ltr'><strong><em>Lyc</em></strong></span> <span class='ocrx_word' id='word_1_284' title='bbox 1338 3494 1391 3549; x_wconf 92' lang='lat' dir='ltr'><strong><em>p.</em></strong></span> <span class='ocrx_word' id='word_1_285' title='bbox 1439 3478 1680 3548; x_wconf 80' lang='lat' dir='ltr'><strong><em>XXXIX,</em></strong></span> <span class='ocrx_word' id='word_1_286' title='bbox 1708 3481 1757 3546; x_wconf 58' lang='grc' dir='ltr'><strong><em>(ᾖ</em></strong></span> <span class='ocrx_word' id='word_1_287' title='bbox 1796 3498 1893 3554; x_wconf 88' lang='lat' dir='ltr'><strong><em>pro</em></strong></span> <span class='ocrx_word' id='word_1_288' title='bbox 1917 3501 2093 3556; x_wconf 55' lang='lat' dir='ltr'><strong><em>greco</em></strong></span> 
     </span>
    </p>
   </div>
   <div class='ocr_carea' id='block_1_39' title="bbox 512 3565 2094 3646">
    <p class='ocr_par' dir='ltr' id='par_1_39' title="bbox 512 3565 2094 3646">
     <span class='ocr_line' id='line_1_39' title="bbox 512 3565 2094 3646; baseline 0.011 -28"><span class='ocrx_word' id='word_1_289' title='bbox 512 3586 531 3618; x_wconf 69' lang='grc' dir='ltr'><strong><em>ι</em></strong></span> <span class='ocrx_word' id='word_1_290' title='bbox 556 3565 832 3635; x_wconf 84' lang='lat' dir='ltr'><strong><em>accepisse</em></strong></span> <span class='ocrx_word' id='word_1_291' title='bbox 862 3567 1015 3635; x_wconf 91' lang='lat' dir='ltr'><strong><em>ideo,</em></strong></span> <span class='ocrx_word' id='word_1_292' title='bbox 1040 3571 1185 3640; x_wconf 89' lang='lat' dir='ltr'><strong><em>quod</em></strong></span> <span class='ocrx_word' id='word_1_293' title='bbox 1219 3571 1369 3642; x_wconf 89' lang='lat' dir='ltr'><strong><em>gotb.</em></strong></span> <span class='ocrx_word' id='word_1_294' title='bbox 1392 3574 1689 3646; x_wconf 82' lang='lat' dir='ltr'><strong><em>iskarjotes,</em></strong></span> <span class='ocrx_word' id='word_1_295' title='bbox 1718 3592 1897 3646; x_wconf 73' lang='lat' dir='ltr'><strong><em>graeco</em></strong></span> <span class='ocrx_word' id='word_1_296' title='bbox 1938 3580 2094 3637; x_wconf 66' lang='grc' dir='ltr'><strong><em>ἰσκαη</em></strong></span> 
     </span>
    </p>
   </div>
   <div class='ocr_carea' id='block_1_40' title="bbox 506 3661 2091 3741">
    <p class='ocr_par' dir='ltr' id='par_1_40' title="bbox 506 3661 2091 3741">
     <span class='ocr_line' id='line_1_40' title="bbox 506 3661 2091 3741; baseline 0.013 -31"><span class='ocrx_word' id='word_1_297' title='bbox 506 3661 695 3720; x_wconf 73' lang='grc' dir='ltr'><strong><em>ριὼτης</em></strong></span> <span class='ocrx_word' id='word_1_298' title='bbox 718 3661 1098 3729; x_wconf 82' lang='lat' dir='ltr'><strong><em>responderet;</em></strong></span> <span class='ocrx_word' id='word_1_299' title='bbox 1118 3673 1174 3718; x_wconf 89' lang='lat' dir='ltr'><strong><em>et</em></strong></span> <span class='ocrx_word' id='word_1_300' title='bbox 1202 3663 1321 3721; x_wconf 79' lang='lat' dir='ltr'><strong><em>llire</em></strong></span> <span class='ocrx_word' id='word_1_301' title='bbox 1343 3682 1393 3736; x_wconf 92' lang='lat' dir='ltr'><strong><em>p.</em></strong></span> <span class='ocrx_word' id='word_1_302' title='bbox 1418 3665 1527 3722; x_wconf 68' lang='lat'><strong>202</strong></span> <span class='ocrx_word' id='word_1_303' title='bbox 1553 3668 1706 3737; x_wconf 87' lang='lat' dir='ltr'><strong><em>(edit.</em></strong></span> <span class='ocrx_word' id='word_1_304' title='bbox 1733 3670 1953 3741; x_wconf 75' lang='lat' dir='ltr'><strong><em>Busch.)</em></strong></span> <span class='ocrx_word' id='word_1_305' title='bbox 1969 3686 2091 3729; x_wconf 87' lang='lat' dir='ltr'><strong><em>cum</em></strong></span> 
     </span>
    </p>
   </div>
   <div class='ocr_carea' id='block_1_41' title="bbox 512 3750 2095 3836">
    <p class='ocr_par' dir='ltr' id='par_1_41' title="bbox 512 3750 2095 3836">
     <span class='ocr_line' id='line_1_41' title="bbox 512 3750 2095 3836; baseline 0.011 -31"><span class='ocrx_word' id='word_1_306' title='bbox 512 3751 617 3805; x_wconf 90' lang='lat' dir='ltr'><strong><em>leui</em></strong></span> <span class='ocrx_word' id='word_1_307' title='bbox 640 3750 908 3807; x_wconf 80' lang='lat' dir='ltr'><strong><em>sibilantis</em></strong></span> <span class='ocrx_word' id='word_1_308' title='bbox 936 3768 1071 3810; x_wconf 89' lang='lat' dir='ltr'><strong><em>sono</em></strong></span> <span class='ocrx_word' id='word_1_309' title='bbox 1100 3755 1228 3812; x_wconf 92' lang='lat' dir='ltr'><strong><em>illud</em></strong></span> <span class='ocrx_word' id='word_1_310' title='bbox 1254 3760 1629 3827; x_wconf 85' lang='lat' dir='ltr'><strong><em>prolerendum</em></strong></span> <span class='ocrx_word' id='word_1_311' title='bbox 1648 3765 1969 3835; x_wconf 79' lang='lat' dir='ltr'><strong><em>asseruisse,</em></strong></span> <span class='ocrx_word' id='word_1_312' title='bbox 1998 3768 2095 3836; x_wconf 84' lang='lat' dir='ltr'><strong><em>qui</em></strong></span> 
     </span>
    </p>
   </div>
   <div class='ocr_carea' id='block_1_42' title="bbox 505 3846 2093 3924">
    <p class='ocr_par' dir='ltr' id='par_1_42' title="bbox 505 3846 2093 3924">
     <span class='ocr_line' id='line_1_42' title="bbox 505 3846 2093 3924; baseline 0.012 -25"><span class='ocrx_word' id='word_1_313' title='bbox 505 3846 752 3902; x_wconf 84' lang='lat' dir='ltr'><strong><em>eruditus</em></strong></span> <span class='ocrx_word' id='word_1_314' title='bbox 787 3850 870 3902; x_wconf 79' lang='lat' dir='ltr'><strong><em>vir</em></strong></span> <span class='ocrx_word' id='word_1_315' title='bbox 920 3849 977 3904; x_wconf 92' lang='lat' dir='ltr'><strong><em>in</em></strong></span> <span class='ocrx_word' id='word_1_316' title='bbox 1022 3850 1127 3907; x_wconf 88' lang='lat' dir='ltr'><strong><em>hoc</em></strong></span> <span class='ocrx_word' id='word_1_317' title='bbox 1167 3852 1507 3924; x_wconf 77' lang='lat' dir='ltr'><strong><em>conjicienda</em></strong></span> <span class='ocrx_word' id='word_1_318' title='bbox 1542 3858 1571 3923; x_wconf 76' lang='grc' dir='ltr'><strong>ξ</strong></span> <span class='ocrx_word' id='word_1_319' title='bbox 1609 3857 1854 3915; x_wconf 87' lang='lat' dir='ltr'><strong><em>eamdem</em></strong></span> <span class='ocrx_word' id='word_1_320' title='bbox 1905 3861 2093 3918; x_wconf 83' lang='lat' dir='ltr'><strong><em>sedem</em></strong></span> 
     </span>
    </p>
   </div>
   <div class='ocr_carea' id='block_1_43' title="bbox 504 3940 2093 4021">
    <p class='ocr_par' dir='ltr' id='par_1_43' title="bbox 504 3940 2093 4021">
     <span class='ocr_line' id='line_1_43' title="bbox 504 3940 2093 4021; baseline 0.012 -29"><span class='ocrx_word' id='word_1_321' title='bbox 504 3952 775 4009; x_wconf 78' lang='lat' dir='ltr'><strong><em>occtipans</em></strong></span> <span class='ocrx_word' id='word_1_322' title='bbox 806 3940 857 3993; x_wconf 91' lang='lat' dir='ltr'><strong><em>in</em></strong></span> <span class='ocrx_word' id='word_1_323' title='bbox 883 3941 1171 4012; x_wconf 86' lang='lat' dir='ltr'><strong><em>alphabeto</em></strong></span> <span class='ocrx_word' id='word_1_324' title='bbox 1189 3958 1368 4016; x_wconf 63' lang='lat' dir='ltr'><strong><em>greco</em></strong></span> <span class='ocrx_word' id='word_1_325' title='bbox 1387 3956 1546 4020; x_wconf 88' lang='lat' dir='ltr'><strong><em>atque</em></strong></span> <span class='ocrx_word' id='word_1_326' title='bbox 1565 3947 1624 4015; x_wconf 72' lang='grc' dir='ltr'><strong><em>(Ξ,</em></strong></span> <span class='ocrx_word' id='word_1_327' title='bbox 1646 3950 1701 4006; x_wconf 90' lang='lat' dir='ltr'><strong><em>in</em></strong></span> <span class='ocrx_word' id='word_1_328' title='bbox 1726 3951 1941 4021; x_wconf 88' lang='lat' dir='ltr'><strong><em>gothico</em></strong></span> <span class='ocrx_word' id='word_1_329' title='bbox 1965 3965 2093 4011; x_wconf 87' lang='lat' dir='ltr'><strong><em>ante</em></strong></span> 
     </span>
    </p>
   </div>
   <div class='ocr_carea' id='block_1_44' title="bbox 505 4030 1961 4092">
    <p class='ocr_par' dir='ltr' id='par_1_44' title="bbox 505 4030 1961 4092">
     <span class='ocr_line' id='line_1_44' title="bbox 505 4030 1961 4092; baseline 0.011 -8"><span class='ocrx_word' id='word_1_330' title='bbox 505 4030 692 4086; x_wconf 84' lang='lat' dir='ltr'><strong><em>oculos</em></strong></span> <span class='ocrx_word' id='word_1_331' title='bbox 712 4031 1077 4090; x_wconf 87' lang='lat' dir='ltr'><strong><em>verisimiliter</em></strong></span> <span class='ocrx_word' id='word_1_332' title='bbox 1104 4034 1306 4092; x_wconf 84' lang='lat' dir='ltr'><strong><em>habuit.</em></strong></span> <span class='ocrx_word' id='word_1_333' title='bbox 1956 4038 1961 4041; x_wconf 71' lang='grc'><em>’</em></span> 
     </span>
    </p>
   </div>
   <div class='ocr_carea' id='block_1_45' title="bbox 584 4147 2095 4237">
    <p class='ocr_par' dir='ltr' id='par_1_45' title="bbox 584 4147 2095 4237">
     <span class='ocr_line' id='line_1_45' title="bbox 584 4147 2095 4237; baseline 0.017 -38"><span class='ocrx_word' id='word_1_334' title='bbox 584 4168 607 4199; x_wconf 74' lang='grc' dir='ltr'><strong><em>ι</em></strong></span> <span class='ocrx_word' id='word_1_335' title='bbox 631 4147 706 4213; x_wconf 88' lang='lat' dir='ltr'><strong><em>ll,</em></strong></span> <span class='ocrx_word' id='word_1_336' title='bbox 729 4149 774 4202; x_wconf 86' lang='lat' dir='ltr'><strong><em>si</em></strong></span> <span class='ocrx_word' id='word_1_337' title='bbox 805 4161 835 4203; x_wconf 90' lang='lat' dir='ltr'><strong><em>e</em></strong></span> <span class='ocrx_word' id='word_1_338' title='bbox 856 4148 1020 4203; x_wconf 87' lang='lat' dir='ltr'><strong><em>latino</em></strong></span> <span class='ocrx_word' id='word_1_339' title='bbox 1044 4166 1079 4203; x_wconf 91' lang='lat' dir='ltr'><strong><em>n</em></strong></span> <span class='ocrx_word' id='word_1_340' title='bbox 1099 4164 1204 4205; x_wconf 91' lang='lat' dir='ltr'><strong><em>non</em></strong></span> <span class='ocrx_word' id='word_1_341' title='bbox 1225 4152 1528 4226; x_wconf 87' lang='lat' dir='ltr'><strong><em>deducitur,</em></strong></span> <span class='ocrx_word' id='word_1_342' title='bbox 1546 4161 1819 4230; x_wconf 90' lang='lat' dir='ltr'><strong><em>proprium</em></strong></span> <span class='ocrx_word' id='word_1_343' title='bbox 1837 4172 1983 4223; x_wconf 87' lang='lat' dir='ltr'><strong><em>esset</em></strong></span> <span class='ocrx_word' id='word_1_344' title='bbox 1995 4181 2095 4237; x_wconf 85' lang='lat' dir='ltr'><strong><em>go-</em></strong></span> 
     </span>
    </p>
   </div>
   <div class='ocr_carea' id='block_1_46' title="bbox 506 4243 2087 4332">
    <p class='ocr_par' dir='ltr' id='par_1_46' title="bbox 506 4243 2087 4332">
     <span class='ocr_line' id='line_1_46' title="bbox 506 4243 2087 4332; baseline 0.013 -35"><span class='ocrx_word' id='word_1_345' title='bbox 506 4243 634 4297; x_wconf 78' lang='lat' dir='ltr'><strong><em>thiri</em></strong></span> <span class='ocrx_word' id='word_1_346' title='bbox 677 4245 940 4314; x_wconf 74' lang='lat' dir='ltr'><strong><em>alpliaheti</em></strong></span> <span class='ocrx_word' id='word_1_347' title='bbox 976 4246 1217 4332; x_wconf 70' lang='lat' dir='ltr'><strong><em>signum;</em></strong></span> <span class='ocrx_word' id='word_1_348' title='bbox 1240 4250 1336 4306; x_wconf 90' lang='lat' dir='ltr'><strong><em>sed</em></strong></span> <span class='ocrx_word' id='word_1_349' title='bbox 1358 4267 1516 4309; x_wconf 90' lang='lat' dir='ltr'><strong><em>nemo</em></strong></span> <span class='ocrx_word' id='word_1_350' title='bbox 1535 4270 1668 4312; x_wconf 88' lang='lat' dir='ltr'><strong><em>sane</em></strong></span> <span class='ocrx_word' id='word_1_351' title='bbox 1683 4272 1877 4328; x_wconf 80' lang='lat' dir='ltr'><strong><em>negare</em></strong></span> <span class='ocrx_word' id='word_1_352' title='bbox 1890 4271 2087 4332; x_wconf 88' lang='lat' dir='ltr'><strong><em>potest,</em></strong></span> 
     </span>
    </p>
   </div>
   <div class='ocr_carea' id='block_1_47' title="bbox 504 4314 2093 4419">
    <p class='ocr_par' dir='ltr' id='par_1_47' title="bbox 504 4314 2093 4419">
     <span class='ocr_line' id='line_1_47' title="bbox 504 4314 2093 4419; baseline 0.014 -31"><span class='ocrx_word' id='word_1_353' title='bbox 504 4338 607 4388; x_wconf 84' lang='lat' dir='ltr'><strong><em>hoc</em></strong></span> <span class='ocrx_word' id='word_1_354' title='bbox 640 4339 822 4392; x_wconf 59' lang='lat' dir='ltr'><strong><em>runicti</em></strong></span> <span class='ocrx_word' id='word_1_355' title='bbox 852 4337 930 4392; x_wconf 88' lang='lat' dir='ltr'><strong><em>Ur</em></strong></span> <span class='ocrx_word' id='word_1_356' title='bbox 957 4314 1105 4412; x_wconf 74' lang='grc' dir='ltr'><strong>(Γι)</strong></span> <span class='ocrx_word' id='word_1_357' title='bbox 1134 4341 1363 4397; x_wconf 86' lang='lat' dir='ltr'><strong><em>similius</em></strong></span> <span class='ocrx_word' id='word_1_358' title='bbox 1399 4360 1544 4414; x_wconf 85' lang='lat' dir='ltr'><strong><em>esse,</em></strong></span> <span class='ocrx_word' id='word_1_359' title='bbox 1575 4364 1731 4419; x_wconf 89' lang='lat' dir='ltr'><strong><em>quam</em></strong></span> <span class='ocrx_word' id='word_1_360' title='bbox 1760 4363 1817 4406; x_wconf 90' lang='lat' dir='ltr'><strong><em>ut</em></strong></span> <span class='ocrx_word' id='word_1_361' title='bbox 1844 4368 2007 4409; x_wconf 89' lang='lat' dir='ltr'><strong><em>unum</em></strong></span> <span class='ocrx_word' id='word_1_362' title='bbox 2036 4366 2093 4411; x_wconf 86' lang='lat' dir='ltr'><strong><em>et</em></strong></span> 
     </span>
    </p>
   </div>
   <div class='ocr_carea' id='block_1_48' title="bbox 503 4428 2088 4511">
    <p class='ocr_par' dir='ltr' id='par_1_48' title="bbox 503 4428 2088 4511">
     <span class='ocr_line' id='line_1_48' title="bbox 503 4428 2088 4511; baseline 0.015 -32"><span class='ocrx_word' id='word_1_363' title='bbox 503 4428 652 4481; x_wconf 87' lang='lat' dir='ltr'><strong><em>idem</em></strong></span> <span class='ocrx_word' id='word_1_364' title='bbox 700 4442 804 4481; x_wconf 85' lang='lat' dir='ltr'><strong><em>non</em></strong></span> <span class='ocrx_word' id='word_1_365' title='bbox 844 4442 1135 4498; x_wconf 80' lang='lat' dir='ltr'><strong><em>asseratur,</em></strong></span> <span class='ocrx_word' id='word_1_366' title='bbox 1183 4436 1544 4500; x_wconf 75' lang='lat' dir='ltr'><strong><em>prmcuntibus</em></strong></span> <span class='ocrx_word' id='word_1_367' title='bbox 1583 4439 1693 4510; x_wconf 85' lang='lat' dir='ltr'><strong><em>Lyc</em></strong></span> <span class='ocrx_word' id='word_1_368' title='bbox 1737 4458 1791 4510; x_wconf 92' lang='lat' dir='ltr'><strong><em>p.</em></strong></span> <span class='ocrx_word' id='word_1_369' title='bbox 1842 4442 2088 4511; x_wconf 83' lang='lat' dir='ltr'><strong><em>XXXIX,</em></strong></span> 
     </span>
    </p>
   </div>
   <div class='ocr_carea' id='block_1_49' title="bbox 504 4517 2089 4594">
    <p class='ocr_par' dir='ltr' id='par_1_49' title="bbox 504 4517 2089 4594">
     <span class='ocr_line' id='line_1_49' title="bbox 504 4517 2089 4594; baseline 0.013 -22"><span class='ocrx_word' id='word_1_370' title='bbox 504 4517 789 4582; x_wconf 72' lang='lat' dir='ltr'><strong><em>(irimmio,</em></strong></span> <span class='ocrx_word' id='word_1_371' title='bbox 825 4518 1003 4574; x_wconf 78' lang='lat' dir='ltr'><strong><em>Runen</em></strong></span> <span class='ocrx_word' id='word_1_372' title='bbox 1034 4523 1126 4590; x_wconf 75' lang='grc'><strong>45,</strong></span> <span class='ocrx_word' id='word_1_373' title='bbox 1162 4534 1216 4579; x_wconf 91' lang='lat' dir='ltr'><strong><em>et</em></strong></span> <span class='ocrx_word' id='word_1_374' title='bbox 1266 4525 1512 4594; x_wconf 80' lang='lat' dir='ltr'><strong><em>Waitzio,</em></strong></span> <span class='ocrx_word' id='word_1_375' title='bbox 1548 4532 1584 4584; x_wconf 93' lang='lat' dir='ltr'><strong><em>l.</em></strong></span> <span class='ocrx_word' id='word_1_376' title='bbox 1630 4532 1667 4587; x_wconf 92' lang='lat' dir='ltr'><strong><em>l.</em></strong></span> <span class='ocrx_word' id='word_1_377' title='bbox 1700 4532 1790 4589; x_wconf 71' lang='lat'><strong><em>52.</em></strong></span> <span class='ocrx_word' id='word_1_378' title='bbox 1821 4532 2089 4593; x_wconf 77' lang='lat' dir='ltr'><strong><em>Cmterum</em></strong></span> 
     </span>
    </p>
   </div>
   <div class='ocr_carea' id='block_1_50' title="bbox 503 4607 2090 4701">
    <p class='ocr_par' dir='ltr' id='par_1_50' title="bbox 503 4607 2090 4701">
     <span class='ocr_line' id='line_1_50' title="bbox 503 4607 2090 4701; baseline 0.018 -42"><span class='ocrx_word' id='word_1_379' title='bbox 503 4607 672 4662; x_wconf 88' lang='lat' dir='ltr'><strong><em>altera</em></strong></span> <span class='ocrx_word' id='word_1_380' title='bbox 711 4611 941 4677; x_wconf 75' lang='lat' dir='ltr'><strong><em>prolatio</em></strong></span> <span class='ocrx_word' id='word_1_381' title='bbox 972 4627 1132 4669; x_wconf 85' lang='lat' dir='ltr'><strong><em>causa</em></strong></span> <span class='ocrx_word' id='word_1_382' title='bbox 1165 4625 1267 4679; x_wconf 88' lang='lat' dir='ltr'><strong><em>est,</em></strong></span> <span class='ocrx_word' id='word_1_383' title='bbox 1312 4632 1408 4673; x_wconf 89' lang='lat' dir='ltr'><strong><em>cur</em></strong></span> <span class='ocrx_word' id='word_1_384' title='bbox 1448 4625 1875 4691; x_wconf 72' lang='lat' dir='ltr'><strong><em>gnem-latinum</em></strong></span> <span class='ocrx_word' id='word_1_385' title='bbox 1906 4629 1951 4683; x_wconf 87' lang='lat'><strong>0</strong></span> <span class='ocrx_word' id='word_1_386' title='bbox 1993 4646 2090 4701; x_wconf 93' lang='lat' dir='ltr'><strong><em>pro</em></strong></span> 
     </span>
    </p>
   </div>
   <div class='ocr_carea' id='block_1_51' title="bbox 507 4702 2092 4787">
    <p class='ocr_par' dir='ltr' id='par_1_51' title="bbox 507 4702 2092 4787">
     <span class='ocr_line' id='line_1_51' title="bbox 507 4702 2092 4787; baseline 0.016 -36"><span class='ocrx_word' id='word_1_387' title='bbox 507 4710 642 4753; x_wconf 85' lang='lat' dir='ltr'><strong><em>sono</em></strong></span> <span class='ocrx_word' id='word_1_388' title='bbox 674 4715 706 4752; x_wconf 81' lang='grc' dir='ltr'><strong><em>ιι</em></strong></span> <span class='ocrx_word' id='word_1_389' title='bbox 738 4714 842 4754; x_wconf 88' lang='lat' dir='ltr'><strong><em>non</em></strong></span> <span class='ocrx_word' id='word_1_390' title='bbox 875 4702 1047 4758; x_wconf 79' lang='lat' dir='ltr'><strong><em>eleCta</em></strong></span> <span class='ocrx_word' id='word_1_391' title='bbox 1078 4704 1177 4760; x_wconf 86' lang='lat' dir='ltr'><strong><em>fuit</em></strong></span> <span class='ocrx_word' id='word_1_392' title='bbox 1201 4722 1216 4760; x_wconf 92' lang='lat'><strong>:</strong></span> <span class='ocrx_word' id='word_1_393' title='bbox 1249 4706 1417 4763; x_wconf 90' lang='lat' dir='ltr'><strong><em>forma</em></strong></span> <span class='ocrx_word' id='word_1_394' title='bbox 1444 4713 1588 4768; x_wconf 90' lang='lat' dir='ltr'><strong><em>enim</em></strong></span> <span class='ocrx_word' id='word_1_395' title='bbox 1617 4715 1783 4770; x_wconf 87' lang='lat' dir='ltr'><strong><em>latina</em></strong></span> <span class='ocrx_word' id='word_1_396' title='bbox 1810 4716 1849 4773; x_wconf 89' lang='lat' dir='ltr'><strong>U</strong></span> <span class='ocrx_word' id='word_1_397' title='bbox 1877 4734 1973 4787; x_wconf 90' lang='lat' dir='ltr'><strong><em>pro</em></strong></span> <span class='ocrx_word' id='word_1_398' title='bbox 1996 4736 2092 4778; x_wconf 84' lang='lat' dir='ltr'><strong><em>vo-</em></strong></span> 
     </span>
    </p>
   </div>
   <div class='ocr_carea' id='block_1_52' title="bbox 503 4791 2084 4870">
    <p class='ocr_par' dir='ltr' id='par_1_52' title="bbox 503 4791 2084 4870">
     <span class='ocr_line' id='line_1_52' title="bbox 503 4791 2084 4870; baseline 0.014 -25"><span class='ocrx_word' id='word_1_399' title='bbox 503 4791 606 4846; x_wconf 87' lang='lat' dir='ltr'><strong><em>cali</em></strong></span> <span class='ocrx_word' id='word_1_400' title='bbox 629 4804 878 4864; x_wconf 84' lang='lat' dir='ltr'><strong><em>usurpata</em></strong></span> <span class='ocrx_word' id='word_1_401' title='bbox 898 4797 1131 4852; x_wconf 89' lang='lat' dir='ltr'><strong><em>nondum</em></strong></span> <span class='ocrx_word' id='word_1_402' title='bbox 1155 4814 1183 4852; x_wconf 93' lang='lat' dir='ltr'><strong><em>a</em></strong></span> <span class='ocrx_word' id='word_1_403' title='bbox 1207 4808 1520 4859; x_wconf 87' lang='lat' dir='ltr'><strong><em>consonanti</em></strong></span> <span class='ocrx_word' id='word_1_404' title='bbox 1540 4806 1576 4861; x_wconf 85' lang='lat' dir='ltr'><strong>V</strong></span> <span class='ocrx_word' id='word_1_405' title='bbox 1592 4807 2084 4870; x_wconf 86' lang='lat' dir='ltr'><strong><em>discriminabatur.</em></strong></span> 
     </span>
    </p>
   </div>
   <div class='ocr_carea' id='block_1_53' title="bbox 582 4889 2090 4992">
    <p class='ocr_par' dir='ltr' id='par_1_53' title="bbox 582 4889 2090 4992">
     <span class='ocr_line' id='line_1_53' title="bbox 582 4889 2090 4992; baseline 0.017 -54"><span class='ocrx_word' id='word_1_406' title='bbox 582 4904 600 4937; x_wconf 72' lang='grc' dir='ltr'><strong><em>ι</em></strong></span> <span class='ocrx_word' id='word_1_407' title='bbox 640 4889 680 4941; x_wconf 84' lang='lat' dir='ltr'><strong><em>s</em></strong></span> <span class='ocrx_word' id='word_1_408' title='bbox 705 4902 801 4958; x_wconf 87' lang='lat' dir='ltr'><strong><em>pro</em></strong></span> <span class='ocrx_word' id='word_1_409' title='bbox 836 4904 932 4944; x_wconf 89' lang='lat' dir='ltr'><strong><em>sua</em></strong></span> <span class='ocrx_word' id='word_1_410' title='bbox 972 4892 1192 4960; x_wconf 87' lang='lat' dir='ltr'><strong><em>pristina</em></strong></span> <span class='ocrx_word' id='word_1_411' title='bbox 1227 4892 1395 4949; x_wconf 90' lang='lat' dir='ltr'><strong><em>forma</em></strong></span> <span class='ocrx_word' id='word_1_412' title='bbox 1425 4897 1648 4955; x_wconf 89' lang='lat' dir='ltr'><strong><em>latinum</em></strong></span> <span class='ocrx_word' id='word_1_413' title='bbox 1680 4913 1805 4970; x_wconf 87' lang='lat' dir='ltr'><strong><em>est;</em></strong></span> <span class='ocrx_word' id='word_1_414' title='bbox 1841 4904 2009 4961; x_wconf 90' lang='lat' dir='ltr'><strong><em>forma</em></strong></span> <span class='ocrx_word' id='word_1_415' title='bbox 2041 4895 2090 4992; x_wconf 73' lang='lat'><strong><em>(&#39;</em></strong></span> 
     </span>
    </p>
   </div>
   <div class='ocr_carea' id='block_1_54' title="bbox 503 4979 2088 5057">
    <p class='ocr_par' dir='ltr' id='par_1_54' title="bbox 503 4979 2088 5057">
     <span class='ocr_line' id='line_1_54' title="bbox 503 4979 2088 5057; baseline 0.015 -25"><span class='ocrx_word' id='word_1_416' title='bbox 503 4979 747 5051; x_wconf 76' lang='lat' dir='ltr'><strong><em>proxime</em></strong></span> <span class='ocrx_word' id='word_1_417' title='bbox 776 4982 1037 5039; x_wconf 81' lang='lat' dir='ltr'><strong><em>accedens</em></strong></span> <span class='ocrx_word' id='word_1_418' title='bbox 1067 4983 1133 5040; x_wconf 93' lang='lat' dir='ltr'><strong><em>ad</em></strong></span> <span class='ocrx_word' id='word_1_419' title='bbox 1161 5000 1404 5055; x_wconf 70' lang='lat' dir='ltr'><strong><em>graecum</em></strong></span> <span class='ocrx_word' id='word_1_420' title='bbox 1427 4989 1491 5057; x_wconf 91' lang='lat' dir='ltr'><strong><em>C,</em></strong></span> <span class='ocrx_word' id='word_1_421' title='bbox 1534 4991 1587 5047; x_wconf 90' lang='lat' dir='ltr'><strong><em>in</em></strong></span> <span class='ocrx_word' id='word_1_422' title='bbox 1632 4997 1920 5054; x_wconf 85' lang='lat' dir='ltr'><strong><em>recentiori</em></strong></span> <span class='ocrx_word' id='word_1_423' title='bbox 1948 4979 2088 5055; x_wconf 52' lang='lat' dir='ltr'><strong><em>seri.</em></strong></span> 
     </span>
    </p>
   </div>
   <div class='ocr_carea' id='block_1_55' title="bbox 504 5074 2085 5160">
    <p class='ocr_par' dir='ltr' id='par_1_55' title="bbox 504 5074 2085 5160">
     <span class='ocr_line' id='line_1_55' title="bbox 504 5074 2085 5160; baseline 0.014 -34"><span class='ocrx_word' id='word_1_424' title='bbox 504 5082 658 5143; x_wconf 87' lang='lat' dir='ltr'><strong><em>ptura</em></strong></span> <span class='ocrx_word' id='word_1_425' title='bbox 701 5074 766 5129; x_wconf 83' lang='lat' dir='ltr'><strong><em>ad</em></strong></span> <span class='ocrx_word' id='word_1_426' title='bbox 812 5077 1079 5131; x_wconf 86' lang='lat' dir='ltr'><strong><em>cursivam</em></strong></span> <span class='ocrx_word' id='word_1_427' title='bbox 1129 5079 1506 5152; x_wconf 87' lang='lat' dir='ltr'><strong><em>propinquanti</em></strong></span> <span class='ocrx_word' id='word_1_428' title='bbox 1555 5087 1785 5155; x_wconf 87' lang='lat' dir='ltr'><strong><em>primum</em></strong></span> <span class='ocrx_word' id='word_1_429' title='bbox 1830 5095 2085 5160; x_wconf 86' lang='lat' dir='ltr'><strong><em>occurrit,</em></strong></span> 
     </span>
    </p>
   </div>
   <div class='ocr_carea' id='block_1_56' title="bbox 504 5164 2085 5253">
    <p class='ocr_par' dir='ltr' id='par_1_56' title="bbox 504 5164 2085 5253">
     <span class='ocr_line' id='line_1_56' title="bbox 504 5164 2085 5253; baseline 0.015 -36"><span class='ocrx_word' id='word_1_430' title='bbox 504 5164 618 5220; x_wconf 78' lang='lat' dir='ltr'><strong><em>vid.</em></strong></span> <span class='ocrx_word' id='word_1_431' title='bbox 645 5166 1245 5234; x_wconf 79' lang='lat' dir='ltr'><strong><em>Massmannum,8keir.</em></strong></span> <span class='ocrx_word' id='word_1_432' title='bbox 1271 5175 1341 5247; x_wconf 77' lang='grc' dir='ltr'><strong><em>Χ,</em></strong></span> <span class='ocrx_word' id='word_1_433' title='bbox 1360 5175 1450 5232; x_wconf 87' lang='lat' dir='ltr'><strong><em>ubi</em></strong></span> <span class='ocrx_word' id='word_1_434' title='bbox 1476 5178 1636 5235; x_wconf 86' lang='lat' dir='ltr'><strong><em>etiam</em></strong></span> <span class='ocrx_word' id='word_1_435' title='bbox 1668 5184 1983 5253; x_wconf 87' lang='lat' dir='ltr'><strong><em>angulosum</em></strong></span> <span class='ocrx_word' id='word_1_436' title='bbox 2016 5186 2085 5253; x_wconf 83' lang='lat' dir='ltr'><strong><em>E,</em></strong></span> 
     </span>
    </p>
   </div>
   <div class='ocr_carea' id='block_1_57' title="bbox 504 5258 1241 5323">
    <p class='ocr_par' dir='ltr' id='par_1_57' title="bbox 504 5258 1241 5323">
     <span class='ocr_line' id='line_1_57' title="bbox 504 5258 1241 5323; baseline 0.012 -12"><span class='ocrx_word' id='word_1_437' title='bbox 504 5258 614 5312; x_wconf 77' lang='lat' dir='ltr'><strong><em>vid.</em></strong></span> <span class='ocrx_word' id='word_1_438' title='bbox 650 5261 942 5315; x_wconf 80' lang='lat' dir='ltr'><strong><em>vicnnense</em></strong></span> <span class='ocrx_word' id='word_1_439' title='bbox 966 5260 1149 5318; x_wconf 81' lang='lat' dir='ltr'><strong><em>Jahrb.</em></strong></span> <span class='ocrx_word' id='word_1_440' title='bbox 1189 5267 1241 5323; x_wconf 92' lang='lat'><strong><em>9.</em></strong></span> 
     </span>
    </p>
   </div>
   <div class='ocr_carea' id='block_1_58' title="bbox 580 5367 2086 5464">
    <p class='ocr_par' dir='ltr' id='par_1_58' title="bbox 580 5367 2086 5464">
     <span class='ocr_line' id='line_1_58' title="bbox 580 5367 2086 5464; baseline 0.016 -38"><span class='ocrx_word' id='word_1_441' title='bbox 580 5391 601 5425; x_wconf 77' lang='grc' dir='ltr'><strong><em>ι</em></strong></span> <span class='ocrx_word' id='word_1_442' title='bbox 637 5367 681 5446; x_wconf 73' lang='grc' dir='ltr'>Υ</span> <span class='ocrx_word' id='word_1_443' title='bbox 716 5388 799 5429; x_wconf 87' lang='lat' dir='ltr'><strong><em>est</em></strong></span> <span class='ocrx_word' id='word_1_444' title='bbox 830 5390 1003 5447; x_wconf 90' lang='lat' dir='ltr'><strong><em>neque</em></strong></span> <span class='ocrx_word' id='word_1_445' title='bbox 1031 5380 1501 5463; x_wconf 77' lang='lat' dir='ltr'><strong><em>anglosaxonicum</em></strong></span> <span class='ocrx_word' id='word_1_446' title='bbox 1538 5386 1573 5454; x_wconf 60' lang='grc' dir='ltr'>ι)</span> <span class='ocrx_word' id='word_1_447' title='bbox 1605 5387 1738 5459; x_wconf 84' lang='lat' dir='ltr'><strong><em>(Lyc</em></strong></span> <span class='ocrx_word' id='word_1_448' title='bbox 1767 5388 1902 5462; x_wconf 90' lang='lat' dir='ltr'><strong><em>XL),</em></strong></span> <span class='ocrx_word' id='word_1_449' title='bbox 1932 5395 2086 5464; x_wconf 83' lang='lat' dir='ltr'><strong><em>cujus</em></strong></span> 
     </span>
    </p>
   </div>
   <div class='ocr_carea' id='block_1_59' title="bbox 504 5455 2087 5549">
    <p class='ocr_par' dir='ltr' id='par_1_59' title="bbox 504 5455 2087 5549">
     <span class='ocr_line' id='line_1_59' title="bbox 504 5455 2087 5549; baseline 0.014 -29"><span class='ocrx_word' id='word_1_450' title='bbox 504 5480 535 5520; x_wconf 91' lang='lat' dir='ltr'><strong><em>a</em></strong></span> <span class='ocrx_word' id='word_1_451' title='bbox 569 5465 735 5521; x_wconf 85' lang='lat' dir='ltr'><strong><em>forma</em></strong></span> <span class='ocrx_word' id='word_1_452' title='bbox 764 5467 919 5539; x_wconf 85' lang='lat' dir='ltr'><strong><em>longe</em></strong></span> <span class='ocrx_word' id='word_1_453' title='bbox 939 5455 1138 5535; x_wconf 72' lang='lat' dir='ltr'><strong><em>dilfert,</em></strong></span> <span class='ocrx_word' id='word_1_454' title='bbox 1162 5488 1333 5545; x_wconf 87' lang='lat' dir='ltr'><strong><em>neque</em></strong></span> <span class='ocrx_word' id='word_1_455' title='bbox 1358 5480 1602 5533; x_wconf 85' lang='lat' dir='ltr'><strong><em>rnnicum</em></strong></span> <span class='ocrx_word' id='word_1_456' title='bbox 1630 5482 1877 5549; x_wconf 85' lang='lat' dir='ltr'><strong><em>(Grimm.</em></strong></span> <span class='ocrx_word' id='word_1_457' title='bbox 1905 5485 2087 5542; x_wconf 73' lang='lat' dir='ltr'><strong><em>[laneis</em></strong></span> 
     </span>
    </p>
   </div>
   <div class='ocr_carea' id='block_1_60' title="bbox 504 5562 2081 5649">
    <p class='ocr_par' dir='ltr' id='par_1_60' title="bbox 504 5562 2081 5649">
     <span class='ocr_line' id='line_1_60' title="bbox 504 5562 2081 5649; baseline 0.009 -30"><span class='ocrx_word' id='word_1_458' title='bbox 504 5562 619 5634; x_wconf 73' lang='grc' dir='ltr'>ιι),</span> <span class='ocrx_word' id='word_1_459' title='bbox 635 5565 729 5618; x_wconf 89' lang='lat' dir='ltr'><strong><em>sed</em></strong></span> <span class='ocrx_word' id='word_1_460' title='bbox 741 5579 969 5635; x_wconf 68' lang='lat' dir='ltr'><strong><em>graecum</em></strong></span> <span class='ocrx_word' id='word_1_461' title='bbox 987 5564 1025 5620; x_wconf 73' lang='grc' dir='ltr'>Υ</span> <span class='ocrx_word' id='word_1_462' title='bbox 1042 5564 1290 5636; x_wconf 85' lang='lat' dir='ltr'><strong><em>(Grimm.</em></strong></span> <span class='ocrx_word' id='word_1_463' title='bbox 1307 5566 1488 5625; x_wconf 83' lang='lat' dir='ltr'><strong><em>Gram.</em></strong></span> <span class='ocrx_word' id='word_1_464' title='bbox 1504 5572 1542 5635; x_wconf 90' lang='lat' dir='ltr'><strong><em>I,</em></strong></span> <span class='ocrx_word' id='word_1_465' title='bbox 1558 5573 1649 5638; x_wconf 69' lang='grc'><strong>42,</strong></span> <span class='ocrx_word' id='word_1_466' title='bbox 1664 5573 1753 5641; x_wconf 83' lang='grc'><strong><em>57;</em></strong></span> <span class='ocrx_word' id='word_1_467' title='bbox 1771 5575 2081 5649; x_wconf 73' lang='lat' dir='ltr'><strong><em>Waitz.5?.).</em></strong></span> 
     </span>
    </p>
   </div>
   <div class='ocr_carea' id='block_1_61' title="bbox 582 5656 2084 5739">
    <p class='ocr_par' dir='ltr' id='par_1_61' title="bbox 582 5656 2084 5739">
     <span class='ocr_line' id='line_1_61' title="bbox 582 5656 2084 5739; baseline 0.011 -31"><span class='ocrx_word' id='word_1_468' title='bbox 582 5676 601 5708; x_wconf 77' lang='grc' dir='ltr'><strong><em>ι</em></strong></span> <span class='ocrx_word' id='word_1_469' title='bbox 643 5656 682 5730; x_wconf 73' lang='lat' dir='ltr'><strong><em>l:</em></strong></span> <span class='ocrx_word' id='word_1_470' title='bbox 708 5668 792 5713; x_wconf 88' lang='lat' dir='ltr'><strong><em>est</em></strong></span> <span class='ocrx_word' id='word_1_471' title='bbox 832 5657 1139 5715; x_wconf 69' lang='lat' dir='ltr'><strong><em>Latinorum</em></strong></span> <span class='ocrx_word' id='word_1_472' title='bbox 1180 5661 1256 5725; x_wconf 85' lang='lat' dir='ltr'><strong><em>F;</em></strong></span> <span class='ocrx_word' id='word_1_473' title='bbox 1300 5662 1591 5720; x_wconf 88' lang='lat' dir='ltr'><strong><em>Grimmius</em></strong></span> <span class='ocrx_word' id='word_1_474' title='bbox 1618 5667 1834 5733; x_wconf 87' lang='lat' dir='ltr'><strong><em>quidem</em></strong></span> <span class='ocrx_word' id='word_1_475' title='bbox 1874 5669 2084 5739; x_wconf 81' lang='lat' dir='ltr'><strong><em>(Runen</em></strong></span> 
     </span>
    </p>
   </div>
   <div class='ocr_carea' id='block_1_62' title="bbox 505 5749 2082 5826">
    <p class='ocr_par' dir='ltr' id='par_1_62' title="bbox 505 5749 2082 5826">
     <span class='ocr_line' id='line_1_62' title="bbox 505 5749 2082 5826; baseline 0.011 -25"><span class='ocrx_word' id='word_1_476' title='bbox 505 5749 596 5814; x_wconf 72' lang='grc' dir='ltr'>ιι)</span> <span class='ocrx_word' id='word_1_477' title='bbox 631 5750 729 5802; x_wconf 86' lang='lat' dir='ltr'><strong><em>hoc</em></strong></span> <span class='ocrx_word' id='word_1_478' title='bbox 759 5750 917 5806; x_wconf 81' lang='lat' dir='ltr'><strong><em>habet</em></strong></span> <span class='ocrx_word' id='word_1_479' title='bbox 951 5761 1199 5823; x_wconf 81' lang='lat' dir='ltr'><strong><em>tanquam</em></strong></span> <span class='ocrx_word' id='word_1_480' title='bbox 1232 5755 1496 5826; x_wconf 81' lang='lat' dir='ltr'><strong><em>digamma</em></strong></span> <span class='ocrx_word' id='word_1_481' title='bbox 1529 5758 1772 5813; x_wconf 65' lang='lat' dir='ltr'><strong><em>{colicum</em></strong></span> <span class='ocrx_word' id='word_1_482' title='bbox 1799 5777 1812 5818; x_wconf 89' lang='lat'><strong>:</strong></span> <span class='ocrx_word' id='word_1_483' title='bbox 1857 5761 1951 5816; x_wconf 79' lang='lat' dir='ltr'><strong><em>sed</em></strong></span> <span class='ocrx_word' id='word_1_484' title='bbox 1983 5764 2082 5819; x_wconf 87' lang='lat' dir='ltr'><strong><em>ob-</em></strong></span> 
     </span>
    </p>
   </div>
   <div class='ocr_carea' id='block_1_63' title="bbox 505 5841 2078 5923">
    <p class='ocr_par' dir='ltr' id='par_1_63' title="bbox 505 5841 2078 5923">
     <span class='ocr_line' id='line_1_63' title="bbox 505 5841 2078 5923; baseline 0.013 -29"><span class='ocrx_word' id='word_1_485' title='bbox 505 5848 629 5905; x_wconf 82' lang='lat' dir='ltr'><strong><em>stat,</em></strong></span> <span class='ocrx_word' id='word_1_486' title='bbox 660 5841 799 5912; x_wconf 86' lang='lat' dir='ltr'><strong><em>quod</em></strong></span> <span class='ocrx_word' id='word_1_487' title='bbox 833 5842 974 5898; x_wconf 85' lang='lat' dir='ltr'><strong><em>istud</em></strong></span> <span class='ocrx_word' id='word_1_488' title='bbox 1005 5844 1160 5900; x_wconf 77' lang='lat' dir='ltr'><strong><em>aliam</em></strong></span> <span class='ocrx_word' id='word_1_489' title='bbox 1190 5858 1347 5918; x_wconf 80' lang='lat' dir='ltr'><strong><em>atque</em></strong></span> <span class='ocrx_word' id='word_1_490' title='bbox 1373 5850 1645 5918; x_wconf 88' lang='lat' dir='ltr'><strong><em>gothicum</em></strong></span> <span class='ocrx_word' id='word_1_491' title='bbox 1678 5856 1705 5920; x_wconf 72' lang='grc' dir='ltr'><em>ί</em></span> <span class='ocrx_word' id='word_1_492' title='bbox 1730 5852 1918 5910; x_wconf 84' lang='lat' dir='ltr'><strong><em>habeat</em></strong></span> <span class='ocrx_word' id='word_1_493' title='bbox 1952 5869 2078 5923; x_wconf 80' lang='lat' dir='ltr'><strong><em>pro-</em></strong></span> 
     </span>
    </p>
   </div>
   <div class='ocr_carea' id='block_1_64' title="bbox 2213 703 3807 785">
    <p class='ocr_par' dir='ltr' id='par_1_64' title="bbox 2213 703 3807 785">
     <span class='ocr_line' id='line_1_64' title="bbox 2213 703 3807 785; baseline 0.006 -30"><span class='ocrx_word' id='word_1_494' title='bbox 2213 707 2393 756; x_wconf 86' lang='lat' dir='ltr'><strong><em>tuatus</em></strong></span> <span class='ocrx_word' id='word_1_495' title='bbox 2416 712 2584 768; x_wconf 87' lang='lat' dir='ltr'><strong><em>esset,</em></strong></span> <span class='ocrx_word' id='word_1_496' title='bbox 2617 703 2891 773; x_wconf 84' lang='lat' dir='ltr'><strong><em>gothicunt</em></strong></span> <span class='ocrx_word' id='word_1_497' title='bbox 2922 705 2965 778; x_wconf 64' lang='grc' dir='ltr'>Ρ</span> <span class='ocrx_word' id='word_1_498' title='bbox 2990 717 3049 761; x_wconf 85' lang='grc' dir='ltr'><strong><em>ιιι</em></strong></span> <span class='ocrx_word' id='word_1_499' title='bbox 3078 709 3321 763; x_wconf 86' lang='lat' dir='ltr'><strong><em>runicum</em></strong></span> <span class='ocrx_word' id='word_1_500' title='bbox 3342 705 3393 785; x_wconf 69' lang='grc' dir='ltr'><strong><em>γ</em></strong></span> <span class='ocrx_word' id='word_1_501' title='bbox 3416 726 3483 765; x_wconf 88' lang='lat' dir='ltr'><strong><em>eo</em></strong></span> <span class='ocrx_word' id='word_1_502' title='bbox 3513 714 3683 781; x_wconf 77' lang='lat' dir='ltr'><strong><em>magis</em></strong></span> <span class='ocrx_word' id='word_1_503' title='bbox 3711 714 3807 765; x_wconf 81' lang='lat' dir='ltr'><strong><em>ha-</em></strong></span> 
     </span>
    </p>
   </div>
   <div class='ocr_carea' id='block_1_65' title="bbox 2211 790 3805 874">
    <p class='ocr_par' dir='ltr' id='par_1_65' title="bbox 2211 790 3805 874">
     <span class='ocr_line' id='line_1_65' title="bbox 2211 790 3805 874; baseline 0.01 -29"><span class='ocrx_word' id='word_1_504' title='bbox 2211 790 2448 857; x_wconf 89' lang='lat' dir='ltr'><strong><em>beretur,</em></strong></span> <span class='ocrx_word' id='word_1_505' title='bbox 2474 793 2616 861; x_wconf 89' lang='lat' dir='ltr'><strong><em>quod</em></strong></span> <span class='ocrx_word' id='word_1_506' title='bbox 2645 794 2825 861; x_wconf 85' lang='lat' dir='ltr'><strong><em>lateat,</em></strong></span> <span class='ocrx_word' id='word_1_507' title='bbox 2856 809 2951 851; x_wconf 91' lang='lat' dir='ltr'><strong><em>cur</em></strong></span> <span class='ocrx_word' id='word_1_508' title='bbox 2969 812 3202 868; x_wconf 72' lang='lat' dir='ltr'><strong><em>grmcum</em></strong></span> <span class='ocrx_word' id='word_1_509' title='bbox 3232 812 3265 854; x_wconf 69' lang='grc' dir='ltr'>φ</span> <span class='ocrx_word' id='word_1_510' title='bbox 3289 817 3385 869; x_wconf 87' lang='lat' dir='ltr'><strong><em>pro</em></strong></span> <span class='ocrx_word' id='word_1_511' title='bbox 3405 818 3538 859; x_wconf 89' lang='lat' dir='ltr'><strong><em>sono</em></strong></span> <span class='ocrx_word' id='word_1_512' title='bbox 3565 805 3600 857; x_wconf 68' lang='grc' dir='ltr'><strong><em>ιε’</em></strong></span> <span class='ocrx_word' id='word_1_513' title='bbox 3624 805 3805 874; x_wconf 86' lang='lat' dir='ltr'><strong><em>potius</em></strong></span> 
     </span>
    </p>
   </div>
   <div class='ocr_carea' id='block_1_66' title="bbox 2210 887 3799 966">
    <p class='ocr_par' dir='ltr' id='par_1_66' title="bbox 2210 887 3799 966">
     <span class='ocr_line' id='line_1_66' title="bbox 2210 887 3799 966; baseline 0.01 -29"><span class='ocrx_word' id='word_1_514' title='bbox 2210 900 2318 940; x_wconf 90' lang='lat' dir='ltr'><strong><em>non</em></strong></span> <span class='ocrx_word' id='word_1_515' title='bbox 2356 887 2598 957; x_wconf 76' lang='lat' dir='ltr'><strong><em>elegerit,</em></strong></span> <span class='ocrx_word' id='word_1_516' title='bbox 2642 905 2761 945; x_wconf 88' lang='lat' dir='ltr'><strong><em>cum</em></strong></span> <span class='ocrx_word' id='word_1_517' title='bbox 2800 906 2965 961; x_wconf 62' lang='lat' dir='ltr'><strong><em>grac.</em></strong></span> <span class='ocrx_word' id='word_1_518' title='bbox 3012 917 3042 964; x_wconf 81' lang='grc' dir='ltr'><em>φ</em></span> <span class='ocrx_word' id='word_1_519' title='bbox 3083 907 3295 962; x_wconf 84' lang='lat' dir='ltr'><strong><em>semper</em></strong></span> <span class='ocrx_word' id='word_1_520' title='bbox 3330 897 3433 952; x_wconf 92' lang='lat' dir='ltr'><strong><em>hoc</em></strong></span> <span class='ocrx_word' id='word_1_521' title='bbox 3463 899 3615 966; x_wconf 80' lang='lat' dir='ltr'><strong><em>signo</em></strong></span> <span class='ocrx_word' id='word_1_522' title='bbox 3647 909 3799 953; x_wconf 81' lang='lat' dir='ltr'><strong><em>tran-</em></strong></span> 
     </span>
    </p>
   </div>
   <div class='ocr_carea' id='block_1_67' title="bbox 2206 976 3803 1065">
    <p class='ocr_par' dir='ltr' id='par_1_67' title="bbox 2206 976 3803 1065">
     <span class='ocr_line' id='line_1_67' title="bbox 2206 976 3803 1065; baseline 0.011 -34"><span class='ocrx_word' id='word_1_523' title='bbox 2206 976 2434 1045; x_wconf 84' lang='lat' dir='ltr'><strong><em>scribat,</em></strong></span> <span class='ocrx_word' id='word_1_524' title='bbox 2461 993 2550 1034; x_wconf 75' lang='lat' dir='ltr'><strong><em>ex.</em></strong></span> <span class='ocrx_word' id='word_1_525' title='bbox 2581 995 2663 1050; x_wconf 84' lang='lat' dir='ltr'><strong><em>gr.</em></strong></span> <span class='ocrx_word' id='word_1_526' title='bbox 2690 996 2707 1034; x_wconf 87' lang='lat'><strong>:</strong></span> <span class='ocrx_word' id='word_1_527' title='bbox 2730 980 2993 1055; x_wconf 69' lang='lat' dir='ltr'><strong><em>Filt&#39;pplts,</em></strong></span> <span class='ocrx_word' id='word_1_528' title='bbox 3018 987 3286 1053; x_wconf 59' lang='grc' dir='ltr'><strong><em>οιὶιπποςς</em></strong></span> <span class='ocrx_word' id='word_1_529' title='bbox 3315 986 3587 1060; x_wconf 74' lang='lat' dir='ltr'><strong><em>Fygailus,</em></strong></span> <span class='ocrx_word' id='word_1_530' title='bbox 3617 995 3803 1065; x_wconf 67' lang='grc' dir='ltr'><strong><em>Φύγελ-</em></strong></span> 
     </span>
    </p>
   </div>
   <div class='ocr_carea' id='block_1_68' title="bbox 2203 1067 3528 1155">
    <p class='ocr_par' dir='ltr' id='par_1_68' title="bbox 2203 1067 3528 1155">
     <span class='ocr_line' id='line_1_68' title="bbox 2203 1067 3528 1155; baseline 0.013 -34"><span class='ocrx_word' id='word_1_531' title='bbox 2203 1067 2320 1136; x_wconf 63' lang='lat' dir='ltr'><strong><em>loc;</em></strong></span> <span class='ocrx_word' id='word_1_532' title='bbox 2355 1068 2612 1136; x_wconf 80' lang='lat' dir='ltr'><strong><em>Filetnon,</em></strong></span> <span class='ocrx_word' id='word_1_533' title='bbox 2638 1075 2908 1146; x_wconf 64' lang='lat' dir='ltr'><strong><em>auinam;</em></strong></span> <span class='ocrx_word' id='word_1_534' title='bbox 2940 1076 3159 1149; x_wconf 76' lang='lat' dir='ltr'><strong><em>Nymfa,</em></strong></span> <span class='ocrx_word' id='word_1_535' title='bbox 3192 1090 3392 1155; x_wconf 71' lang='grc' dir='ltr'><strong><em>Νυμφᾱ,</em></strong></span> <span class='ocrx_word' id='word_1_536' title='bbox 3423 1094 3528 1138; x_wconf 89' lang='lat' dir='ltr'><strong><em>etc.</em></strong></span> 
     </span>
    </p>
   </div>
   <div class='ocr_carea' id='block_1_69' title="bbox 2282 1159 3801 1247">
    <p class='ocr_par' dir='ltr' id='par_1_69' title="bbox 2282 1159 3801 1247">
     <span class='ocr_line' id='line_1_69' title="bbox 2282 1159 3801 1247; baseline 0.016 -36"><span class='ocrx_word' id='word_1_537' title='bbox 2282 1178 2302 1211; x_wconf 79' lang='grc' dir='ltr'><strong><em>ι</em></strong></span> <span class='ocrx_word' id='word_1_538' title='bbox 2338 1159 2383 1213; x_wconf 80' lang='grc' dir='ltr'>Θ</span> <span class='ocrx_word' id='word_1_539' title='bbox 2406 1161 2560 1217; x_wconf 88' lang='lat' dir='ltr'><strong><em>Licet</em></strong></span> <span class='ocrx_word' id='word_1_540' title='bbox 2590 1162 2644 1218; x_wconf 88' lang='lat' dir='ltr'><strong><em>in</em></strong></span> <span class='ocrx_word' id='word_1_541' title='bbox 2673 1180 2739 1221; x_wconf 91' lang='lat' dir='ltr'><strong><em>eo</em></strong></span> <span class='ocrx_word' id='word_1_542' title='bbox 2768 1181 2957 1222; x_wconf 89' lang='lat' dir='ltr'><strong><em>omnes</em></strong></span> <span class='ocrx_word' id='word_1_543' title='bbox 2984 1173 3347 1236; x_wconf 79' lang='lat' dir='ltr'><strong><em>consentiant,</em></strong></span> <span class='ocrx_word' id='word_1_544' title='bbox 3377 1176 3521 1244; x_wconf 85' lang='lat' dir='ltr'><strong><em>quod</em></strong></span> <span class='ocrx_word' id='word_1_545' title='bbox 3550 1177 3617 1232; x_wconf 81' lang='lat' dir='ltr'><strong><em>ad</em></strong></span> <span class='ocrx_word' id='word_1_546' title='bbox 3650 1179 3801 1247; x_wconf 85' lang='lat' dir='ltr'><strong><em>igno-</em></strong></span> 
     </span>
    </p>
   </div>
   <div class='ocr_carea' id='block_1_70' title="bbox 2205 1253 3797 1333">
    <p class='ocr_par' dir='ltr' id='par_1_70' title="bbox 2205 1253 3797 1333">
     <span class='ocr_line' id='line_1_70' title="bbox 2205 1253 3797 1333; baseline 0.013 -29"><span class='ocrx_word' id='word_1_547' title='bbox 2205 1257 2321 1307; x_wconf 88' lang='lat' dir='ltr'><strong><em>tum</em></strong></span> <span class='ocrx_word' id='word_1_548' title='bbox 2366 1253 2711 1324; x_wconf 82' lang='lat' dir='ltr'><strong><em>alphabetum</em></strong></span> <span class='ocrx_word' id='word_1_549' title='bbox 2758 1258 2863 1316; x_wconf 86' lang='lat' dir='ltr'><strong><em>hoc</em></strong></span> <span class='ocrx_word' id='word_1_550' title='bbox 2895 1258 3108 1330; x_wconf 87' lang='lat' dir='ltr'><strong><em>signum</em></strong></span> <span class='ocrx_word' id='word_1_551' title='bbox 3135 1265 3423 1333; x_wconf 86' lang='lat' dir='ltr'><strong><em>pertineat,</em></strong></span> <span class='ocrx_word' id='word_1_552' title='bbox 3455 1276 3512 1322; x_wconf 90' lang='lat' dir='ltr'><strong><em>et</em></strong></span> <span class='ocrx_word' id='word_1_553' title='bbox 3541 1267 3797 1325; x_wconf 77' lang='lat' dir='ltr'><strong><em>Waltzins</em></strong></span> 
     </span>
    </p>
   </div>
   <div class='ocr_carea' id='block_1_71' title="bbox 2202 1344 3795 1430">
    <p class='ocr_par' dir='ltr' id='par_1_71' title="bbox 2202 1344 3795 1430">
     <span class='ocr_line' id='line_1_71' title="bbox 2202 1344 3795 1430; baseline 0.014 -36"><span class='ocrx_word' id='word_1_554' title='bbox 2202 1344 2394 1399; x_wconf 89' lang='lat' dir='ltr'><strong><em>saltem</em></strong></span> <span class='ocrx_word' id='word_1_555' title='bbox 2408 1356 2616 1402; x_wconf 88' lang='lat' dir='ltr'><strong><em>asserat</em></strong></span> <span class='ocrx_word' id='word_1_556' title='bbox 2637 1348 2739 1406; x_wconf 88' lang='lat' dir='ltr'><strong><em>hoc</em></strong></span> <span class='ocrx_word' id='word_1_557' title='bbox 2762 1364 2867 1407; x_wconf 89' lang='lat' dir='ltr'><strong><em>non</em></strong></span> <span class='ocrx_word' id='word_1_558' title='bbox 2896 1366 3016 1408; x_wconf 86' lang='lat' dir='ltr'><strong><em>esse</em></strong></span> <span class='ocrx_word' id='word_1_559' title='bbox 3042 1369 3299 1426; x_wconf 67' lang='lat' dir='ltr'><strong><em>graecum,</em></strong></span> <span class='ocrx_word' id='word_1_560' title='bbox 3331 1373 3454 1413; x_wconf 89' lang='lat' dir='ltr'><strong><em>cum</em></strong></span> <span class='ocrx_word' id='word_1_561' title='bbox 3482 1368 3660 1417; x_wconf 90' lang='lat' dir='ltr'><strong><em>tamen</em></strong></span> <span class='ocrx_word' id='word_1_562' title='bbox 3679 1361 3795 1430; x_wconf 85' lang='lat' dir='ltr'><strong><em>jam</em></strong></span> 
     </span>
    </p>
   </div>
   <div class='ocr_carea' id='block_1_72' title="bbox 2204 1440 3797 1524">
    <p class='ocr_par' dir='ltr' id='par_1_72' title="bbox 2204 1440 3797 1524">
     <span class='ocr_line' id='line_1_72' title="bbox 2204 1440 3797 1524; baseline 0.011 -35"><span class='ocrx_word' id='word_1_563' title='bbox 2204 1448 2543 1507; x_wconf 90' lang='lat' dir='ltr'><strong><em>perspectum</em></strong></span> <span class='ocrx_word' id='word_1_564' title='bbox 2567 1440 2873 1512; x_wconf 83' lang='lat' dir='ltr'><strong><em>habuimus,</em></strong></span> <span class='ocrx_word' id='word_1_565' title='bbox 2894 1444 3109 1502; x_wconf 81' lang='lat' dir='ltr'><strong><em>Ullilam</em></strong></span> <span class='ocrx_word' id='word_1_566' title='bbox 3131 1464 3336 1520; x_wconf 67' lang='lat' dir='ltr'><strong><em>grmcas</em></strong></span> <span class='ocrx_word' id='word_1_567' title='bbox 3358 1453 3587 1519; x_wconf 77' lang='lat' dir='ltr'><strong><em>litteras,</em></strong></span> <span class='ocrx_word' id='word_1_568' title='bbox 3602 1457 3797 1524; x_wconf 76' lang='lat' dir='ltr'><strong><em>quibus</em></strong></span> 
     </span>
    </p>
   </div>
   <div class='ocr_carea' id='block_1_73' title="bbox 2202 1527 3793 1613">
    <p class='ocr_par' dir='ltr' id='par_1_73' title="bbox 2202 1527 3793 1613">
     <span class='ocr_line' id='line_1_73' title="bbox 2202 1527 3793 1613; baseline 0.011 -33"><span class='ocrx_word' id='word_1_569' title='bbox 2202 1527 2257 1581; x_wconf 90' lang='lat' dir='ltr'><strong><em>in</em></strong></span> <span class='ocrx_word' id='word_1_570' title='bbox 2287 1543 2383 1584; x_wconf 88' lang='lat' dir='ltr'><strong><em>sua</em></strong></span> <span class='ocrx_word' id='word_1_571' title='bbox 2412 1530 2591 1602; x_wconf 89' lang='lat' dir='ltr'><strong><em>lingua</em></strong></span> <span class='ocrx_word' id='word_1_572' title='bbox 2615 1534 2794 1589; x_wconf 90' lang='lat' dir='ltr'><strong><em>nullus</em></strong></span> <span class='ocrx_word' id='word_1_573' title='bbox 2814 1550 2981 1592; x_wconf 88' lang='lat' dir='ltr'><strong><em>sonus</em></strong></span> <span class='ocrx_word' id='word_1_574' title='bbox 3008 1542 3386 1608; x_wconf 83' lang='lat' dir='ltr'><strong><em>respondebat,</em></strong></span> <span class='ocrx_word' id='word_1_575' title='bbox 3413 1544 3480 1598; x_wconf 91' lang='lat' dir='ltr'><strong><em>ad</em></strong></span> <span class='ocrx_word' id='word_1_576' title='bbox 3504 1546 3793 1613; x_wconf 75' lang='lat' dir='ltr'><strong><em>designan-</em></strong></span> 
     </span>
    </p>
   </div>
   <div class='ocr_carea' id='block_1_74' title="bbox 2200 1619 3794 1707">
    <p class='ocr_par' dir='ltr' id='par_1_74' title="bbox 2200 1619 3794 1707">
     <span class='ocr_line' id='line_1_74' title="bbox 2200 1619 3794 1707; baseline 0.011 -32"><span class='ocrx_word' id='word_1_577' title='bbox 2200 1619 2301 1677; x_wconf 87' lang='lat' dir='ltr'><strong><em>dos</em></strong></span> <span class='ocrx_word' id='word_1_578' title='bbox 2340 1621 2477 1678; x_wconf 89' lang='lat' dir='ltr'><strong><em>alios</em></strong></span> <span class='ocrx_word' id='word_1_579' title='bbox 2518 1639 2686 1681; x_wconf 89' lang='lat' dir='ltr'><strong><em>sonos</em></strong></span> <span class='ocrx_word' id='word_1_580' title='bbox 2732 1628 2948 1698; x_wconf 87' lang='lat' dir='ltr'><strong><em>gothico</em></strong></span> <span class='ocrx_word' id='word_1_581' title='bbox 2987 1634 3226 1687; x_wconf 77' lang='lat' dir='ltr'><strong><em>sermoni</em></strong></span> <span class='ocrx_word' id='word_1_582' title='bbox 3279 1636 3527 1704; x_wconf 80' lang='lat' dir='ltr'><strong><em>proprios</em></strong></span> <span class='ocrx_word' id='word_1_583' title='bbox 3570 1653 3794 1707; x_wconf 78' lang='lat' dir='ltr'><strong><em>usurpa-</em></strong></span> 
     </span>
    </p>
   </div>
   <div class='ocr_carea' id='block_1_75' title="bbox 2201 1711 3791 1801">
    <p class='ocr_par' dir='ltr' id='par_1_75' title="bbox 2201 1711 3791 1801">
     <span class='ocr_line' id='line_1_75' title="bbox 2201 1711 3791 1801; baseline 0.014 -36"><span class='ocrx_word' id='word_1_584' title='bbox 2201 1711 2363 1779; x_wconf 78' lang='lat' dir='ltr'><strong><em>visse,</em></strong></span> <span class='ocrx_word' id='word_1_585' title='bbox 2384 1715 2513 1771; x_wconf 86' lang='lat' dir='ltr'><strong><em>nihil</em></strong></span> <span class='ocrx_word' id='word_1_586' title='bbox 2528 1716 2724 1786; x_wconf 83' lang='lat' dir='ltr'><strong><em>obstat,</em></strong></span> <span class='ocrx_word' id='word_1_587' title='bbox 2747 1724 2873 1792; x_wconf 85' lang='lat' dir='ltr'><strong><em>quin</em></strong></span> <span class='ocrx_word' id='word_1_588' title='bbox 2894 1721 3135 1778; x_wconf 80' lang='lat' dir='ltr'><strong><em>dicamus</em></strong></span> <span class='ocrx_word' id='word_1_589' title='bbox 3152 1724 3197 1779; x_wconf 78' lang='grc' dir='ltr'>Θ</span> <span class='ocrx_word' id='word_1_590' title='bbox 3228 1723 3523 1783; x_wconf 86' lang='lat' dir='ltr'><strong><em>Gothorum</em></strong></span> <span class='ocrx_word' id='word_1_591' title='bbox 3540 1746 3648 1785; x_wconf 90' lang='lat' dir='ltr'><strong><em>non</em></strong></span> <span class='ocrx_word' id='word_1_592' title='bbox 3668 1747 3791 1801; x_wconf 86' lang='lat' dir='ltr'><strong><em>pro-</em></strong></span> 
     </span>
    </p>
   </div>
   <div class='ocr_carea' id='block_1_76' title="bbox 2200 1808 3782 1882">
    <p class='ocr_par' dir='ltr' id='par_1_76' title="bbox 2200 1808 3782 1882">
     <span class='ocr_line' id='line_1_76' title="bbox 2200 1808 3782 1882; baseline 0.014 -24"><span class='ocrx_word' id='word_1_593' title='bbox 2200 1808 2375 1873; x_wconf 89' lang='lat' dir='ltr'><strong><em>prium</em></strong></span> <span class='ocrx_word' id='word_1_594' title='bbox 2404 1822 2528 1866; x_wconf 84' lang='lat' dir='ltr'><strong><em>esse</em></strong></span> <span class='ocrx_word' id='word_1_595' title='bbox 2560 1811 2794 1882; x_wconf 79' lang='lat' dir='ltr'><strong><em>signum,</em></strong></span> <span class='ocrx_word' id='word_1_596' title='bbox 2839 1815 2937 1871; x_wconf 86' lang='lat' dir='ltr'><strong><em>sed</em></strong></span> <span class='ocrx_word' id='word_1_597' title='bbox 2973 1820 3342 1877; x_wconf 84' lang='lat' dir='ltr'><strong><em>tantummodo</em></strong></span> <span class='ocrx_word' id='word_1_598' title='bbox 3376 1831 3416 1876; x_wconf 88' lang='grc' dir='ltr'>Θ</span> <span class='ocrx_word' id='word_1_599' title='bbox 3446 1820 3782 1880; x_wconf 73' lang='lat' dir='ltr'><strong><em>Graecorum.</em></strong></span> 
     </span>
    </p>
   </div>
   <div class='ocr_carea' id='block_1_77' title="bbox 2199 1892 3789 1986">
    <p class='ocr_par' dir='ltr' id='par_1_77' title="bbox 2199 1892 3789 1986">
     <span class='ocr_line' id='line_1_77' title="bbox 2199 1892 3789 1986; baseline 0.015 -37"><span class='ocrx_word' id='word_1_600' title='bbox 2199 1892 2372 1952; x_wconf 82' lang='lat' dir='ltr'><strong><em>Nemo</em></strong></span> <span class='ocrx_word' id='word_1_601' title='bbox 2408 1898 2627 1971; x_wconf 86' lang='lat' dir='ltr'><strong><em>insuper</em></strong></span> <span class='ocrx_word' id='word_1_602' title='bbox 2656 1917 2761 1958; x_wconf 90' lang='lat' dir='ltr'><strong><em>non</em></strong></span> <span class='ocrx_word' id='word_1_603' title='bbox 2789 1904 2955 1973; x_wconf 85' lang='lat' dir='ltr'><strong><em>videt,</em></strong></span> <span class='ocrx_word' id='word_1_604' title='bbox 2985 1909 3127 1979; x_wconf 86' lang='lat' dir='ltr'><strong><em>quod</em></strong></span> <span class='ocrx_word' id='word_1_605' title='bbox 3160 1909 3347 1968; x_wconf 84' lang='lat' dir='ltr'><strong><em>Ullilas</em></strong></span> <span class='ocrx_word' id='word_1_606' title='bbox 3388 1913 3440 1968; x_wconf 93' lang='lat' dir='ltr'><strong><em>in</em></strong></span> <span class='ocrx_word' id='word_1_607' title='bbox 3469 1930 3570 1970; x_wconf 82' lang='lat' dir='ltr'><strong><em>suo</em></strong></span> <span class='ocrx_word' id='word_1_608' title='bbox 3597 1917 3789 1986; x_wconf 76' lang='lat' dir='ltr'><strong><em>alpha-</em></strong></span> 
     </span>
    </p>
   </div>
   <div class='ocr_carea' id='block_1_78' title="bbox 2199 1987 3792 2083">
    <p class='ocr_par' dir='ltr' id='par_1_78' title="bbox 2199 1987 3792 2083">
     <span class='ocr_line' id='line_1_78' title="bbox 2199 1987 3792 2083; baseline 0.014 -38"><span class='ocrx_word' id='word_1_609' title='bbox 2199 1987 2324 2046; x_wconf 89' lang='lat' dir='ltr'><strong><em>beto</em></strong></span> <span class='ocrx_word' id='word_1_610' title='bbox 2360 2008 2537 2063; x_wconf 82' lang='lat' dir='ltr'><strong><em>graeca</em></strong></span> <span class='ocrx_word' id='word_1_611' title='bbox 2564 2005 2609 2050; x_wconf 76' lang='grc' dir='ltr'><strong>γ</strong></span> <span class='ocrx_word' id='word_1_612' title='bbox 2634 2006 2690 2052; x_wconf 89' lang='lat' dir='ltr'><strong><em>et</em></strong></span> <span class='ocrx_word' id='word_1_613' title='bbox 2728 2007 2773 2054; x_wconf 83' lang='grc' dir='ltr'>Θ</span> <span class='ocrx_word' id='word_1_614' title='bbox 2808 2000 3196 2071; x_wconf 77' lang='lat' dir='ltr'><strong><em>intervenerit,</em></strong></span> <span class='ocrx_word' id='word_1_615' title='bbox 3240 2006 3293 2061; x_wconf 91' lang='lat' dir='ltr'><strong><em>id</em></strong></span> <span class='ocrx_word' id='word_1_616' title='bbox 3322 2018 3427 2074; x_wconf 87' lang='lat' dir='ltr'><strong><em>est,</em></strong></span> <span class='ocrx_word' id='word_1_617' title='bbox 3453 2009 3603 2079; x_wconf 88' lang='lat' dir='ltr'><strong><em>goth.</em></strong></span> <span class='ocrx_word' id='word_1_618' title='bbox 3635 2009 3696 2083; x_wconf 76' lang='grc' dir='ltr'>ῲ</span> <span class='ocrx_word' id='word_1_619' title='bbox 3734 2013 3792 2068; x_wconf 88' lang='lat' dir='ltr'><strong><em>iu</em></strong></span> 
     </span>
    </p>
   </div>
   <div class='ocr_carea' id='block_1_79' title="bbox 2198 2084 3790 2172">
    <p class='ocr_par' dir='ltr' id='par_1_79' title="bbox 2198 2084 3790 2172">
     <span class='ocr_line' id='line_1_79' title="bbox 2198 2084 3790 2172; baseline 0.013 -32"><span class='ocrx_word' id='word_1_620' title='bbox 2198 2084 2376 2142; x_wconf 89' lang='lat' dir='ltr'><strong><em>locum</em></strong></span> <span class='ocrx_word' id='word_1_621' title='bbox 2420 2104 2586 2161; x_wconf 73' lang='lat' dir='ltr'><strong><em>graec.</em></strong></span> <span class='ocrx_word' id='word_1_622' title='bbox 2636 2100 2678 2147; x_wconf 85' lang='grc' dir='ltr'>Θ</span> <span class='ocrx_word' id='word_1_623' title='bbox 2714 2101 2767 2148; x_wconf 89' lang='lat' dir='ltr'><strong><em>et</em></strong></span> <span class='ocrx_word' id='word_1_624' title='bbox 2810 2094 2961 2165; x_wconf 90' lang='lat' dir='ltr'><strong><em>goth.</em></strong></span> <span class='ocrx_word' id='word_1_625' title='bbox 2997 2094 3042 2150; x_wconf 81' lang='grc' dir='ltr'>Θ</span> <span class='ocrx_word' id='word_1_626' title='bbox 3088 2098 3143 2154; x_wconf 91' lang='lat' dir='ltr'><strong><em>in</em></strong></span> <span class='ocrx_word' id='word_1_627' title='bbox 3180 2097 3357 2156; x_wconf 87' lang='lat' dir='ltr'><strong><em>locum</em></strong></span> <span class='ocrx_word' id='word_1_628' title='bbox 3397 2118 3560 2172; x_wconf 72' lang='lat' dir='ltr'><strong><em>grate.</em></strong></span> <span class='ocrx_word' id='word_1_629' title='bbox 3589 2115 3630 2159; x_wconf 71' lang='grc' dir='ltr'><strong>γ</strong></span> <span class='ocrx_word' id='word_1_630' title='bbox 3660 2106 3790 2160; x_wconf 83' lang='lat' dir='ltr'><strong><em>sub-</em></strong></span> 
     </span>
    </p>
   </div>
   <div class='ocr_carea' id='block_1_80' title="bbox 2201 2178 2421 2236">
    <p class='ocr_par' dir='ltr' id='par_1_80' title="bbox 2201 2178 2421 2236">
     <span class='ocr_line' id='line_1_80' title="bbox 2201 2178 2421 2236; baseline 0.018 -4"><span class='ocrx_word' id='word_1_631' title='bbox 2201 2178 2421 2236; x_wconf 81' lang='lat' dir='ltr'><strong><em>diderit.</em></strong></span> 
     </span>
    </p>
   </div>
   <div class='ocr_carea' id='block_1_81' title="bbox 2274 2270 3784 2352">
    <p class='ocr_par' dir='ltr' id='par_1_81' title="bbox 2274 2270 3784 2352">
     <span class='ocr_line' id='line_1_81' title="bbox 2274 2270 3784 2352; baseline 0.014 -31"><span class='ocrx_word' id='word_1_632' title='bbox 2274 2289 2292 2321; x_wconf 74' lang='grc' dir='ltr'><strong><em>ι</em></strong></span> <span class='ocrx_word' id='word_1_633' title='bbox 2325 2270 2405 2337; x_wconf 73' lang='grc' dir='ltr'><strong>Ω,</strong></span> <span class='ocrx_word' id='word_1_634' title='bbox 2422 2282 2641 2331; x_wconf 90' lang='lat' dir='ltr'><strong><em>auctore</em></strong></span> <span class='ocrx_word' id='word_1_635' title='bbox 2658 2274 2747 2331; x_wconf 87' lang='lat' dir='ltr'><strong><em>W.</em></strong></span> <span class='ocrx_word' id='word_1_636' title='bbox 2764 2273 3028 2335; x_wconf 85' lang='lat' dir='ltr'><strong><em>Gritnmio</em></strong></span> <span class='ocrx_word' id='word_1_637' title='bbox 3047 2280 3256 2340; x_wconf 74' lang='lat' dir='ltr'><strong><em>(Rauca</em></strong></span> <span class='ocrx_word' id='word_1_638' title='bbox 3272 2283 3389 2351; x_wconf 73' lang='grc'><strong>45),</strong></span> <span class='ocrx_word' id='word_1_639' title='bbox 3410 2285 3654 2339; x_wconf 88' lang='lat' dir='ltr'><strong><em>ruuicum</em></strong></span> <span class='ocrx_word' id='word_1_640' title='bbox 3670 2297 3784 2352; x_wconf 86' lang='lat' dir='ltr'><strong><em>est;</em></strong></span> 
     </span>
    </p>
   </div>
   <div class='ocr_carea' id='block_1_82' title="bbox 2194 2362 3784 2449">
    <p class='ocr_par' dir='ltr' id='par_1_82' title="bbox 2194 2362 3784 2449">
     <span class='ocr_line' id='line_1_82' title="bbox 2194 2362 3784 2449; baseline 0.008 -32"><span class='ocrx_word' id='word_1_641' title='bbox 2194 2362 2292 2418; x_wconf 86' lang='lat' dir='ltr'><strong><em>sed</em></strong></span> <span class='ocrx_word' id='word_1_642' title='bbox 2323 2365 2425 2419; x_wconf 81' lang='lat' dir='ltr'><strong><em>hoc</em></strong></span> <span class='ocrx_word' id='word_1_643' title='bbox 2446 2367 2497 2440; x_wconf 66' lang='lat'><em>$2</em></span> <span class='ocrx_word' id='word_1_644' title='bbox 2519 2368 2684 2439; x_wconf 71' lang='lat' dir='ltr'><strong><em>(cedit)</em></strong></span> <span class='ocrx_word' id='word_1_645' title='bbox 2715 2369 2918 2427; x_wconf 90' lang='lat' dir='ltr'><strong><em>codicis</em></strong></span> <span class='ocrx_word' id='word_1_646' title='bbox 2949 2374 3256 2430; x_wconf 73' lang='lat' dir='ltr'><strong><em>vlennensis</em></strong></span> <span class='ocrx_word' id='word_1_647' title='bbox 3283 2374 3523 2444; x_wconf 84' lang='lat' dir='ltr'><strong><em>(Wiener</em></strong></span> <span class='ocrx_word' id='word_1_648' title='bbox 3548 2375 3784 2449; x_wconf 71' lang='lat' dir='ltr'><strong><em>Jahrb),</em></strong></span> 
     </span>
    </p>
   </div>
   <div class='ocr_carea' id='block_1_83' title="bbox 2198 2457 3779 2541">
    <p class='ocr_par' dir='ltr' id='par_1_83' title="bbox 2198 2457 3779 2541">
     <span class='ocr_line' id='line_1_83' title="bbox 2198 2457 3779 2541; baseline 0.012 -32"><span class='ocrx_word' id='word_1_649' title='bbox 2198 2457 2449 2524; x_wconf 84' lang='lat' dir='ltr'><strong><em>pertinet,</em></strong></span> <span class='ocrx_word' id='word_1_650' title='bbox 2480 2471 2540 2513; x_wconf 90' lang='lat' dir='ltr'><strong><em>ut</em></strong></span> <span class='ocrx_word' id='word_1_651' title='bbox 2561 2461 2689 2525; x_wconf 90' lang='lat' dir='ltr'><strong><em>alia,</em></strong></span> <span class='ocrx_word' id='word_1_652' title='bbox 2712 2463 2778 2516; x_wconf 91' lang='lat' dir='ltr'><strong><em>ad</em></strong></span> <span class='ocrx_word' id='word_1_653' title='bbox 2808 2465 3131 2533; x_wconf 84' lang='lat' dir='ltr'><strong><em>scripturam</em></strong></span> <span class='ocrx_word' id='word_1_654' title='bbox 3158 2468 3374 2523; x_wconf 81' lang='lat' dir='ltr'><strong><em>lineolis</em></strong></span> <span class='ocrx_word' id='word_1_655' title='bbox 3401 2470 3779 2541; x_wconf 74' lang='lat' dir='ltr'><strong><em>luxuriantem,</em></strong></span> 
     </span>
    </p>
   </div>
   <div class='ocr_carea' id='block_1_84' title="bbox 2195 2558 3781 2629">
    <p class='ocr_par' dir='ltr' id='par_1_84' title="bbox 2195 2558 3781 2629">
     <span class='ocr_line' id='line_1_84' title="bbox 2195 2558 3781 2629; baseline 0.013 -28"><span class='ocrx_word' id='word_1_656' title='bbox 2195 2563 2315 2616; x_wconf 81' lang='lat' dir='ltr'><strong><em>qua:</em></strong></span> <span class='ocrx_word' id='word_1_657' title='bbox 2354 2561 2411 2603; x_wconf 91' lang='lat' dir='ltr'><strong><em>ut</em></strong></span> <span class='ocrx_word' id='word_1_658' title='bbox 2450 2558 2730 2621; x_wconf 77' lang='lat' dir='ltr'><strong><em>exemplar</em></strong></span> <span class='ocrx_word' id='word_1_659' title='bbox 2770 2559 2999 2625; x_wconf 88' lang='lat' dir='ltr'><strong><em>proponi</em></strong></span> <span class='ocrx_word' id='word_1_660' title='bbox 3039 2559 3252 2629; x_wconf 88' lang='lat' dir='ltr'><strong><em>nequit;</em></strong></span> <span class='ocrx_word' id='word_1_661' title='bbox 3302 2562 3522 2616; x_wconf 90' lang='lat' dir='ltr'><strong><em>aliunde</em></strong></span> <span class='ocrx_word' id='word_1_662' title='bbox 3559 2564 3781 2622; x_wconf 85' lang='lat' dir='ltr'><strong><em>danicus</em></strong></span> 
     </span>
    </p>
   </div>
   <div class='ocr_carea' id='block_1_85' title="bbox 2194 2643 3783 2729">
    <p class='ocr_par' dir='ltr' id='par_1_85' title="bbox 2194 2643 3783 2729">
     <span class='ocr_line' id='line_1_85' title="bbox 2194 2643 3783 2729; baseline 0.013 -35"><span class='ocrx_word' id='word_1_663' title='bbox 2194 2654 2361 2696; x_wconf 82' lang='lat' dir='ltr'><strong><em>sonus</em></strong></span> <span class='ocrx_word' id='word_1_664' title='bbox 2383 2643 2490 2714; x_wconf 74' lang='grc' dir='ltr'><strong><em>(θ)</em></strong></span> <span class='ocrx_word' id='word_1_665' title='bbox 2507 2647 2721 2715; x_wconf 85' lang='lat' dir='ltr'><strong><em>gothico</em></strong></span> <span class='ocrx_word' id='word_1_666' title='bbox 2746 2650 2822 2718; x_wconf 79' lang='grc' dir='ltr'><strong>(ὃ)</strong></span> <span class='ocrx_word' id='word_1_667' title='bbox 2851 2650 3076 2708; x_wconf 87' lang='lat' dir='ltr'><strong><em>minime</em></strong></span> <span class='ocrx_word' id='word_1_668' title='bbox 3102 2659 3383 2724; x_wconf 78' lang='lat' dir='ltr'><strong><em>congruit;</em></strong></span> <span class='ocrx_word' id='word_1_669' title='bbox 3418 2658 3464 2721; x_wconf 70' lang='grc' dir='ltr'><strong>Ω</strong></span> <span class='ocrx_word' id='word_1_670' title='bbox 3486 2658 3666 2729; x_wconf 84' lang='lat' dir='ltr'><strong><em>igitur,</em></strong></span> <span class='ocrx_word' id='word_1_671' title='bbox 3700 2661 3783 2715; x_wconf 85' lang='lat' dir='ltr'><strong><em>in-</em></strong></span> 
     </span>
    </p>
   </div>
   <div class='ocr_carea' id='block_1_86' title="bbox 2195 2735 3782 2821">
    <p class='ocr_par' dir='ltr' id='par_1_86' title="bbox 2195 2735 3782 2821">
     <span class='ocr_line' id='line_1_86' title="bbox 2195 2735 3782 2821; baseline 0.017 -37"><span class='ocrx_word' id='word_1_672' title='bbox 2195 2735 2481 2790; x_wconf 85' lang='lat' dir='ltr'><strong><em>nuentibus</em></strong></span> <span class='ocrx_word' id='word_1_673' title='bbox 2523 2738 2630 2811; x_wconf 81' lang='lat' dir='ltr'><strong><em>Lyc</em></strong></span> <span class='ocrx_word' id='word_1_674' title='bbox 2673 2739 2915 2809; x_wconf 78' lang='lat' dir='ltr'><strong><em>XXXIX,</em></strong></span> <span class='ocrx_word' id='word_1_675' title='bbox 2946 2756 3000 2800; x_wconf 90' lang='lat' dir='ltr'><strong><em>et</em></strong></span> <span class='ocrx_word' id='word_1_676' title='bbox 3028 2744 3259 2803; x_wconf 81' lang='lat' dir='ltr'><strong><em>Waitsio</em></strong></span> <span class='ocrx_word' id='word_1_677' title='bbox 3292 2749 3381 2814; x_wconf 69' lang='grc' dir='ltr'><strong>δί,</strong></span> <span class='ocrx_word' id='word_1_678' title='bbox 3420 2763 3502 2806; x_wconf 88' lang='lat' dir='ltr'><strong><em>est</em></strong></span> <span class='ocrx_word' id='word_1_679' title='bbox 3532 2755 3709 2821; x_wconf 85' lang='lat' dir='ltr'><strong><em>potius</em></strong></span> <span class='ocrx_word' id='word_1_680' title='bbox 3735 2767 3782 2812; x_wconf 76' lang='grc' dir='ltr'>α</span> 
     </span>
    </p>
   </div>
   <div class='ocr_carea' id='block_1_87' title="bbox 2194 2824 3783 2908">
    <p class='ocr_par' dir='ltr' id='par_1_87' title="bbox 2194 2824 3783 2908">
     <span class='ocr_line' id='line_1_87' title="bbox 2194 2824 3783 2908; baseline 0.014 -27"><span class='ocrx_word' id='word_1_681' title='bbox 2194 2824 2525 2884; x_wconf 78' lang='lat' dir='ltr'><strong><em>Graecorum.</em></strong></span> <span class='ocrx_word' id='word_1_682' title='bbox 2588 2834 2631 2887; x_wconf 88' lang='lat'><strong>0</strong></span> <span class='ocrx_word' id='word_1_683' title='bbox 2675 2834 2795 2891; x_wconf 87' lang='lat' dir='ltr'><strong><em>huic</em></strong></span> <span class='ocrx_word' id='word_1_684' title='bbox 2844 2838 3001 2908; x_wconf 82' lang='lat' dir='ltr'><strong><em>signo</em></strong></span> <span class='ocrx_word' id='word_1_685' title='bbox 3045 2842 3261 2897; x_wconf 87' lang='lat' dir='ltr'><strong><em>omnino</em></strong></span> <span class='ocrx_word' id='word_1_686' title='bbox 3312 2843 3490 2898; x_wconf 88' lang='lat' dir='ltr'><strong><em>simile</em></strong></span> <span class='ocrx_word' id='word_1_687' title='bbox 3545 2848 3783 2905; x_wconf 87' lang='lat' dir='ltr'><strong><em>occurrit</em></strong></span> 
     </span>
    </p>
   </div>
   <div class='ocr_carea' id='block_1_88' title="bbox 2193 2919 3778 3007">
    <p class='ocr_par' dir='ltr' id='par_1_88' title="bbox 2193 2919 3778 3007">
     <span class='ocr_line' id='line_1_88' title="bbox 2193 2919 3778 3007; baseline 0.016 -37"><span class='ocrx_word' id='word_1_688' title='bbox 2193 2919 2352 2971; x_wconf 85' lang='lat' dir='ltr'><strong><em>etiam</em></strong></span> <span class='ocrx_word' id='word_1_689' title='bbox 2414 2920 2464 2973; x_wconf 89' lang='lat' dir='ltr'><strong><em>in</em></strong></span> <span class='ocrx_word' id='word_1_690' title='bbox 2510 2921 2864 2994; x_wconf 79' lang='lat' dir='ltr'><strong><em>inscriptione</em></strong></span> <span class='ocrx_word' id='word_1_691' title='bbox 2910 2931 3226 2986; x_wconf 83' lang='lat' dir='ltr'><strong><em>adumbrata</em></strong></span> <span class='ocrx_word' id='word_1_692' title='bbox 3275 2935 3416 3004; x_wconf 87' lang='lat' dir='ltr'><strong><em>apud</em></strong></span> <span class='ocrx_word' id='word_1_693' title='bbox 3467 2932 3778 3007; x_wconf 82' lang='lat' dir='ltr'><strong><em>Gruteleod,</em></strong></span> 
     </span>
    </p>
   </div>
   <div class='ocr_carea' id='block_1_89' title="bbox 2194 3008 2927 3084">
    <p class='ocr_par' dir='ltr' id='par_1_89' title="bbox 2194 3008 2927 3084">
     <span class='ocr_line' id='line_1_89' title="bbox 2194 3008 2927 3084; baseline 0.018 -24"><span class='ocrx_word' id='word_1_694' title='bbox 2194 3008 2455 3064; x_wconf 76' lang='lat' dir='ltr'><strong><em>Altitalien</em></strong></span> <span class='ocrx_word' id='word_1_695' title='bbox 2487 3012 2548 3077; x_wconf 71' lang='grc' dir='ltr'><strong>γ,</strong></span> <span class='ocrx_word' id='word_1_696' title='bbox 2586 3017 2691 3069; x_wconf 78' lang='lat' dir='ltr'><strong><em>Iob.</em></strong></span> <span class='ocrx_word' id='word_1_697' title='bbox 2729 3018 2791 3084; x_wconf 83' lang='lat' dir='ltr'><strong><em>li,</em></strong></span> <span class='ocrx_word' id='word_1_698' title='bbox 2822 3021 2874 3073; x_wconf 73' lang='grc' dir='ltr'>ι.</span> <span class='ocrx_word' id='word_1_699' title='bbox 2908 3041 2927 3073; x_wconf 71' lang='grc' dir='ltr'><strong><em>ι</em></strong></span> 
     </span>
    </p>
   </div>
   <div class='ocr_carea' id='block_1_90' title="bbox 2267 3103 3781 3189">
    <p class='ocr_par' dir='ltr' id='par_1_90' title="bbox 2267 3103 3781 3189">
     <span class='ocr_line' id='line_1_90' title="bbox 2267 3103 3781 3189; baseline 0.013 -32"><span class='ocrx_word' id='word_1_700' title='bbox 2267 3121 2287 3155; x_wconf 85' lang='lat' dir='ltr'><strong><em>t</em></strong></span> <span class='ocrx_word' id='word_1_701' title='bbox 2322 3103 2349 3175; x_wconf 60' lang='grc' dir='ltr'>ᾗ</span> <span class='ocrx_word' id='word_1_702' title='bbox 2385 3107 2469 3160; x_wconf 74' lang='lat' dir='ltr'><strong><em>l5.</em></strong></span> <span class='ocrx_word' id='word_1_703' title='bbox 2498 3108 2790 3164; x_wconf 80' lang='lat' dir='ltr'><strong><em>Annotatio</em></strong></span> <span class='ocrx_word' id='word_1_704' title='bbox 2818 3113 3055 3167; x_wconf 80' lang='lat' dir='ltr'><strong><em>5.—-liis</em></strong></span> <span class='ocrx_word' id='word_1_705' title='bbox 3088 3116 3271 3186; x_wconf 78' lang='lat' dir='ltr'><strong><em>viginti</em></strong></span> <span class='ocrx_word' id='word_1_706' title='bbox 3302 3127 3357 3172; x_wconf 92' lang='lat' dir='ltr'><strong><em>et</em></strong></span> <span class='ocrx_word' id='word_1_707' title='bbox 3375 3118 3611 3189; x_wconf 87' lang='lat' dir='ltr'><strong><em>quinque</em></strong></span> <span class='ocrx_word' id='word_1_708' title='bbox 3641 3121 3781 3177; x_wconf 80' lang='lat' dir='ltr'><strong><em>litto-</em></strong></span> 
     </span>
    </p>
   </div>
   <div class='ocr_carea' id='block_1_91' title="bbox 2191 3196 3314 3272">
    <p class='ocr_par' dir='ltr' id='par_1_91' title="bbox 2191 3196 3314 3272">
     <span class='ocr_line' id='line_1_91' title="bbox 2191 3196 3314 3272; baseline 0.011 -22"><span class='ocrx_word' id='word_1_709' title='bbox 2191 3196 2268 3251; x_wconf 88' lang='lat' dir='ltr'><strong><em>ris</em></strong></span> <span class='ocrx_word' id='word_1_710' title='bbox 2298 3197 2561 3254; x_wconf 88' lang='lat' dir='ltr'><strong><em>addantur</em></strong></span> <span class='ocrx_word' id='word_1_711' title='bbox 2583 3202 2690 3256; x_wconf 89' lang='lat' dir='ltr'><strong><em>duo</em></strong></span> <span class='ocrx_word' id='word_1_712' title='bbox 2718 3207 3036 3272; x_wconf 82' lang='lat' dir='ltr'><strong><em>episemata,</em></strong></span> <span class='ocrx_word' id='word_1_713' title='bbox 3066 3211 3277 3265; x_wconf 86' lang='lat' dir='ltr'><strong><em>scilicet</em></strong></span> <span class='ocrx_word' id='word_1_714' title='bbox 3304 3228 3314 3262; x_wconf 93' lang='lat'>:</span> 
     </span>
    </p>
   </div>
   <div class='ocr_carea' id='block_1_92' title="bbox 2266 3286 3777 3370">
    <p class='ocr_par' dir='ltr' id='par_1_92' title="bbox 2266 3286 3777 3370">
     <span class='ocr_line' id='line_1_92' title="bbox 2266 3286 3777 3370; baseline 0.012 -30"><span class='ocrx_word' id='word_1_715' title='bbox 2266 3305 2287 3339; x_wconf 81' lang='grc' dir='ltr'><strong><em>ι</em></strong></span> <span class='ocrx_word' id='word_1_716' title='bbox 2329 3286 2382 3357; x_wconf 75' lang='grc'><strong>1)</strong></span> <span class='ocrx_word' id='word_1_717' title='bbox 2413 3287 2455 3359; x_wconf 84' lang='lat' dir='ltr'><strong><em>L|</em></strong></span> <span class='ocrx_word' id='word_1_718' title='bbox 2484 3290 2741 3357; x_wconf 82' lang='lat' dir='ltr'><strong><em>Quamvis</em></strong></span> <span class='ocrx_word' id='word_1_719' title='bbox 2776 3294 2877 3350; x_wconf 90' lang='lat' dir='ltr'><strong><em>hoc</em></strong></span> <span class='ocrx_word' id='word_1_720' title='bbox 2904 3298 3114 3366; x_wconf 84' lang='lat' dir='ltr'><strong><em>signum</em></strong></span> <span class='ocrx_word' id='word_1_721' title='bbox 3158 3315 3421 3369; x_wconf 88' lang='lat' dir='ltr'><strong><em>nusquam</em></strong></span> <span class='ocrx_word' id='word_1_722' title='bbox 3472 3314 3531 3356; x_wconf 90' lang='lat' dir='ltr'><strong><em>ut</em></strong></span> <span class='ocrx_word' id='word_1_723' title='bbox 3571 3303 3777 3370; x_wconf 88' lang='lat' dir='ltr'><strong><em>littera,</em></strong></span> 
     </span>
    </p>
   </div>
   <div class='ocr_carea' id='block_1_93' title="bbox 2190 3376 3781 3462">
    <p class='ocr_par' dir='ltr' id='par_1_93' title="bbox 2190 3376 3781 3462">
     <span class='ocr_line' id='line_1_93' title="bbox 2190 3376 3781 3462; baseline 0.015 -31"><span class='ocrx_word' id='word_1_724' title='bbox 2190 3376 2289 3432; x_wconf 78' lang='lat' dir='ltr'><strong><em>sed</em></strong></span> <span class='ocrx_word' id='word_1_725' title='bbox 2320 3386 2523 3433; x_wconf 86' lang='lat' dir='ltr'><strong><em>tantum</em></strong></span> <span class='ocrx_word' id='word_1_726' title='bbox 2549 3390 2604 3435; x_wconf 89' lang='lat' dir='ltr'><strong><em>ut</em></strong></span> <span class='ocrx_word' id='word_1_727' title='bbox 2640 3384 2771 3438; x_wconf 83' lang='lat' dir='ltr'><strong><em>cifra</em></strong></span> <span class='ocrx_word' id='word_1_728' title='bbox 2794 3385 2847 3439; x_wconf 93' lang='lat' dir='ltr'><strong><em>in</em></strong></span> <span class='ocrx_word' id='word_1_729' title='bbox 2878 3388 3066 3442; x_wconf 82' lang='lat' dir='ltr'><strong><em>codice</em></strong></span> <span class='ocrx_word' id='word_1_730' title='bbox 3090 3403 3346 3456; x_wconf 82' lang='lat' dir='ltr'><strong><em>argenteo</em></strong></span> <span class='ocrx_word' id='word_1_731' title='bbox 3374 3406 3650 3462; x_wconf 83' lang='lat' dir='ltr'><strong><em>appareat,</em></strong></span> <span class='ocrx_word' id='word_1_732' title='bbox 3676 3397 3781 3455; x_wconf 82' lang='lat' dir='ltr'><strong><em>hoc</em></strong></span> 
     </span>
    </p>
   </div>
   <div class='ocr_carea' id='block_1_94' title="bbox 2191 3475 3775 3557">
    <p class='ocr_par' dir='ltr' id='par_1_94' title="bbox 2191 3475 3775 3557">
     <span class='ocr_line' id='line_1_94' title="bbox 2191 3475 3775 3557; baseline 0.012 -32"><span class='ocrx_word' id='word_1_733' title='bbox 2191 3478 2368 3528; x_wconf 79' lang='lat' dir='ltr'><strong><em>tamen</em></strong></span> <span class='ocrx_word' id='word_1_734' title='bbox 2396 3475 2515 3531; x_wconf 82' lang='lat' dir='ltr'><strong><em>ihre</em></strong></span> <span class='ocrx_word' id='word_1_735' title='bbox 2544 3478 2621 3547; x_wconf 90' lang='lat' dir='ltr'><strong><em>(p.</em></strong></span> <span class='ocrx_word' id='word_1_736' title='bbox 2652 3478 2760 3534; x_wconf 72' lang='grc'><strong><em>205</em></strong></span> <span class='ocrx_word' id='word_1_737' title='bbox 2780 3481 2911 3534; x_wconf 86' lang='lat' dir='ltr'><strong><em>edit.</em></strong></span> <span class='ocrx_word' id='word_1_738' title='bbox 2938 3481 3140 3552; x_wconf 74' lang='lat' dir='ltr'><strong><em>Bilsch)</em></strong></span> <span class='ocrx_word' id='word_1_739' title='bbox 3169 3483 3329 3539; x_wconf 83' lang='lat' dir='ltr'><strong><em>habet</em></strong></span> <span class='ocrx_word' id='word_1_740' title='bbox 3351 3500 3407 3541; x_wconf 93' lang='lat' dir='ltr'><strong><em>ut</em></strong></span> <span class='ocrx_word' id='word_1_741' title='bbox 3428 3504 3553 3542; x_wconf 88' lang='lat' dir='ltr'><strong><em>vera</em></strong></span> <span class='ocrx_word' id='word_1_742' title='bbox 3577 3491 3775 3557; x_wconf 85' lang='lat' dir='ltr'><strong><em>littera,</em></strong></span> 
     </span>
    </p>
   </div>
   <div class='ocr_carea' id='block_1_95' title="bbox 2190 3567 3777 3649">
    <p class='ocr_par' dir='ltr' id='par_1_95' title="bbox 2190 3567 3777 3649">
     <span class='ocr_line' id='line_1_95' title="bbox 2190 3567 3777 3649; baseline 0.011 -34"><span class='ocrx_word' id='word_1_743' title='bbox 2190 3580 2370 3634; x_wconf 87' lang='lat' dir='ltr'><strong><em>quam,</em></strong></span> <span class='ocrx_word' id='word_1_744' title='bbox 2415 3567 2867 3635; x_wconf 82' lang='lat' dir='ltr'><strong><em>quemadmodum</em></strong></span> <span class='ocrx_word' id='word_1_745' title='bbox 2911 3573 3117 3628; x_wconf 75' lang='lat' dir='ltr'><strong><em>russico</em></strong></span> <span class='ocrx_word' id='word_1_746' title='bbox 3156 3573 3450 3631; x_wconf 72' lang='lat' dir='ltr'><strong><em>charaCteri</em></strong></span> <span class='ocrx_word' id='word_1_747' title='bbox 3488 3576 3566 3630; x_wconf 78' lang='lat' dir='ltr'><strong><em>tslt</em></strong></span> <span class='ocrx_word' id='word_1_748' title='bbox 3611 3580 3777 3649; x_wconf 74' lang='lat' dir='ltr'><strong><em>(tseh;</em></strong></span> 
     </span>
    </p>
   </div>
   <div class='ocr_carea' id='block_1_96' title="bbox 2190 3654 3782 3728">
    <p class='ocr_par' dir='ltr' id='par_1_96' title="bbox 2190 3654 3782 3728">
     <span class='ocr_line' id='line_1_96' title="bbox 2190 3654 3782 3728; baseline 0.011 -22"><span class='ocrx_word' id='word_1_749' title='bbox 2190 3654 2384 3709; x_wconf 81' lang='lat' dir='ltr'><strong><em>valenti</em></strong></span> <span class='ocrx_word' id='word_1_750' title='bbox 2408 3656 2574 3709; x_wconf 85' lang='lat' dir='ltr'><strong><em>forma</em></strong></span> <span class='ocrx_word' id='word_1_751' title='bbox 2602 3659 2874 3725; x_wconf 83' lang='lat' dir='ltr'><strong><em>convenit,</em></strong></span> <span class='ocrx_word' id='word_1_752' title='bbox 2903 3660 2975 3714; x_wconf 91' lang='lat' dir='ltr'><strong><em>ita</em></strong></span> <span class='ocrx_word' id='word_1_753' title='bbox 2995 3669 3051 3716; x_wconf 88' lang='lat' dir='ltr'><strong><em>et</em></strong></span> <span class='ocrx_word' id='word_1_754' title='bbox 3079 3666 3315 3728; x_wconf 87' lang='lat' dir='ltr'><strong><em>potentia</em></strong></span> <span class='ocrx_word' id='word_1_755' title='bbox 3338 3669 3627 3722; x_wconf 79' lang='lat' dir='ltr'><strong><em>convenire</em></strong></span> <span class='ocrx_word' id='word_1_756' title='bbox 3647 3683 3782 3723; x_wconf 88' lang='lat' dir='ltr'><strong><em>con-</em></strong></span> 
     </span>
    </p>
   </div>
   <div class='ocr_carea' id='block_1_97' title="bbox 2190 3746 3775 3828">
    <p class='ocr_par' dir='ltr' id='par_1_97' title="bbox 2190 3746 3775 3828">
     <span class='ocr_line' id='line_1_97' title="bbox 2190 3746 3775 3828; baseline 0.01 -26"><span class='ocrx_word' id='word_1_757' title='bbox 2190 3749 2377 3803; x_wconf 82' lang='lat' dir='ltr'><strong><em>tendit.</em></strong></span> <span class='ocrx_word' id='word_1_758' title='bbox 2408 3746 2515 3804; x_wconf 88' lang='lat' dir='ltr'><strong><em>Sed</em></strong></span> <span class='ocrx_word' id='word_1_759' title='bbox 2544 3761 2733 3805; x_wconf 87' lang='lat' dir='ltr'><strong><em>contra</em></strong></span> <span class='ocrx_word' id='word_1_760' title='bbox 2764 3754 2976 3821; x_wconf 87' lang='lat' dir='ltr'><strong><em>militat,</em></strong></span> <span class='ocrx_word' id='word_1_761' title='bbox 3009 3757 3149 3824; x_wconf 85' lang='lat' dir='ltr'><strong><em>quod</em></strong></span> <span class='ocrx_word' id='word_1_762' title='bbox 3174 3773 3448 3828; x_wconf 84' lang='lat' dir='ltr'><strong><em>nunquam</em></strong></span> <span class='ocrx_word' id='word_1_763' title='bbox 3475 3760 3659 3816; x_wconf 86' lang='lat' dir='ltr'><strong><em>Ullilas</em></strong></span> <span class='ocrx_word' id='word_1_764' title='bbox 3680 3763 3775 3817; x_wconf 82' lang='lat' dir='ltr'><strong><em>du-</em></strong></span> 
     </span>
    </p>
   </div>
   <div class='ocr_carea' id='block_1_98' title="bbox 2191 3839 3777 3925">
    <p class='ocr_par' dir='ltr' id='par_1_98' title="bbox 2191 3839 3777 3925">
     <span class='ocr_line' id='line_1_98' title="bbox 2191 3839 3777 3925; baseline 0.012 -34"><span class='ocrx_word' id='word_1_765' title='bbox 2191 3839 2380 3907; x_wconf 80' lang='lat' dir='ltr'><strong><em>plicem</em></strong></span> <span class='ocrx_word' id='word_1_766' title='bbox 2413 3854 2605 3896; x_wconf 90' lang='lat' dir='ltr'><strong><em>sonum</em></strong></span> <span class='ocrx_word' id='word_1_767' title='bbox 2638 3844 2799 3898; x_wconf 85' lang='lat' dir='ltr'><strong><em>unico</em></strong></span> <span class='ocrx_word' id='word_1_768' title='bbox 2828 3848 2985 3915; x_wconf 89' lang='lat' dir='ltr'><strong><em>signo</em></strong></span> <span class='ocrx_word' id='word_1_769' title='bbox 3020 3846 3336 3913; x_wconf 87' lang='lat' dir='ltr'><strong><em>reddiderit,</em></strong></span> <span class='ocrx_word' id='word_1_770' title='bbox 3365 3862 3421 3905; x_wconf 85' lang='lat' dir='ltr'><strong><em>et</em></strong></span> <span class='ocrx_word' id='word_1_771' title='bbox 3448 3853 3498 3905; x_wconf 90' lang='lat' dir='ltr'><strong><em>in</em></strong></span> <span class='ocrx_word' id='word_1_772' title='bbox 3541 3863 3647 3907; x_wconf 86' lang='lat' dir='ltr'><strong><em>tota</em></strong></span> <span class='ocrx_word' id='word_1_773' title='bbox 3678 3870 3777 3925; x_wconf 84' lang='lat' dir='ltr'><strong><em>go-</em></strong></span> 
     </span>
    </p>
   </div>
   <div class='ocr_carea' id='block_1_99' title="bbox 2189 3930 3775 4018">
    <p class='ocr_par' dir='ltr' id='par_1_99' title="bbox 2189 3930 3775 4018">
     <span class='ocr_line' id='line_1_99' title="bbox 2189 3930 3775 4018; baseline 0.011 -33"><span class='ocrx_word' id='word_1_774' title='bbox 2189 3930 2329 3986; x_wconf 88' lang='lat' dir='ltr'><strong><em>thica</em></strong></span> <span class='ocrx_word' id='word_1_775' title='bbox 2360 3934 2623 4000; x_wconf 84' lang='lat' dir='ltr'><strong><em>scriptura</em></strong></span> <span class='ocrx_word' id='word_1_776' title='bbox 2658 3938 2990 4007; x_wconf 84' lang='lat' dir='ltr'><strong><em>compositus</em></strong></span> <span class='ocrx_word' id='word_1_777' title='bbox 3018 3954 3185 3994; x_wconf 85' lang='lat' dir='ltr'><strong><em>sonus</em></strong></span> <span class='ocrx_word' id='word_1_778' title='bbox 3207 3943 3285 3993; x_wconf 80' lang='lat' dir='ltr'><strong><em>tsk</em></strong></span> <span class='ocrx_word' id='word_1_779' title='bbox 3315 3959 3577 4013; x_wconf 83' lang='lat' dir='ltr'><strong><em>nusquam</em></strong></span> <span class='ocrx_word' id='word_1_780' title='bbox 3605 3961 3775 4018; x_wconf 86' lang='lat' dir='ltr'><strong><em>appa—</em></strong></span> 
     </span>
    </p>
   </div>
   <div class='ocr_carea' id='block_1_100' title="bbox 2189 4024 3773 4103">
    <p class='ocr_par' dir='ltr' id='par_1_100' title="bbox 2189 4024 3773 4103">
     <span class='ocr_line' id='line_1_100' title="bbox 2189 4024 3773 4103; baseline 0.013 -27"><span class='ocrx_word' id='word_1_781' title='bbox 2189 4033 2319 4077; x_wconf 82' lang='lat' dir='ltr'><strong><em>reat.</em></strong></span> <span class='ocrx_word' id='word_1_782' title='bbox 2354 4024 2522 4091; x_wconf 80' lang='lat' dir='ltr'><strong><em>Quam</em></strong></span> <span class='ocrx_word' id='word_1_783' title='bbox 2559 4028 2921 4097; x_wconf 86' lang='lat' dir='ltr'><strong><em>conjecturam</em></strong></span> <span class='ocrx_word' id='word_1_784' title='bbox 2956 4030 3092 4086; x_wconf 88' lang='lat' dir='ltr'><strong><em>lhrei</em></strong></span> <span class='ocrx_word' id='word_1_785' title='bbox 3126 4033 3247 4087; x_wconf 86' lang='lat' dir='ltr'><strong><em>licet</em></strong></span> <span class='ocrx_word' id='word_1_786' title='bbox 3273 4035 3383 4103; x_wconf 61' lang='grc' dir='ltr'><strong><em>ᾔτηη</em></strong></span> <span class='ocrx_word' id='word_1_787' title='bbox 3423 4054 3452 4090; x_wconf 86' lang='lat' dir='ltr'><strong><em>a</em></strong></span> <span class='ocrx_word' id='word_1_788' title='bbox 3481 4038 3688 4095; x_wconf 85' lang='lat' dir='ltr'><strong><em>Zahnio</em></strong></span> <span class='ocrx_word' id='word_1_789' title='bbox 3721 4042 3773 4096; x_wconf 89' lang='lat' dir='ltr'><strong><em>in</em></strong></span> 
     </span>
    </p>
   </div>
   <div class='ocr_carea' id='block_1_101' title="bbox 2188 4118 3773 4200">
    <p class='ocr_par' dir='ltr' id='par_1_101' title="bbox 2188 4118 3773 4200">
     <span class='ocr_line' id='line_1_101' title="bbox 2188 4118 3773 4200; baseline 0.013 -33"><span class='ocrx_word' id='word_1_790' title='bbox 2188 4118 2627 4173; x_wconf 81' lang='lat' dir='ltr'><strong><em>annotationibus</em></strong></span> <span class='ocrx_word' id='word_1_791' title='bbox 2688 4120 2756 4173; x_wconf 92' lang='lat' dir='ltr'><strong><em>ad</em></strong></span> <span class='ocrx_word' id='word_1_792' title='bbox 2816 4122 3089 4189; x_wconf 88' lang='lat' dir='ltr'><strong><em>g0thicum</em></strong></span> <span class='ocrx_word' id='word_1_793' title='bbox 3142 4125 3486 4192; x_wconf 88' lang='lat' dir='ltr'><strong><em>alphabetum</em></strong></span> <span class='ocrx_word' id='word_1_794' title='bbox 3548 4131 3773 4200; x_wconf 70' lang='lat' dir='ltr'><strong><em>gothica</em></strong></span> 
     </span>
    </p>
   </div>
   <div class='ocr_carea' id='block_1_102' title="bbox 2187 4208 3773 4291">
    <p class='ocr_par' dir='ltr' id='par_1_102' title="bbox 2187 4208 3773 4291">
     <span class='ocr_line' id='line_1_102' title="bbox 2187 4208 3773 4291; baseline 0.014 -34"><span class='ocrx_word' id='word_1_795' title='bbox 2187 4208 2552 4276; x_wconf 74' lang='lat' dir='ltr'><strong><em>grammatica:</em></strong></span> <span class='ocrx_word' id='word_1_796' title='bbox 2590 4209 2776 4265; x_wconf 76' lang='lat' dir='ltr'><strong><em>Fuldce</em></strong></span> <span class='ocrx_word' id='word_1_797' title='bbox 2805 4215 3107 4284; x_wconf 64' lang='lat' dir='ltr'><strong><em>prmmsitis</em></strong></span> <span class='ocrx_word' id='word_1_798' title='bbox 3140 4226 3196 4271; x_wconf 85' lang='lat' dir='ltr'><strong><em>ut</em></strong></span> <span class='ocrx_word' id='word_1_799' title='bbox 3225 4234 3430 4274; x_wconf 88' lang='lat' dir='ltr'><strong><em>merum</em></strong></span> <span class='ocrx_word' id='word_1_800' title='bbox 3462 4221 3773 4291; x_wconf 82' lang='lat' dir='ltr'><strong><em>figmentum</em></strong></span> 
     </span>
    </p>
   </div>
   <div class='ocr_carea' id='block_1_103' title="bbox 2189 4296 3773 4381">
    <p class='ocr_par' dir='ltr' id='par_1_103' title="bbox 2189 4296 3773 4381">
     <span class='ocr_line' id='line_1_103' title="bbox 2189 4296 3773 4381; baseline 0.014 -31"><span class='ocrx_word' id='word_1_801' title='bbox 2189 4296 2487 4366; x_wconf 83' lang='lat' dir='ltr'><strong><em>explosam,</em></strong></span> <span class='ocrx_word' id='word_1_802' title='bbox 2523 4300 2590 4354; x_wconf 90' lang='lat' dir='ltr'><strong><em>de</em></strong></span> <span class='ocrx_word' id='word_1_803' title='bbox 2621 4316 2797 4368; x_wconf 82' lang='lat' dir='ltr'><strong><em>novo,</em></strong></span> <span class='ocrx_word' id='word_1_804' title='bbox 2828 4304 2935 4359; x_wconf 85' lang='lat' dir='ltr'><strong><em>alio</em></strong></span> <span class='ocrx_word' id='word_1_805' title='bbox 2963 4307 3139 4361; x_wconf 82' lang='lat' dir='ltr'><strong><em>tamen</em></strong></span> <span class='ocrx_word' id='word_1_806' title='bbox 3168 4308 3329 4364; x_wconf 91' lang='lat' dir='ltr'><strong><em>modo</em></strong></span> <span class='ocrx_word' id='word_1_807' title='bbox 3354 4316 3646 4381; x_wconf 83' lang='lat' dir='ltr'><strong><em>exagitavit</em></strong></span> <span class='ocrx_word' id='word_1_808' title='bbox 3682 4316 3773 4374; x_wconf 71' lang='grc' dir='ltr'><strong><em>ιν.</em></strong></span> 
     </span>
    </p>
   </div>
   <div class='ocr_carea' id='block_1_104' title="bbox 2189 4384 3768 4475">
    <p class='ocr_par' dir='ltr' id='par_1_104' title="bbox 2189 4384 3768 4475">
     <span class='ocr_line' id='line_1_104' title="bbox 2189 4384 3768 4475; baseline 0.015 -35"><span class='ocrx_word' id='word_1_809' title='bbox 2189 4384 2478 4443; x_wconf 87' lang='lat' dir='ltr'><strong><em>Grimmius</em></strong></span> <span class='ocrx_word' id='word_1_810' title='bbox 2505 4389 2704 4461; x_wconf 87' lang='lat' dir='ltr'><strong><em>(Wien.</em></strong></span> <span class='ocrx_word' id='word_1_811' title='bbox 2733 4393 2917 4448; x_wconf 84' lang='lat' dir='ltr'><strong><em>Jahrb.</em></strong></span> <span class='ocrx_word' id='word_1_812' title='bbox 2955 4412 3005 4464; x_wconf 90' lang='lat' dir='ltr'><strong><em>p.</em></strong></span> <span class='ocrx_word' id='word_1_813' title='bbox 3033 4398 3109 4468; x_wconf 85' lang='lat'><strong><em>7),</em></strong></span> <span class='ocrx_word' id='word_1_814' title='bbox 3127 4398 3180 4453; x_wconf 89' lang='lat' dir='ltr'><strong><em>in</em></strong></span> <span class='ocrx_word' id='word_1_815' title='bbox 3209 4399 3307 4456; x_wconf 84' lang='lat' dir='ltr'><strong><em>hoc</em></strong></span> <span class='ocrx_word' id='word_1_816' title='bbox 3334 4403 3485 4473; x_wconf 83' lang='lat' dir='ltr'><strong><em>signo</em></strong></span> <span class='ocrx_word' id='word_1_817' title='bbox 3512 4405 3768 4475; x_wconf 85' lang='lat' dir='ltr'><strong><em>litteram,</em></strong></span> 
     </span>
    </p>
   </div>
   <div class='ocr_carea' id='block_1_105' title="bbox 2189 4481 3772 4564">
    <p class='ocr_par' dir='ltr' id='par_1_105' title="bbox 2189 4481 3772 4564">
     <span class='ocr_line' id='line_1_105' title="bbox 2189 4481 3772 4564; baseline 0.017 -31"><span class='ocrx_word' id='word_1_818' title='bbox 2189 4486 2244 4533; x_wconf 89' lang='lat' dir='ltr'><strong><em>et</em></strong></span> <span class='ocrx_word' id='word_1_819' title='bbox 2267 4481 2488 4551; x_wconf 84' lang='lat' dir='ltr'><strong><em>quidem</em></strong></span> <span class='ocrx_word' id='word_1_820' title='bbox 2517 4485 2587 4537; x_wconf 76' lang='lat' dir='ltr'><strong><em>d’t</em></strong></span> <span class='ocrx_word' id='word_1_821' title='bbox 2618 4488 2884 4543; x_wconf 82' lang='lat' dir='ltr'><strong><em>valentem</em></strong></span> <span class='ocrx_word' id='word_1_822' title='bbox 2914 4489 3107 4545; x_wconf 83' lang='lat' dir='ltr'><strong><em>iterum</em></strong></span> <span class='ocrx_word' id='word_1_823' title='bbox 3138 4501 3434 4564; x_wconf 70' lang='lat' dir='ltr'><strong><em>agnoscens</em></strong></span> <span class='ocrx_word' id='word_1_824' title='bbox 3460 4515 3476 4561; x_wconf 86' lang='lat'><strong>;</strong></span> <span class='ocrx_word' id='word_1_825' title='bbox 3524 4504 3619 4557; x_wconf 88' lang='lat' dir='ltr'><strong><em>sed</em></strong></span> <span class='ocrx_word' id='word_1_826' title='bbox 3649 4503 3772 4560; x_wconf 87' lang='lat' dir='ltr'><strong><em>huic</em></strong></span> 
     </span>
    </p>
   </div>
   <div class='ocr_carea' id='block_1_106' title="bbox 2186 4574 3773 4664">
    <p class='ocr_par' dir='ltr' id='par_1_106' title="bbox 2186 4574 3773 4664">
     <span class='ocr_line' id='line_1_106' title="bbox 2186 4574 3773 4664; baseline 0.016 -39"><span class='ocrx_word' id='word_1_827' title='bbox 2186 4585 2322 4628; x_wconf 90' lang='lat' dir='ltr'><strong><em>sono</em></strong></span> <span class='ocrx_word' id='word_1_828' title='bbox 2347 4574 2636 4644; x_wconf 87' lang='lat' dir='ltr'><strong><em>respondet</em></strong></span> <span class='ocrx_word' id='word_1_829' title='bbox 2658 4578 2737 4649; x_wconf 84' lang='grc' dir='ltr'><strong>ῴ,</strong></span> <span class='ocrx_word' id='word_1_830' title='bbox 2768 4589 2821 4634; x_wconf 84' lang='grc' dir='ltr'><strong><em>ιιι</em></strong></span> <span class='ocrx_word' id='word_1_831' title='bbox 2852 4579 2984 4635; x_wconf 79' lang='lat' dir='ltr'><strong><em>inira</em></strong></span> <span class='ocrx_word' id='word_1_832' title='bbox 3026 4581 3080 4651; x_wconf 68' lang='grc' dir='ltr'><strong><em>(ς</em></strong></span> <span class='ocrx_word' id='word_1_833' title='bbox 3114 4584 3205 4655; x_wconf 85' lang='grc'><strong><em>50)</em></strong></span> <span class='ocrx_word' id='word_1_834' title='bbox 3232 4588 3563 4645; x_wconf 86' lang='lat' dir='ltr'><strong><em>ostendetur.</em></strong></span> <span class='ocrx_word' id='word_1_835' title='bbox 3591 4590 3773 4664; x_wconf 84' lang='lat' dir='ltr'><strong><em>Neque</em></strong></span> 
     </span>
    </p>
   </div>
   <div class='ocr_carea' id='block_1_107' title="bbox 2189 4664 3771 4757">
    <p class='ocr_par' dir='ltr' id='par_1_107' title="bbox 2189 4664 3771 4757">
     <span class='ocr_line' id='line_1_107' title="bbox 2189 4664 3771 4757; baseline 0.015 -38"><span class='ocrx_word' id='word_1_836' title='bbox 2189 4664 2389 4722; x_wconf 81' lang='lat' dir='ltr'><strong><em>Jacobo</em></strong></span> <span class='ocrx_word' id='word_1_837' title='bbox 2429 4667 2690 4726; x_wconf 85' lang='lat' dir='ltr'><strong><em>Grimmio</em></strong></span> <span class='ocrx_word' id='word_1_838' title='bbox 2731 4672 2933 4743; x_wconf 85' lang='lat' dir='ltr'><strong><em>(Wien.</em></strong></span> <span class='ocrx_word' id='word_1_839' title='bbox 2975 4675 3163 4732; x_wconf 86' lang='lat' dir='ltr'><strong><em>Jahrb.</em></strong></span> <span class='ocrx_word' id='word_1_840' title='bbox 3211 4694 3265 4749; x_wconf 91' lang='lat' dir='ltr'><strong><em>p.</em></strong></span> <span class='ocrx_word' id='word_1_841' title='bbox 3298 4682 3389 4749; x_wconf 68' lang='lat'><strong><em>40)</em></strong></span> <span class='ocrx_word' id='word_1_842' title='bbox 3432 4685 3771 4757; x_wconf 86' lang='lat' dir='ltr'><strong><em>displicebat,</em></strong></span> 
     </span>
    </p>
   </div>
   <div class='ocr_carea' id='block_1_108' title="bbox 2190 4758 3771 4851">
    <p class='ocr_par' dir='ltr' id='par_1_108' title="bbox 2190 4758 3771 4851">
     <span class='ocr_line' id='line_1_108' title="bbox 2190 4758 3771 4851; baseline 0.017 -41"><span class='ocrx_word' id='word_1_843' title='bbox 2190 4768 2227 4830; x_wconf 69' lang='grc' dir='ltr'><strong><em>ιι</em></strong></span> <span class='ocrx_word' id='word_1_844' title='bbox 2264 4758 2492 4815; x_wconf 87' lang='lat' dir='ltr'><strong><em>litteram</em></strong></span> <span class='ocrx_word' id='word_1_845' title='bbox 2520 4776 2662 4829; x_wconf 87' lang='lat' dir='ltr'><strong><em>esse,</em></strong></span> <span class='ocrx_word' id='word_1_846' title='bbox 2704 4767 2932 4834; x_wconf 84' lang='lat' dir='ltr'><strong><em>negabat</em></strong></span> <span class='ocrx_word' id='word_1_847' title='bbox 2960 4779 3137 4823; x_wconf 89' lang='lat' dir='ltr'><strong><em>autem</em></strong></span> <span class='ocrx_word' id='word_1_848' title='bbox 3171 4770 3251 4825; x_wconf 90' lang='lat' dir='ltr'><strong><em>vir</em></strong></span> <span class='ocrx_word' id='word_1_849' title='bbox 3276 4772 3365 4828; x_wconf 90' lang='lat' dir='ltr'><strong><em>ille</em></strong></span> <span class='ocrx_word' id='word_1_850' title='bbox 3395 4775 3607 4843; x_wconf 88' lang='lat' dir='ltr'><strong><em>doctus,</em></strong></span> <span class='ocrx_word' id='word_1_851' title='bbox 3627 4785 3771 4851; x_wconf 91' lang='lat' dir='ltr'><strong><em>quod</em></strong></span> 
     </span>
    </p>
   </div>
   <div class='ocr_carea' id='block_1_109' title="bbox 2188 4853 3770 4942">
    <p class='ocr_par' dir='ltr' id='par_1_109' title="bbox 2188 4853 3770 4942">
     <span class='ocr_line' id='line_1_109' title="bbox 2188 4853 3770 4942; baseline 0.016 -38"><span class='ocrx_word' id='word_1_852' title='bbox 2188 4854 2253 4906; x_wconf 82' lang='lat' dir='ltr'><strong><em>ad</em></strong></span> <span class='ocrx_word' id='word_1_853' title='bbox 2286 4853 2557 4921; x_wconf 80' lang='lat' dir='ltr'><strong><em>gothicum</em></strong></span> <span class='ocrx_word' id='word_1_854' title='bbox 2588 4856 2929 4927; x_wconf 87' lang='lat' dir='ltr'><strong><em>alphabetum</em></strong></span> <span class='ocrx_word' id='word_1_855' title='bbox 2961 4860 3076 4914; x_wconf 84' lang='lat' dir='ltr'><strong><em>h.cc</em></strong></span> <span class='ocrx_word' id='word_1_856' title='bbox 3103 4862 3277 4918; x_wconf 87' lang='lat' dir='ltr'><strong><em>littera</em></strong></span> <span class='ocrx_word' id='word_1_857' title='bbox 3316 4872 3618 4927; x_wconf 69' lang='lat' dir='ltr'><strong><em>necessario</em></strong></span> <span class='ocrx_word' id='word_1_858' title='bbox 3648 4889 3770 4942; x_wconf 85' lang='lat' dir='ltr'><strong><em>per-</em></strong></span> 
     </span>
    </p>
   </div>
   <div class='ocr_carea' id='block_1_110' title="bbox 2190 4944 3774 5032">
    <p class='ocr_par' dir='ltr' id='par_1_110' title="bbox 2190 4944 3774 5032">
     <span class='ocr_line' id='line_1_110' title="bbox 2190 4944 3774 5032; baseline 0.015 -34"><span class='ocrx_word' id='word_1_859' title='bbox 2190 4944 2405 5011; x_wconf 87' lang='lat' dir='ltr'><strong><em>tineret,</em></strong></span> <span class='ocrx_word' id='word_1_860' title='bbox 2439 4962 2557 5001; x_wconf 90' lang='lat' dir='ltr'><strong><em>eam</em></strong></span> <span class='ocrx_word' id='word_1_861' title='bbox 2587 4948 2900 5006; x_wconf 88' lang='lat' dir='ltr'><strong><em>adscribens</em></strong></span> <span class='ocrx_word' id='word_1_862' title='bbox 2928 4952 2995 5008; x_wconf 89' lang='lat' dir='ltr'><strong><em>ad</em></strong></span> <span class='ocrx_word' id='word_1_863' title='bbox 3043 4954 3385 5023; x_wconf 79' lang='lat' dir='ltr'><strong><em>alphabetum</em></strong></span> <span class='ocrx_word' id='word_1_864' title='bbox 3434 4976 3499 5014; x_wconf 82' lang='lat' dir='ltr'><strong><em>ex</em></strong></span> <span class='ocrx_word' id='word_1_865' title='bbox 3545 4981 3653 5032; x_wconf 82' lang='lat' dir='ltr'><strong><em>quo</em></strong></span> <span class='ocrx_word' id='word_1_866' title='bbox 3681 4968 3774 5025; x_wconf 80' lang='lat' dir='ltr'><strong><em>illo</em></strong></span> 
     </span>
    </p>
   </div>
   <div class='ocr_carea' id='block_1_111' title="bbox 2188 5037 3769 5115">
    <p class='ocr_par' dir='ltr' id='par_1_111' title="bbox 2188 5037 3769 5115">
     <span class='ocr_line' id='line_1_111' title="bbox 2188 5037 3769 5115; baseline 0.014 -24"><span class='ocrx_word' id='word_1_867' title='bbox 2188 5037 2502 5106; x_wconf 83' lang='lat' dir='ltr'><strong><em>prodierat;</em></strong></span> <span class='ocrx_word' id='word_1_868' title='bbox 2531 5044 2742 5095; x_wconf 81' lang='lat' dir='ltr'><strong><em>confert</em></strong></span> <span class='ocrx_word' id='word_1_869' title='bbox 2767 5044 3019 5109; x_wconf 86' lang='lat' dir='ltr'><strong><em>equidem</em></strong></span> <span class='ocrx_word' id='word_1_870' title='bbox 3045 5046 3331 5112; x_wconf 85' lang='lat' dir='ltr'><strong><em>slavicum;</em></strong></span> <span class='ocrx_word' id='word_1_871' title='bbox 3358 5051 3494 5106; x_wconf 87' lang='lat' dir='ltr'><strong><em>hanc</em></strong></span> <span class='ocrx_word' id='word_1_872' title='bbox 3522 5069 3653 5110; x_wconf 83' lang='lat' dir='ltr'><strong><em>vero</em></strong></span> <span class='ocrx_word' id='word_1_873' title='bbox 3682 5057 3769 5115; x_wconf 84' lang='lat' dir='ltr'><strong><em>lit-</em></strong></span> 
     </span>
    </p>
   </div>
   <div class='ocr_carea' id='block_1_112' title="bbox 2187 5130 3765 5205">
    <p class='ocr_par' dir='ltr' id='par_1_112' title="bbox 2187 5130 3765 5205">
     <span class='ocr_line' id='line_1_112' title="bbox 2187 5130 3765 5205; baseline 0.015 -25"><span class='ocrx_word' id='word_1_874' title='bbox 2187 5134 2357 5182; x_wconf 85' lang='lat' dir='ltr'><strong><em>teram</em></strong></span> <span class='ocrx_word' id='word_1_875' title='bbox 2390 5142 2496 5180; x_wconf 89' lang='lat' dir='ltr'><strong><em>non</em></strong></span> <span class='ocrx_word' id='word_1_876' title='bbox 2523 5143 2647 5183; x_wconf 76' lang='lat' dir='ltr'><strong><em>esse</em></strong></span> <span class='ocrx_word' id='word_1_877' title='bbox 2675 5130 2970 5198; x_wconf 89' lang='lat' dir='ltr'><strong><em>dentalem,</em></strong></span> <span class='ocrx_word' id='word_1_878' title='bbox 2990 5136 3085 5189; x_wconf 89' lang='lat' dir='ltr'><strong><em>sed</em></strong></span> <span class='ocrx_word' id='word_1_879' title='bbox 3112 5140 3438 5205; x_wconf 85' lang='lat' dir='ltr'><strong><em>gutturalem</em></strong></span> <span class='ocrx_word' id='word_1_880' title='bbox 3468 5147 3765 5204; x_wconf 87' lang='lat' dir='ltr'><strong><em>contendit.</em></strong></span> 
     </span>
    </p>
   </div>
   <div class='ocr_carea' id='block_1_113' title="bbox 2188 5218 3769 5307">
    <p class='ocr_par' dir='ltr' id='par_1_113' title="bbox 2188 5218 3769 5307">
     <span class='ocr_line' id='line_1_113' title="bbox 2188 5218 3769 5307; baseline 0.012 -32"><span class='ocrx_word' id='word_1_881' title='bbox 2188 5218 2469 5289; x_wconf 80' lang='lat' dir='ltr'><strong><em>Utcunque</em></strong></span> <span class='ocrx_word' id='word_1_882' title='bbox 2494 5234 2556 5276; x_wconf 89' lang='lat' dir='ltr'><strong><em>se</em></strong></span> <span class='ocrx_word' id='word_1_883' title='bbox 2578 5220 2775 5276; x_wconf 88' lang='lat' dir='ltr'><strong><em>habent</em></strong></span> <span class='ocrx_word' id='word_1_884' title='bbox 2800 5223 2921 5294; x_wconf 86' lang='lat' dir='ltr'><strong><em>ista,</em></strong></span> <span class='ocrx_word' id='word_1_885' title='bbox 2949 5225 3162 5297; x_wconf 86' lang='lat' dir='ltr'><strong><em>signum</em></strong></span> <span class='ocrx_word' id='word_1_886' title='bbox 3188 5228 3257 5284; x_wconf 86' lang='lat' dir='ltr'><strong><em>de</em></strong></span> <span class='ocrx_word' id='word_1_887' title='bbox 3280 5245 3387 5301; x_wconf 87' lang='lat' dir='ltr'><strong><em>quo</em></strong></span> <span class='ocrx_word' id='word_1_888' title='bbox 3409 5249 3550 5289; x_wconf 86' lang='lat' dir='ltr'><strong><em>nunc</em></strong></span> <span class='ocrx_word' id='word_1_889' title='bbox 3573 5238 3769 5307; x_wconf 76' lang='lat' dir='ltr'><strong><em>agitur,</em></strong></span> 
     </span>
    </p>
   </div>
   <div class='ocr_carea' id='block_1_114' title="bbox 2186 5312 3769 5396">
    <p class='ocr_par' dir='ltr' id='par_1_114' title="bbox 2186 5312 3769 5396">
     <span class='ocr_line' id='line_1_114' title="bbox 2186 5312 3769 5396; baseline 0.011 -30"><span class='ocrx_word' id='word_1_890' title='bbox 2186 5328 2294 5367; x_wconf 88' lang='lat' dir='ltr'><strong><em>non</em></strong></span> <span class='ocrx_word' id='word_1_891' title='bbox 2325 5322 2409 5367; x_wconf 88' lang='lat' dir='ltr'><strong><em>est</em></strong></span> <span class='ocrx_word' id='word_1_892' title='bbox 2437 5312 2648 5381; x_wconf 86' lang='lat' dir='ltr'><strong><em>gothica</em></strong></span> <span class='ocrx_word' id='word_1_893' title='bbox 2680 5313 2887 5380; x_wconf 87' lang='lat' dir='ltr'><strong><em>littera,</em></strong></span> <span class='ocrx_word' id='word_1_894' title='bbox 2923 5317 3017 5372; x_wconf 85' lang='lat' dir='ltr'><strong><em>sed</em></strong></span> <span class='ocrx_word' id='word_1_895' title='bbox 3051 5327 3253 5375; x_wconf 90' lang='lat' dir='ltr'><strong><em>tantum</em></strong></span> <span class='ocrx_word' id='word_1_896' title='bbox 3286 5325 3580 5379; x_wconf 78' lang='lat' dir='ltr'><strong><em>numeratis</em></strong></span> <span class='ocrx_word' id='word_1_897' title='bbox 3618 5340 3769 5396; x_wconf 88' lang='lat' dir='ltr'><strong><em>nota,</em></strong></span> 
     </span>
    </p>
   </div>
   <div class='ocr_carea' id='block_1_115' title="bbox 2186 5400 3767 5481">
    <p class='ocr_par' dir='ltr' id='par_1_115' title="bbox 2186 5400 3767 5481">
     <span class='ocr_line' id='line_1_115' title="bbox 2186 5400 3767 5481; baseline 0.012 -26"><span class='ocrx_word' id='word_1_898' title='bbox 2186 5400 2256 5457; x_wconf 86' lang='lat'><strong>90</strong></span> <span class='ocrx_word' id='word_1_899' title='bbox 2281 5402 2485 5468; x_wconf 86' lang='lat' dir='ltr'><strong><em>valens,</em></strong></span> <span class='ocrx_word' id='word_1_900' title='bbox 2517 5400 2694 5471; x_wconf 75' lang='lat' dir='ltr'><strong><em>koppa</em></strong></span> <span class='ocrx_word' id='word_1_901' title='bbox 2719 5403 3048 5473; x_wconf 65' lang='lat' dir='ltr'><strong><em>Graecorum,</em></strong></span> <span class='ocrx_word' id='word_1_902' title='bbox 3082 5408 3189 5465; x_wconf 82' lang='lat' dir='ltr'><strong><em>vid.</em></strong></span> <span class='ocrx_word' id='word_1_903' title='bbox 3222 5410 3545 5481; x_wconf 88' lang='lat' dir='ltr'><strong><em>Schneider,</em></strong></span> <span class='ocrx_word' id='word_1_904' title='bbox 3581 5415 3767 5473; x_wconf 77' lang='lat' dir='ltr'><strong><em>Form-</em></strong></span> 
     </span>
    </p>
   </div>
   <div class='ocr_carea' id='block_1_116' title="bbox 2186 5493 3768 5582">
    <p class='ocr_par' dir='ltr' id='par_1_116' title="bbox 2186 5493 3768 5582">
     <span class='ocr_line' id='line_1_116' title="bbox 2186 5493 3768 5582; baseline 0.014 -36"><span class='ocrx_word' id='word_1_905' title='bbox 2186 5493 2325 5548; x_wconf 84' lang='lat' dir='ltr'><strong><em>lehre</em></strong></span> <span class='ocrx_word' id='word_1_906' title='bbox 2357 5493 2394 5560; x_wconf 94' lang='grc' dir='ltr'><strong><em>Ι,</em></strong></span> <span class='ocrx_word' id='word_1_907' title='bbox 2427 5494 2563 5560; x_wconf 73' lang='lat'><strong><em>322;</em></strong></span> <span class='ocrx_word' id='word_1_908' title='bbox 2586 5494 2804 5549; x_wconf 74' lang='lat' dir='ltr'><strong><em>Mattltia</em></strong></span> <span class='ocrx_word' id='word_1_909' title='bbox 2827 5494 3036 5551; x_wconf 85' lang='lat' dir='ltr'><strong><em>Griech.</em></strong></span> <span class='ocrx_word' id='word_1_910' title='bbox 3064 5498 3243 5555; x_wconf 84' lang='lat' dir='ltr'><strong><em>Gram.</em></strong></span> <span class='ocrx_word' id='word_1_911' title='bbox 3273 5503 3428 5570; x_wconf 57' lang='lat' dir='ltr'><strong><em>lﬂi;</em></strong></span> <span class='ocrx_word' id='word_1_912' title='bbox 3456 5505 3768 5582; x_wconf 77' lang='lat' dir='ltr'><strong><em>Butttnaun,</em></strong></span> 
     </span>
    </p>
   </div>
   <div class='ocr_carea' id='block_1_117' title="bbox 2186 5585 3771 5673">
    <p class='ocr_par' dir='ltr' id='par_1_117' title="bbox 2186 5585 3771 5673">
     <span class='ocr_line' id='line_1_117' title="bbox 2186 5585 3771 5673; baseline 0.012 -32"><span class='ocrx_word' id='word_1_913' title='bbox 2186 5585 2390 5641; x_wconf 80' lang='lat' dir='ltr'><strong><em>Griech.</em></strong></span> <span class='ocrx_word' id='word_1_914' title='bbox 2421 5586 2599 5642; x_wconf 75' lang='lat' dir='ltr'><strong><em>Gram.</em></strong></span> <span class='ocrx_word' id='word_1_915' title='bbox 2626 5586 2668 5656; x_wconf 90' lang='grc'><strong><em>1,</em></strong></span> <span class='ocrx_word' id='word_1_916' title='bbox 2704 5588 2788 5643; x_wconf 72' lang='lat' dir='ltr'><strong><em>l2.</em></strong></span> <span class='ocrx_word' id='word_1_917' title='bbox 2818 5588 2947 5645; x_wconf 89' lang='lat' dir='ltr'><strong><em>Inde</em></strong></span> <span class='ocrx_word' id='word_1_918' title='bbox 2973 5590 3061 5646; x_wconf 86' lang='lat' dir='ltr'><strong><em>W.</em></strong></span> <span class='ocrx_word' id='word_1_919' title='bbox 3085 5591 3375 5652; x_wconf 87' lang='lat' dir='ltr'><strong><em>Grimmius</em></strong></span> <span class='ocrx_word' id='word_1_920' title='bbox 3394 5614 3570 5669; x_wconf 67' lang='lat' dir='ltr'><strong><em>graeco</em></strong></span> <span class='ocrx_word' id='word_1_921' title='bbox 3592 5600 3771 5673; x_wconf 71' lang='lat' dir='ltr'><strong><em>hoppa</em></strong></span> 
     </span>
    </p>
   </div>
   <div class='ocr_carea' id='block_1_118' title="bbox 2186 5676 3767 5764">
    <p class='ocr_par' dir='ltr' id='par_1_118' title="bbox 2186 5676 3767 5764">
     <span class='ocr_line' id='line_1_118' title="bbox 2186 5676 3767 5764; baseline 0.015 -35"><span class='ocrx_word' id='word_1_922' title='bbox 2186 5676 2455 5745; x_wconf 80' lang='lat' dir='ltr'><strong><em>gothicum</em></strong></span> <span class='ocrx_word' id='word_1_923' title='bbox 2472 5684 2517 5729; x_wconf 86' lang='lat' dir='ltr'><strong><em>u</em></strong></span> <span class='ocrx_word' id='word_1_924' title='bbox 2540 5676 2802 5734; x_wconf 86' lang='lat' dir='ltr'><strong><em>infelicius</em></strong></span> <span class='ocrx_word' id='word_1_925' title='bbox 2814 5680 3145 5752; x_wconf 86' lang='lat' dir='ltr'><strong><em>assimilavit,</em></strong></span> <span class='ocrx_word' id='word_1_926' title='bbox 3159 5687 3299 5756; x_wconf 89' lang='lat' dir='ltr'><strong><em>quod</em></strong></span> <span class='ocrx_word' id='word_1_927' title='bbox 3316 5689 3480 5745; x_wconf 84' lang='lat' dir='ltr'><strong><em>latino</em></strong></span> <span class='ocrx_word' id='word_1_928' title='bbox 3499 5710 3529 5761; x_wconf 71' lang='grc' dir='ltr'>ᾳ</span> <span class='ocrx_word' id='word_1_929' title='bbox 3553 5698 3767 5764; x_wconf 82' lang='lat' dir='ltr'><strong><em>proprio</em></strong></span> 
     </span>
    </p>
   </div>
   <div class='ocr_carea' id='block_1_119' title="bbox 2185 5767 3766 5846">
    <p class='ocr_par' dir='ltr' id='par_1_119' title="bbox 2185 5767 3766 5846">
     <span class='ocr_line' id='line_1_119' title="bbox 2185 5767 3766 5846; baseline 0.011 -24"><span class='ocrx_word' id='word_1_930' title='bbox 2185 5767 2497 5837; x_wconf 74' lang='lat' dir='ltr'><strong><em>respuitdet.</em></strong></span> <span class='ocrx_word' id='word_1_931' title='bbox 2550 5769 2625 5826; x_wconf 84' lang='lat' dir='ltr'><strong><em>De</em></strong></span> <span class='ocrx_word' id='word_1_932' title='bbox 2656 5780 2853 5825; x_wconf 71' lang='lat' dir='ltr'><strong><em>caetero</em></strong></span> <span class='ocrx_word' id='word_1_933' title='bbox 2880 5782 2927 5828; x_wconf 82' lang='grc' dir='ltr'><strong><em>ιι</em></strong></span> <span class='ocrx_word' id='word_1_934' title='bbox 2960 5782 3015 5829; x_wconf 90' lang='lat' dir='ltr'><strong><em>et</em></strong></span> <span class='ocrx_word' id='word_1_935' title='bbox 3054 5785 3089 5846; x_wconf 75' lang='grc' dir='ltr'><strong><em>ιι</em></strong></span> <span class='ocrx_word' id='word_1_936' title='bbox 3119 5777 3307 5832; x_wconf 86' lang='lat' dir='ltr'><strong><em>eodem</em></strong></span> <span class='ocrx_word' id='word_1_937' title='bbox 3346 5780 3504 5835; x_wconf 90' lang='lat' dir='ltr'><strong><em>modo</em></strong></span> <span class='ocrx_word' id='word_1_938' title='bbox 3534 5782 3675 5838; x_wconf 86' lang='lat' dir='ltr'><strong><em>inter</em></strong></span> <span class='ocrx_word' id='word_1_939' title='bbox 3703 5799 3766 5841; x_wconf 78' lang='lat' dir='ltr'><strong><em>lu</em></strong></span> 
     </span>
    </p>
   </div>
   <div class='ocr_carea' id='block_1_120' title="bbox 2184 5862 3764 5944">
    <p class='ocr_par' dir='ltr' id='par_1_120' title="bbox 2184 5862 3764 5944">
     <span class='ocr_line' id='line_1_120' title="bbox 2184 5862 3764 5944; baseline 0.013 -29"><span class='ocrx_word' id='word_1_940' title='bbox 2184 5862 2503 5930; x_wconf 87' lang='lat' dir='ltr'><strong><em>convenire,</em></strong></span> <span class='ocrx_word' id='word_1_941' title='bbox 2532 5874 2689 5933; x_wconf 87' lang='lat' dir='ltr'><strong><em>atque</em></strong></span> <span class='ocrx_word' id='word_1_942' title='bbox 2718 5880 2950 5935; x_wconf 74' lang='lat' dir='ltr'><strong><em>grtecum</em></strong></span> <span class='ocrx_word' id='word_1_943' title='bbox 2981 5864 3152 5941; x_wconf 73' lang='lat' dir='ltr'><strong><em>kappa</em></strong></span> <span class='ocrx_word' id='word_1_944' title='bbox 3181 5877 3236 5926; x_wconf 91' lang='lat' dir='ltr'><strong><em>et</em></strong></span> <span class='ocrx_word' id='word_1_945' title='bbox 3271 5870 3459 5944; x_wconf 80' lang='lat' dir='ltr'><strong><em>lmppa,</em></strong></span> <span class='ocrx_word' id='word_1_946' title='bbox 3490 5889 3647 5929; x_wconf 88' lang='lat' dir='ltr'><strong><em>nemo</em></strong></span> <span class='ocrx_word' id='word_1_947' title='bbox 3678 5891 3764 5936; x_wconf 82' lang='lat' dir='ltr'><strong><em>est</em></strong></span> 
     </span>
    </p>
   </div>
  </div>
