  <div class='ocr_page' id='page_1' title='image "/cluster/home/n/w/nwhite01/storage/ocr_20150623/18/umn.319510024773129/466.png"; bbox 0 0 4346 6476; ppageno 0'>
   <div class='ocr_carea' id='block_1_1' title="bbox 453 419 550 475">
    <p class='ocr_par' dir='ltr' id='par_1_1' title="bbox 453 419 550 475">
     <span class='ocr_line' id='line_1_1' title="bbox 453 419 550 475; baseline 0.01 -1"><span class='ocrx_word' id='word_1_1' title='bbox 453 419 550 475; x_wconf 71' lang='lat'><strong>909</strong></span> 
     </span>
    </p>
   </div>
   <div class='ocr_carea' id='block_1_2' title="bbox 586 527 1900 612">
    <p class='ocr_par' dir='ltr' id='par_1_2' title="bbox 586 527 1900 612">
     <span class='ocr_line' id='line_1_2' title="bbox 586 527 1900 612; baseline -0.002 -27"><span class='ocrx_word' id='word_1_2' title='bbox 586 534 659 612; x_wconf 53' lang='grc' dir='ltr'>Γῇ</span> <span class='ocrx_word' id='word_1_3' title='bbox 719 543 814 600; x_wconf 88' lang='lat' dir='ltr'><strong>pro</strong></span> <span class='ocrx_word' id='word_1_4' title='bbox 851 527 944 600; x_wconf 70' lang='lat' dir='ltr'><strong>illi</strong></span> <span class='ocrx_word' id='word_1_5' title='bbox 997 529 1169 586; x_wconf 77' lang='lat' dir='ltr'><strong>Skeir.</strong></span> <span class='ocrx_word' id='word_1_6' title='bbox 1201 529 1260 595; x_wconf 86' lang='lat' dir='ltr'><strong>ll,</strong></span> <span class='ocrx_word' id='word_1_7' title='bbox 1285 545 1346 596; x_wconf 88' lang='lat' dir='ltr'><strong>a;</strong></span> <span class='ocrx_word' id='word_1_8' title='bbox 1379 527 1464 594; x_wconf 79' lang='lat' dir='ltr'><strong>Vl,</strong></span> <span class='ocrx_word' id='word_1_9' title='bbox 1499 529 1565 594; x_wconf 90' lang='lat' dir='ltr'><strong>b;</strong></span> <span class='ocrx_word' id='word_1_10' title='bbox 1593 527 1722 583; x_wconf 84' lang='lat' dir='ltr'><strong>Tab.</strong></span> <span class='ocrx_word' id='word_1_11' title='bbox 1756 527 1818 595; x_wconf 87' lang='lat' dir='ltr'><strong>ll,</strong></span> <span class='ocrx_word' id='word_1_12' title='bbox 1844 545 1900 582; x_wconf 91' lang='grc' dir='ltr'>ιι.</span> 
     </span>
    </p>
   </div>
   <div class='ocr_carea' id='block_1_3' title="bbox 574 622 1386 693">
    <p class='ocr_par' dir='ltr' id='par_1_3' title="bbox 574 622 1386 693">
     <span class='ocr_line' id='line_1_3' title="bbox 574 622 1386 693; baseline -0.004 -13"><span class='ocrx_word' id='word_1_13' title='bbox 574 624 673 680; x_wconf 60' lang='grc' dir='ltr'>ῘιΝ</span> <span class='ocrx_word' id='word_1_14' title='bbox 713 639 808 693; x_wconf 87' lang='lat' dir='ltr'><strong>pro</strong></span> <span class='ocrx_word' id='word_1_15' title='bbox 851 623 968 677; x_wconf 82' lang='lat' dir='ltr'><strong>NN</strong></span> <span class='ocrx_word' id='word_1_16' title='bbox 1014 622 1185 679; x_wconf 78' lang='lat' dir='ltr'><strong>Skcir.</strong></span> <span class='ocrx_word' id='word_1_17' title='bbox 1221 622 1306 688; x_wconf 83' lang='lat' dir='ltr'><strong>Vl,</strong></span> <span class='ocrx_word' id='word_1_18' title='bbox 1335 636 1386 677; x_wconf 89' lang='lat' dir='ltr'><strong>c.</strong></span> 
     </span>
    </p>
   </div>
   <div class='ocr_carea' id='block_1_4' title="bbox 583 711 1698 785">
    <p class='ocr_par' dir='ltr' id='par_1_4' title="bbox 583 711 1698 785">
     <span class='ocr_line' id='line_1_4' title="bbox 583 711 1698 785; baseline -0.002 -19"><span class='ocrx_word' id='word_1_19' title='bbox 583 713 668 769; x_wconf 65' lang='grc' dir='ltr'>ιλ</span> <span class='ocrx_word' id='word_1_20' title='bbox 709 729 804 785; x_wconf 92' lang='lat' dir='ltr'><strong>pro</strong></span> <span class='ocrx_word' id='word_1_21' title='bbox 846 712 951 768; x_wconf 62' lang='lat' dir='ltr'><strong>Nc\</strong></span> <span class='ocrx_word' id='word_1_22' title='bbox 990 713 1127 770; x_wconf 68' lang='lat' dir='ltr'><strong>Tim.</strong></span> <span class='ocrx_word' id='word_1_23' title='bbox 1155 711 1216 776; x_wconf 83' lang='lat' dir='ltr'><strong>ll,</strong></span> <span class='ocrx_word' id='word_1_24' title='bbox 1240 713 1422 778; x_wconf 57' lang='lat' dir='ltr'><strong>&quot;ﬁt;</strong></span> <span class='ocrx_word' id='word_1_25' title='bbox 1453 727 1535 780; x_wconf 86' lang='grc' dir='ltr'>ιιι,</span> <span class='ocrx_word' id='word_1_26' title='bbox 1567 713 1617 776; x_wconf 86' lang='grc'>1,</span> <span class='ocrx_word' id='word_1_27' title='bbox 1644 711 1698 765; x_wconf 69' lang='grc' dir='ltr'><strong>Ξ.</strong></span> 
     </span>
    </p>
   </div>
   <div class='ocr_carea' id='block_1_5' title="bbox 591 803 1588 874">
    <p class='ocr_par' dir='ltr' id='par_1_5' title="bbox 591 803 1588 874">
     <span class='ocr_line' id='line_1_5' title="bbox 591 803 1588 874; baseline -0.005 -13"><span class='ocrx_word' id='word_1_28' title='bbox 591 807 661 861; x_wconf 59' lang='grc'><strong>18</strong></span> <span class='ocrx_word' id='word_1_29' title='bbox 709 821 806 874; x_wconf 85' lang='lat' dir='ltr'><strong>pro</strong></span> <span class='ocrx_word' id='word_1_30' title='bbox 843 803 941 859; x_wconf 81' lang='lat' dir='ltr'><strong>NS</strong></span> <span class='ocrx_word' id='word_1_31' title='bbox 977 804 1156 860; x_wconf 78' lang='lat' dir='ltr'><strong>Skeir.</strong></span> <span class='ocrx_word' id='word_1_32' title='bbox 1186 803 1275 871; x_wconf 77' lang='lat' dir='ltr'><strong>Vl,</strong></span> <span class='ocrx_word' id='word_1_33' title='bbox 1299 819 1362 869; x_wconf 82' lang='lat' dir='ltr'><strong>a;</strong></span> <span class='ocrx_word' id='word_1_34' title='bbox 1393 803 1502 867; x_wconf 77' lang='grc' dir='ltr'>νιι.</span> <span class='ocrx_word' id='word_1_35' title='bbox 1531 803 1588 858; x_wconf 83' lang='lat' dir='ltr'><strong>b.</strong></span> 
     </span>
    </p>
   </div>
   <div class='ocr_carea' id='block_1_6' title="bbox 596 896 1376 972">
    <p class='ocr_par' dir='ltr' id='par_1_6' title="bbox 596 896 1376 972">
     <span class='ocr_line' id='line_1_6' title="bbox 596 896 1376 972; baseline 0.005 -26"><span class='ocrx_word' id='word_1_36' title='bbox 596 896 674 968; x_wconf 71' lang='grc' dir='ltr'><strong>Μ)</strong></span> <span class='ocrx_word' id='word_1_37' title='bbox 713 914 808 969; x_wconf 71' lang='lat' dir='ltr'><strong>pro</strong></span> <span class='ocrx_word' id='word_1_38' title='bbox 845 896 949 972; x_wconf 73' lang='lat' dir='ltr'><strong>Nl</strong></span> <span class='ocrx_word' id='word_1_39' title='bbox 988 897 1126 962; x_wconf 86' lang='lat' dir='ltr'><strong>Iltre,</strong></span> <span class='ocrx_word' id='word_1_40' title='bbox 1168 913 1221 967; x_wconf 87' lang='lat' dir='ltr'><strong>p.</strong></span> <span class='ocrx_word' id='word_1_41' title='bbox 1257 899 1376 955; x_wconf 66' lang='lat' dir='ltr'><strong>I92.</strong></span> 
     </span>
    </p>
   </div>
   <div class='ocr_carea' id='block_1_7' title="bbox 596 996 1313 1112">
    <p class='ocr_par' dir='ltr' id='par_1_7' title="bbox 596 996 1313 1112">
     <span class='ocr_line' id='line_1_7' title="bbox 596 996 1313 1112; baseline -0.003 -18"><span class='ocrx_word' id='word_1_42' title='bbox 596 996 658 1112; x_wconf 55' lang='lat' dir='ltr'><strong>in</strong></span> <span class='ocrx_word' id='word_1_43' title='bbox 717 1054 813 1108; x_wconf 82' lang='lat' dir='ltr'><strong>pro</strong></span> <span class='ocrx_word' id='word_1_44' title='bbox 849 1039 954 1112; x_wconf 69' lang='grc' dir='ltr'>ῴμ</span> <span class='ocrx_word' id='word_1_45' title='bbox 994 1039 1120 1093; x_wconf 83' lang='lat' dir='ltr'><strong>Luc.</strong></span> <span class='ocrx_word' id='word_1_46' title='bbox 1151 1054 1226 1103; x_wconf 87' lang='grc' dir='ltr'>ιιι,</span> <span class='ocrx_word' id='word_1_47' title='bbox 1264 1039 1313 1094; x_wconf 83' lang='grc'><strong>1.</strong></span> 
     </span>
    </p>
   </div>
   <div class='ocr_carea' id='block_1_8' title="bbox 451 1169 2026 1228">
    <p class='ocr_par' dir='ltr' id='par_1_8' title="bbox 451 1169 2026 1228">
     <span class='ocr_line' id='line_1_8' title="bbox 451 1169 2026 1228; baseline -0.002 -1"><span class='ocrx_word' id='word_1_48' title='bbox 451 1173 574 1228; x_wconf 61' lang='lat' dir='ltr'><strong>liae</strong></span> <span class='ocrx_word' id='word_1_49' title='bbox 609 1172 974 1228; x_wconf 86' lang='lat' dir='ltr'><strong>abbreviatura</strong></span> <span class='ocrx_word' id='word_1_50' title='bbox 1005 1170 1290 1226; x_wconf 74' lang='lat' dir='ltr'><strong>adhibetur</strong></span> <span class='ocrx_word' id='word_1_51' title='bbox 1324 1169 1484 1224; x_wconf 86' lang='lat' dir='ltr'><strong>etiam</strong></span> <span class='ocrx_word' id='word_1_52' title='bbox 1510 1170 1564 1223; x_wconf 93' lang='lat' dir='ltr'><strong>in</strong></span> <span class='ocrx_word' id='word_1_53' title='bbox 1588 1170 1776 1226; x_wconf 81' lang='lat' dir='ltr'><strong>codice</strong></span> <span class='ocrx_word' id='word_1_54' title='bbox 1809 1169 2026 1224; x_wconf 77' lang='lat' dir='ltr'><strong>ambro-</strong></span> 
     </span>
    </p>
   </div>
   <div class='ocr_carea' id='block_1_9' title="bbox 451 1259 1522 1335">
    <p class='ocr_par' dir='ltr' id='par_1_9' title="bbox 451 1259 1522 1335">
     <span class='ocr_line' id='line_1_9' title="bbox 451 1259 1522 1335; baseline -0.005 -16"><span class='ocrx_word' id='word_1_55' title='bbox 451 1265 603 1320; x_wconf 83' lang='lat' dir='ltr'><strong>siano</strong></span> <span class='ocrx_word' id='word_1_56' title='bbox 634 1279 730 1333; x_wconf 90' lang='lat' dir='ltr'><strong>pro</strong></span> <span class='ocrx_word' id='word_1_57' title='bbox 757 1261 944 1335; x_wconf 71' lang='lat' dir='ltr'><strong>pairh,</strong></span> <span class='ocrx_word' id='word_1_58' title='bbox 978 1261 1086 1316; x_wconf 86' lang='lat' dir='ltr'><strong>vid.</strong></span> <span class='ocrx_word' id='word_1_59' title='bbox 1113 1260 1276 1315; x_wconf 79' lang='lat' dir='ltr'><strong>tabul.</strong></span> <span class='ocrx_word' id='word_1_60' title='bbox 1299 1259 1442 1325; x_wconf 71' lang='grc'><strong>11³⁸⁸,</strong></span> <span class='ocrx_word' id='word_1_61' title='bbox 1466 1274 1522 1314; x_wconf 94' lang='grc' dir='ltr'>ιι.</span> 
     </span>
    </p>
   </div>
   <div class='ocr_carea' id='block_1_10' title="bbox 527 1353 2026 1426">
    <p class='ocr_par' dir='ltr' id='par_1_10' title="bbox 527 1353 2026 1426">
     <span class='ocr_line' id='line_1_10' title="bbox 527 1353 2026 1426; baseline -0.001 -17"><span class='ocrx_word' id='word_1_62' title='bbox 527 1377 544 1409; x_wconf 77' lang='grc' dir='ltr'><strong>ι</strong></span> <span class='ocrx_word' id='word_1_63' title='bbox 578 1363 592 1380; x_wconf 87' lang='grc'>⁶</span> <span class='ocrx_word' id='word_1_64' title='bbox 624 1356 787 1426; x_wconf 86' lang='lat' dir='ltr'><strong>Signo</strong></span> <span class='ocrx_word' id='word_1_65' title='bbox 824 1359 900 1380; x_wconf 65' lang='grc' dir='ltr'><strong>ν’*</strong></span> <span class='ocrx_word' id='word_1_66' title='bbox 948 1353 1204 1409; x_wconf 88' lang='lat' dir='ltr'><strong>vocabula</strong></span> <span class='ocrx_word' id='word_1_67' title='bbox 1256 1353 1309 1408; x_wconf 90' lang='lat' dir='ltr'><strong>in</strong></span> <span class='ocrx_word' id='word_1_68' title='bbox 1359 1353 1599 1425; x_wconf 86' lang='lat' dir='ltr'><strong>margine</strong></span> <span class='ocrx_word' id='word_1_69' title='bbox 1637 1363 1891 1410; x_wconf 82' lang='lat' dir='ltr'><strong>snectata</strong></span> <span class='ocrx_word' id='word_1_70' title='bbox 1941 1354 2026 1408; x_wconf 89' lang='lat' dir='ltr'><strong>vel</strong></span> 
     </span>
    </p>
   </div>
   <div class='ocr_carea' id='block_1_11' title="bbox 453 1444 2026 1515">
    <p class='ocr_par' dir='ltr' id='par_1_11' title="bbox 453 1444 2026 1515">
     <span class='ocr_line' id='line_1_11' title="bbox 453 1444 2026 1515; baseline -0.004 -11"><span class='ocrx_word' id='word_1_71' title='bbox 453 1449 743 1514; x_wconf 86' lang='lat' dir='ltr'><strong>lllustrata,</strong></span> <span class='ocrx_word' id='word_1_72' title='bbox 774 1460 980 1503; x_wconf 84' lang='lat' dir='ltr'><strong>necnon</strong></span> <span class='ocrx_word' id='word_1_73' title='bbox 1011 1453 1067 1500; x_wconf 89' lang='lat' dir='ltr'><strong>et</strong></span> <span class='ocrx_word' id='word_1_74' title='bbox 1093 1444 1285 1514; x_wconf 82' lang='lat' dir='ltr'><strong>glosse</strong></span> <span class='ocrx_word' id='word_1_75' title='bbox 1315 1445 1445 1515; x_wconf 65' lang='lat' dir='ltr'><strong>ipsae</strong></span> <span class='ocrx_word' id='word_1_76' title='bbox 1470 1454 1526 1500; x_wconf 92' lang='lat' dir='ltr'><strong>et</strong></span> <span class='ocrx_word' id='word_1_77' title='bbox 1564 1445 1840 1500; x_wconf 83' lang='lat' dir='ltr'><strong>variantes</strong></span> <span class='ocrx_word' id='word_1_78' title='bbox 1887 1447 2026 1499; x_wconf 83' lang='lat' dir='ltr'><strong>indi-</strong></span> 
     </span>
    </p>
   </div>
   <div class='ocr_carea' id='block_1_12' title="bbox 452 1533 2023 1606">
    <p class='ocr_par' dir='ltr' id='par_1_12' title="bbox 452 1533 2023 1606">
     <span class='ocr_line' id='line_1_12' title="bbox 452 1533 2023 1606; baseline -0.003 -13"><span class='ocrx_word' id='word_1_79' title='bbox 452 1548 660 1602; x_wconf 87' lang='lat' dir='ltr'><strong>cantur,</strong></span> <span class='ocrx_word' id='word_1_80' title='bbox 688 1538 827 1604; x_wconf 88' lang='lat' dir='ltr'><strong>lhre,</strong></span> <span class='ocrx_word' id='word_1_81' title='bbox 859 1551 914 1606; x_wconf 88' lang='lat' dir='ltr'><strong>p.</strong></span> <span class='ocrx_word' id='word_1_82' title='bbox 943 1535 1067 1590; x_wconf 80' lang='grc'><strong>190.</strong></span> <span class='ocrx_word' id='word_1_83' title='bbox 1096 1533 1250 1589; x_wconf 82' lang='lat' dir='ltr'><strong>Aliud</strong></span> <span class='ocrx_word' id='word_1_84' title='bbox 1293 1537 1538 1606; x_wconf 69' lang='lat' dir='ltr'><strong>s‘gnum,</strong></span> <span class='ocrx_word' id='word_1_85' title='bbox 1568 1535 1776 1591; x_wconf 89' lang='lat' dir='ltr'><strong>scilicet</strong></span> <span class='ocrx_word' id='word_1_86' title='bbox 1797 1537 1868 1606; x_wconf 63' lang='grc' dir='ltr'>ι»,</span> <span class='ocrx_word' id='word_1_87' title='bbox 1899 1534 2023 1590; x_wconf 88' lang='lat' dir='ltr'><strong>Cor.</strong></span> 
     </span>
    </p>
   </div>
   <div class='ocr_carea' id='block_1_13' title="bbox 455 1625 2030 1696">
    <p class='ocr_par' dir='ltr' id='par_1_13' title="bbox 455 1625 2030 1696">
     <span class='ocr_line' id='line_1_13' title="bbox 455 1625 2030 1696; baseline -0.002 -12"><span class='ocrx_word' id='word_1_88' title='bbox 455 1627 505 1694; x_wconf 87' lang='grc' dir='ltr'>Ι,</span> <span class='ocrx_word' id='word_1_89' title='bbox 557 1643 679 1694; x_wconf 79' lang='lat' dir='ltr'><strong>snt,</strong></span> <span class='ocrx_word' id='word_1_90' title='bbox 723 1627 790 1694; x_wconf 75' lang='lat'><strong>5;</strong></span> <span class='ocrx_word' id='word_1_91' title='bbox 848 1641 942 1696; x_wconf 77' lang='lat' dir='ltr'><strong>sv,</strong></span> <span class='ocrx_word' id='word_1_92' title='bbox 989 1625 1063 1682; x_wconf 66' lang='lat'><strong>3’;</strong></span> <span class='ocrx_word' id='word_1_93' title='bbox 1113 1625 1372 1680; x_wconf 82' lang='lat' dir='ltr'><strong>vocabulo</strong></span> <span class='ocrx_word' id='word_1_94' title='bbox 1443 1634 1622 1681; x_wconf 73' lang='lat' dir='ltr'><strong>textus</strong></span> <span class='ocrx_word' id='word_1_95' title='bbox 1676 1627 1731 1681; x_wconf 92' lang='lat' dir='ltr'><strong>in</strong></span> <span class='ocrx_word' id='word_1_96' title='bbox 1787 1626 2030 1696; x_wconf 79' lang='lat' dir='ltr'><strong>margine</strong></span> 
     </span>
    </p>
   </div>
   <div class='ocr_carea' id='block_1_14' title="bbox 455 1715 2031 1788">
    <p class='ocr_par' dir='ltr' id='par_1_14' title="bbox 455 1715 2031 1788">
     <span class='ocr_line' id='line_1_14' title="bbox 455 1715 2031 1788; baseline -0.001 -16"><span class='ocrx_word' id='word_1_97' title='bbox 455 1719 689 1788; x_wconf 87' lang='lat' dir='ltr'><strong>glossato</strong></span> <span class='ocrx_word' id='word_1_98' title='bbox 718 1715 1113 1786; x_wconf 70' lang='lat' dir='ltr'><strong>superponitur.</strong></span> <span class='ocrx_word' id='word_1_99' title='bbox 1139 1715 1280 1771; x_wconf 83' lang='lat' dir='ltr'><strong>idem</strong></span> <span class='ocrx_word' id='word_1_100' title='bbox 1304 1717 1512 1786; x_wconf 82' lang='lat' dir='ltr'><strong>signum</strong></span> <span class='ocrx_word' id='word_1_101' title='bbox 1538 1718 1700 1772; x_wconf 84' lang='lat' dir='ltr'><strong>etiam</strong></span> <span class='ocrx_word' id='word_1_102' title='bbox 1725 1716 1862 1787; x_wconf 81' lang='lat' dir='ltr'><strong>Eph.</strong></span> <span class='ocrx_word' id='word_1_103' title='bbox 1894 1734 1933 1779; x_wconf 83' lang='lat' dir='ltr'><strong>I,</strong></span> <span class='ocrx_word' id='word_1_104' title='bbox 1968 1716 2031 1771; x_wconf 84' lang='lat' dir='ltr'><strong>l9</strong></span> 
     </span>
    </p>
   </div>
   <div class='ocr_carea' id='block_1_15' title="bbox 453 1807 2026 1879">
    <p class='ocr_par' dir='ltr' id='par_1_15' title="bbox 453 1807 2026 1879">
     <span class='ocr_line' id='line_1_15' title="bbox 453 1807 2026 1879; baseline -0.002 -14"><span class='ocrx_word' id='word_1_105' title='bbox 453 1821 509 1865; x_wconf 85' lang='lat' dir='ltr'><strong>et</strong></span> <span class='ocrx_word' id='word_1_106' title='bbox 536 1825 594 1878; x_wconf 93' lang='grc' dir='ltr'><strong>ιι,</strong></span> <span class='ocrx_word' id='word_1_107' title='bbox 621 1810 686 1864; x_wconf 82' lang='lat' dir='ltr'><strong>l0</strong></span> <span class='ocrx_word' id='word_1_108' title='bbox 722 1819 868 1864; x_wconf 88' lang='lat' dir='ltr'><strong>stare</strong></span> <span class='ocrx_word' id='word_1_109' title='bbox 895 1809 1125 1863; x_wconf 85' lang='lat' dir='ltr'><strong>videtur.</strong></span> <span class='ocrx_word' id='word_1_110' title='bbox 1158 1807 1367 1879; x_wconf 83' lang='lat' dir='ltr'><strong>Deuiqu</strong></span> <span class='ocrx_word' id='word_1_111' title='bbox 1389 1830 1399 1843; x_wconf 85' lang='lat'><strong><em>~</em></strong></span> <span class='ocrx_word' id='word_1_112' title='bbox 1420 1813 1657 1864; x_wconf 79' lang='lat' dir='ltr'><strong>crassius</strong></span> <span class='ocrx_word' id='word_1_113' title='bbox 1689 1820 1942 1878; x_wconf 85' lang='lat' dir='ltr'><strong>punctum</strong></span> <span class='ocrx_word' id='word_1_114' title='bbox 1974 1813 2026 1863; x_wconf 88' lang='lat' dir='ltr'><strong>in</strong></span> 
     </span>
    </p>
   </div>
   <div class='ocr_carea' id='block_1_16' title="bbox 457 1899 2024 1970">
    <p class='ocr_par' dir='ltr' id='par_1_16' title="bbox 457 1899 2024 1970">
     <span class='ocr_line' id='line_1_16' title="bbox 457 1899 2024 1970; baseline -0.001 -17"><span class='ocrx_word' id='word_1_115' title='bbox 457 1901 719 1957; x_wconf 83' lang='lat' dir='ltr'><strong>vocabulo</strong></span> <span class='ocrx_word' id='word_1_116' title='bbox 731 1910 907 1955; x_wconf 72' lang='lat' dir='ltr'><strong>textus</strong></span> <span class='ocrx_word' id='word_1_117' title='bbox 928 1901 1013 1969; x_wconf 81' lang='lat' dir='ltr'><strong>ligi</strong></span> <span class='ocrx_word' id='word_1_118' title='bbox 1032 1908 1230 1970; x_wconf 74' lang='lat' dir='ltr'><strong>pateat,</strong></span> <span class='ocrx_word' id='word_1_119' title='bbox 1249 1910 1309 1953; x_wconf 92' lang='lat' dir='ltr'><strong>ut</strong></span> <span class='ocrx_word' id='word_1_120' title='bbox 1322 1899 1440 1954; x_wconf 84' lang='lat' dir='ltr'><strong>Gal.</strong></span> <span class='ocrx_word' id='word_1_121' title='bbox 1456 1915 1516 1969; x_wconf 92' lang='grc' dir='ltr'><strong>ιι,</strong></span> <span class='ocrx_word' id='word_1_122' title='bbox 1531 1902 1588 1963; x_wconf 76' lang='lat'><strong>3.</strong></span> <span class='ocrx_word' id='word_1_123' title='bbox 1600 1901 1663 1964; x_wconf 84' lang='lat'><strong>8;</strong></span> <span class='ocrx_word' id='word_1_124' title='bbox 1682 1900 1845 1954; x_wconf 76' lang='lat' dir='ltr'><strong>TimJ</strong></span> <span class='ocrx_word' id='word_1_125' title='bbox 1857 1946 1870 1966; x_wconf 86' lang='lat'><strong>,</strong></span> <span class='ocrx_word' id='word_1_126' title='bbox 1887 1916 1922 1965; x_wconf 89' lang='lat' dir='ltr'><strong>t,</strong></span> <span class='ocrx_word' id='word_1_127' title='bbox 1935 1902 1987 1954; x_wconf 79' lang='lat'><strong>5.</strong></span> <span class='ocrx_word' id='word_1_128' title='bbox 2004 1921 2024 1952; x_wconf 76' lang='grc' dir='ltr'><strong>ι</strong></span> 
     </span>
    </p>
   </div>
   <div class='ocr_carea' id='block_1_17' title="bbox 533 1987 2029 2061">
    <p class='ocr_par' dir='ltr' id='par_1_17' title="bbox 533 1987 2029 2061">
     <span class='ocr_line' id='line_1_17' title="bbox 533 1987 2029 2061; baseline 0.001 -19"><span class='ocrx_word' id='word_1_129' title='bbox 533 1990 605 2061; x_wconf 72' lang='lat' dir='ltr'><strong>r§</strong></span> <span class='ocrx_word' id='word_1_130' title='bbox 637 1990 722 2046; x_wconf 82' lang='lat' dir='ltr'><strong>l8.</strong></span> <span class='ocrx_word' id='word_1_131' title='bbox 755 1989 1046 2044; x_wconf 75' lang='lat' dir='ltr'><strong>Annotatio</strong></span> <span class='ocrx_word' id='word_1_132' title='bbox 1072 1987 1126 2042; x_wconf 89' lang='lat'><strong>8.</strong></span> <span class='ocrx_word' id='word_1_133' title='bbox 1153 2017 1219 2027; x_wconf 89' lang='lat'><strong>-—</strong></span> <span class='ocrx_word' id='word_1_134' title='bbox 1248 1988 1530 2058; x_wconf 75' lang='lat' dir='ltr'><strong>Scriptura</strong></span> <span class='ocrx_word' id='word_1_135' title='bbox 1557 1990 1769 2044; x_wconf 82' lang='lat' dir='ltr'><strong>litterati</strong></span> <span class='ocrx_word' id='word_1_136' title='bbox 1793 1991 2029 2044; x_wconf 83' lang='lat' dir='ltr'><strong>nondum</strong></span> 
     </span>
    </p>
   </div>
   <div class='ocr_carea' id='block_1_18' title="bbox 456 2080 2028 2151">
    <p class='ocr_par' dir='ltr' id='par_1_18' title="bbox 456 2080 2028 2151">
     <span class='ocr_line' id='line_1_18' title="bbox 456 2080 2028 2151; baseline 0 -15"><span class='ocrx_word' id='word_1_137' title='bbox 456 2083 760 2147; x_wconf 76' lang='lat' dir='ltr'><strong>adinvcnta,</strong></span> <span class='ocrx_word' id='word_1_138' title='bbox 792 2080 952 2136; x_wconf 82' lang='lat' dir='ltr'><strong>Gothi</strong></span> <span class='ocrx_word' id='word_1_139' title='bbox 997 2080 1238 2135; x_wconf 83' lang='lat' dir='ltr'><strong>runicam</strong></span> <span class='ocrx_word' id='word_1_140' title='bbox 1280 2080 1629 2151; x_wconf 74' lang='lat' dir='ltr'><strong>probabiliter</strong></span> <span class='ocrx_word' id='word_1_141' title='bbox 1671 2081 2028 2150; x_wconf 73' lang='lat' dir='ltr'><strong>usurpabant,</strong></span> 
     </span>
    </p>
   </div>
   <div class='ocr_carea' id='block_1_19' title="bbox 456 2169 2030 2244">
    <p class='ocr_par' dir='ltr' id='par_1_19' title="bbox 456 2169 2030 2244">
     <span class='ocr_line' id='line_1_19' title="bbox 456 2169 2030 2244; baseline -0.001 -15"><span class='ocrx_word' id='word_1_142' title='bbox 456 2188 560 2244; x_wconf 82' lang='lat' dir='ltr'><strong>qua</strong></span> <span class='ocrx_word' id='word_1_143' title='bbox 582 2184 636 2229; x_wconf 88' lang='lat' dir='ltr'><strong>et</strong></span> <span class='ocrx_word' id='word_1_144' title='bbox 661 2172 754 2229; x_wconf 91' lang='lat' dir='ltr'><strong>alii</strong></span> <span class='ocrx_word' id='word_1_145' title='bbox 780 2169 1033 2228; x_wconf 78' lang='lat' dir='ltr'><strong>Germani</strong></span> <span class='ocrx_word' id='word_1_146' title='bbox 1059 2173 1364 2228; x_wconf 72' lang='lat' dir='ltr'><strong>utebantur.</strong></span> <span class='ocrx_word' id='word_1_147' title='bbox 1399 2174 1546 2228; x_wconf 83' lang='lat' dir='ltr'><strong>Hanc</strong></span> <span class='ocrx_word' id='word_1_148' title='bbox 1577 2179 1813 2227; x_wconf 85' lang='lat' dir='ltr'><strong>runicam</strong></span> <span class='ocrx_word' id='word_1_149' title='bbox 1843 2177 2030 2228; x_wconf 87' lang='lat' dir='ltr'><strong>verisi-</strong></span> 
     </span>
    </p>
   </div>
   <div class='ocr_carea' id='block_1_20' title="bbox 460 2263 2030 2335">
    <p class='ocr_par' dir='ltr' id='par_1_20' title="bbox 460 2263 2030 2335">
     <span class='ocr_line' id='line_1_20' title="bbox 460 2263 2030 2335; baseline 0.001 -18"><span class='ocrx_word' id='word_1_150' title='bbox 460 2263 655 2319; x_wconf 83' lang='lat' dir='ltr'><strong>militer</strong></span> <span class='ocrx_word' id='word_1_151' title='bbox 702 2273 1027 2318; x_wconf 84' lang='lat' dir='ltr'><strong>vocaverunt</strong></span> <span class='ocrx_word' id='word_1_152' title='bbox 1070 2279 1099 2316; x_wconf 89' lang='lat' dir='ltr'><strong>a</strong></span> <span class='ocrx_word' id='word_1_153' title='bbox 1147 2267 1361 2334; x_wconf 84' lang='lat' dir='ltr'><strong>gotbico</strong></span> <span class='ocrx_word' id='word_1_154' title='bbox 1410 2281 1591 2330; x_wconf 77' lang='lat' dir='ltr'><strong>ranos,</strong></span> <span class='ocrx_word' id='word_1_155' title='bbox 1622 2264 1797 2335; x_wconf 80' lang='lat' dir='ltr'><strong>quod,</strong></span> <span class='ocrx_word' id='word_1_156' title='bbox 1829 2267 1951 2320; x_wconf 76' lang='lat' dir='ltr'><strong>licet</strong></span> <span class='ocrx_word' id='word_1_157' title='bbox 1979 2268 2030 2319; x_wconf 92' lang='lat' dir='ltr'><strong>in</strong></span> 
     </span>
    </p>
   </div>
   <div class='ocr_carea' id='block_1_21' title="bbox 458 2354 2028 2429">
    <p class='ocr_par' dir='ltr' id='par_1_21' title="bbox 458 2354 2028 2429">
     <span class='ocr_line' id='line_1_21' title="bbox 458 2354 2028 2429; baseline 0.001 -21"><span class='ocrx_word' id='word_1_158' title='bbox 458 2354 742 2409; x_wconf 87' lang='lat' dir='ltr'><strong>bibliorum</strong></span> <span class='ocrx_word' id='word_1_159' title='bbox 772 2355 1018 2409; x_wconf 78' lang='lat' dir='ltr'><strong>versione</strong></span> <span class='ocrx_word' id='word_1_160' title='bbox 1049 2370 1190 2409; x_wconf 62' lang='lat' dir='ltr'><strong>nunc</strong></span> <span class='ocrx_word' id='word_1_161' title='bbox 1218 2355 1391 2409; x_wconf 81' lang='lat' dir='ltr'><strong>adhuc</strong></span> <span class='ocrx_word' id='word_1_162' title='bbox 1417 2361 1700 2429; x_wconf 68' lang='grc' dir='ltr'><strong>μυστήριον</strong></span> <span class='ocrx_word' id='word_1_163' title='bbox 1739 2357 2028 2426; x_wconf 82' lang='lat' dir='ltr'><strong>signiticet,</strong></span> 
     </span>
    </p>
   </div>
   <div class='ocr_carea' id='block_1_22' title="bbox 459 2441 2029 2514">
    <p class='ocr_par' dir='ltr' id='par_1_22' title="bbox 459 2441 2029 2514">
     <span class='ocr_line' id='line_1_22' title="bbox 459 2441 2029 2514; baseline 0.001 -18"><span class='ocrx_word' id='word_1_164' title='bbox 459 2442 621 2497; x_wconf 87' lang='lat' dir='ltr'><strong>etiam</strong></span> <span class='ocrx_word' id='word_1_165' title='bbox 643 2457 742 2514; x_wconf 87' lang='lat' dir='ltr'><strong>pro</strong></span> <span class='ocrx_word' id='word_1_166' title='bbox 765 2443 922 2514; x_wconf 71' lang='grc' dir='ltr'><strong>βουλή</strong></span> <span class='ocrx_word' id='word_1_167' title='bbox 943 2452 998 2499; x_wconf 94' lang='lat' dir='ltr'><strong>et</strong></span> <span class='ocrx_word' id='word_1_168' title='bbox 1015 2441 1327 2513; x_wconf 67' lang='grc' dir='ltr'><strong>συμϐούλιον</strong></span> <span class='ocrx_word' id='word_1_169' title='bbox 1347 2459 1466 2500; x_wconf 66' lang='grc' dir='ltr'>ιιιῑιιι</span> <span class='ocrx_word' id='word_1_170' title='bbox 1480 2453 1632 2513; x_wconf 74' lang='lat' dir='ltr'><strong>pater</strong></span> <span class='ocrx_word' id='word_1_171' title='bbox 1654 2444 1786 2512; x_wconf 75' lang='lat' dir='ltr'><strong>(viil.</strong></span> <span class='ocrx_word' id='word_1_172' title='bbox 1808 2445 1996 2514; x_wconf 75' lang='lat' dir='ltr'><strong>gloss.)</strong></span> <span class='ocrx_word' id='word_1_173' title='bbox 2016 2463 2029 2497; x_wconf 72' lang='grc' dir='ltr'>ε</span> 
     </span>
    </p>
   </div>
   <div class='ocr_carea' id='block_1_23' title="bbox 457 2533 2034 2604">
    <p class='ocr_par' dir='ltr' id='par_1_23' title="bbox 457 2533 2034 2604">
     <span class='ocr_line' id='line_1_23' title="bbox 457 2533 2034 2604; baseline 0.004 -20"><span class='ocrx_word' id='word_1_174' title='bbox 457 2533 661 2600; x_wconf 85' lang='lat' dir='ltr'><strong>pariter</strong></span> <span class='ocrx_word' id='word_1_175' title='bbox 711 2533 1175 2604; x_wconf 76' lang='lat' dir='ltr'><strong>anglosaxouicum</strong></span> <span class='ocrx_word' id='word_1_176' title='bbox 1218 2551 1317 2588; x_wconf 79' lang='lat' dir='ltr'><strong>run</strong></span> <span class='ocrx_word' id='word_1_177' title='bbox 1348 2536 1446 2588; x_wconf 84' lang='lat' dir='ltr'><strong>has</strong></span> <span class='ocrx_word' id='word_1_178' title='bbox 1475 2549 1665 2589; x_wconf 85' lang='lat' dir='ltr'><strong>omnes</strong></span> <span class='ocrx_word' id='word_1_179' title='bbox 1693 2535 2034 2604; x_wconf 65' lang='lat' dir='ltr'><strong>significatio-</strong></span> 
     </span>
    </p>
   </div>
   <div class='ocr_carea' id='block_1_24' title="bbox 460 2624 2032 2696">
    <p class='ocr_par' dir='ltr' id='par_1_24' title="bbox 460 2624 2032 2696">
     <span class='ocr_line' id='line_1_24' title="bbox 460 2624 2032 2696; baseline 0.001 -18"><span class='ocrx_word' id='word_1_180' title='bbox 460 2638 557 2678; x_wconf 88' lang='lat' dir='ltr'><strong>nes</strong></span> <span class='ocrx_word' id='word_1_181' title='bbox 573 2624 749 2678; x_wconf 85' lang='lat' dir='ltr'><strong>habet.</strong></span> <span class='ocrx_word' id='word_1_182' title='bbox 778 2624 953 2679; x_wconf 78' lang='lat' dir='ltr'><strong>llasta:</strong></span> <span class='ocrx_word' id='word_1_183' title='bbox 967 2624 1099 2679; x_wconf 76' lang='lat' dir='ltr'><strong>liuet</strong></span> <span class='ocrx_word' id='word_1_184' title='bbox 1112 2638 1264 2678; x_wconf 85' lang='lat' dir='ltr'><strong>arum</strong></span> <span class='ocrx_word' id='word_1_185' title='bbox 1285 2625 1595 2696; x_wconf 83' lang='lat' dir='ltr'><strong>(elementa)</strong></span> <span class='ocrx_word' id='word_1_186' title='bbox 1615 2627 1826 2694; x_wconf 81' lang='lat' dir='ltr'><strong>gotliiee</strong></span> <span class='ocrx_word' id='word_1_187' title='bbox 1842 2627 2000 2679; x_wconf 82' lang='lat' dir='ltr'><strong>dicttn</strong></span> <span class='ocrx_word' id='word_1_188' title='bbox 2013 2656 2032 2667; x_wconf 85' lang='lat'><strong>-</strong></span> 
     </span>
    </p>
   </div>
   <div class='ocr_carea' id='block_1_25' title="bbox 460 2719 2031 2791">
    <p class='ocr_par' dir='ltr' id='par_1_25' title="bbox 460 2719 2031 2791">
     <span class='ocr_line' id='line_1_25' title="bbox 460 2719 2031 2791; baseline 0 -17"><span class='ocrx_word' id='word_1_189' title='bbox 460 2729 547 2774; x_wconf 90' lang='lat' dir='ltr'><strong>tur</strong></span> <span class='ocrx_word' id='word_1_190' title='bbox 569 2721 750 2775; x_wconf 79' lang='lat' dir='ltr'><strong>stabeis</strong></span> <span class='ocrx_word' id='word_1_191' title='bbox 776 2719 1062 2791; x_wconf 71' lang='grc' dir='ltr'><strong>(στσιχιία,</strong></span> <span class='ocrx_word' id='word_1_192' title='bbox 1088 2720 1212 2774; x_wconf 92' lang='lat' dir='ltr'><strong>coll.</strong></span> <span class='ocrx_word' id='word_1_193' title='bbox 1237 2719 1355 2774; x_wconf 84' lang='lat' dir='ltr'><strong>Gal.</strong></span> <span class='ocrx_word' id='word_1_194' title='bbox 1385 2737 1458 2785; x_wconf 82' lang='lat' dir='ltr'><strong>iv,</strong></span> <span class='ocrx_word' id='word_1_195' title='bbox 1483 2722 1537 2785; x_wconf 69' lang='grc' dir='ltr'>ὅ,</span> <span class='ocrx_word' id='word_1_196' title='bbox 1566 2722 1631 2784; x_wconf 82' lang='grc'><strong>9;</strong></span> <span class='ocrx_word' id='word_1_197' title='bbox 1661 2721 1774 2774; x_wconf 82' lang='lat' dir='ltr'><strong>Col.</strong></span> <span class='ocrx_word' id='word_1_198' title='bbox 1805 2737 1870 2785; x_wconf 87' lang='grc' dir='ltr'><strong>ιι,</strong></span> <span class='ocrx_word' id='word_1_199' title='bbox 1902 2719 2031 2790; x_wconf 70' lang='lat'><strong>20);</strong></span> 
     </span>
    </p>
   </div>
   <div class='ocr_carea' id='block_1_26' title="bbox 463 2812 2033 2882">
    <p class='ocr_par' dir='ltr' id='par_1_26' title="bbox 463 2812 2033 2882">
     <span class='ocr_line' id='line_1_26' title="bbox 463 2812 2033 2882; baseline -0.001 -16"><span class='ocrx_word' id='word_1_200' title='bbox 463 2813 621 2868; x_wconf 75' lang='lat' dir='ltr'><strong>varia:</strong></span> <span class='ocrx_word' id='word_1_201' title='bbox 668 2812 897 2878; x_wconf 64' lang='lat' dir='ltr'><strong>lineolae,</strong></span> <span class='ocrx_word' id='word_1_202' title='bbox 947 2813 1155 2879; x_wconf 86' lang='lat' dir='ltr'><strong>uncini,</strong></span> <span class='ocrx_word' id='word_1_203' title='bbox 1206 2824 1416 2882; x_wconf 87' lang='lat' dir='ltr'><strong>puncta,</strong></span> <span class='ocrx_word' id='word_1_204' title='bbox 1452 2828 1685 2878; x_wconf 87' lang='lat' dir='ltr'><strong>cornua,</strong></span> <span class='ocrx_word' id='word_1_205' title='bbox 1729 2816 1882 2865; x_wconf 67' lang='lat' dir='ltr'><strong>t&#39;rilos</strong></span> <span class='ocrx_word' id='word_1_206' title='bbox 1925 2813 2033 2880; x_wconf 63' lang='grc' dir='ltr'><strong>(περ</strong></span> 
     </span>
    </p>
   </div>
   <div class='ocr_carea' id='block_1_27' title="bbox 463 2902 2032 2981">
    <p class='ocr_par' dir='ltr' id='par_1_27' title="bbox 463 2902 2032 2981">
     <span class='ocr_line' id='line_1_27' title="bbox 463 2902 2032 2981; baseline 0.001 -22"><span class='ocrx_word' id='word_1_207' title='bbox 463 2913 626 2977; x_wconf 64' lang='grc' dir='ltr'><strong>μαῖαι,</strong></span> <span class='ocrx_word' id='word_1_208' title='bbox 669 2904 797 2958; x_wconf 86' lang='lat' dir='ltr'><strong>Luc.</strong></span> <span class='ocrx_word' id='word_1_209' title='bbox 823 2917 940 2972; x_wconf 75' lang='lat' dir='ltr'><strong>XVI,</strong></span> <span class='ocrx_word' id='word_1_210' title='bbox 971 2902 1085 2972; x_wconf 74' lang='grc'><strong>17),</strong></span> <span class='ocrx_word' id='word_1_211' title='bbox 1127 2904 1310 2958; x_wconf 73' lang='lat' dir='ltr'><strong>strikos</strong></span> <span class='ocrx_word' id='word_1_212' title='bbox 1352 2905 1612 2981; x_wconf 68' lang='lat' dir='ltr'><strong>(aperiat,</strong></span> <span class='ocrx_word' id='word_1_213' title='bbox 1659 2906 1785 2959; x_wconf 74' lang='grc' dir='ltr'>Μιιι.</span> <span class='ocrx_word' id='word_1_214' title='bbox 1821 2921 1877 2969; x_wconf 90' lang='lat' dir='ltr'><strong>v,</strong></span> <span class='ocrx_word' id='word_1_215' title='bbox 1911 2905 2032 2973; x_wconf 75' lang='grc'><strong>18),</strong></span> 
     </span>
    </p>
   </div>
   <div class='ocr_carea' id='block_1_28' title="bbox 461 2997 2034 3070">
    <p class='ocr_par' dir='ltr' id='par_1_28' title="bbox 461 2997 2034 3070">
     <span class='ocr_line' id='line_1_28' title="bbox 461 2997 2034 3070; baseline 0 -19"><span class='ocrx_word' id='word_1_216' title='bbox 461 2998 611 3051; x_wconf 80' lang='lat' dir='ltr'><strong>stikos</strong></span> <span class='ocrx_word' id='word_1_217' title='bbox 662 2998 928 3070; x_wconf 73' lang='grc' dir='ltr'><strong>(στιγμαί,</strong></span> <span class='ocrx_word' id='word_1_218' title='bbox 955 2997 1082 3051; x_wconf 86' lang='lat' dir='ltr'><strong>coll.</strong></span> <span class='ocrx_word' id='word_1_219' title='bbox 1119 2999 1248 3052; x_wconf 87' lang='lat' dir='ltr'><strong>Luc.</strong></span> <span class='ocrx_word' id='word_1_220' title='bbox 1281 3014 1349 3061; x_wconf 89' lang='lat' dir='ltr'><strong>tv,</strong></span> <span class='ocrx_word' id='word_1_221' title='bbox 1383 2999 1493 3068; x_wconf 78' lang='grc'><strong>15).</strong></span> <span class='ocrx_word' id='word_1_222' title='bbox 1535 2999 1865 3065; x_wconf 76' lang='lat' dir='ltr'><strong>Scripturam</strong></span> <span class='ocrx_word' id='word_1_223' title='bbox 1898 3014 2034 3052; x_wconf 60' lang='lat' dir='ltr'><strong>non-</strong></span> 
     </span>
    </p>
   </div>
   <div class='ocr_carea' id='block_1_29' title="bbox 463 3087 2036 3158">
    <p class='ocr_par' dir='ltr' id='par_1_29' title="bbox 463 3087 2036 3158">
     <span class='ocr_line' id='line_1_29' title="bbox 463 3087 2036 3158; baseline -0.001 -17"><span class='ocrx_word' id='word_1_224' title='bbox 463 3089 722 3157; x_wconf 84' lang='lat' dir='ltr'><strong>cupabant</strong></span> <span class='ocrx_word' id='word_1_225' title='bbox 745 3087 894 3154; x_wconf 61' lang='lat' dir='ltr'><strong>beta,</strong></span> <span class='ocrx_word' id='word_1_226' title='bbox 922 3087 1005 3141; x_wconf 93' lang='lat' dir='ltr'><strong>vel</strong></span> <span class='ocrx_word' id='word_1_227' title='bbox 1036 3091 1370 3142; x_wconf 78' lang='lat' dir='ltr'><strong>coinmunius</strong></span> <span class='ocrx_word' id='word_1_228' title='bbox 1395 3088 1450 3142; x_wconf 89' lang='lat' dir='ltr'><strong>in</strong></span> <span class='ocrx_word' id='word_1_229' title='bbox 1479 3089 1668 3158; x_wconf 84' lang='lat' dir='ltr'><strong>plurali</strong></span> <span class='ocrx_word' id='word_1_230' title='bbox 1698 3102 1920 3142; x_wconf 87' lang='lat' dir='ltr'><strong>numero</strong></span> <span class='ocrx_word' id='word_1_231' title='bbox 1945 3088 2036 3140; x_wconf 78' lang='lat' dir='ltr'><strong>bo-</strong></span> 
     </span>
    </p>
   </div>
   <div class='ocr_carea' id='block_1_30' title="bbox 458 3178 2034 3247">
    <p class='ocr_par' dir='ltr' id='par_1_30' title="bbox 458 3178 2034 3247">
     <span class='ocr_line' id='line_1_30' title="bbox 458 3178 2034 3247; baseline -0.003 -15"><span class='ocrx_word' id='word_1_232' title='bbox 458 3178 575 3243; x_wconf 82' lang='lat' dir='ltr'><strong>kos;</strong></span> <span class='ocrx_word' id='word_1_233' title='bbox 618 3194 788 3247; x_wconf 75' lang='lat' dir='ltr'><strong>neque</strong></span> <span class='ocrx_word' id='word_1_234' title='bbox 813 3178 954 3232; x_wconf 80' lang='lat' dir='ltr'><strong>aliud</strong></span> <span class='ocrx_word' id='word_1_235' title='bbox 983 3194 1173 3232; x_wconf 83' lang='lat' dir='ltr'><strong>nomen</strong></span> <span class='ocrx_word' id='word_1_236' title='bbox 1205 3180 1400 3233; x_wconf 81' lang='lat' dir='ltr'><strong>habent</strong></span> <span class='ocrx_word' id='word_1_237' title='bbox 1429 3180 1635 3241; x_wconf 65' lang='lat' dir='ltr'><strong>littera,</strong></span> <span class='ocrx_word' id='word_1_238' title='bbox 1666 3179 1852 3232; x_wconf 77' lang='lat' dir='ltr'><strong>charta</strong></span> <span class='ocrx_word' id='word_1_239' title='bbox 1885 3179 2034 3231; x_wconf 74' lang='lat' dir='ltr'><strong>testi-</strong></span> 
     </span>
    </p>
   </div>
   <div class='ocr_carea' id='block_1_31' title="bbox 465 3269 2034 3338">
    <p class='ocr_par' dir='ltr' id='par_1_31' title="bbox 465 3269 2034 3338">
     <span class='ocr_line' id='line_1_31' title="bbox 465 3269 2034 3338; baseline 0.001 -18"><span class='ocrx_word' id='word_1_240' title='bbox 465 3270 731 3336; x_wconf 84' lang='lat' dir='ltr'><strong>licatoria,</strong></span> <span class='ocrx_word' id='word_1_241' title='bbox 791 3270 843 3322; x_wconf 90' lang='lat' dir='ltr'><strong>in</strong></span> <span class='ocrx_word' id='word_1_242' title='bbox 911 3270 1124 3336; x_wconf 87' lang='lat' dir='ltr'><strong>neapol.</strong></span> <span class='ocrx_word' id='word_1_243' title='bbox 1181 3269 1507 3327; x_wconf 88' lang='lat' dir='ltr'><strong>documento</strong></span> <span class='ocrx_word' id='word_1_244' title='bbox 1539 3314 1555 3334; x_wconf 85' lang='lat'><strong>,</strong></span> <span class='ocrx_word' id='word_1_245' title='bbox 1649 3285 1807 3338; x_wconf 85' lang='lat' dir='ltr'><strong>quam</strong></span> <span class='ocrx_word' id='word_1_246' title='bbox 1876 3269 2034 3334; x_wconf 77' lang='lat' dir='ltr'><strong>bolta,</strong></span> 
     </span>
    </p>
   </div>
   <div class='ocr_carea' id='block_1_32' title="bbox 464 3361 2030 3428">
    <p class='ocr_par' dir='ltr' id='par_1_32' title="bbox 464 3361 2030 3428">
     <span class='ocr_line' id='line_1_32' title="bbox 464 3361 2030 3428; baseline -0.001 -13"><span class='ocrx_word' id='word_1_247' title='bbox 464 3361 594 3415; x_wconf 80' lang='lat' dir='ltr'><strong>alias</strong></span> <span class='ocrx_word' id='word_1_248' title='bbox 633 3363 685 3415; x_wconf 90' lang='lat' dir='ltr'><strong>in</strong></span> <span class='ocrx_word' id='word_1_249' title='bbox 733 3362 871 3428; x_wconf 85' lang='lat' dir='ltr'><strong>plur.</strong></span> <span class='ocrx_word' id='word_1_250' title='bbox 913 3361 1086 3426; x_wconf 73' lang='grc' dir='ltr'>ιοιοι.</span> <span class='ocrx_word' id='word_1_251' title='bbox 1133 3375 1342 3416; x_wconf 83' lang='lat' dir='ltr'><strong>necnon</strong></span> <span class='ocrx_word' id='word_1_252' title='bbox 1388 3372 1439 3415; x_wconf 91' lang='lat' dir='ltr'><strong>et</strong></span> <span class='ocrx_word' id='word_1_253' title='bbox 1487 3362 1670 3415; x_wconf 80' lang='lat' dir='ltr'><strong>charta</strong></span> <span class='ocrx_word' id='word_1_254' title='bbox 1724 3361 2030 3427; x_wconf 86' lang='lat' dir='ltr'><strong>creditoria,</strong></span> 
     </span>
    </p>
   </div>
   <div class='ocr_carea' id='block_1_33' title="bbox 464 3451 2036 3528">
    <p class='ocr_par' dir='ltr' id='par_1_33' title="bbox 464 3451 2036 3528">
     <span class='ocr_line' id='line_1_33' title="bbox 464 3451 2036 3528; baseline -0.001 -23"><span class='ocrx_word' id='word_1_255' title='bbox 464 3463 716 3520; x_wconf 76' lang='lat' dir='ltr'><strong>Sponsam</strong></span> <span class='ocrx_word' id='word_1_256' title='bbox 747 3452 794 3504; x_wconf 89' lang='lat' dir='ltr'><strong>ia</strong></span> <span class='ocrx_word' id='word_1_257' title='bbox 840 3453 1170 3526; x_wconf 62' lang='grc' dir='ltr'><strong>(γράμματα,</strong></span> <span class='ocrx_word' id='word_1_258' title='bbox 1205 3451 1334 3507; x_wconf 84' lang='lat' dir='ltr'><strong>Luc.</strong></span> <span class='ocrx_word' id='word_1_259' title='bbox 1361 3466 1476 3514; x_wconf 79' lang='lat' dir='ltr'><strong>svi,</strong></span> <span class='ocrx_word' id='word_1_260' title='bbox 1506 3453 1562 3517; x_wconf 86' lang='lat'><strong>6,</strong></span> <span class='ocrx_word' id='word_1_261' title='bbox 1588 3452 1678 3521; x_wconf 85' lang='lat'><strong>7);</strong></span> <span class='ocrx_word' id='word_1_262' title='bbox 1707 3453 1901 3528; x_wconf 78' lang='lat' dir='ltr'><strong>charta</strong></span> <span class='ocrx_word' id='word_1_263' title='bbox 1953 3467 2036 3519; x_wconf 80' lang='lat' dir='ltr'><strong>pi-</strong></span> 
     </span>
    </p>
   </div>
   <div class='ocr_carea' id='block_1_34' title="bbox 467 3540 2036 3620">
    <p class='ocr_par' dir='ltr' id='par_1_34' title="bbox 467 3540 2036 3620">
     <span class='ocr_line' id='line_1_34' title="bbox 467 3540 2036 3620; baseline -0.001 -24"><span class='ocrx_word' id='word_1_264' title='bbox 467 3545 766 3612; x_wconf 73' lang='lat' dir='ltr'><strong>gnoratorla</strong></span> <span class='ocrx_word' id='word_1_265' title='bbox 800 3543 1183 3620; x_wconf 66' lang='grc' dir='ltr'><strong>(χειρόγραφον,</strong></span> <span class='ocrx_word' id='word_1_266' title='bbox 1209 3540 1328 3598; x_wconf 87' lang='lat' dir='ltr'><strong>Col.</strong></span> <span class='ocrx_word' id='word_1_267' title='bbox 1368 3558 1401 3596; x_wconf 89' lang='grc' dir='ltr'><strong>ιι</strong></span> <span class='ocrx_word' id='word_1_268' title='bbox 1423 3589 1429 3603; x_wconf 57' lang='grc'>,.</span> <span class='ocrx_word' id='word_1_269' title='bbox 1467 3545 1562 3612; x_wconf 61' lang='lat' dir='ltr'><strong>li)</strong></span> <span class='ocrx_word' id='word_1_270' title='bbox 1589 3551 1672 3599; x_wconf 88' lang='lat' dir='ltr'><strong>est</strong></span> <span class='ocrx_word' id='word_1_271' title='bbox 1700 3541 2036 3611; x_wconf 76' lang='lat' dir='ltr'><strong>vadjabokos;</strong></span> 
     </span>
    </p>
   </div>
   <div class='ocr_carea' id='block_1_35' title="bbox 467 3633 2035 3704">
    <p class='ocr_par' dir='ltr' id='par_1_35' title="bbox 467 3633 2035 3704">
     <span class='ocr_line' id='line_1_35' title="bbox 467 3633 2035 3704; baseline 0.002 -18"><span class='ocrx_word' id='word_1_272' title='bbox 467 3633 675 3688; x_wconf 75' lang='lat' dir='ltr'><strong>libellus</strong></span> <span class='ocrx_word' id='word_1_273' title='bbox 700 3635 901 3704; x_wconf 81' lang='lat' dir='ltr'><strong>repudii</strong></span> <span class='ocrx_word' id='word_1_274' title='bbox 929 3637 1286 3703; x_wconf 74' lang='grc' dir='ltr'><strong>(ἀποστάσιον,</strong></span> <span class='ocrx_word' id='word_1_275' title='bbox 1314 3635 1414 3690; x_wconf 76' lang='lat' dir='ltr'><strong>lle.</strong></span> <span class='ocrx_word' id='word_1_276' title='bbox 1445 3650 1554 3700; x_wconf 73' lang='lat' dir='ltr'><strong>sta,</strong></span> <span class='ocrx_word' id='word_1_277' title='bbox 1583 3634 1649 3700; x_wconf 76' lang='grc' dir='ltr'>ι;</span> <span class='ocrx_word' id='word_1_278' title='bbox 1682 3636 1811 3689; x_wconf 72' lang='lat' dir='ltr'><strong>Mtli.</strong></span> <span class='ocrx_word' id='word_1_279' title='bbox 1836 3650 1892 3701; x_wconf 84' lang='grc' dir='ltr'><strong>ν,</strong></span> <span class='ocrx_word' id='word_1_280' title='bbox 1917 3634 2035 3703; x_wconf 80' lang='grc'><strong>51),</strong></span> 
     </span>
    </p>
   </div>
   <div class='ocr_carea' id='block_1_36' title="bbox 466 3725 2039 3796">
    <p class='ocr_par' dir='ltr' id='par_1_36' title="bbox 466 3725 2039 3796">
     <span class='ocr_line' id='line_1_36' title="bbox 466 3725 2039 3796; baseline 0.001 -17"><span class='ocrx_word' id='word_1_281' title='bbox 466 3725 614 3780; x_wconf 76' lang='lat' dir='ltr'><strong>bokos</strong></span> <span class='ocrx_word' id='word_1_282' title='bbox 664 3727 959 3796; x_wconf 69' lang='lat' dir='ltr'><strong>altatcinais</strong></span> <span class='ocrx_word' id='word_1_283' title='bbox 1000 3728 1082 3783; x_wconf 87' lang='lat' dir='ltr'><strong>vel</strong></span> <span class='ocrx_word' id='word_1_284' title='bbox 1131 3728 1284 3782; x_wconf 78' lang='lat' dir='ltr'><strong>bokos</strong></span> <span class='ocrx_word' id='word_1_285' title='bbox 1329 3729 1631 3794; x_wconf 70' lang='lat' dir='ltr'><strong>afrtassnis,</strong></span> <span class='ocrx_word' id='word_1_286' title='bbox 1671 3728 2039 3782; x_wconf 88' lang='lat' dir='ltr'><strong>denominatio</strong></span> 
     </span>
    </p>
   </div>
   <div class='ocr_carea' id='block_1_37' title="bbox 466 3819 2040 3891">
    <p class='ocr_par' dir='ltr' id='par_1_37' title="bbox 466 3819 2040 3891">
     <span class='ocr_line' id='line_1_37' title="bbox 466 3819 2040 3891; baseline -0.001 -16"><span class='ocrx_word' id='word_1_287' title='bbox 466 3820 624 3875; x_wconf 86' lang='lat' dir='ltr'><strong>etiam</strong></span> <span class='ocrx_word' id='word_1_288' title='bbox 670 3834 766 3888; x_wconf 92' lang='lat' dir='ltr'><strong>pro</strong></span> <span class='ocrx_word' id='word_1_289' title='bbox 809 3819 1036 3891; x_wconf 88' lang='lat' dir='ltr'><strong>epistola</strong></span> <span class='ocrx_word' id='word_1_290' title='bbox 1077 3820 1362 3891; x_wconf 69' lang='grc' dir='ltr'><strong>(ἐπιστολῇ)</strong></span> <span class='ocrx_word' id='word_1_291' title='bbox 1411 3830 1694 3888; x_wconf 80' lang='lat' dir='ltr'><strong>usurpata,</strong></span> <span class='ocrx_word' id='word_1_292' title='bbox 1751 3821 1857 3875; x_wconf 87' lang='lat' dir='ltr'><strong>vid.</strong></span> <span class='ocrx_word' id='word_1_293' title='bbox 1891 3821 2040 3888; x_wconf 78' lang='lat' dir='ltr'><strong>gius-</strong></span> 
     </span>
    </p>
   </div>
   <div class='ocr_carea' id='block_1_38' title="bbox 466 3908 2037 3981">
    <p class='ocr_par' dir='ltr' id='par_1_38' title="bbox 466 3908 2037 3981">
     <span class='ocr_line' id='line_1_38' title="bbox 466 3908 2037 3981; baseline -0.001 -15"><span class='ocrx_word' id='word_1_294' title='bbox 466 3925 568 3966; x_wconf 88' lang='lat' dir='ltr'><strong>sar.</strong></span> <span class='ocrx_word' id='word_1_295' title='bbox 590 3949 605 3974; x_wconf 92' lang='lat'><strong>,</strong></span> <span class='ocrx_word' id='word_1_296' title='bbox 639 3908 692 3962; x_wconf 86' lang='lat' dir='ltr'><strong>b.</strong></span> <span class='ocrx_word' id='word_1_297' title='bbox 725 3923 813 3971; x_wconf 86' lang='lat' dir='ltr'><strong>v.;</strong></span> <span class='ocrx_word' id='word_1_298' title='bbox 859 3909 990 3964; x_wconf 88' lang='lat' dir='ltr'><strong>liber</strong></span> <span class='ocrx_word' id='word_1_299' title='bbox 1017 3918 1195 3964; x_wconf 86' lang='lat' dir='ltr'><strong>autem</strong></span> <span class='ocrx_word' id='word_1_300' title='bbox 1235 3911 1462 3980; x_wconf 70' lang='grc' dir='ltr'><strong>(βίϐλος,</strong></span> <span class='ocrx_word' id='word_1_301' title='bbox 1495 3912 1708 3981; x_wconf 58' lang='grc' dir='ltr'><strong>βιϐλίον)</strong></span> <span class='ocrx_word' id='word_1_302' title='bbox 1741 3910 1852 3964; x_wconf 83' lang='lat' dir='ltr'><strong>vid.</strong></span> <span class='ocrx_word' id='word_1_303' title='bbox 1882 3909 2037 3975; x_wconf 88' lang='lat' dir='ltr'><strong>ibid.,</strong></span> 
     </span>
    </p>
   </div>
   <div class='ocr_carea' id='block_1_39' title="bbox 468 4001 2040 4072">
    <p class='ocr_par' dir='ltr' id='par_1_39' title="bbox 468 4001 2040 4072">
     <span class='ocr_line' id='line_1_39' title="bbox 468 4001 2040 4072; baseline 0.003 -20"><span class='ocrx_word' id='word_1_304' title='bbox 468 4020 519 4055; x_wconf 78' lang='lat' dir='ltr'><strong>in</strong></span> <span class='ocrx_word' id='word_1_305' title='bbox 549 4017 710 4058; x_wconf 85' lang='lat' dir='ltr'><strong>sensu</strong></span> <span class='ocrx_word' id='word_1_306' title='bbox 737 4001 1051 4070; x_wconf 83' lang='lat' dir='ltr'><strong>christiano,</strong></span> <span class='ocrx_word' id='word_1_307' title='bbox 1085 4002 1138 4056; x_wconf 89' lang='lat' dir='ltr'><strong>id</strong></span> <span class='ocrx_word' id='word_1_308' title='bbox 1164 4012 1277 4071; x_wconf 90' lang='lat' dir='ltr'><strong>est,</strong></span> <span class='ocrx_word' id='word_1_309' title='bbox 1309 4003 1619 4072; x_wconf 77' lang='lat' dir='ltr'><strong>signiﬁcans</strong></span> <span class='ocrx_word' id='word_1_310' title='bbox 1648 4004 1844 4057; x_wconf 88' lang='lat' dir='ltr'><strong>librum</strong></span> <span class='ocrx_word' id='word_1_311' title='bbox 1878 4002 2040 4056; x_wconf 85' lang='lat' dir='ltr'><strong>libro-</strong></span> 
     </span>
    </p>
   </div>
   <div class='ocr_carea' id='block_1_40' title="bbox 465 4095 2041 4171">
    <p class='ocr_par' dir='ltr' id='par_1_40' title="bbox 465 4095 2041 4171">
     <span class='ocr_line' id='line_1_40' title="bbox 465 4095 2041 4171; baseline -0.001 -21"><span class='ocrx_word' id='word_1_312' title='bbox 465 4109 614 4161; x_wconf 85' lang='lat' dir='ltr'><strong>ruin,</strong></span> <span class='ocrx_word' id='word_1_313' title='bbox 661 4095 822 4151; x_wconf 85' lang='lat' dir='ltr'><strong>biblia</strong></span> <span class='ocrx_word' id='word_1_314' title='bbox 872 4095 1099 4171; x_wconf 61' lang='grc' dir='ltr'><strong>(γραφαὶ)</strong></span> <span class='ocrx_word' id='word_1_315' title='bbox 1146 4095 1330 4150; x_wconf 56' lang='lat' dir='ltr'><strong>eode-ri</strong></span> <span class='ocrx_word' id='word_1_316' title='bbox 1381 4097 1638 4151; x_wconf 87' lang='lat' dir='ltr'><strong>vocabulo</strong></span> <span class='ocrx_word' id='word_1_317' title='bbox 1685 4095 1844 4161; x_wconf 72' lang='lat' dir='ltr'><strong>bokn,</strong></span> <span class='ocrx_word' id='word_1_318' title='bbox 1889 4096 2041 4149; x_wconf 61' lang='lat' dir='ltr'><strong>(totos</strong></span> 
     </span>
    </p>
   </div>
   <div class='ocr_carea' id='block_1_41' title="bbox 463 4188 2042 4265">
    <p class='ocr_par' dir='ltr' id='par_1_41' title="bbox 463 4188 2042 4265">
     <span class='ocr_line' id='line_1_41' title="bbox 463 4188 2042 4265; baseline -0.002 -18"><span class='ocrx_word' id='word_1_319' title='bbox 463 4193 788 4258; x_wconf 77' lang='lat' dir='ltr'><strong>designatur.</strong></span> <span class='ocrx_word' id='word_1_320' title='bbox 826 4188 964 4242; x_wconf 76' lang='lat' dir='ltr'><strong>Bake</strong></span> <span class='ocrx_word' id='word_1_321' title='bbox 1012 4189 1222 4244; x_wconf 83' lang='lat' dir='ltr'><strong>tandem</strong></span> <span class='ocrx_word' id='word_1_322' title='bbox 1274 4191 1470 4254; x_wconf 72' lang='lat' dir='ltr'><strong>littera,</strong></span> <span class='ocrx_word' id='word_1_323' title='bbox 1518 4203 1695 4259; x_wconf 66' lang='lat' dir='ltr'><strong>graeco</strong></span> <span class='ocrx_word' id='word_1_324' title='bbox 1737 4193 1955 4265; x_wconf 65' lang='grc' dir='ltr'><strong>γράμμα</strong></span> <span class='ocrx_word' id='word_1_325' title='bbox 1984 4198 2042 4244; x_wconf 87' lang='lat' dir='ltr'><strong>et</strong></span> 
     </span>
    </p>
   </div>
   <div class='ocr_carea' id='block_1_42' title="bbox 469 4281 2042 4358">
    <p class='ocr_par' dir='ltr' id='par_1_42' title="bbox 469 4281 2042 4358">
     <span class='ocr_line' id='line_1_42' title="bbox 469 4281 2042 4358; baseline -0.003 -22"><span class='ocrx_word' id='word_1_326' title='bbox 469 4281 774 4358; x_wconf 77' lang='grc' dir='ltr'><strong>γράμματα,</strong></span> <span class='ocrx_word' id='word_1_327' title='bbox 804 4295 1007 4334; x_wconf 84' lang='lat' dir='ltr'><strong>necnon</strong></span> <span class='ocrx_word' id='word_1_328' title='bbox 1044 4290 1097 4334; x_wconf 90' lang='lat' dir='ltr'><strong>et</strong></span> <span class='ocrx_word' id='word_1_329' title='bbox 1135 4283 1300 4336; x_wconf 84' lang='lat' dir='ltr'><strong>latino</strong></span> <span class='ocrx_word' id='word_1_330' title='bbox 1343 4281 1545 4342; x_wconf 75' lang='lat' dir='ltr'><strong>littera,</strong></span> <span class='ocrx_word' id='word_1_331' title='bbox 1579 4281 1780 4344; x_wconf 67' lang='lat' dir='ltr'><strong>littere,</strong></span> <span class='ocrx_word' id='word_1_332' title='bbox 1818 4294 2042 4348; x_wconf 86' lang='lat' dir='ltr'><strong>respon-</strong></span> 
     </span>
    </p>
   </div>
   <div class='ocr_carea' id='block_1_43' title="bbox 468 4372 2036 4444">
    <p class='ocr_par' dir='ltr' id='par_1_43' title="bbox 468 4372 2036 4444">
     <span class='ocr_line' id='line_1_43' title="bbox 468 4372 2036 4444; baseline -0.003 -13"><span class='ocrx_word' id='word_1_333' title='bbox 468 4379 556 4431; x_wconf 86' lang='lat' dir='ltr'><strong>det</strong></span> <span class='ocrx_word' id='word_1_334' title='bbox 583 4374 763 4444; x_wconf 81' lang='lat' dir='ltr'><strong>(Rom.</strong></span> <span class='ocrx_word' id='word_1_335' title='bbox 793 4391 880 4439; x_wconf 86' lang='lat' dir='ltr'><strong>vn,</strong></span> <span class='ocrx_word' id='word_1_336' title='bbox 911 4375 974 4439; x_wconf 74' lang='lat' dir='ltr'><strong>ii;</strong></span> <span class='ocrx_word' id='word_1_337' title='bbox 1017 4374 1140 4430; x_wconf 85' lang='lat' dir='ltr'><strong>Cor.</strong></span> <span class='ocrx_word' id='word_1_338' title='bbox 1184 4375 1255 4443; x_wconf 88' lang='lat' dir='ltr'><strong>ll,</strong></span> <span class='ocrx_word' id='word_1_339' title='bbox 1286 4390 1372 4442; x_wconf 89' lang='lat' dir='ltr'><strong>Ill,</strong></span> <span class='ocrx_word' id='word_1_340' title='bbox 1407 4374 1472 4440; x_wconf 86' lang='lat'><strong>6;</strong></span> <span class='ocrx_word' id='word_1_341' title='bbox 1503 4373 1763 4444; x_wconf 68' lang='lat' dir='ltr'><strong>impt&#39;itn&#39;s</strong></span> <span class='ocrx_word' id='word_1_342' title='bbox 1810 4372 1932 4427; x_wconf 83' lang='lat' dir='ltr'><strong>Cal.</strong></span> <span class='ocrx_word' id='word_1_343' title='bbox 1955 4389 2036 4436; x_wconf 84' lang='lat' dir='ltr'><strong>vt,</strong></span> 
     </span>
    </p>
   </div>
   <div class='ocr_carea' id='block_1_44' title="bbox 473 4463 2042 4534">
    <p class='ocr_par' dir='ltr' id='par_1_44' title="bbox 473 4463 2042 4534">
     <span class='ocr_line' id='line_1_44' title="bbox 473 4463 2042 4534; baseline -0.001 -15"><span class='ocrx_word' id='word_1_344' title='bbox 473 4465 579 4532; x_wconf 83' lang='lat' dir='ltr'><strong>ll),</strong></span> <span class='ocrx_word' id='word_1_345' title='bbox 607 4475 657 4519; x_wconf 90' lang='lat' dir='ltr'><strong>et</strong></span> <span class='ocrx_word' id='word_1_346' title='bbox 689 4463 838 4517; x_wconf 73' lang='lat' dir='ltr'><strong>boltos</strong></span> <span class='ocrx_word' id='word_1_347' title='bbox 879 4479 974 4532; x_wconf 89' lang='lat' dir='ltr'><strong>pro</strong></span> <span class='ocrx_word' id='word_1_348' title='bbox 1017 4466 1258 4530; x_wconf 83' lang='lat' dir='ltr'><strong>scientia,</strong></span> <span class='ocrx_word' id='word_1_349' title='bbox 1302 4467 1687 4534; x_wconf 86' lang='lat' dir='ltr'><strong>scripturarum</strong></span> <span class='ocrx_word' id='word_1_350' title='bbox 1732 4465 2042 4534; x_wconf 73' lang='lat' dir='ltr'><strong>cognitione</strong></span> 
     </span>
    </p>
   </div>
   <div class='ocr_carea' id='block_1_45' title="bbox 1821 413 2397 472">
    <p class='ocr_par' dir='ltr' id='par_1_45' title="bbox 1821 413 2397 472">
     <span class='ocr_line' id='line_1_45' title="bbox 1821 413 2397 472; baseline -0.007 -2"><span class='ocrx_word' id='word_1_351' title='bbox 1821 416 1906 471; x_wconf 85' lang='lat' dir='ltr'><strong>DE</strong></span> <span class='ocrx_word' id='word_1_352' title='bbox 1945 413 2397 472; x_wconf 67' lang='lat' dir='ltr'><strong>PROLATIONE.</strong></span> 
     </span>
    </p>
   </div>
   <div class='ocr_carea' id='block_1_46' title="bbox 3595 401 3700 457">
    <p class='ocr_par' dir='ltr' id='par_1_46' title="bbox 3595 401 3700 457">
     <span class='ocr_line' id='line_1_46' title="bbox 3595 401 3700 457; baseline -0.019 0"><span class='ocrx_word' id='word_1_353' title='bbox 3595 401 3700 457; x_wconf 87' lang='lat' dir='ltr'><strong>9l0</strong></span> 
     </span>
    </p>
   </div>
   <div class='ocr_carea' id='block_1_47' title="bbox 2125 518 3700 592">
    <p class='ocr_par' dir='ltr' id='par_1_47' title="bbox 2125 518 3700 592">
     <span class='ocr_line' id='line_1_47' title="bbox 2125 518 3700 592; baseline -0.011 -9"><span class='ocrx_word' id='word_1_354' title='bbox 2125 528 2408 584; x_wconf 81' lang='lat' dir='ltr'><strong>adhibetur</strong></span> <span class='ocrx_word' id='word_1_355' title='bbox 2452 526 2627 592; x_wconf 82' lang='lat' dir='ltr'><strong>(Joan.</strong></span> <span class='ocrx_word' id='word_1_356' title='bbox 2675 541 2772 576; x_wconf 82' lang='lat' dir='ltr'><strong>vti.</strong></span> <span class='ocrx_word' id='word_1_357' title='bbox 2827 525 2934 589; x_wconf 71' lang='lat' dir='ltr'><strong>lii).</strong></span> <span class='ocrx_word' id='word_1_358' title='bbox 2982 521 3384 588; x_wconf 76' lang='lat' dir='ltr'><strong>Conscqttenter</strong></span> <span class='ocrx_word' id='word_1_359' title='bbox 3425 518 3700 585; x_wconf 68' lang='lat' dir='ltr'><strong>scriptura:</strong></span> 
     </span>
    </p>
   </div>
   <div class='ocr_carea' id='block_1_48' title="bbox 2123 607 3702 686">
    <p class='ocr_par' dir='ltr' id='par_1_48' title="bbox 2123 607 3702 686">
     <span class='ocr_line' id='line_1_48' title="bbox 2123 607 3702 686; baseline -0.011 -13"><span class='ocrx_word' id='word_1_360' title='bbox 2123 617 2317 673; x_wconf 84' lang='lat' dir='ltr'><strong>eruditi</strong></span> <span class='ocrx_word' id='word_1_361' title='bbox 2359 615 2496 682; x_wconf 81' lang='lat' dir='ltr'><strong>apud</strong></span> <span class='ocrx_word' id='word_1_362' title='bbox 2539 613 2753 668; x_wconf 61' lang='lat' dir='ltr'><strong>iud-mus</strong></span> <span class='ocrx_word' id='word_1_363' title='bbox 2801 611 3164 686; x_wconf 63' lang='grc' dir='ltr'><strong>(γραμματεῖς)</strong></span> <span class='ocrx_word' id='word_1_364' title='bbox 3223 625 3416 662; x_wconf 80' lang='lat' dir='ltr'><strong>nomen</strong></span> <span class='ocrx_word' id='word_1_365' title='bbox 3467 607 3702 674; x_wconf 81' lang='lat' dir='ltr'><strong>bokarjos</strong></span> 
     </span>
    </p>
   </div>
   <div class='ocr_carea' id='block_1_49' title="bbox 2128 696 3702 776">
    <p class='ocr_par' dir='ltr' id='par_1_49' title="bbox 2128 696 3702 776">
     <span class='ocr_line' id='line_1_49' title="bbox 2128 696 3702 776; baseline -0.011 -13"><span class='ocrx_word' id='word_1_366' title='bbox 2128 709 2329 763; x_wconf 82' lang='lat' dir='ltr'><strong>habent</strong></span> <span class='ocrx_word' id='word_1_367' title='bbox 2381 706 2530 776; x_wconf 87' lang='lat' dir='ltr'><strong>(vid.</strong></span> <span class='ocrx_word' id='word_1_368' title='bbox 2574 706 2740 775; x_wconf 65' lang='lat' dir='ltr'><strong>gluss.</strong></span> <span class='ocrx_word' id='word_1_369' title='bbox 2783 702 2836 756; x_wconf 76' lang='lat' dir='ltr'><strong>lt.</strong></span> <span class='ocrx_word' id='word_1_370' title='bbox 2873 704 2993 772; x_wconf 87' lang='lat' dir='ltr'><strong>v.),</strong></span> <span class='ocrx_word' id='word_1_371' title='bbox 3036 703 3178 773; x_wconf 83' lang='lat' dir='ltr'><strong>quod</strong></span> <span class='ocrx_word' id='word_1_372' title='bbox 3232 699 3443 769; x_wconf 80' lang='lat' dir='ltr'><strong>proprie</strong></span> <span class='ocrx_word' id='word_1_373' title='bbox 3483 696 3702 751; x_wconf 77' lang='lat' dir='ltr'><strong>scribam</strong></span> 
     </span>
    </p>
   </div>
   <div class='ocr_carea' id='block_1_50' title="bbox 2123 790 3701 871">
    <p class='ocr_par' dir='ltr' id='par_1_50' title="bbox 2123 790 3701 871">
     <span class='ocr_line' id='line_1_50' title="bbox 2123 790 3701 871; baseline -0.006 -17"><span class='ocrx_word' id='word_1_374' title='bbox 2123 799 2421 871; x_wconf 85' lang='lat' dir='ltr'><strong>signilicat,</strong></span> <span class='ocrx_word' id='word_1_375' title='bbox 2464 797 2573 851; x_wconf 80' lang='lat' dir='ltr'><strong>vid.</strong></span> <span class='ocrx_word' id='word_1_376' title='bbox 2611 797 2826 850; x_wconf 74' lang='lat' dir='ltr'><strong>(locum.</strong></span> <span class='ocrx_word' id='word_1_377' title='bbox 2884 795 3094 861; x_wconf 83' lang='lat' dir='ltr'><strong>neapol.</strong></span> <span class='ocrx_word' id='word_1_378' title='bbox 3145 793 3245 846; x_wconf 84' lang='lat' dir='ltr'><strong>Pro</strong></span> <span class='ocrx_word' id='word_1_379' title='bbox 3270 790 3511 859; x_wconf 79' lang='lat' dir='ltr'><strong>_cpistnla</strong></span> <span class='ocrx_word' id='word_1_380' title='bbox 3554 791 3701 861; x_wconf 67' lang='lat' dir='ltr'><strong>(iri-</strong></span> 
     </span>
    </p>
   </div>
   <div class='ocr_carea' id='block_1_51' title="bbox 2127 885 3704 965">
    <p class='ocr_par' dir='ltr' id='par_1_51' title="bbox 2127 885 3704 965">
     <span class='ocr_line' id='line_1_51' title="bbox 2127 885 3704 965; baseline -0.009 -18"><span class='ocrx_word' id='word_1_381' title='bbox 2127 893 2316 965; x_wconf 70' lang='grc' dir='ltr'><strong>στολῇ)</strong></span> <span class='ocrx_word' id='word_1_382' title='bbox 2369 891 2703 960; x_wconf 76' lang='lat' dir='ltr'><strong>paulinarum</strong></span> <span class='ocrx_word' id='word_1_383' title='bbox 2751 888 3100 957; x_wconf 78' lang='lat' dir='ltr'><strong>ep&#39;stolarum</strong></span> <span class='ocrx_word' id='word_1_384' title='bbox 3155 885 3417 953; x_wconf 70' lang='lat' dir='ltr'><strong>interpres</strong></span> <span class='ocrx_word' id='word_1_385' title='bbox 3472 896 3704 953; x_wconf 49' lang='lat' dir='ltr'><strong>graennt</strong></span> 
     </span>
    </p>
   </div>
   <div class='ocr_carea' id='block_1_52' title="bbox 2124 976 3702 1052">
    <p class='ocr_par' dir='ltr' id='par_1_52' title="bbox 2124 976 3702 1052">
     <span class='ocr_line' id='line_1_52' title="bbox 2124 976 3702 1052; baseline -0.008 -15"><span class='ocrx_word' id='word_1_386' title='bbox 2124 983 2396 1050; x_wconf 76' lang='lat' dir='ltr'><strong>aipistnnlc</strong></span> <span class='ocrx_word' id='word_1_387' title='bbox 2445 981 2594 1052; x_wconf 86' lang='lat' dir='ltr'><strong>(vid.</strong></span> <span class='ocrx_word' id='word_1_388' title='bbox 2646 981 2809 1049; x_wconf 86' lang='lat' dir='ltr'><strong>gloss.</strong></span> <span class='ocrx_word' id='word_1_389' title='bbox 2852 978 2906 1031; x_wconf 87' lang='lat' dir='ltr'><strong>lt.</strong></span> <span class='ocrx_word' id='word_1_390' title='bbox 2957 980 3045 1046; x_wconf 90' lang='lat' dir='ltr'><strong>v.)</strong></span> <span class='ocrx_word' id='word_1_391' title='bbox 3103 981 3154 1031; x_wconf 86' lang='lat' dir='ltr'><strong>in</strong></span> <span class='ocrx_word' id='word_1_392' title='bbox 3196 991 3355 1032; x_wconf 74' lang='lat' dir='ltr'><strong>sensu</strong></span> <span class='ocrx_word' id='word_1_393' title='bbox 3409 976 3702 1029; x_wconf 86' lang='lat' dir='ltr'><strong>litterarum</strong></span> 
     </span>
    </p>
   </div>
   <div class='ocr_carea' id='block_1_53' title="bbox 2125 1067 3706 1143">
    <p class='ocr_par' dir='ltr' id='par_1_53' title="bbox 2125 1067 3706 1143">
     <span class='ocr_line' id='line_1_53' title="bbox 2125 1067 3706 1143; baseline -0.006 -15"><span class='ocrx_word' id='word_1_394' title='bbox 2125 1072 2537 1143; x_wconf 79' lang='lat' dir='ltr'><strong>apostolicarum</strong></span> <span class='ocrx_word' id='word_1_395' title='bbox 2563 1073 2858 1138; x_wconf 70' lang='lat' dir='ltr'><strong>usurpavit.</strong></span> <span class='ocrx_word' id='word_1_396' title='bbox 2887 1067 3057 1139; x_wconf 84' lang='lat' dir='ltr'><strong>Sigljo</strong></span> <span class='ocrx_word' id='word_1_397' title='bbox 3095 1068 3324 1138; x_wconf 76' lang='lat' dir='ltr'><strong>sigillum</strong></span> <span class='ocrx_word' id='word_1_398' title='bbox 3360 1067 3621 1141; x_wconf 55' lang='grc' dir='ltr'><strong>(σξ-ραγὶς)</strong></span> <span class='ocrx_word' id='word_1_399' title='bbox 3651 1076 3706 1119; x_wconf 90' lang='lat' dir='ltr'><strong>et</strong></span> 
     </span>
    </p>
   </div>
   <div class='ocr_carea' id='block_1_54' title="bbox 2127 1161 3708 1237">
    <p class='ocr_par' dir='ltr' id='par_1_54' title="bbox 2127 1161 3708 1237">
     <span class='ocr_line' id='line_1_54' title="bbox 2127 1161 3708 1237; baseline -0.004 -18"><span class='ocrx_word' id='word_1_400' title='bbox 2127 1164 2612 1237; x_wconf 73' lang='lat' dir='ltr'><strong>sigljan,gas&#39;gljntt</strong></span> <span class='ocrx_word' id='word_1_401' title='bbox 2639 1163 2875 1234; x_wconf 83' lang='lat' dir='ltr'><strong>sigillare</strong></span> <span class='ocrx_word' id='word_1_402' title='bbox 2901 1161 3238 1236; x_wconf 65' lang='grc' dir='ltr'><strong>(σφραγίζςιν)</strong></span> <span class='ocrx_word' id='word_1_403' title='bbox 3270 1163 3494 1229; x_wconf 70' lang='lat' dir='ltr'><strong>gotlticm</strong></span> <span class='ocrx_word' id='word_1_404' title='bbox 3515 1162 3708 1227; x_wconf 71' lang='lat' dir='ltr'><strong>lingunt</strong></span> 
     </span>
    </p>
   </div>
   <div class='ocr_carea' id='block_1_55' title="bbox 2127 1254 3709 1328">
    <p class='ocr_par' dir='ltr' id='par_1_55' title="bbox 2127 1254 3709 1328">
     <span class='ocr_line' id='line_1_55' title="bbox 2127 1254 3709 1328; baseline -0.003 -16"><span class='ocrx_word' id='word_1_405' title='bbox 2127 1258 2398 1328; x_wconf 82' lang='lat' dir='ltr'><strong>preprium</strong></span> <span class='ocrx_word' id='word_1_406' title='bbox 2422 1266 2505 1312; x_wconf 87' lang='lat' dir='ltr'><strong>cst</strong></span> <span class='ocrx_word' id='word_1_407' title='bbox 2521 1256 2656 1324; x_wconf 87' lang='lat' dir='ltr'><strong>(vid.</strong></span> <span class='ocrx_word' id='word_1_408' title='bbox 2673 1256 2834 1324; x_wconf 82' lang='lat' dir='ltr'><strong>gloss.</strong></span> <span class='ocrx_word' id='word_1_409' title='bbox 2855 1255 2946 1309; x_wconf 76' lang='lat' dir='ltr'><strong>lib.</strong></span> <span class='ocrx_word' id='word_1_410' title='bbox 2966 1255 3100 1319; x_wconf 84' lang='lat' dir='ltr'><strong>vv.).</strong></span> <span class='ocrx_word' id='word_1_411' title='bbox 3131 1255 3326 1308; x_wconf 70' lang='lat' dir='ltr'><strong>Praeter</strong></span> <span class='ocrx_word' id='word_1_412' title='bbox 3348 1254 3498 1308; x_wconf 84' lang='lat' dir='ltr'><strong>bokos</strong></span> <span class='ocrx_word' id='word_1_413' title='bbox 3528 1255 3709 1308; x_wconf 80' lang='lat' dir='ltr'><strong>valens</strong></span> 
     </span>
    </p>
   </div>
   <div class='ocr_carea' id='block_1_56' title="bbox 2128 1346 3710 1419">
    <p class='ocr_par' dir='ltr' id='par_1_56' title="bbox 2128 1346 3710 1419">
     <span class='ocr_line' id='line_1_56' title="bbox 2128 1346 3710 1419; baseline -0.002 -16"><span class='ocrx_word' id='word_1_414' title='bbox 2128 1349 2425 1419; x_wconf 77' lang='lat' dir='ltr'><strong>sciiptum,</strong></span> <span class='ocrx_word' id='word_1_415' title='bbox 2468 1349 2822 1417; x_wconf 82' lang='lat' dir='ltr'><strong>scripturam,</strong></span> <span class='ocrx_word' id='word_1_416' title='bbox 2879 1361 3087 1400; x_wconf 76' lang='lat' dir='ltr'><strong>sacram</strong></span> <span class='ocrx_word' id='word_1_417' title='bbox 3141 1349 3428 1415; x_wconf 67' lang='lat' dir='ltr'><strong>principue,</strong></span> <span class='ocrx_word' id='word_1_418' title='bbox 3471 1346 3619 1400; x_wconf 81' lang='lat' dir='ltr'><strong>adest</strong></span> <span class='ocrx_word' id='word_1_419' title='bbox 3655 1355 3710 1400; x_wconf 91' lang='lat' dir='ltr'><strong>ct</strong></span> 
     </span>
    </p>
   </div>
   <div class='ocr_carea' id='block_1_57' title="bbox 2129 1436 3711 1510">
    <p class='ocr_par' dir='ltr' id='par_1_57' title="bbox 2129 1436 3711 1510">
     <span class='ocr_line' id='line_1_57' title="bbox 2129 1436 3711 1510; baseline -0.002 -18"><span class='ocrx_word' id='word_1_420' title='bbox 2129 1439 2260 1493; x_wconf 80' lang='lat' dir='ltr'><strong>mela</strong></span> <span class='ocrx_word' id='word_1_421' title='bbox 2303 1439 2441 1510; x_wconf 72' lang='lat' dir='ltr'><strong>(hic.</strong></span> <span class='ocrx_word' id='word_1_422' title='bbox 2477 1453 2571 1502; x_wconf 72' lang='lat' dir='ltr'><strong>an,</strong></span> <span class='ocrx_word' id='word_1_423' title='bbox 2595 1437 2698 1502; x_wconf 61' lang='lat'><strong>24;</strong></span> <span class='ocrx_word' id='word_1_424' title='bbox 2739 1436 2865 1490; x_wconf 85' lang='lat' dir='ltr'><strong>Luc.</strong></span> <span class='ocrx_word' id='word_1_425' title='bbox 2898 1452 2970 1504; x_wconf 84' lang='lat' dir='ltr'><strong>tv,</strong></span> <span class='ocrx_word' id='word_1_426' title='bbox 3010 1436 3112 1500; x_wconf 67' lang='lat'><strong>2|;</strong></span> <span class='ocrx_word' id='word_1_427' title='bbox 3149 1436 3301 1491; x_wconf 79' lang='lat' dir='ltr'><strong>Joan.</strong></span> <span class='ocrx_word' id='word_1_428' title='bbox 3335 1455 3387 1500; x_wconf 76' lang='grc' dir='ltr'>ι’,</span> <span class='ocrx_word' id='word_1_429' title='bbox 3418 1439 3508 1503; x_wconf 74' lang='grc'><strong>47)</strong></span> <span class='ocrx_word' id='word_1_430' title='bbox 3536 1446 3591 1490; x_wconf 91' lang='lat' dir='ltr'><strong>ct</strong></span> <span class='ocrx_word' id='word_1_431' title='bbox 3619 1452 3711 1508; x_wconf 80' lang='lat' dir='ltr'><strong>ga-</strong></span> 
     </span>
    </p>
   </div>
   <div class='ocr_carea' id='block_1_58' title="bbox 2129 1527 3708 1600">
    <p class='ocr_par' dir='ltr' id='par_1_58' title="bbox 2129 1527 3708 1600">
     <span class='ocr_line' id='line_1_58' title="bbox 2129 1527 3708 1600; baseline 0 -19"><span class='ocrx_word' id='word_1_432' title='bbox 2129 1529 2339 1583; x_wconf 80' lang='lat' dir='ltr'><strong>meleius</strong></span> <span class='ocrx_word' id='word_1_433' title='bbox 2367 1527 2544 1600; x_wconf 78' lang='lat' dir='ltr'><strong>(Joan.</strong></span> <span class='ocrx_word' id='word_1_434' title='bbox 2569 1542 2673 1590; x_wconf 84' lang='lat' dir='ltr'><strong>vlt,</strong></span> <span class='ocrx_word' id='word_1_435' title='bbox 2697 1529 2786 1592; x_wconf 78' lang='lat'><strong>38,</strong></span> <span class='ocrx_word' id='word_1_436' title='bbox 2822 1527 2922 1595; x_wconf 65' lang='lat' dir='ltr'><strong>ﬂ;</strong></span> <span class='ocrx_word' id='word_1_437' title='bbox 2953 1527 3079 1581; x_wconf 81' lang='lat' dir='ltr'><strong>Cor.</strong></span> <span class='ocrx_word' id='word_1_438' title='bbox 3106 1528 3170 1589; x_wconf 86' lang='lat' dir='ltr'><strong>ll,</strong></span> <span class='ocrx_word' id='word_1_439' title='bbox 3198 1543 3282 1591; x_wconf 85' lang='grc' dir='ltr'>ιιι.</span> <span class='ocrx_word' id='word_1_440' title='bbox 3309 1529 3376 1593; x_wconf 85' lang='grc'><strong>7;</strong></span> <span class='ocrx_word' id='word_1_441' title='bbox 3411 1530 3549 1581; x_wconf 81' lang='lat' dir='ltr'><strong>Titii.</strong></span> <span class='ocrx_word' id='word_1_442' title='bbox 3581 1531 3618 1592; x_wconf 90' lang='lat' dir='ltr'><strong>l,</strong></span> <span class='ocrx_word' id='word_1_443' title='bbox 3651 1545 3708 1595; x_wconf 74' lang='grc' dir='ltr'>ν,</span> 
     </span>
    </p>
   </div>
   <div class='ocr_carea' id='block_1_59' title="bbox 2134 1620 3708 1696">
    <p class='ocr_par' dir='ltr' id='par_1_59' title="bbox 2134 1620 3708 1696">
     <span class='ocr_line' id='line_1_59' title="bbox 2134 1620 3708 1696; baseline -0.003 -17"><span class='ocrx_word' id='word_1_444' title='bbox 2134 1625 2245 1696; x_wconf 84' lang='lat' dir='ltr'><strong>l8),</strong></span> <span class='ocrx_word' id='word_1_445' title='bbox 2278 1625 2359 1678; x_wconf 77' lang='lat' dir='ltr'><strong>vel</strong></span> <span class='ocrx_word' id='word_1_446' title='bbox 2392 1623 2718 1693; x_wconf 82' lang='lat' dir='ltr'><strong>irequentius</strong></span> <span class='ocrx_word' id='word_1_447' title='bbox 2749 1620 2880 1693; x_wconf 60' lang='lat' dir='ltr'><strong>[toto</strong></span> <span class='ocrx_word' id='word_1_448' title='bbox 2911 1622 3164 1694; x_wconf 77' lang='lat' dir='ltr'><strong>gmlido</strong></span> <span class='ocrx_word' id='word_1_449' title='bbox 3187 1620 3320 1690; x_wconf 76' lang='lat' dir='ltr'><strong>(vid.</strong></span> <span class='ocrx_word' id='word_1_450' title='bbox 3350 1625 3509 1691; x_wconf 82' lang='lat' dir='ltr'><strong>gloss.</strong></span> <span class='ocrx_word' id='word_1_451' title='bbox 3537 1622 3708 1690; x_wconf 85' lang='lat' dir='ltr'><strong>It.v.),</strong></span> 
     </span>
    </p>
   </div>
   <div class='ocr_carea' id='block_1_60' title="bbox 2133 1714 3713 1785">
    <p class='ocr_par' dir='ltr' id='par_1_60' title="bbox 2133 1714 3713 1785">
     <span class='ocr_line' id='line_1_60' title="bbox 2133 1714 3713 1785; baseline -0.001 -16"><span class='ocrx_word' id='word_1_452' title='bbox 2133 1716 2468 1785; x_wconf 84' lang='lat' dir='ltr'><strong>participium</strong></span> <span class='ocrx_word' id='word_1_453' title='bbox 2496 1723 2650 1784; x_wconf 74' lang='lat' dir='ltr'><strong>prmi.</strong></span> <span class='ocrx_word' id='word_1_454' title='bbox 2672 1729 2701 1766; x_wconf 91' lang='lat' dir='ltr'><strong>a</strong></span> <span class='ocrx_word' id='word_1_455' title='bbox 2727 1716 2989 1783; x_wconf 72' lang='lat' dir='ltr'><strong>gametjan</strong></span> <span class='ocrx_word' id='word_1_456' title='bbox 3007 1755 3020 1777; x_wconf 93' lang='lat'><strong>,</strong></span> <span class='ocrx_word' id='word_1_457' title='bbox 3054 1714 3195 1784; x_wconf 81' lang='lat' dir='ltr'><strong>quod</strong></span> <span class='ocrx_word' id='word_1_458' title='bbox 3225 1715 3382 1768; x_wconf 81' lang='lat' dir='ltr'><strong>simul</strong></span> <span class='ocrx_word' id='word_1_459' title='bbox 3408 1726 3568 1784; x_wconf 83' lang='lat' dir='ltr'><strong>atque</strong></span> <span class='ocrx_word' id='word_1_460' title='bbox 3591 1717 3713 1770; x_wconf 56' lang='lat' dir='ltr'><strong>sim.</strong></span> 
     </span>
    </p>
   </div>
   <div class='ocr_carea' id='block_1_61' title="bbox 2136 1805 3712 1877">
    <p class='ocr_par' dir='ltr' id='par_1_61' title="bbox 2136 1805 3712 1877">
     <span class='ocr_line' id='line_1_61' title="bbox 2136 1805 3712 1877; baseline 0.001 -20"><span class='ocrx_word' id='word_1_461' title='bbox 2136 1808 2256 1876; x_wconf 71' lang='lat' dir='ltr'><strong>ple:</strong></span> <span class='ocrx_word' id='word_1_462' title='bbox 2298 1808 2488 1877; x_wconf 77' lang='lat' dir='ltr'><strong>mrljan</strong></span> <span class='ocrx_word' id='word_1_463' title='bbox 2536 1805 2772 1860; x_wconf 86' lang='lat' dir='ltr'><strong>scribere</strong></span> <span class='ocrx_word' id='word_1_464' title='bbox 2801 1805 3054 1877; x_wconf 65' lang='grc' dir='ltr'><strong>(γράφειν)</strong></span> <span class='ocrx_word' id='word_1_465' title='bbox 3096 1805 3392 1873; x_wconf 75' lang='lat' dir='ltr'><strong>signiﬁcat;</strong></span> <span class='ocrx_word' id='word_1_466' title='bbox 3441 1806 3581 1859; x_wconf 90' lang='lat' dir='ltr'><strong>unde</strong></span> <span class='ocrx_word' id='word_1_467' title='bbox 3630 1805 3712 1876; x_wconf 76' lang='lat' dir='ltr'><strong>af-</strong></span> 
     </span>
    </p>
   </div>
   <div class='ocr_carea' id='block_1_62' title="bbox 2133 1896 3711 1976">
    <p class='ocr_par' dir='ltr' id='par_1_62' title="bbox 2133 1896 3711 1976">
     <span class='ocr_line' id='line_1_62' title="bbox 2133 1896 3711 1976; baseline -0.001 -22"><span class='ocrx_word' id='word_1_468' title='bbox 2133 1901 2324 1972; x_wconf 72' lang='lat' dir='ltr'><strong>strljau</strong></span> <span class='ocrx_word' id='word_1_469' title='bbox 2349 1897 2704 1964; x_wconf 79' lang='lat' dir='ltr'><strong>subscribere,</strong></span> <span class='ocrx_word' id='word_1_470' title='bbox 2723 1897 3034 1969; x_wconf 69' lang='lat' dir='ltr'><strong>ufarmrljmt</strong></span> <span class='ocrx_word' id='word_1_471' title='bbox 3054 1896 3350 1951; x_wconf 84' lang='lat' dir='ltr'><strong>inscribere</strong></span> <span class='ocrx_word' id='word_1_472' title='bbox 3371 1900 3711 1976; x_wconf 69' lang='grc' dir='ltr'><strong>(ἐπιγράφειν,</strong></span> 
     </span>
    </p>
   </div>
   <div class='ocr_carea' id='block_1_63' title="bbox 2138 1989 3714 2061">
    <p class='ocr_par' dir='ltr' id='par_1_63' title="bbox 2138 1989 3714 2061">
     <span class='ocr_line' id='line_1_63' title="bbox 2138 1989 3714 2061; baseline 0.001 -17"><span class='ocrx_word' id='word_1_473' title='bbox 2138 1990 2246 2046; x_wconf 89' lang='lat' dir='ltr'><strong>vid.</strong></span> <span class='ocrx_word' id='word_1_474' title='bbox 2290 1991 2445 2061; x_wconf 81' lang='lat' dir='ltr'><strong>ibid.)</strong></span> <span class='ocrx_word' id='word_1_475' title='bbox 2487 2004 2608 2044; x_wconf 88' lang='lat' dir='ltr'><strong>cum</strong></span> <span class='ocrx_word' id='word_1_476' title='bbox 2651 1989 2889 2058; x_wconf 74' lang='lat' dir='ltr'><strong>ufnrmeli</strong></span> <span class='ocrx_word' id='word_1_477' title='bbox 2933 1989 3015 2044; x_wconf 81' lang='lat' dir='ltr'><strong>vel</strong></span> <span class='ocrx_word' id='word_1_478' title='bbox 3063 1990 3392 2060; x_wconf 73' lang='lat' dir='ltr'><strong>sfnrntcleins</strong></span> <span class='ocrx_word' id='word_1_479' title='bbox 3437 1991 3714 2061; x_wconf 78' lang='lat' dir='ltr'><strong>inscriptio</strong></span> 
     </span>
    </p>
   </div>
   <div class='ocr_carea' id='block_1_64' title="bbox 2135 2080 2767 2158">
    <p class='ocr_par' dir='ltr' id='par_1_64' title="bbox 2135 2080 2767 2158">
     <span class='ocr_line' id='line_1_64' title="bbox 2135 2080 2767 2158; baseline -0.009 -19"><span class='ocrx_word' id='word_1_480' title='bbox 2135 2083 2431 2158; x_wconf 71' lang='grc' dir='ltr'><strong>(επιγραφή,</strong></span> <span class='ocrx_word' id='word_1_481' title='bbox 2456 2081 2564 2137; x_wconf 79' lang='lat' dir='ltr'><strong>vid.</strong></span> <span class='ocrx_word' id='word_1_482' title='bbox 2589 2080 2767 2150; x_wconf 78' lang='lat' dir='ltr'><strong>ibid.).</strong></span> 
     </span>
    </p>
   </div>
   <div class='ocr_carea' id='block_1_65' title="bbox 2211 2172 3714 2244">
    <p class='ocr_par' dir='ltr' id='par_1_65' title="bbox 2211 2172 3714 2244">
     <span class='ocr_line' id='line_1_65' title="bbox 2211 2172 3714 2244; baseline -0.001 -16"><span class='ocrx_word' id='word_1_483' title='bbox 2211 2193 2228 2224; x_wconf 79' lang='grc' dir='ltr'><strong>ι</strong></span> <span class='ocrx_word' id='word_1_484' title='bbox 2246 2176 2318 2228; x_wconf 86' lang='lat' dir='ltr'><strong>De</strong></span> <span class='ocrx_word' id='word_1_485' title='bbox 2341 2175 2565 2227; x_wconf 85' lang='lat' dir='ltr'><strong>materia</strong></span> <span class='ocrx_word' id='word_1_486' title='bbox 2589 2185 2767 2228; x_wconf 88' lang='lat' dir='ltr'><strong>autem</strong></span> <span class='ocrx_word' id='word_1_487' title='bbox 2791 2174 2844 2228; x_wconf 92' lang='lat' dir='ltr'><strong>in</strong></span> <span class='ocrx_word' id='word_1_488' title='bbox 2867 2188 2969 2241; x_wconf 77' lang='lat' dir='ltr'><strong>qua</strong></span> <span class='ocrx_word' id='word_1_489' title='bbox 2993 2172 3330 2244; x_wconf 86' lang='lat' dir='ltr'><strong>scripserunt</strong></span> <span class='ocrx_word' id='word_1_490' title='bbox 3348 2175 3518 2243; x_wconf 83' lang='lat' dir='ltr'><strong>primo</strong></span> <span class='ocrx_word' id='word_1_491' title='bbox 3529 2173 3714 2239; x_wconf 84' lang='lat' dir='ltr'><strong>Gothi,</strong></span> 
     </span>
    </p>
   </div>
   <div class='ocr_carea' id='block_1_66' title="bbox 2136 2264 3716 2334">
    <p class='ocr_par' dir='ltr' id='par_1_66' title="bbox 2136 2264 3716 2334">
     <span class='ocr_line' id='line_1_66' title="bbox 2136 2264 3716 2334; baseline 0.003 -16"><span class='ocrx_word' id='word_1_492' title='bbox 2136 2265 2266 2319; x_wconf 89' lang='lat' dir='ltr'><strong>nihil</strong></span> <span class='ocrx_word' id='word_1_493' title='bbox 2303 2266 2436 2319; x_wconf 85' lang='lat' dir='ltr'><strong>certi</strong></span> <span class='ocrx_word' id='word_1_494' title='bbox 2480 2264 2758 2328; x_wconf 87' lang='lat' dir='ltr'><strong>novimus;</strong></span> <span class='ocrx_word' id='word_1_495' title='bbox 2790 2265 2934 2334; x_wconf 84' lang='lat' dir='ltr'><strong>quod</strong></span> <span class='ocrx_word' id='word_1_496' title='bbox 2981 2265 3128 2320; x_wconf 87' lang='lat' dir='ltr'><strong>enim</strong></span> <span class='ocrx_word' id='word_1_497' title='bbox 3173 2264 3432 2320; x_wconf 89' lang='lat' dir='ltr'><strong>arborum</strong></span> <span class='ocrx_word' id='word_1_498' title='bbox 3461 2267 3716 2322; x_wconf 84' lang='lat' dir='ltr'><strong>corticem</strong></span> 
     </span>
    </p>
   </div>
   <div class='ocr_carea' id='block_1_67' title="bbox 2135 2357 3716 2427">
    <p class='ocr_par' dir='ltr' id='par_1_67' title="bbox 2135 2357 3716 2427">
     <span class='ocr_line' id='line_1_67' title="bbox 2135 2357 3716 2427; baseline 0 -17"><span class='ocrx_word' id='word_1_499' title='bbox 2135 2358 2191 2410; x_wconf 88' lang='lat' dir='ltr'><strong>in</strong></span> <span class='ocrx_word' id='word_1_500' title='bbox 2239 2357 2383 2415; x_wconf 85' lang='lat' dir='ltr'><strong>hunc</strong></span> <span class='ocrx_word' id='word_1_501' title='bbox 2433 2370 2588 2412; x_wconf 84' lang='lat' dir='ltr'><strong>usum</strong></span> <span class='ocrx_word' id='word_1_502' title='bbox 2638 2357 3004 2411; x_wconf 74' lang='lat' dir='ltr'><strong>converti-rint</strong></span> <span class='ocrx_word' id='word_1_503' title='bbox 3033 2371 3336 2427; x_wconf 68' lang='lat' dir='ltr'><strong>nomenque</strong></span> <span class='ocrx_word' id='word_1_504' title='bbox 3373 2357 3498 2412; x_wconf 68' lang='lat' dir='ltr'><strong>bokn</strong></span> <span class='ocrx_word' id='word_1_505' title='bbox 3537 2359 3606 2412; x_wconf 85' lang='lat' dir='ltr'><strong>ab</strong></span> <span class='ocrx_word' id='word_1_506' title='bbox 3632 2374 3716 2412; x_wconf 78' lang='lat' dir='ltr'><strong>ar-</strong></span> 
     </span>
    </p>
   </div>
   <div class='ocr_carea' id='block_1_68' title="bbox 2138 2447 3719 2516">
    <p class='ocr_par' dir='ltr' id='par_1_68' title="bbox 2138 2447 3719 2516">
     <span class='ocr_line' id='line_1_68' title="bbox 2138 2447 3719 2516; baseline -0.001 -12"><span class='ocrx_word' id='word_1_507' title='bbox 2138 2448 2283 2504; x_wconf 87' lang='lat' dir='ltr'><strong>boris</strong></span> <span class='ocrx_word' id='word_1_508' title='bbox 2314 2448 2555 2511; x_wconf 89' lang='lat' dir='ltr'><strong>nomine,</strong></span> <span class='ocrx_word' id='word_1_509' title='bbox 2583 2447 3032 2516; x_wconf 83' lang='lat' dir='ltr'><strong>quemadmodum</strong></span> <span class='ocrx_word' id='word_1_510' title='bbox 3065 2449 3192 2502; x_wconf 78' lang='lat' dir='ltr'><strong>liber</strong></span> <span class='ocrx_word' id='word_1_511' title='bbox 3221 2449 3447 2504; x_wconf 87' lang='lat' dir='ltr'><strong>mutuati</strong></span> <span class='ocrx_word' id='word_1_512' title='bbox 3486 2449 3719 2516; x_wconf 77' lang='lat' dir='ltr'><strong>iuerint,</strong></span> 
     </span>
    </p>
   </div>
   <div class='ocr_carea' id='block_1_69' title="bbox 2137 2538 3720 2609">
    <p class='ocr_par' dir='ltr' id='par_1_69' title="bbox 2137 2538 3720 2609">
     <span class='ocr_line' id='line_1_69' title="bbox 2137 2538 3720 2609; baseline 0.001 -15"><span class='ocrx_word' id='word_1_513' title='bbox 2137 2554 2169 2594; x_wconf 91' lang='lat' dir='ltr'><strong>e</strong></span> <span class='ocrx_word' id='word_1_514' title='bbox 2209 2554 2357 2594; x_wconf 85' lang='lat' dir='ltr'><strong>mera</strong></span> <span class='ocrx_word' id='word_1_515' title='bbox 2411 2539 2720 2609; x_wconf 85' lang='lat' dir='ltr'><strong>conjectura</strong></span> <span class='ocrx_word' id='word_1_516' title='bbox 2758 2549 2991 2593; x_wconf 87' lang='lat' dir='ltr'><strong>constat.</strong></span> <span class='ocrx_word' id='word_1_517' title='bbox 3042 2538 3233 2595; x_wconf 74' lang='lat' dir='ltr'><strong>Postea</strong></span> <span class='ocrx_word' id='word_1_518' title='bbox 3283 2555 3414 2594; x_wconf 87' lang='lat' dir='ltr'><strong>vero</strong></span> <span class='ocrx_word' id='word_1_519' title='bbox 3462 2542 3720 2597; x_wconf 79' lang='lat' dir='ltr'><strong>societate</strong></span> 
     </span>
    </p>
   </div>
   <div class='ocr_carea' id='block_1_70' title="bbox 2137 2629 3720 2700">
    <p class='ocr_par' dir='ltr' id='par_1_70' title="bbox 2137 2629 3720 2700">
     <span class='ocr_line' id='line_1_70' title="bbox 2137 2629 3720 2700; baseline 0.003 -16"><span class='ocrx_word' id='word_1_520' title='bbox 2137 2645 2257 2684; x_wconf 84' lang='lat' dir='ltr'><strong>cum</strong></span> <span class='ocrx_word' id='word_1_521' title='bbox 2306 2629 2510 2685; x_wconf 61' lang='lat' dir='ltr'><strong>Graecis</strong></span> <span class='ocrx_word' id='word_1_522' title='bbox 2557 2629 2714 2695; x_wconf 87' lang='lat' dir='ltr'><strong>inita,</strong></span> <span class='ocrx_word' id='word_1_523' title='bbox 2766 2644 3144 2699; x_wconf 78' lang='lat' dir='ltr'><strong>pergamenunt</strong></span> <span class='ocrx_word' id='word_1_524' title='bbox 3195 2629 3587 2700; x_wconf 81' lang='lat' dir='ltr'><strong>adhibuerunt,</strong></span> <span class='ocrx_word' id='word_1_525' title='bbox 3637 2635 3720 2688; x_wconf 86' lang='lat' dir='ltr'><strong>vel</strong></span> 
     </span>
    </p>
   </div>
   <div class='ocr_carea' id='block_1_71' title="bbox 2137 2722 3720 2794">
    <p class='ocr_par' dir='ltr' id='par_1_71' title="bbox 2137 2722 3720 2794">
     <span class='ocr_line' id='line_1_71' title="bbox 2137 2722 3720 2794; baseline 0.003 -19"><span class='ocrx_word' id='word_1_526' title='bbox 2137 2723 2328 2775; x_wconf 80' lang='lat' dir='ltr'><strong>saltem</strong></span> <span class='ocrx_word' id='word_1_527' title='bbox 2376 2733 2474 2788; x_wconf 86' lang='lat' dir='ltr'><strong>pro</strong></span> <span class='ocrx_word' id='word_1_528' title='bbox 2501 2736 2568 2773; x_wconf 88' lang='lat' dir='ltr'><strong>eo</strong></span> <span class='ocrx_word' id='word_1_529' title='bbox 2609 2734 2801 2775; x_wconf 83' lang='lat' dir='ltr'><strong>nomen</strong></span> <span class='ocrx_word' id='word_1_530' title='bbox 2852 2722 3170 2776; x_wconf 82' lang='lat' dir='ltr'><strong>maimbraua</strong></span> <span class='ocrx_word' id='word_1_531' title='bbox 3215 2723 3375 2792; x_wconf 82' lang='lat' dir='ltr'><strong>(Tim.</strong></span> <span class='ocrx_word' id='word_1_532' title='bbox 3409 2725 3481 2789; x_wconf 92' lang='grc'><strong>11,</strong></span> <span class='ocrx_word' id='word_1_533' title='bbox 3527 2740 3596 2790; x_wconf 86' lang='lat' dir='ltr'><strong>tv,</strong></span> <span class='ocrx_word' id='word_1_534' title='bbox 3631 2725 3720 2794; x_wconf 72' lang='lat' dir='ltr'><strong>l3)</strong></span> 
     </span>
    </p>
   </div>
   <div class='ocr_carea' id='block_1_72' title="bbox 2139 2815 3720 2885">
    <p class='ocr_par' dir='ltr' id='par_1_72' title="bbox 2139 2815 3720 2885">
     <span class='ocr_line' id='line_1_72' title="bbox 2139 2815 3720 2885; baseline 0.003 -18"><span class='ocrx_word' id='word_1_535' title='bbox 2139 2824 2484 2882; x_wconf 70' lang='lat' dir='ltr'><strong>acceperunt,</strong></span> <span class='ocrx_word' id='word_1_536' title='bbox 2520 2829 2550 2868; x_wconf 93' lang='lat' dir='ltr'><strong>c</strong></span> <span class='ocrx_word' id='word_1_537' title='bbox 2577 2828 2753 2884; x_wconf 64' lang='grc' dir='ltr'><strong>εγωςο</strong></span> <span class='ocrx_word' id='word_1_538' title='bbox 2780 2815 3048 2885; x_wconf 69' lang='grc' dir='ltr'><strong>μεμϐράνα</strong></span> <span class='ocrx_word' id='word_1_539' title='bbox 3075 2815 3430 2884; x_wconf 79' lang='lat' dir='ltr'><strong>exscriptum.</strong></span> <span class='ocrx_word' id='word_1_540' title='bbox 3454 2816 3570 2871; x_wconf 74' lang='lat' dir='ltr'><strong>iam</strong></span> <span class='ocrx_word' id='word_1_541' title='bbox 3596 2833 3720 2872; x_wconf 79' lang='lat' dir='ltr'><strong>vera</strong></span> 
     </span>
    </p>
   </div>
   <div class='ocr_carea' id='block_1_73' title="bbox 2140 2905 3719 2975">
    <p class='ocr_par' dir='ltr' id='par_1_73' title="bbox 2140 2905 3719 2975">
     <span class='ocr_line' id='line_1_73' title="bbox 2140 2905 3719 2975; baseline 0.002 -18"><span class='ocrx_word' id='word_1_542' title='bbox 2140 2920 2327 2959; x_wconf 84' lang='lat' dir='ltr'><strong>omnes</strong></span> <span class='ocrx_word' id='word_1_543' title='bbox 2371 2905 2568 2975; x_wconf 85' lang='lat' dir='ltr'><strong>gothici</strong></span> <span class='ocrx_word' id='word_1_544' title='bbox 2618 2905 2962 2972; x_wconf 72' lang='lat' dir='ltr'><strong>manuscripti</strong></span> <span class='ocrx_word' id='word_1_545' title='bbox 2994 2906 3208 2960; x_wconf 83' lang='lat' dir='ltr'><strong>codices</strong></span> <span class='ocrx_word' id='word_1_546' title='bbox 3249 2908 3337 2974; x_wconf 88' lang='lat' dir='ltr'><strong>qui</strong></span> <span class='ocrx_word' id='word_1_547' title='bbox 3386 2909 3452 2960; x_wconf 85' lang='lat' dir='ltr'><strong>ad</strong></span> <span class='ocrx_word' id='word_1_548' title='bbox 3497 2923 3593 2960; x_wconf 74' lang='lat' dir='ltr'><strong>nas</strong></span> <span class='ocrx_word' id='word_1_549' title='bbox 3639 2925 3719 2961; x_wconf 76' lang='lat' dir='ltr'><strong>us-</strong></span> 
     </span>
    </p>
   </div>
   <div class='ocr_carea' id='block_1_74' title="bbox 2139 2997 3720 3068">
    <p class='ocr_par' dir='ltr' id='par_1_74' title="bbox 2139 2997 3720 3068">
     <span class='ocr_line' id='line_1_74' title="bbox 2139 2997 3720 3068; baseline 0.002 -19"><span class='ocrx_word' id='word_1_550' title='bbox 2139 3014 2243 3066; x_wconf 88' lang='lat' dir='ltr'><strong>que</strong></span> <span class='ocrx_word' id='word_1_551' title='bbox 2275 3006 2662 3067; x_wconf 85' lang='lat' dir='ltr'><strong>pervenerunt,</strong></span> <span class='ocrx_word' id='word_1_552' title='bbox 2696 2997 2746 3049; x_wconf 91' lang='lat' dir='ltr'><strong>in</strong></span> <span class='ocrx_word' id='word_1_553' title='bbox 2786 3010 3106 3065; x_wconf 83' lang='lat' dir='ltr'><strong>pergameno</strong></span> <span class='ocrx_word' id='word_1_554' title='bbox 3135 3007 3262 3051; x_wconf 89' lang='lat' dir='ltr'><strong>sunt</strong></span> <span class='ocrx_word' id='word_1_555' title='bbox 3292 3000 3613 3068; x_wconf 84' lang='lat' dir='ltr'><strong>conscripti;</strong></span> <span class='ocrx_word' id='word_1_556' title='bbox 3647 3002 3720 3054; x_wconf 68' lang='lat' dir='ltr'><strong>in.</strong></span> 
     </span>
    </p>
   </div>
   <div class='ocr_carea' id='block_1_75' title="bbox 2145 3086 3722 3160">
    <p class='ocr_par' dir='ltr' id='par_1_75' title="bbox 2145 3086 3722 3160">
     <span class='ocr_line' id='line_1_75' title="bbox 2145 3086 3722 3160; baseline 0.005 -22"><span class='ocrx_word' id='word_1_557' title='bbox 2145 3098 2226 3139; x_wconf 84' lang='lat' dir='ltr'><strong>ter</strong></span> <span class='ocrx_word' id='word_1_558' title='bbox 2272 3099 2406 3155; x_wconf 89' lang='lat' dir='ltr'><strong>quos</strong></span> <span class='ocrx_word' id='word_1_559' title='bbox 2451 3087 2653 3140; x_wconf 85' lang='lat' dir='ltr'><strong>eminet</strong></span> <span class='ocrx_word' id='word_1_560' title='bbox 2697 3086 2864 3139; x_wconf 81' lang='lat' dir='ltr'><strong>codex</strong></span> <span class='ocrx_word' id='word_1_561' title='bbox 2897 3101 3183 3156; x_wconf 86' lang='lat' dir='ltr'><strong>argenteus</strong></span> <span class='ocrx_word' id='word_1_562' title='bbox 3224 3089 3278 3142; x_wconf 92' lang='lat' dir='ltr'><strong>in</strong></span> <span class='ocrx_word' id='word_1_563' title='bbox 3327 3093 3490 3144; x_wconf 81' lang='lat' dir='ltr'><strong>rubro</strong></span> <span class='ocrx_word' id='word_1_564' title='bbox 3539 3105 3722 3160; x_wconf 65' lang='lat' dir='ltr'><strong>perga-</strong></span> 
     </span>
    </p>
   </div>
   <div class='ocr_carea' id='block_1_76' title="bbox 2140 3178 3722 3252">
    <p class='ocr_par' dir='ltr' id='par_1_76' title="bbox 2140 3178 3722 3252">
     <span class='ocr_line' id='line_1_76' title="bbox 2140 3178 3722 3252; baseline 0.003 -19"><span class='ocrx_word' id='word_1_565' title='bbox 2140 3193 2320 3247; x_wconf 85' lang='lat' dir='ltr'><strong>ineno,</strong></span> <span class='ocrx_word' id='word_1_566' title='bbox 2356 3178 2654 3244; x_wconf 79' lang='lat' dir='ltr'><strong>litterisque</strong></span> <span class='ocrx_word' id='word_1_567' title='bbox 2682 3179 2954 3252; x_wconf 65' lang='lat' dir='ltr'><strong>argenteis</strong></span> <span class='ocrx_word' id='word_1_568' title='bbox 2998 3188 3055 3232; x_wconf 92' lang='lat' dir='ltr'><strong>ct</strong></span> <span class='ocrx_word' id='word_1_569' title='bbox 3095 3182 3276 3234; x_wconf 79' lang='lat' dir='ltr'><strong>aureis</strong></span> <span class='ocrx_word' id='word_1_570' title='bbox 3305 3191 3576 3248; x_wconf 76' lang='lat' dir='ltr'><strong>exaratos,</strong></span> <span class='ocrx_word' id='word_1_571' title='bbox 3610 3185 3722 3238; x_wconf 89' lang='lat' dir='ltr'><strong>vid.</strong></span> 
     </span>
    </p>
   </div>
   <div class='ocr_carea' id='block_1_77' title="bbox 2141 3273 3730 3344">
    <p class='ocr_par' dir='ltr' id='par_1_77' title="bbox 2141 3273 3730 3344">
     <span class='ocr_line' id='line_1_77' title="bbox 2141 3273 3730 3344; baseline 0.002 -17"><span class='ocrx_word' id='word_1_572' title='bbox 2141 3274 2382 3343; x_wconf 71' lang='lat' dir='ltr'><strong>l’rolegg.</strong></span> <span class='ocrx_word' id='word_1_573' title='bbox 2419 3273 2504 3326; x_wconf 89' lang='lat' dir='ltr'><strong>col</strong></span> <span class='ocrx_word' id='word_1_574' title='bbox 2537 3273 2641 3326; x_wconf 67' lang='grc'><strong>489</strong></span> <span class='ocrx_word' id='word_1_575' title='bbox 2663 3289 2786 3341; x_wconf 80' lang='lat' dir='ltr'><strong>sq.;</strong></span> <span class='ocrx_word' id='word_1_576' title='bbox 2825 3274 2875 3327; x_wconf 91' lang='lat' dir='ltr'><strong>in</strong></span> <span class='ocrx_word' id='word_1_577' title='bbox 2910 3288 3109 3344; x_wconf 77' lang='lat' dir='ltr'><strong>papyro</strong></span> <span class='ocrx_word' id='word_1_578' title='bbox 3136 3276 3347 3344; x_wconf 86' lang='lat' dir='ltr'><strong>quidem</strong></span> <span class='ocrx_word' id='word_1_579' title='bbox 3378 3277 3730 3330; x_wconf 83' lang='lat' dir='ltr'><strong>conscribitur</strong></span> 
     </span>
    </p>
   </div>
   <div class='ocr_carea' id='block_1_78' title="bbox 2139 3363 3723 3434">
    <p class='ocr_par' dir='ltr' id='par_1_78' title="bbox 2139 3363 3723 3434">
     <span class='ocr_line' id='line_1_78' title="bbox 2139 3363 3723 3434; baseline 0.003 -17"><span class='ocrx_word' id='word_1_580' title='bbox 2139 3363 2520 3417; x_wconf 82' lang='lat' dir='ltr'><strong>documentum</strong></span> <span class='ocrx_word' id='word_1_581' title='bbox 2582 3367 3017 3429; x_wconf 87' lang='lat' dir='ltr'><strong>neapolitanum,</strong></span> <span class='ocrx_word' id='word_1_582' title='bbox 3086 3363 3181 3419; x_wconf 89' lang='lat' dir='ltr'><strong>sed</strong></span> <span class='ocrx_word' id='word_1_583' title='bbox 3243 3380 3346 3418; x_wconf 92' lang='lat' dir='ltr'><strong>non</strong></span> <span class='ocrx_word' id='word_1_584' title='bbox 3405 3381 3469 3420; x_wconf 80' lang='lat' dir='ltr'><strong>ex</strong></span> <span class='ocrx_word' id='word_1_585' title='bbox 3522 3366 3723 3434; x_wconf 80' lang='lat' dir='ltr'><strong>integre</strong></span> 
     </span>
    </p>
   </div>
   <div class='ocr_carea' id='block_1_79' title="bbox 2138 3452 3724 3520">
    <p class='ocr_par' dir='ltr' id='par_1_79' title="bbox 2138 3452 3724 3520">
     <span class='ocr_line' id='line_1_79' title="bbox 2138 3452 3724 3520; baseline 0.004 -14"><span class='ocrx_word' id='word_1_586' title='bbox 2138 3453 2408 3520; x_wconf 82' lang='lat' dir='ltr'><strong>gotlticum</strong></span> <span class='ocrx_word' id='word_1_587' title='bbox 2437 3461 2539 3507; x_wconf 86' lang='lat' dir='ltr'><strong>est.</strong></span> <span class='ocrx_word' id='word_1_588' title='bbox 2571 3452 2775 3508; x_wconf 75' lang='lat' dir='ltr'><strong>Mature</strong></span> <span class='ocrx_word' id='word_1_589' title='bbox 2822 3455 2875 3506; x_wconf 91' lang='lat' dir='ltr'><strong>in</strong></span> <span class='ocrx_word' id='word_1_590' title='bbox 2920 3456 3110 3509; x_wconf 86' lang='lat' dir='ltr'><strong>librum</strong></span> <span class='ocrx_word' id='word_1_591' title='bbox 3140 3455 3266 3508; x_wconf 76' lang='lat' dir='ltr'><strong>folia</strong></span> <span class='ocrx_word' id='word_1_592' title='bbox 3297 3457 3600 3510; x_wconf 73' lang='lat' dir='ltr'><strong>condonare</strong></span> <span class='ocrx_word' id='word_1_593' title='bbox 3634 3457 3724 3512; x_wconf 83' lang='lat' dir='ltr'><strong>de-</strong></span> 
     </span>
    </p>
   </div>
   <div class='ocr_carea' id='block_1_80' title="bbox 2142 3543 3730 3616">
    <p class='ocr_par' dir='ltr' id='par_1_80' title="bbox 2142 3543 3730 3616">
     <span class='ocr_line' id='line_1_80' title="bbox 2142 3543 3730 3616; baseline 0.004 -20"><span class='ocrx_word' id='word_1_594' title='bbox 2142 3543 2401 3606; x_wconf 86' lang='lat' dir='ltr'><strong>buerunt,</strong></span> <span class='ocrx_word' id='word_1_595' title='bbox 2428 3557 2550 3596; x_wconf 87' lang='lat' dir='ltr'><strong>cum</strong></span> <span class='ocrx_word' id='word_1_596' title='bbox 2577 3544 2686 3611; x_wconf 83' lang='lat' dir='ltr'><strong>jam</strong></span> <span class='ocrx_word' id='word_1_597' title='bbox 2718 3547 2773 3596; x_wconf 91' lang='lat' dir='ltr'><strong>in</strong></span> <span class='ocrx_word' id='word_1_598' title='bbox 2806 3544 3085 3599; x_wconf 85' lang='lat' dir='ltr'><strong>bibliorum</strong></span> <span class='ocrx_word' id='word_1_599' title='bbox 3111 3547 3357 3601; x_wconf 79' lang='lat' dir='ltr'><strong>versione</strong></span> <span class='ocrx_word' id='word_1_600' title='bbox 3383 3563 3502 3603; x_wconf 89' lang='lat' dir='ltr'><strong>voc.</strong></span> <span class='ocrx_word' id='word_1_601' title='bbox 3532 3549 3730 3616; x_wconf 80' lang='lat' dir='ltr'><strong>spildos</strong></span> 
     </span>
    </p>
   </div>
   <div class='ocr_carea' id='block_1_81' title="bbox 2140 3632 3727 3710">
    <p class='ocr_par' dir='ltr' id='par_1_81' title="bbox 2140 3632 3727 3710">
     <span class='ocr_line' id='line_1_81' title="bbox 2140 3632 3727 3710; baseline 0.008 -24"><span class='ocrx_word' id='word_1_602' title='bbox 2140 3632 2665 3702; x_wconf 68' lang='grc' dir='ltr'><strong>(πινακίδια,πλάκσς,</strong></span> <span class='ocrx_word' id='word_1_603' title='bbox 2690 3633 2799 3687; x_wconf 77' lang='lat' dir='ltr'><strong>Luc</strong></span> <span class='ocrx_word' id='word_1_604' title='bbox 2839 3650 2875 3698; x_wconf 82' lang='grc' dir='ltr'><strong>ι,</strong></span> <span class='ocrx_word' id='word_1_605' title='bbox 2901 3635 2999 3699; x_wconf 77' lang='lat'><strong>63;</strong></span> <span class='ocrx_word' id='word_1_606' title='bbox 3028 3634 3230 3702; x_wconf 68' lang='lat' dir='ltr'><strong>Conll,</strong></span> <span class='ocrx_word' id='word_1_607' title='bbox 3251 3654 3330 3705; x_wconf 84' lang='grc' dir='ltr'>ιιι,</span> <span class='ocrx_word' id='word_1_608' title='bbox 3351 3638 3429 3710; x_wconf 79' lang='lat'><strong>3),</strong></span> <span class='ocrx_word' id='word_1_609' title='bbox 3460 3650 3727 3698; x_wconf 74' lang='lat' dir='ltr'><strong>occurrat.</strong></span> 
     </span>
    </p>
   </div>
   <div class='ocr_carea' id='block_1_82' title="bbox 2220 3725 3727 3798">
    <p class='ocr_par' dir='ltr' id='par_1_82' title="bbox 2220 3725 3727 3798">
     <span class='ocr_line' id='line_1_82' title="bbox 2220 3725 3727 3798; baseline 0.007 -23"><span class='ocrx_word' id='word_1_610' title='bbox 2220 3745 2240 3775; x_wconf 70' lang='grc' dir='ltr'><strong>ε</strong></span> <span class='ocrx_word' id='word_1_611' title='bbox 2266 3725 2452 3791; x_wconf 77' lang='lat' dir='ltr'><strong>Quoad</strong></span> <span class='ocrx_word' id='word_1_612' title='bbox 2486 3739 2612 3780; x_wconf 90' lang='lat' dir='ltr'><strong>vero</strong></span> <span class='ocrx_word' id='word_1_613' title='bbox 2642 3726 3055 3783; x_wconf 85' lang='lat' dir='ltr'><strong>instrumentum</strong></span> <span class='ocrx_word' id='word_1_614' title='bbox 3087 3744 3193 3798; x_wconf 88' lang='lat' dir='ltr'><strong>quo</strong></span> <span class='ocrx_word' id='word_1_615' title='bbox 3224 3730 3276 3784; x_wconf 90' lang='lat' dir='ltr'><strong>in</strong></span> <span class='ocrx_word' id='word_1_616' title='bbox 3304 3731 3588 3787; x_wconf 86' lang='lat' dir='ltr'><strong>scribendo</strong></span> <span class='ocrx_word' id='word_1_617' title='bbox 3617 3744 3727 3786; x_wconf 83' lang='lat' dir='ltr'><strong>ute-</strong></span> 
     </span>
    </p>
   </div>
   <div class='ocr_carea' id='block_1_83' title="bbox 2145 3818 3727 3894">
    <p class='ocr_par' dir='ltr' id='par_1_83' title="bbox 2145 3818 3727 3894">
     <span class='ocr_line' id='line_1_83' title="bbox 2145 3818 3727 3894; baseline 0.005 -23"><span class='ocrx_word' id='word_1_618' title='bbox 2145 3822 2366 3881; x_wconf 73' lang='lat' dir='ltr'><strong>battlut&#39;,</strong></span> <span class='ocrx_word' id='word_1_619' title='bbox 2412 3831 2582 3885; x_wconf 86' lang='lat' dir='ltr'><strong>penna</strong></span> <span class='ocrx_word' id='word_1_620' title='bbox 2611 3825 2730 3871; x_wconf 87' lang='lat' dir='ltr'><strong>erat</strong></span> <span class='ocrx_word' id='word_1_621' title='bbox 2769 3818 2951 3887; x_wconf 79' lang='lat' dir='ltr'><strong>nigra,</strong></span> <span class='ocrx_word' id='word_1_622' title='bbox 2992 3820 3199 3875; x_wconf 73' lang='lat' dir='ltr'><strong>scartisl</strong></span> <span class='ocrx_word' id='word_1_623' title='bbox 3229 3823 3311 3877; x_wconf 79' lang='lat' dir='ltr'><strong>vel</strong></span> <span class='ocrx_word' id='word_1_624' title='bbox 3353 3824 3590 3876; x_wconf 72' lang='lat' dir='ltr'><strong>svartisla</strong></span> <span class='ocrx_word' id='word_1_625' title='bbox 3622 3826 3727 3894; x_wconf 62' lang='grc' dir='ltr'><strong>(με.</strong></span> 
     </span>
    </p>
   </div>
   <div class='ocr_carea' id='block_1_84' title="bbox 2144 3910 3727 3987">
    <p class='ocr_par' dir='ltr' id='par_1_84' title="bbox 2144 3910 3727 3987">
     <span class='ocr_line' id='line_1_84' title="bbox 2144 3910 3727 3987; baseline 0.003 -24"><span class='ocrx_word' id='word_1_626' title='bbox 2144 3913 2255 3974; x_wconf 74' lang='grc' dir='ltr'><strong>λαν,</strong></span> <span class='ocrx_word' id='word_1_627' title='bbox 2283 3912 2446 3980; x_wconf 78' lang='lat' dir='ltr'><strong>gloss.</strong></span> <span class='ocrx_word' id='word_1_628' title='bbox 2474 3910 2530 3964; x_wconf 88' lang='lat' dir='ltr'><strong>h.</strong></span> <span class='ocrx_word' id='word_1_629' title='bbox 2563 3911 2664 3977; x_wconf 62' lang='grc' dir='ltr'>ι),</span> <span class='ocrx_word' id='word_1_630' title='bbox 2695 3910 3056 3967; x_wconf 82' lang='lat' dir='ltr'><strong>verisiniilitcr</strong></span> <span class='ocrx_word' id='word_1_631' title='bbox 3080 3916 3340 3980; x_wconf 87' lang='lat' dir='ltr'><strong>calamus,</strong></span> <span class='ocrx_word' id='word_1_632' title='bbox 3379 3934 3521 3981; x_wconf 80' lang='lat' dir='ltr'><strong>mus,</strong></span> <span class='ocrx_word' id='word_1_633' title='bbox 3549 3933 3727 3987; x_wconf 81' lang='lat' dir='ltr'><strong>quein-</strong></span> 
     </span>
    </p>
   </div>
   <div class='ocr_carea' id='block_1_85' title="bbox 2145 4003 3728 4082">
    <p class='ocr_par' dir='ltr' id='par_1_85' title="bbox 2145 4003 3728 4082">
     <span class='ocr_line' id='line_1_85' title="bbox 2145 4003 3728 4082; baseline 0.006 -27"><span class='ocrx_word' id='word_1_634' title='bbox 2145 4006 2433 4059; x_wconf 83' lang='lat' dir='ltr'><strong>admodum</strong></span> <span class='ocrx_word' id='word_1_635' title='bbox 2478 4003 2598 4057; x_wconf 73' lang='lat' dir='ltr'><strong>alia:</strong></span> <span class='ocrx_word' id='word_1_636' title='bbox 2642 4005 2969 4059; x_wconf 81' lang='lat' dir='ltr'><strong>calamorum</strong></span> <span class='ocrx_word' id='word_1_637' title='bbox 3017 4010 3226 4076; x_wconf 57' lang='lat' dir='ltr'><strong>species</strong></span> <span class='ocrx_word' id='word_1_638' title='bbox 3278 4012 3586 4082; x_wconf 69' lang='grc' dir='ltr'><strong>(κάλαμος),</strong></span> <span class='ocrx_word' id='word_1_639' title='bbox 3620 4011 3728 4066; x_wconf 83' lang='lat' dir='ltr'><strong>vid.</strong></span> 
     </span>
    </p>
   </div>
   <div class='ocr_carea' id='block_1_86' title="bbox 2145 4097 3729 4169">
    <p class='ocr_par' dir='ltr' id='par_1_86' title="bbox 2145 4097 3729 4169">
     <span class='ocr_line' id='line_1_86' title="bbox 2145 4097 3729 4169; baseline 0.008 -23"><span class='ocrx_word' id='word_1_640' title='bbox 2145 4097 2309 4162; x_wconf 77' lang='lat' dir='ltr'><strong>gloss.</strong></span> <span class='ocrx_word' id='word_1_641' title='bbox 2357 4097 2409 4147; x_wconf 89' lang='lat' dir='ltr'><strong>h.</strong></span> <span class='ocrx_word' id='word_1_642' title='bbox 2455 4111 2542 4160; x_wconf 85' lang='lat' dir='ltr'><strong>v.,</strong></span> <span class='ocrx_word' id='word_1_643' title='bbox 2589 4104 2873 4163; x_wconf 87' lang='lat' dir='ltr'><strong>utrumque</strong></span> <span class='ocrx_word' id='word_1_644' title='bbox 2911 4099 3138 4164; x_wconf 76' lang='lat' dir='ltr'><strong>gothica:</strong></span> <span class='ocrx_word' id='word_1_645' title='bbox 3168 4101 3364 4169; x_wconf 65' lang='lat' dir='ltr'><strong>linguae</strong></span> <span class='ocrx_word' id='word_1_646' title='bbox 3393 4104 3729 4158; x_wconf 85' lang='lat' dir='ltr'><strong>vocabulum.</strong></span> 
     </span>
    </p>
   </div>
   <div class='ocr_carea' id='block_1_87' title="bbox 2147 4185 3728 4260">
    <p class='ocr_par' dir='ltr' id='par_1_87' title="bbox 2147 4185 3728 4260">
     <span class='ocr_line' id='line_1_87' title="bbox 2147 4185 3728 4260; baseline 0.006 -22"><span class='ocrx_word' id='word_1_647' title='bbox 2147 4185 2350 4254; x_wconf 65' lang='lat' dir='ltr'><strong>Legum</strong></span> <span class='ocrx_word' id='word_1_648' title='bbox 2395 4196 2449 4238; x_wconf 75' lang='lat' dir='ltr'><strong>ct</strong></span> <span class='ocrx_word' id='word_1_649' title='bbox 2497 4187 2744 4251; x_wconf 82' lang='lat' dir='ltr'><strong>recitare,</strong></span> <span class='ocrx_word' id='word_1_650' title='bbox 2791 4186 3003 4255; x_wconf 75' lang='lat' dir='ltr'><strong>siggrnn</strong></span> <span class='ocrx_word' id='word_1_651' title='bbox 3030 4197 3086 4242; x_wconf 90' lang='lat' dir='ltr'><strong>et</strong></span> <span class='ocrx_word' id='word_1_652' title='bbox 3131 4191 3433 4260; x_wconf 81' lang='lat' dir='ltr'><strong>tissigguan,</strong></span> <span class='ocrx_word' id='word_1_653' title='bbox 3467 4193 3607 4247; x_wconf 68' lang='lat' dir='ltr'><strong>idem</strong></span> <span class='ocrx_word' id='word_1_654' title='bbox 3650 4204 3728 4251; x_wconf 80' lang='lat' dir='ltr'><strong>est</strong></span> 
     </span>
    </p>
   </div>
   <div class='ocr_carea' id='block_1_88' title="bbox 2150 4279 3727 4355">
    <p class='ocr_par' dir='ltr' id='par_1_88' title="bbox 2150 4279 3727 4355">
     <span class='ocr_line' id='line_1_88' title="bbox 2150 4279 3727 4355; baseline 0.005 -24"><span class='ocrx_word' id='word_1_655' title='bbox 2150 4280 2496 4342; x_wconf 74' lang='lat' dir='ltr'><strong>vocabulum,</strong></span> <span class='ocrx_word' id='word_1_656' title='bbox 2543 4279 2847 4333; x_wconf 86' lang='lat' dir='ltr'><strong>cantionem</strong></span> <span class='ocrx_word' id='word_1_657' title='bbox 2881 4282 2966 4333; x_wconf 88' lang='lat' dir='ltr'><strong>vel</strong></span> <span class='ocrx_word' id='word_1_658' title='bbox 3013 4280 3460 4339; x_wconf 85' lang='lat' dir='ltr'><strong>declamationem</strong></span> <span class='ocrx_word' id='word_1_659' title='bbox 3513 4287 3727 4355; x_wconf 75' lang='lat' dir='ltr'><strong>popula-</strong></span> 
     </span>
    </p>
   </div>
   <div class='ocr_carea' id='block_1_89' title="bbox 2149 4373 3728 4450">
    <p class='ocr_par' dir='ltr' id='par_1_89' title="bbox 2149 4373 3728 4450">
     <span class='ocr_line' id='line_1_89' title="bbox 2149 4373 3728 4450; baseline 0.006 -24"><span class='ocrx_word' id='word_1_660' title='bbox 2149 4376 2285 4426; x_wconf 92' lang='lat' dir='ltr'><strong>rium</strong></span> <span class='ocrx_word' id='word_1_661' title='bbox 2335 4374 2724 4427; x_wconf 86' lang='lat' dir='ltr'><strong>cantilenarum</strong></span> <span class='ocrx_word' id='word_1_662' title='bbox 2783 4373 3128 4442; x_wconf 75' lang='lat' dir='ltr'><strong>significans;</strong></span> <span class='ocrx_word' id='word_1_663' title='bbox 3200 4376 3343 4433; x_wconf 89' lang='lat' dir='ltr'><strong>unde</strong></span> <span class='ocrx_word' id='word_1_664' title='bbox 3383 4378 3542 4436; x_wconf 86' lang='lat' dir='ltr'><strong>lectio</strong></span> <span class='ocrx_word' id='word_1_665' title='bbox 3592 4381 3728 4450; x_wconf 80' lang='grc' dir='ltr'><strong>(ἀνά-</strong></span> 
     </span>
    </p>
   </div>
   <div class='ocr_carea' id='block_1_90' title="bbox 2150 4465 3376 4538">
    <p class='ocr_par' dir='ltr' id='par_1_90' title="bbox 2150 4465 3376 4538">
     <span class='ocr_line' id='line_1_90' title="bbox 2150 4465 3376 4538; baseline 0.002 -17"><span class='ocrx_word' id='word_1_666' title='bbox 2150 4489 2334 4538; x_wconf 75' lang='grc' dir='ltr'><strong>γνωσις</strong></span> <span class='ocrx_word' id='word_1_667' title='bbox 2366 4466 2507 4520; x_wconf 83' lang='lat' dir='ltr'><strong>Tim.</strong></span> <span class='ocrx_word' id='word_1_668' title='bbox 2536 4466 2578 4529; x_wconf 92' lang='grc'>1,</span> <span class='ocrx_word' id='word_1_669' title='bbox 2602 4480 2680 4530; x_wconf 81' lang='lat' dir='ltr'><strong>tv,</strong></span> <span class='ocrx_word' id='word_1_670' title='bbox 2709 4465 2799 4530; x_wconf 73' lang='grc'><strong>15)</strong></span> <span class='ocrx_word' id='word_1_671' title='bbox 2823 4480 3006 4535; x_wconf 80' lang='lat' dir='ltr'><strong>soggvs</strong></span> <span class='ocrx_word' id='word_1_672' title='bbox 3034 4467 3376 4537; x_wconf 60' lang='lat' dir='ltr'><strong>exponitur.»</strong></span> 
     </span>
    </p>
   </div>
   <div class='ocr_carea' id='block_1_91' title="bbox 1639 4957 2579 5034">
    <p class='ocr_par' dir='ltr' id='par_1_91' title="bbox 1639 4957 2579 5034">
     <span class='ocr_line' id='line_1_91' title="bbox 1639 4957 2579 5034; baseline -0.001 -3"><span class='ocrx_word' id='word_1_673' title='bbox 1639 4961 1776 5034; x_wconf 85' lang='lat' dir='ltr'><strong>DE</strong></span> <span class='ocrx_word' id='word_1_674' title='bbox 1854 4959 2206 5031; x_wconf 78' lang='lat' dir='ltr'><strong>PBOLA</strong></span> <span class='ocrx_word' id='word_1_675' title='bbox 2219 4958 2474 5030; x_wconf 82' lang='grc' dir='ltr'><strong>ΤΙΟΝ</strong></span> <span class='ocrx_word' id='word_1_676' title='bbox 2485 4957 2579 5030; x_wconf 83' lang='grc' dir='ltr'><strong>Ε.</strong></span> 
     </span>
    </p>
   </div>
   <div class='ocr_carea' id='block_1_92' title="bbox 545 5133 2048 5215">
    <p class='ocr_par' dir='ltr' id='par_1_92' title="bbox 545 5133 2048 5215">
     <span class='ocr_line' id='line_1_92' title="bbox 545 5133 2048 5215; baseline -0.009 -16"><span class='ocrx_word' id='word_1_677' title='bbox 545 5145 572 5215; x_wconf 66' lang='grc' dir='ltr'><strong>ς</strong></span> <span class='ocrx_word' id='word_1_678' title='bbox 608 5143 693 5198; x_wconf 84' lang='grc'><strong>19.</strong></span> <span class='ocrx_word' id='word_1_679' title='bbox 717 5139 772 5195; x_wconf 88' lang='lat' dir='ltr'><strong>Si</strong></span> <span class='ocrx_word' id='word_1_680' title='bbox 796 5139 1009 5209; x_wconf 82' lang='lat' dir='ltr'><strong>quidem</strong></span> <span class='ocrx_word' id='word_1_681' title='bbox 1038 5150 1171 5206; x_wconf 84' lang='lat' dir='ltr'><strong>pene</strong></span> <span class='ocrx_word' id='word_1_682' title='bbox 1193 5144 1275 5191; x_wconf 88' lang='lat' dir='ltr'><strong>est</strong></span> <span class='ocrx_word' id='word_1_683' title='bbox 1302 5134 1630 5204; x_wconf 82' lang='lat' dir='ltr'><strong>impossibile</strong></span> <span class='ocrx_word' id='word_1_684' title='bbox 1657 5135 1814 5202; x_wconf 80' lang='lat' dir='ltr'><strong>plena</strong></span> <span class='ocrx_word' id='word_1_685' title='bbox 1844 5133 2048 5188; x_wconf 83' lang='lat' dir='ltr'><strong>securi-</strong></span> 
     </span>
    </p>
   </div>
   <div class='ocr_carea' id='block_1_93' title="bbox 475 5228 2045 5298">
    <p class='ocr_par' dir='ltr' id='par_1_93' title="bbox 475 5228 2045 5298">
     <span class='ocr_line' id='line_1_93' title="bbox 475 5228 2045 5298; baseline -0.01 -1"><span class='ocrx_word' id='word_1_686' title='bbox 475 5251 580 5297; x_wconf 80' lang='lat' dir='ltr'><strong>tate</strong></span> <span class='ocrx_word' id='word_1_687' title='bbox 629 5234 890 5293; x_wconf 85' lang='lat' dir='ltr'><strong>sermonis</strong></span> <span class='ocrx_word' id='word_1_688' title='bbox 935 5233 1152 5288; x_wconf 77' lang='lat' dir='ltr'><strong>extincti</strong></span> <span class='ocrx_word' id='word_1_689' title='bbox 1202 5230 1554 5298; x_wconf 87' lang='lat' dir='ltr'><strong>prolationem</strong></span> <span class='ocrx_word' id='word_1_690' title='bbox 1592 5228 1850 5294; x_wconf 84' lang='lat' dir='ltr'><strong>delinire,</strong></span> <span class='ocrx_word' id='word_1_691' title='bbox 1900 5237 2045 5281; x_wconf 85' lang='lat' dir='ltr'><strong>certa</strong></span> 
     </span>
    </p>
   </div>
   <div class='ocr_carea' id='block_1_94' title="bbox 476 5319 2048 5391">
    <p class='ocr_par' dir='ltr' id='par_1_94' title="bbox 476 5319 2048 5391">
     <span class='ocr_line' id='line_1_94' title="bbox 476 5319 2048 5391; baseline -0.011 -2"><span class='ocrx_word' id='word_1_692' title='bbox 476 5347 648 5389; x_wconf 85' lang='lat' dir='ltr'><strong>tamen</strong></span> <span class='ocrx_word' id='word_1_693' title='bbox 681 5334 958 5384; x_wconf 84' lang='lat' dir='ltr'><strong>remanent</strong></span> <span class='ocrx_word' id='word_1_694' title='bbox 985 5325 1197 5385; x_wconf 82' lang='lat' dir='ltr'><strong>indicia,</strong></span> <span class='ocrx_word' id='word_1_695' title='bbox 1223 5321 1413 5390; x_wconf 84' lang='lat' dir='ltr'><strong>quibus</strong></span> <span class='ocrx_word' id='word_1_696' title='bbox 1441 5322 1694 5391; x_wconf 83' lang='lat' dir='ltr'><strong>pensatis,</strong></span> <span class='ocrx_word' id='word_1_697' title='bbox 1727 5320 1789 5373; x_wconf 88' lang='lat' dir='ltr'><strong>ad</strong></span> <span class='ocrx_word' id='word_1_698' title='bbox 1836 5319 2048 5389; x_wconf 73' lang='lat' dir='ltr'><strong>fugacis</strong></span> 
     </span>
    </p>
   </div>
   <div class='ocr_carea' id='block_1_95' title="bbox 478 5413 2047 5488">
    <p class='ocr_par' dir='ltr' id='par_1_95' title="bbox 478 5413 2047 5488">
     <span class='ocr_line' id='line_1_95' title="bbox 478 5413 2047 5488; baseline -0.011 -7"><span class='ocrx_word' id='word_1_699' title='bbox 478 5440 635 5482; x_wconf 91' lang='lat' dir='ltr'><strong>sonos</strong></span> <span class='ocrx_word' id='word_1_700' title='bbox 667 5421 944 5488; x_wconf 71' lang='lat' dir='ltr'><strong>scriptura:</strong></span> <span class='ocrx_word' id='word_1_701' title='bbox 968 5418 1133 5485; x_wconf 82' lang='lat' dir='ltr'><strong>signis</strong></span> <span class='ocrx_word' id='word_1_702' title='bbox 1162 5415 1586 5468; x_wconf 82' lang='lat' dir='ltr'><strong>circumvestitos</strong></span> <span class='ocrx_word' id='word_1_703' title='bbox 1616 5413 1892 5483; x_wconf 81' lang='lat' dir='ltr'><strong>pervenire</strong></span> <span class='ocrx_word' id='word_1_704' title='bbox 1926 5427 2047 5482; x_wconf 79' lang='lat' dir='ltr'><strong>pos-</strong></span> 
     </span>
    </p>
   </div>
   <div class='ocr_carea' id='block_1_96' title="bbox 477 5503 2045 5576">
    <p class='ocr_par' dir='ltr' id='par_1_96' title="bbox 477 5503 2045 5576">
     <span class='ocr_line' id='line_1_96' title="bbox 477 5503 2045 5576; baseline -0.012 -3"><span class='ocrx_word' id='word_1_705' title='bbox 477 5529 682 5573; x_wconf 82' lang='lat' dir='ltr'><strong>sumus.</strong></span> <span class='ocrx_word' id='word_1_706' title='bbox 723 5513 839 5567; x_wconf 82' lang='lat' dir='ltr'><strong>Jant</strong></span> <span class='ocrx_word' id='word_1_707' title='bbox 864 5524 990 5565; x_wconf 86' lang='lat' dir='ltr'><strong>vero</strong></span> <span class='ocrx_word' id='word_1_708' title='bbox 1017 5523 1134 5576; x_wconf 73' lang='lat' dir='ltr'><strong>qua:</strong></span> <span class='ocrx_word' id='word_1_709' title='bbox 1163 5506 1355 5561; x_wconf 82' lang='lat' dir='ltr'><strong>indicia</strong></span> <span class='ocrx_word' id='word_1_710' title='bbox 1385 5506 1628 5574; x_wconf 82' lang='lat' dir='ltr'><strong>gotliicus</strong></span> <span class='ocrx_word' id='word_1_711' title='bbox 1656 5520 1834 5559; x_wconf 88' lang='lat' dir='ltr'><strong>sermo</strong></span> <span class='ocrx_word' id='word_1_712' title='bbox 1866 5503 2045 5574; x_wconf 78' lang='lat' dir='ltr'><strong>singu-</strong></span> 
     </span>
    </p>
   </div>
   <div class='ocr_carea' id='block_1_97' title="bbox 478 5597 2045 5677">
    <p class='ocr_par' dir='ltr' id='par_1_97' title="bbox 478 5597 2045 5677">
     <span class='ocr_line' id='line_1_97' title="bbox 478 5597 2045 5677; baseline -0.009 -11"><span class='ocrx_word' id='word_1_713' title='bbox 478 5612 658 5666; x_wconf 87' lang='lat' dir='ltr'><strong>lariter</strong></span> <span class='ocrx_word' id='word_1_714' title='bbox 685 5622 793 5677; x_wconf 67' lang='lat' dir='ltr'><strong>pra:</strong></span> <span class='ocrx_word' id='word_1_715' title='bbox 817 5621 874 5660; x_wconf 88' lang='lat' dir='ltr'><strong>se</strong></span> <span class='ocrx_word' id='word_1_716' title='bbox 897 5604 1019 5662; x_wconf 77' lang='lat' dir='ltr'><strong>fert.</strong></span> <span class='ocrx_word' id='word_1_717' title='bbox 1052 5602 1116 5656; x_wconf 88' lang='lat' dir='ltr'><strong>ad</strong></span> <span class='ocrx_word' id='word_1_718' title='bbox 1144 5600 1417 5669; x_wconf 83' lang='lat' dir='ltr'><strong>sequentia</strong></span> <span class='ocrx_word' id='word_1_719' title='bbox 1449 5598 1752 5654; x_wconf 77' lang='lat' dir='ltr'><strong>referuntur</strong></span> <span class='ocrx_word' id='word_1_720' title='bbox 1778 5615 1789 5650; x_wconf 93' lang='lat'><strong>:</strong></span> <span class='ocrx_word' id='word_1_721' title='bbox 1829 5597 1877 5668; x_wconf 90' lang='grc'><strong>1)</strong></span> <span class='ocrx_word' id='word_1_722' title='bbox 1906 5597 2045 5652; x_wconf 66' lang='lat' dir='ltr'><strong>litte-</strong></span> 
     </span>
    </p>
   </div>
   <div class='ocr_carea' id='block_1_98' title="bbox 480 5687 2046 5762">
    <p class='ocr_par' dir='ltr' id='par_1_98' title="bbox 480 5687 2046 5762">
     <span class='ocr_line' id='line_1_98' title="bbox 480 5687 2046 5762; baseline -0.01 -6"><span class='ocrx_word' id='word_1_723' title='bbox 480 5716 653 5756; x_wconf 77' lang='lat' dir='ltr'><strong>rarum</strong></span> <span class='ocrx_word' id='word_1_724' title='bbox 699 5697 965 5758; x_wconf 86' lang='lat' dir='ltr'><strong>habitum,</strong></span> <span class='ocrx_word' id='word_1_725' title='bbox 1010 5701 1163 5762; x_wconf 88' lang='lat' dir='ltr'><strong>prout</strong></span> <span class='ocrx_word' id='word_1_726' title='bbox 1208 5705 1240 5744; x_wconf 87' lang='lat' dir='ltr'><strong>e</strong></span> <span class='ocrx_word' id='word_1_727' title='bbox 1288 5689 1465 5758; x_wconf 84' lang='lat' dir='ltr'><strong>lingua</strong></span> <span class='ocrx_word' id='word_1_728' title='bbox 1516 5687 1668 5742; x_wconf 90' lang='lat' dir='ltr'><strong>nobis</strong></span> <span class='ocrx_word' id='word_1_729' title='bbox 1717 5702 1818 5742; x_wconf 91' lang='lat' dir='ltr'><strong>non</strong></span> <span class='ocrx_word' id='word_1_730' title='bbox 1872 5689 2046 5756; x_wconf 82' lang='lat' dir='ltr'><strong>ignOta</strong></span> 
     </span>
    </p>
   </div>
   <div class='ocr_carea' id='block_1_99' title="bbox 482 5781 2050 5855">
    <p class='ocr_par' dir='ltr' id='par_1_99' title="bbox 482 5781 2050 5855">
     <span class='ocr_line' id='line_1_99' title="bbox 482 5781 2050 5855; baseline -0.007 -9"><span class='ocrx_word' id='word_1_731' title='bbox 482 5805 653 5847; x_wconf 86' lang='lat' dir='ltr'><strong>ortum</strong></span> <span class='ocrx_word' id='word_1_732' title='bbox 685 5791 914 5852; x_wconf 86' lang='lat' dir='ltr'><strong>ducant;</strong></span> <span class='ocrx_word' id='word_1_733' title='bbox 944 5784 1001 5855; x_wconf 73' lang='grc'><strong>2)</strong></span> <span class='ocrx_word' id='word_1_734' title='bbox 1032 5783 1370 5852; x_wconf 79' lang='lat' dir='ltr'><strong>scriptionem</strong></span> <span class='ocrx_word' id='word_1_735' title='bbox 1405 5781 1783 5836; x_wconf 80' lang='lat' dir='ltr'><strong>vocabulorum</strong></span> <span class='ocrx_word' id='word_1_736' title='bbox 1813 5781 2050 5850; x_wconf 84' lang='lat' dir='ltr'><strong>peregri-</strong></span> 
     </span>
    </p>
   </div>
   <div class='ocr_carea' id='block_1_100' title="bbox 484 5873 2047 5950">
    <p class='ocr_par' dir='ltr' id='par_1_100' title="bbox 484 5873 2047 5950">
     <span class='ocr_line' id='line_1_100' title="bbox 484 5873 2047 5950; baseline -0.01 -7"><span class='ocrx_word' id='word_1_737' title='bbox 484 5902 669 5944; x_wconf 84' lang='lat' dir='ltr'><strong>norum</strong></span> <span class='ocrx_word' id='word_1_738' title='bbox 704 5894 756 5940; x_wconf 75' lang='lat' dir='ltr'><strong>et</strong></span> <span class='ocrx_word' id='word_1_739' title='bbox 798 5883 1068 5940; x_wconf 87' lang='lat' dir='ltr'><strong>nominum</strong></span> <span class='ocrx_word' id='word_1_740' title='bbox 1101 5877 1461 5950; x_wconf 83' lang='lat' dir='ltr'><strong>propriorum;</strong></span> <span class='ocrx_word' id='word_1_741' title='bbox 1498 5873 1555 5943; x_wconf 74' lang='grc' dir='ltr'><strong>ὅ)</strong></span> <span class='ocrx_word' id='word_1_742' title='bbox 1585 5874 1788 5930; x_wconf 85' lang='lat' dir='ltr'><strong>litteras</strong></span> <span class='ocrx_word' id='word_1_743' title='bbox 1820 5873 1956 5928; x_wconf 87' lang='lat' dir='ltr'><strong>inter</strong></span> <span class='ocrx_word' id='word_1_744' title='bbox 1987 5887 2047 5928; x_wconf 91' lang='lat' dir='ltr'><strong>se</strong></span> 
     </span>
    </p>
   </div>
   <div class='ocr_carea' id='block_1_101' title="bbox 2151 5131 3736 5207">
    <p class='ocr_par' dir='ltr' id='par_1_101' title="bbox 2151 5131 3736 5207">
     <span class='ocr_line' id='line_1_101' title="bbox 2151 5131 3736 5207; baseline 0.004 -17"><span class='ocrx_word' id='word_1_745' title='bbox 2151 5144 2523 5200; x_wconf 87' lang='lat' dir='ltr'><strong>commntatas,</strong></span> <span class='ocrx_word' id='word_1_746' title='bbox 2539 5132 2652 5188; x_wconf 85' lang='lat' dir='ltr'><strong>sive</strong></span> <span class='ocrx_word' id='word_1_747' title='bbox 2670 5132 2772 5187; x_wconf 84' lang='lat' dir='ltr'><strong>hoc</strong></span> <span class='ocrx_word' id='word_1_748' title='bbox 2785 5131 2873 5188; x_wconf 88' lang='lat' dir='ltr'><strong>llat</strong></span> <span class='ocrx_word' id='word_1_749' title='bbox 2888 5149 2952 5188; x_wconf 80' lang='lat' dir='ltr'><strong>ex</strong></span> <span class='ocrx_word' id='word_1_750' title='bbox 2966 5135 3169 5207; x_wconf 76' lang='lat' dir='ltr'><strong>regula,</strong></span> <span class='ocrx_word' id='word_1_751' title='bbox 3191 5135 3303 5190; x_wconf 89' lang='lat' dir='ltr'><strong>sive</strong></span> <span class='ocrx_word' id='word_1_752' title='bbox 3315 5151 3381 5191; x_wconf 78' lang='lat' dir='ltr'><strong>ex</strong></span> <span class='ocrx_word' id='word_1_753' title='bbox 3395 5137 3736 5196; x_wconf 87' lang='lat' dir='ltr'><strong>librariorum</strong></span> 
     </span>
    </p>
   </div>
   <div class='ocr_carea' id='block_1_102' title="bbox 2152 5220 3735 5295">
    <p class='ocr_par' dir='ltr' id='par_1_102' title="bbox 2152 5220 3735 5295">
     <span class='ocr_line' id='line_1_102' title="bbox 2152 5220 3735 5295; baseline 0.003 -15"><span class='ocrx_word' id='word_1_754' title='bbox 2152 5226 2345 5280; x_wconf 86' lang='lat' dir='ltr'><strong>menda</strong></span> <span class='ocrx_word' id='word_1_755' title='bbox 2362 5241 2375 5288; x_wconf 88' lang='lat'><strong>;</strong></span> <span class='ocrx_word' id='word_1_756' title='bbox 2395 5225 2623 5292; x_wconf 86' lang='lat' dir='ltr'><strong>denique</strong></span> <span class='ocrx_word' id='word_1_757' title='bbox 2642 5220 3007 5293; x_wconf 52' lang='lat' dir='ltr'><strong>“analogiam</strong></span> <span class='ocrx_word' id='word_1_758' title='bbox 3031 5237 3376 5295; x_wconf 76' lang='lat' dir='ltr'><strong>cognatorum</strong></span> <span class='ocrx_word' id='word_1_759' title='bbox 3402 5245 3477 5284; x_wconf 63' lang='lat' dir='ltr'><strong>se&#39;</strong></span> <span class='ocrx_word' id='word_1_760' title='bbox 3494 5247 3735 5286; x_wconf 89' lang='lat' dir='ltr'><strong>monum.</strong></span> 
     </span>
    </p>
   </div>
   <div class='ocr_carea' id='block_1_103' title="bbox 2225 5313 3736 5387">
    <p class='ocr_par' dir='ltr' id='par_1_103' title="bbox 2225 5313 3736 5387">
     <span class='ocr_line' id='line_1_103' title="bbox 2225 5313 3736 5387; baseline 0.003 -16"><span class='ocrx_word' id='word_1_761' title='bbox 2225 5317 2371 5371; x_wconf 86' lang='lat' dir='ltr'><strong>Licet</strong></span> <span class='ocrx_word' id='word_1_762' title='bbox 2397 5329 2572 5370; x_wconf 72' lang='lat' dir='ltr'><strong>autem</strong></span> <span class='ocrx_word' id='word_1_763' title='bbox 2603 5313 2735 5368; x_wconf 78' lang='lat' dir='ltr'><strong>infra</strong></span> <span class='ocrx_word' id='word_1_764' title='bbox 2756 5355 2770 5378; x_wconf 88' lang='lat'><strong>,</strong></span> <span class='ocrx_word' id='word_1_765' title='bbox 2797 5315 3174 5371; x_wconf 61' lang='lat' dir='ltr'><strong>auxiliantibus</strong></span> <span class='ocrx_word' id='word_1_766' title='bbox 3202 5317 3284 5373; x_wconf 83' lang='lat' dir='ltr'><strong>his</strong></span> <span class='ocrx_word' id='word_1_767' title='bbox 3313 5320 3543 5387; x_wconf 88' lang='lat' dir='ltr'><strong>indiciis,</strong></span> <span class='ocrx_word' id='word_1_768' title='bbox 3574 5336 3736 5377; x_wconf 85' lang='lat' dir='ltr'><strong>sonos</strong></span> 
     </span>
    </p>
   </div>
   <div class='ocr_carea' id='block_1_104' title="bbox 2158 5407 3736 5479">
    <p class='ocr_par' dir='ltr' id='par_1_104' title="bbox 2158 5407 3736 5479">
     <span class='ocr_line' id='line_1_104' title="bbox 2158 5407 3736 5479; baseline 0.003 -16"><span class='ocrx_word' id='word_1_769' title='bbox 2158 5411 2384 5479; x_wconf 68' lang='lat' dir='ltr'><strong>gothicae</strong></span> <span class='ocrx_word' id='word_1_770' title='bbox 2437 5409 2627 5476; x_wconf 64' lang='lat' dir='ltr'><strong>linguis:</strong></span> <span class='ocrx_word' id='word_1_771' title='bbox 2667 5407 2964 5461; x_wconf 87' lang='lat' dir='ltr'><strong>instaurare</strong></span> <span class='ocrx_word' id='word_1_772' title='bbox 3004 5407 3364 5475; x_wconf 85' lang='lat' dir='ltr'><strong>intendamus,</strong></span> <span class='ocrx_word' id='word_1_773' title='bbox 3401 5413 3736 5467; x_wconf 87' lang='lat' dir='ltr'><strong>animadver-</strong></span> 
     </span>
    </p>
   </div>
   <div class='ocr_carea' id='block_1_105' title="bbox 2159 5501 3735 5570">
    <p class='ocr_par' dir='ltr' id='par_1_105' title="bbox 2159 5501 3735 5570">
     <span class='ocr_line' id='line_1_105' title="bbox 2159 5501 3735 5570; baseline 0.003 -16"><span class='ocrx_word' id='word_1_774' title='bbox 2159 5512 2270 5556; x_wconf 87' lang='lat' dir='ltr'><strong>tere</strong></span> <span class='ocrx_word' id='word_1_775' title='bbox 2313 5510 2488 5553; x_wconf 77' lang='lat' dir='ltr'><strong>tamcu</strong></span> <span class='ocrx_word' id='word_1_776' title='bbox 2531 5501 2624 5554; x_wconf 66' lang='lat' dir='ltr'><strong>abs</strong></span> <span class='ocrx_word' id='word_1_777' title='bbox 2657 5515 2714 5553; x_wconf 86' lang='lat' dir='ltr'><strong>re</strong></span> <span class='ocrx_word' id='word_1_778' title='bbox 2755 5515 2856 5551; x_wconf 90' lang='lat' dir='ltr'><strong>nou</strong></span> <span class='ocrx_word' id='word_1_779' title='bbox 2902 5509 2983 5552; x_wconf 86' lang='lat' dir='ltr'><strong>est</strong></span> <span class='ocrx_word' id='word_1_780' title='bbox 3033 5513 3130 5552; x_wconf 75' lang='lat' dir='ltr'><strong>nos</strong></span> <span class='ocrx_word' id='word_1_781' title='bbox 3173 5511 3363 5570; x_wconf 85' lang='lat' dir='ltr'><strong>quarto</strong></span> <span class='ocrx_word' id='word_1_782' title='bbox 3394 5502 3610 5570; x_wconf 82' lang='lat' dir='ltr'><strong>indicio,</strong></span> <span class='ocrx_word' id='word_1_783' title='bbox 3643 5520 3735 5559; x_wconf 85' lang='lat' dir='ltr'><strong>co-</strong></span> 
     </span>
    </p>
   </div>
   <div class='ocr_carea' id='block_1_106' title="bbox 2157 5594 3734 5666">
    <p class='ocr_par' dir='ltr' id='par_1_106' title="bbox 2157 5594 3734 5666">
     <span class='ocr_line' id='line_1_106' title="bbox 2157 5594 3734 5666; baseline 0.006 -20"><span class='ocrx_word' id='word_1_784' title='bbox 2157 5605 2434 5666; x_wconf 88' lang='lat' dir='ltr'><strong>gnatorum</strong></span> <span class='ocrx_word' id='word_1_785' title='bbox 2457 5594 2654 5648; x_wconf 78' lang='lat' dir='ltr'><strong>scilicet</strong></span> <span class='ocrx_word' id='word_1_786' title='bbox 2680 5608 2985 5646; x_wconf 80' lang='lat' dir='ltr'><strong>sermonum</strong></span> <span class='ocrx_word' id='word_1_787' title='bbox 3005 5595 3479 5664; x_wconf 75' lang='lat' dir='ltr'><strong>analogia,nonnisi</strong></span> <span class='ocrx_word' id='word_1_788' title='bbox 3503 5599 3734 5654; x_wconf 75' lang='lat' dir='ltr'><strong>maxima</strong></span> 
     </span>
    </p>
   </div>
   <div class='ocr_carea' id='block_1_107' title="bbox 2155 5685 3730 5752">
    <p class='ocr_par' dir='ltr' id='par_1_107' title="bbox 2155 5685 3730 5752">
     <span class='ocr_line' id='line_1_107' title="bbox 2155 5685 3730 5752; baseline 0.002 -12"><span class='ocrx_word' id='word_1_789' title='bbox 2155 5687 2399 5741; x_wconf 87' lang='lat' dir='ltr'><strong>cautione</strong></span> <span class='ocrx_word' id='word_1_790' title='bbox 2417 5701 2539 5739; x_wconf 72' lang='lat' dir='ltr'><strong>usos</strong></span> <span class='ocrx_word' id='word_1_791' title='bbox 2557 5686 2689 5748; x_wconf 81' lang='lat' dir='ltr'><strong>lore,</strong></span> <span class='ocrx_word' id='word_1_792' title='bbox 2709 5695 2761 5739; x_wconf 91' lang='lat' dir='ltr'><strong>et</strong></span> <span class='ocrx_word' id='word_1_793' title='bbox 2780 5685 2912 5737; x_wconf 66' lang='lat' dir='ltr'><strong>hocr</strong></span> <span class='ocrx_word' id='word_1_794' title='bbox 2943 5727 2948 5732; x_wconf 93' lang='lat'><strong>.</strong></span> <span class='ocrx_word' id='word_1_795' title='bbox 2977 5685 3248 5752; x_wconf 75' lang='lat' dir='ltr'><strong>&#39;nlllllpllt&#39;l</strong></span> <span class='ocrx_word' id='word_1_796' title='bbox 3271 5688 3494 5741; x_wconf 84' lang='lat' dir='ltr'><strong>ratione.</strong></span> <span class='ocrx_word' id='word_1_797' title='bbox 3517 5689 3730 5743; x_wconf 82' lang='lat' dir='ltr'><strong>Etenim</strong></span> 
     </span>
    </p>
   </div>
   <div class='ocr_carea' id='block_1_108' title="bbox 2155 5775 3735 5848">
    <p class='ocr_par' dir='ltr' id='par_1_108' title="bbox 2155 5775 3735 5848">
     <span class='ocr_line' id='line_1_108' title="bbox 2155 5775 3735 5848; baseline 0.001 -15"><span class='ocrx_word' id='word_1_798' title='bbox 2155 5781 2364 5848; x_wconf 80' lang='lat' dir='ltr'><strong>gotliica</strong></span> <span class='ocrx_word' id='word_1_799' title='bbox 2397 5779 2594 5847; x_wconf 83' lang='lat' dir='ltr'><strong>lingua,</strong></span> <span class='ocrx_word' id='word_1_800' title='bbox 2622 5775 2770 5846; x_wconf 82' lang='lat' dir='ltr'><strong>quasi</strong></span> <span class='ocrx_word' id='word_1_801' title='bbox 2796 5791 2976 5830; x_wconf 87' lang='lat' dir='ltr'><strong>ramus</strong></span> <span class='ocrx_word' id='word_1_802' title='bbox 3002 5779 3322 5845; x_wconf 78' lang='lat' dir='ltr'><strong>germanica:</strong></span> <span class='ocrx_word' id='word_1_803' title='bbox 3351 5781 3531 5848; x_wconf 76' lang='lat' dir='ltr'><strong>stirpis</strong></span> <span class='ocrx_word' id='word_1_804' title='bbox 3558 5797 3735 5834; x_wconf 70' lang='lat' dir='ltr'><strong>emor~</strong></span> 
     </span>
    </p>
   </div>
   <div class='ocr_carea' id='block_1_109' title="bbox 2158 5868 3733 5941">
    <p class='ocr_par' dir='ltr' id='par_1_109' title="bbox 2158 5868 3733 5941">
     <span class='ocr_line' id='line_1_109' title="bbox 2158 5868 3733 5941; baseline 0.001 -17"><span class='ocrx_word' id='word_1_805' title='bbox 2158 5881 2299 5938; x_wconf 87' lang='lat' dir='ltr'><strong>tuus,</strong></span> <span class='ocrx_word' id='word_1_806' title='bbox 2330 5871 2383 5926; x_wconf 92' lang='lat' dir='ltr'><strong>in</strong></span> <span class='ocrx_word' id='word_1_807' title='bbox 2414 5869 2654 5941; x_wconf 80' lang='lat' dir='ltr'><strong>ceguatis</strong></span> <span class='ocrx_word' id='word_1_808' title='bbox 2686 5868 2877 5938; x_wconf 82' lang='lat' dir='ltr'><strong>linguis</strong></span> <span class='ocrx_word' id='word_1_809' title='bbox 2918 5869 3060 5924; x_wconf 78' lang='lat' dir='ltr'><strong>nulla</strong></span> <span class='ocrx_word' id='word_1_810' title='bbox 3105 5873 3185 5925; x_wconf 90' lang='lat' dir='ltr'><strong>sui</strong></span> <span class='ocrx_word' id='word_1_811' title='bbox 3218 5880 3365 5939; x_wconf 82' lang='lat' dir='ltr'><strong>parte</strong></span> <span class='ocrx_word' id='word_1_812' title='bbox 3391 5872 3501 5940; x_wconf 85' lang='lat' dir='ltr'><strong>jam</strong></span> <span class='ocrx_word' id='word_1_813' title='bbox 3544 5886 3733 5941; x_wconf 81' lang='lat' dir='ltr'><strong>super-</strong></span> 
     </span>
    </p>
   </div>
  </div>
