4346 6436
484 341 577 396 99.!

485 474 511 511 ε
537 466 706 511 unum
740 456 790 511 in
816 457 980 524 (πί-ἑκ,
1009 458 1229 527 proris).
1277 459 1425 525 Quod
1468 473 1529 513 ea
1567 459 1639 514 sit
1679 461 1793 515 hic
1834 458 2057 529 prolatio

484 558 572 606 τοῦ
616 550 671 603 ai
698 551 748 605 in
778 552 1091 617 quibusdam
1123 553 1310 607 saltem
1340 554 1573 617 casibus.
1599 554 1706 621 jam
1735 568 1763 606 a
1792 556 2061 610 veteribus

486 640 848 709 grammaticis
894 642 946 695 in
986 642 1108 697 eod.
1146 643 1436 697 vindobo‘n.
1482 641 1613 711 (vid.
1660 642 1841 698 ’Wt’en.
1876 642 2059 699 Jahrb.

489 732 778 803 XLlll,ll)
802 732 897 786 fuit
926 742 1205 798 assertum,
1224 742 1277 788 et
1300 734 1350 787 in
1377 749 1574 803 genere
1593 748 1805 801 semper
1820 735 2064 789 animad-

494 839 698 880 versum
724 841 740 889 ;
765 840 993 892 quonam
1018 826 1160 879 enim
1184 826 1286 878 alio
1309 824 1468 879 modo
1492 840 1655 880 sonus
1676 827 1834 894 grmci
1854 848 1876 880 ε
1900 826 2060 895 signi-

492 916 636 971 licari
670 917 964 987 potuisset?
989 917 1094 973 Sed
1120 918 1377 987 qumritur
1405 919 1641 987 insuper,
1674 927 1848 974 utrum
1870 931 2063 988 praeter

489 1005 621 1063 hanc
667 1009 1017 1077 prolationem
1066 1025 1173 1064 non
1223 1009 1379 1065 detur
1406 1020 1461 1064 et
1502 1012 1692 1073 altera.
1734 1012 2057 1079 germanicze

486 1101 751 1171 proxima,
798 1101 869 1156 ita
908 1112 986 1167 ut,
1019 1101 1084 1156 ad
1123 1100 1567 1156 discriminandas
1597 1103 1691 1155 bas
1721 1101 1854 1157 duas
1883 1100 2061 1171 prola-

484 1194 677 1259 tiones,
710 1193 867 1247 aliam
895 1209 987 1261 per
1016 1194 1091 1255 ai,
1131 1194 1354 1247 alteram
1390 1206 1520 1247 vero
1548 1207 1643 1262 per
1665 1194 1715 1246 ἁὶ
1741 1195 2063 1262 designave—

482 1285 611 1338 rint.
652 1284 830 1350 Quam
875 1284 1286 1353 discrepantiam
1318 1293 1376 1339 ut
1414 1283 1783 1348 admittamns,
1830 1299 2063 1353 sequen-

484 1375 617 1429 tium
648 1376 911 1431 rationum
936 1390 1033 1431 nos
1063 1386 1366 1431 commovet
1392 1376 1682 1429 auctoritas
1708 1392 1720 1427 :

553 1468 606 1534 a)
640 1467 702 1521 Ai
728 1482 793 1521 ex
822 1468 839 1519 ἱ
870 1481 964 1536 per
994 1467 1291 1535 ruptionem
1338 1467 1571 1521 nascitur
1607 1476 1663 1520 et
1688 1476 1770 1520 est
1803 1466 1985 1530 breve,
2012 1467 2067 1520 di

484 1572 614 1613 vero
640 1558 1002 1627 diphthongus
1030 1567 1114 1613 est
1139 1568 1194 1613 et
1221 1560 1470 1628 longum;

555 1649 608 1719 ὁ)
640 1650 700 1702 At’
728 1659 783 1704 et
808 1651 860 1703 di
888 1650 1114 1704 diversis
1138 1650 1411 1704 vocalibus
1436 1649 1762 1718 respondent
1787 1650 1838 1701 in
1861 1648 2066 1703 exscri-

484 1741 665 1811 ptione
700 1741 1080 1796 vocabulorum
1112 1746 1533 1811 peregrinorum,
1583 1742 1743 1811 igitur
1770 1745 1884 1813 ipsa
1925 1743 2064 1796 inter

479 1845 540 1888 se
565 1832 873 1903 discrepare
892 1834 1127 1902 debent;

550 1926 599 1997 c)
629 1929 689 1981 At
720 1926 1001 1982 adhibetur
1033 1939 1137 1981 tam
1162 1943 1263 1996 pro
1284 1943 1461 1997 graeco
1482 1948 1503 1982 ε
1529 1943 1686 1998 quam
1712 1943 1808 1996 pro
1838 1952 1911 1991 αι,
1936 1943 2057 1999 pro-

482 2015 653 2074 fertur
681 2032 811 2088 ergo
843 2018 894 2073 in
923 2018 1084 2086 priori
1116 2033 1239 2072 casu
1272 2018 1346 2083 at,
1383 2020 1434 2072 in
1466 2019 1751 2087 posteriori
1778 2020 1860 2081 ai,-

548 2108 615 2179 d)
661 2108 715 2163 ln
755 2110 1123 2179 comparativo
1168 2110 1459 2181 maiza(ex
1502 2112 1619 2163 mali
1651 2120 1705 2165 et
1732 2110 1849 2179 ἕω)
1883 2110 2058 2164 adhuc

479 2202 817 2273 perspicuum
840 2213 945 2267 est,
967 2204 1237 2273 quomodo
1263 2205 1313 2257 ai
1340 2220 1405 2258 ex
1438 2222 1470 2257 a
1498 2205 1585 2259 eti
1608 2217 1785 2258 ortum
1814 2204 2055 2271 duxerit;

548 2296 615 2364 ε)
644 2295 708 2348 Ai
730 2296 1055 2366 quandoque
1097 2296 1149 2350 in
1179 2298 1234 2367 aj
1262 2296 1473 2361 incidit,
1494 2312 1623 2367 ergo
1652 2308 1875 2368 utraque
1903 2312 2062 2353 voca—

481 2386 552 2443 lts
573 2386 626 2442 in
655 2388 973 2457 proferendo
997 2390 1169 2444 audiri
1196 2390 1399 2445 debuit.

560 2475 688 2542 Sed,
716 2492 841 2532 vere
862 2488 918 2531 ut
946 2478 1207 2542 dicamus,
1242 2495 1342 2535 nec
1372 2481 1760 2550 impugnabiles
1788 2482 1902 2535 ista:
1938 2490 2063 2535 sunt

481 2569 750 2639 rationes,
797 2586 895 2625 nec
938 2587 1001 2626 ex
1051 2575 1408 2627 monumentis
1446 2574 1673 2643 gothica:
1724 2573 1921 2644 lingua:
1950 2574 2061 2629 ullo

491 2661 652 2715 tnodo
678 2662 1053 2731 comprobatur
1084 2664 1165 2717 illi
1205 2664 1499 2729 distinctio,
1540 2664 1605 2719 ad
1645 2664 2062 2735 perturbandam

482 2753 817 2823 gothicorum
865 2770 1119 2810 sonorum
1148 2756 1473 2821 doctrinam,
1504 2757 1557 2810 in
1588 2773 1648 2813 se
1681 2758 1978 2825 simplicem
2008 2766 2067 2813 et

484 2846 803 2917 regularem,
835 2848 1023 2918 magis,
1047 2864 1205 2918 quam
1234 2850 1300 2903 ad
1328 2850 1697 2904 illustrandam
1746 2851 2061 2905 inserviens.

484 2934 717 2991 Primum
762 2938 922 3008 igitur
950 2939 1013 2992 ad
1040 2940 1204 2994 ullam
1232 2942 1677 3009 compositionem
1712 2943 1793 2997 vel
1838 2941 2067 3011 conjun-

486 3028 717 3085 ctionem
747 3046 1027 3085 recurrere
1048 3046 1329 3087 necessum
1358 3042 1459 3095 est,
1478 3032 1694 3086 utvaria
1722 3033 1948 3101 prolatio
1973 3040 2064 3089 τοῦ

486 3121 534 3173 ai
560 3120 874 3189 explicetur,
902 3137 1021 3177 cum
1047 3124 1163 3192 pari
1187 3125 1309 3191 jure
1338 3125 1563 3194 proferri
1599 3126 1830 3195 potuerit
1859 3125 1910 3190 ἕ,
1941 3122 1973 3175 ’ὁ
2004 3136 2063 3181 et

486 3214 561 3278 ι’ῖί,
598 3209 669 3268 δί.
702 3212 967 3268 Caeterum
1013 3229 1078 3268 eo
1120 3213 1278 3269 modo
1318 3214 1372 3269 in
1398 3215 1673 3269 viennensi
1706 3215 1890 3270 codice
1921 3215 2062 3284 (vid.

488 3304 663 3359 Wien.
693 3302 881 3359 Jahrb.
928 3304 1110 3369 XLlll,
1146 3305 1240 3375 ll)
1278 3305 1508 3375 prolatio
1565 3308 1806 3361 vocabuli
1850 3308 2063 3373 libaidu,

488 3399 647 3451 allato
678 3399 862 3462 libeda,
896 3398 1172 3461 statuitur,
1208 3399 1308 3451 hoc
1348 3413 1604 3466 expresse
1651 3398 1873 3453 addito:
1904 3400 2066 3469 ιιιίρ-

489 3498 675 3558 tongou
718 3488 763 3541 ai
791 3505 883 3558 pro
912 3504 942 3542 e
969 3490 1143 3558 longa.
1168 3508 1185 3539 ι
1222 3488 1407 3553 Quoad
1440 3490 1732 3544 vicinarum
1766 3491 2067 3559 linguarum

489 3579 808 3649 analogiam,
840 3580 944 3631 huc
986 3579 1165 3633 ali'erri
1220 3581 1425 3649 nequit,
1479 3581 1675 3650 quippe
1704 3595 1824 3634 cum
1855 3582 2065 3651 guthica

490 3671 726 3724 omnium
754 3672 1075 3739 germanicze
1104 3672 1285 3741 stirpis
1317 3672 1469 3727 nobis
1492 3673 1559 3726 sit
1593 3674 1985 3743 antiquissima,
2016 3683 2071 3728 et

491 3762 763 3832 lllegitima
820 3763 1045 3832 proinde
1086 3765 1262 3818 omnis
1301 3766 1604 3835 conjectura
1645 3782 1708 3821 ex
1758 3769 2066 3833 recentiori,

490 3853 723 3919 scilicet,
755 3857 924 3908 veteri
953 3855 1278 3924 germanica,
1298 3871 1419 3924 qua:
1450 3856 1778 3911 multimodis
1798 3869 2069 3928 corrupta,

493 3962 701 4001 "80110"
734 3960 987 4000 sonorum
1031 3958 1322 4017 systeiuate
1370 3963 1543 4016 neque
1591 3959 1862 4014 constans,
1897 3966 2071 4019 neque

491 4038 868 4105 determinata,
914 4038 1253 4093 mediocriter
1295 4049 1498 4093 tantum
1543 4055 1717 4094 causae
1761 4042 2067 4110 profuisset.

492 4130 640 4186 Nunc
668 4145 796 4185 vero
818 4130 859 4183 si
891 4148 939 4183 at
968 4146 1145 4201 grteco
1169 4154 1189 4185 ε
1209 4142 1261 4186 et
1289 4155 1341 4187 αι
1372 4132 1604 4187 vicissim
1628 4135 1937 4204 respondet,
1966 4152 2069 4191 non

492 4224 615 4277 inde
642 4223 930 4277 concludas
953 4224 1215 4292 gutbicam
1249 4223 1637 4295 diphthongum
1668 4225 1934 4294 duplicem
1975 4227 2071 4281 ha-

496 4316 677 4371 buisse
704 4332 917 4382 sonum,
957 4315 1052 4371 sed
1085 4318 1319 4387 legitime
1371 4326 1574 4373 tantum
1621 4334 1832 4374 asseras
1865 4330 2072 4377 veteres

493 4410 727 4475 Graecos,
762 4410 839 4465 illi
864 4411 1050 4465 saltem
1080 4411 1167 4481 qui
1202 4413 1373 4467 Ullilrc
1402 4416 1565 4467 coaevi
1595 4424 1764 4481 erant,
1796 4432 2074 4486 nmquam-

493 4498 782 4555 admodum
800 4501 1124 4557 recentiores
1142 4501 1335 4569 (irasci,
1353 4514 1409 4557 ut
1429 4527 1449 4559 ε
1476 4506 1778 4572 protulisse,
1794 4508 1935 4576 quod
1965 4510 2073 4564 fac-

494 4602 630 4655 tum,
656 4591 725 4645 ab
745 4593 994 4648 omnibus
1026 4593 1135 4648 fere
1165 4595 1437 4649 hodiernis
1454 4597 1735 4666 philologis
1752 4600 2069 4667 generaliter

490 4683 805 4749 admissum,
851 4688 919 4740 ab
966 4703 1031 4741 co
1083 4690 1301 4757 insuper
1348 4690 1453 4742 vim
1502 4690 1723 4755 obtinet,
1758 4692 1898 4762 quod
1946 4708 2063 4749 voc.

494 4776 720 4852 Γραικὸς.
750 4776 985 4843 Graccus,
1020 4780 1232 4847 gothice
1266 4780 1408 4834 kreks
1454 4783 1778 4849 exscriptum
1822 4784 1911 4837 sit.
1955 4784 2067 4839 Nec

492 4868 671 4922 minus
700 4869 945 4938 equidem
974 4879 1177 4925 certum
1201 4880 1285 4925 est
1311 4886 1427 4926 voc.
1460 4875 1625 4926 maiza
1651 4889 1679 4927 a
1708 4873 1887 4928 radice
1911 4873 2067 4928 MAI!

490 4971 541 5014 et
578 4963 952 5017 terminatione
974 4964 1333 5033 comparativa
1367 4965 1447 5018 ἕω
1467 4980 1641 5020 ortum
1666 4967 1883 5030 ducere,
1911 4984 2068 5035 quam

491 5056 545 5107 ai
576 5054 628 5107 in
660 5054 929 5109 nonnullis
961 5056 1145 5124 paucis
1184 5056 1397 5111 casibus
1426 5058 1475 5113 in
1503 5060 1556 5129 aj
1587 5059 1851 5123 incidere;
1882 5060 1974 5115 sed
2002 5076 2069 5117 ex

490 5146 593 5200 bac
637 5147 1032 5202 circumstantia
1078 5149 1226 5206 valor
1273 5150 1489 5220 quidem
1522 5153 1927 5223 etymolog‘cas,
1962 5169 2069 5209 non

492 5247 671 5292 autem
718 5239 976 5306 phonicus
1014 5242 1273 5310 exsurgit.
1330 5242 1638 5309 Enimvero,
1683 5254 1740 5296 nt
1788 5262 1900 5299 rem
1949 5262 2073 5299 nos-

493 5341 630 5385 train
660 5334 908 5402 exemplo
927 5347 1229 5401 congenere
1259 5336 1607 5401 illustremus,
1626 5339 2068 5406 quemadmodum

494 5438 557 5474 ex
588 5438 654 5475 eo
683 5422 823 5489 quod
872 5426 1000 5493 (aui,
1035 5424 1203 5479 invito
1249 5429 1518 5494 prmterito
1560 5429 1750 5496 tavida,
1780 5432 2072 5497 genitivum

492 5516 614 5583 Iojis
659 5516 923 5581 ell‘ormet,
973 5526 1188 5589 etymon
1218 5520 1432 5587 quidem
1469 5518 1538 5573 TI
1553 5518 1723 5587 VAN,
1757 5521 1891 5578 TAU
1922 5524 2070 5592 (rod.

499 5604 673 5675 TAV)
708 5608 1014 5673 innotescu,
1050 5626 1151 5662 non
1183 5621 1356 5665 autem
1386 5625 1572 5674 sonus,
1600 5612 1700 5667 nisi
1731 5613 1871 5682 quod
1903 5631 1967 5666 au
2004 5624 2076 5687 τῷ

495 5714 524 5751 ο
565 5699 737 5751 affinis
781 5710 881 5758 est.
914 5701 982 5753 ita
1028 5706 1192 5754 maiza
1217 5717 1282 5757 ex
1312 5719 1395 5755 ma
1425 5732 1447 5742 —
1476 5704 1559 5755 iza
1586 5706 1833 5767 componi
1881 5708 2072 5771 potuit,

496 5794 620 5857 quin
645 5793 747 5848 duo
775 5793 1041 5849 elementa
1075 5794 1124 5849 in
1158 5796 1457 5863 prolatione
1503 5798 1808 5852 necessario
1839 5797 2076 5863 separari

1881 345 1966 401 DE
2007 340 2455 400 PROLATIONE.

3642 346 3744 401 922

2170 456 2419 511 debeant.
2446 453 2552 509 Res
2585 452 2771 509 eadem
2802 468 2861 509 se
2891 452 3050 508 habet
3096 455 3145 507 iu
3174 455 3435 510 Sanskrita
3461 457 3660 526 lingua,
3690 461 3742 514 iu

2165 563 2265 615 qua
2310 565 2341 600 a
2368 559 2421 602 et
2451 550 2468 601 i
2498 563 2561 602 ex
2614 548 2795 617 regula
2844 549 3111 603 constanti
3159 549 3211 602 in
3250 565 3277 603 e
3326 552 3741 608 contunduntm.

2163 639 2347 707 Quoad
2382 656 2509 695 vero
2534 643 2583 693 ai
2608 642 2664 694 in
2693 644 2749 711 aj
2771 643 3054 705 transiens,
3087 642 3186 695 hoc
3217 644 3377 695 etiam
3408 644 3745 699 animadver-

2168 734 2382 787 tendum
2408 744 2509 797 est,
2534 733 2673 801 quod
2706 734 2757 787 in
2793 734 2923 786 solis
2950 734 3330 806 aiv,ajukdu{),
3358 739 3455 798 mi,
3474 742 3586 806 vaja
3610 742 3740 806 (non

2164 835 2340 880 autem
2373 826 2423 878 in
2453 826 2554 889 bai,
2589 823 2781 895 bajops
2811 838 2839 877 a
2873 824 2989 893 BA)
3018 826 3190 879 loeum
3222 827 3445 891 habent;
3476 845 3607 899 quas
3635 832 3737 886 for-

2164 920 2427 974 mationes
2478 919 2654 988 lingua
2694 919 2926 986 gothica,
2959 918 3132 986 qualis
3175 918 3328 974 nobis
3377 922 3567 976 tradita
3619 922 3738 991 fuit,

2163 1007 2310 1061 nullo
2366 1008 2480 1061 fere
2539 1004 2697 1060 modo
2749 1007 3016 1073 explicare
3068 1017 3263 1075 potcSI,
3305 1024 3553 1079 quasque,
3602 1014 3745 1067 sicut

2165 1098 2349 1160 maiza,
2395 1096 2510 1151 sine
2558 1094 2721 1149 dubio
2752 1096 2816 1150 ad
2847 1111 2909 1151 ea
2943 1098 3165 1167 pristina
3205 1101 3472 1153 sermonis
3503 1110 3742 1170 tempora

2163 1188 2514 1242 adscribenda
2556 1196 2704 1251 sunt,
2732 1187 2924 1256 quibus
2964 1202 3155 1242 sensus
3197 1191 3583 1260 etytnologicus
3612 1209 3746 1246 noo-

2164 1280 2293 1335 dum
2323 1289 2439 1336 erat
2476 1280 2776 1334 hebetatus.
2810 1280 2868 1336 Si
2899 1294 3026 1352 ergo
3056 1282 3217 1338 nullis
3244 1288 3576 1354 argumentis
3606 1289 3658 1340 ai
3690 1288 3740 1341 iu

2166 1374 2428 1444 duplicem
2454 1374 2723 1428 diversum
2742 1388 2930 1430 sonum
2955 1374 3303 1431 dividendum
3326 1394 3447 1433 esse
3471 1386 3744 1443 statuitur,

2163 1464 2274 1535 jam
2303 1467 2559 1536 quatritur
2578 1466 3256 1538 quomodoliothus,cujus
3282 1470 3458 1540 lingua
3488 1488 3744 1527 sonorum

2169 1565 2401 1627 systema
2444 1566 2551 1610 tam
2592 1557 2836 1627 regulare
2860 1567 2916 1612 et
2941 1558 3164 1628 simplex
3193 1561 3431 1627 exhibet,
3465 1578 3627 1617 sonos
3668 1567 3746 1635 ip-

2165 1664 2278 1714 sos,
2301 1648 2484 1719 quales
2509 1649 2549 1713 i,
2578 1649 2645 1712 ei,
2667 1666 2713 1715 ι,
2740 1651 2831 1719 qtti
2854 1651 3078 1705 miriﬁce
3102 1651 3193 1705 alii
3225 1654 3278 1705 in
3310 1654 3426 1707 aliis
3451 1654 3725 1716 incedunt,

2168 1740 2304 1795 adeo
2352 1755 2540 1796 secure
2564 1752 2617 1795 et
2659 1741 2881 1810 prmcise
2920 1742 3254 1805 discreverit,
3303 1756 3359 1798 ut
3408 1746 3459 1798 in
3501 1750 3748 1801 omnibus

2171 1830 2281 1885 fere
2311 1833 2523 1886 casibus
2551 1841 2603 1887 et
2632 1834 2791 1887 invita
2820 1835 3126 1902 scriptionis
3153 1834 3500 1892 ﬂuctuatione
3526 1840 3576 1892 in
3609 1856 3747 1892 non-

2161 1924 2321 1978 nullis
2349 1924 2447 1978 cod
2473 1925 2644 1989 cibus,
2677 1925 2831 1979 faciie
2858 1925 2927 1979 sit
2964 1935 3113 1981 recte
3139 1935 3192 1981 et
3228 1927 3592 1984 indubitanter
3612 1946 3741 1985 cou-

2154 2013 2360 2081 jicere?
2386 2014 2668 2082 Quomodo
2698 2016 2906 2071 Gothus
2947 2031 3111 2072 sonos
3153 2027 3353 2073 tantam
3385 2019 3746 2076 diversitatem

2163 2121 2271 2175 [me
2294 2122 2351 2160 se
2372 2106 2623 2171 ferentes,
2637 2119 2886 2176 quantam
2901 2117 2996 2162 eet
3014 2110 3088 2174 ai,
3102 2126 3131 2162 ο
3149 2119 3203 2163 et
3222 2128 3290 2163 «ιιι
3306 2111 3496 2166 eodem
3512 2124 3564 2167 et
3591 2115 3750 2169 unico

2168 2196 2322 2265 signo
2354 2198 2657 2263 significare
2685 2200 2956 2267 potuerit?
2977 2200 3126 2254 Nunc
3147 2216 3275 2257 vero
3302 2204 3345 2257 si
3376 2206 3427 2256 ai
3455 2214 3509 2259 et
3532 2207 3583 2259 di
3603 2208 3750 2261 nulio

2163 2286 2474 2341 discrimine
2519 2288 2737 2353 habuit,
2769 2290 2816 2344 si
2873 2291 3043 2346 cuivis
3088 2296 3477 2349 accentuationi
3530 2313 3751 2366 prorsus

2162 2382 2370 2436 alienus
2408 2380 2527 2448 fuit,
2583 2383 2628 2437 si
2657 2384 2876 2439 aliunde
2909 2385 3055 2439 nulla
3107 2388 3427 2444 necessit-te
3475 2390 3597 2443 talis
3640 2393 3751 2447 dis-

2163 2476 2439 2542 crepantia
2479 2476 2836 2541 desideratur,
2856 2492 3162 2533 sermonem
3183 2481 3452 2549 gotbicum
3480 2498 3613 2539 sane
3642 2495 3749 2539 tor-

2162 2574 2374 2638 queret,
2402 2568 2491 2636 qui
2518 2567 2655 2623 hanc
2682 2568 3100 2638 discrepantiam
3133 2572 3475 2629 introducere
3499 2584 3747 2632 tentaret.

2164 2657 2430 2713 Caeterum
2462 2659 2513 2711 ai
2557 2667 2611 2713 et
2648 2675 2719 2712 au
2766 2659 3005 2729 ejusdem
3056 2671 3180 2717 sunt
3226 2666 3593 2721 conditionis:
3627 2684 3749 2721 cum

2165 2765 2292 2815 ergo
2337 2749 2692 2805 confidentius
2738 2750 2915 2807 adhuc
2963 2754 3389 2821 probaverimus,
3430 2775 3497 2811 au
3538 2774 3751 2827 semper

2167 2840 2306 2895 sicut
2331 2856 2360 2894 ο
2387 2850 2633 2915 apertum
2664 2842 2894 2911 proferri
2922 2854 2976 2898 et
2998 2847 3297 2914 quamlibet
3315 2848 3669 2905 dill‘ercntiam
3688 2856 3751 2905 mi

2168 2932 2309 2987 inter
2345 2943 2399 2986 et
2437 2935 2506 2985 du
2556 2932 2923 3002 rejiciendam,
2970 2950 3163 2991 novum
3212 2939 3313 2993 erit
3358 2953 3753 3010 argumentum,

2168 3038 2273 3092 quo
2295 3022 2570 3078 distinctio
2598 3023 2811 3079 illorum
2841 3028 2895 3078 at
2938 3035 2991 3081 et
3020 3029 3070 3079 (ii
3094 3028 3287 3084 iterum
3336 3030 3749 3103 impugnabitur.

2169 3115 2249 3171 Ex
2275 3118 2623 3173 consectariis
2647 3118 2794 3172 lalsis
2818 3119 2959 3175 idem
2993 3122 3211 3194 insuper
3237 3127 3492 3181 statuitur
3521 3145 3533 3180 :
3558 3132 3610 3183 at
3643 3131 3754 3199 (ait)

2175 3209 2316 3265 enim
2368 3210 2687 3280 regulariter
2728 3220 2855 3267 ante
2880 3230 2907 3267 r
2931 3224 2987 3269 et
3014 3214 3047 3267 Ii
3071 3218 3155 3286 (et
3180 3218 3256 3289 to)
3283 3219 3524 3276 adhiberi
3571 3223 3752 3284 debet.

2170 3311 2224 3357 et
2250 3309 2426 3358 tamen
2459 3302 2685 3371 plurima
2718 3304 2976 3360 vocabula
3008 3306 3089 3361 his
3110 3312 3539 3365 consonantibus
3566 3314 3617 3366 άὶ
3635 3316 3749 3383 (an)

2172 3394 2518 3463 praepositum
2552 3394 2797 3463 praebent
2821 3405 2877 3450 et
2902 3396 3006 3451 alia
3034 3398 3247 3454 diverse
3277 3402 3545 3457 diversum
3569 3420 3757 3460 acceu~

2174 3494 2283 3539 tum
2313 3494 2597 3554 usurpant;
2648 3500 2766 3555 quae
2802 3486 3079 3542 fluetuatio
3107 3492 3379 3560 praecipue
3409 3504 3553 3562 patet
3586 3495 3637 3548 in
3669 3512 3755 3549 ca-

2170 3577 2340 3640 sibus,
2372 3588 2427 3631 ut
2467 3577 2643 3647 gauit'lt
2670 3587 2726 3633 et
2753 3580 3041 3648 gataﬂmm,
3072 3581 3223 3635 dilato
3246 3593 3299 3638 et
3338 3585 3565 3651 ailurou,
3595 3586 3673 3641 alii
3702 3595 3756 3641 et

2170 3669 2383 3732 salwan,
2416 3669 2644 3723 drdmna
2672 3680 2727 3724 et
2746 3670 3037 3726 dratihma.

2891 3824 3039 3895 AU

2244 3952 2271 4023 ς
2298 3952 2389 4009 29.
2424 3953 2486 4025 1)
2519 3957 2595 4010 Au
2627 3966 2684 4011 ut
2712 3967 2876 4011 sonus
2904 3955 3127 4021 simplex
3157 3962 3267 4011 tam
3314 3954 3626 4027 frequenter
3664 3975 3757 4016 oc-

2172 4061 2396 4103 currens
2420 4063 2581 4118 quam
2608 4049 2678 4113 ai,
2710 4048 3004 4121 quamlibet
3025 4048 3265 4104 vocabuli
3288 4050 3471 4105 sedem
3493 4066 3759 4121 occupare

2175 4150 2349 4208 pmest
2375 4149 2430 4195 et
2451 4139 2729 4209 quibusvis
2755 4141 3173 4195 consonantibus
3202 4142 3452 4211 cmijungi
3490 4159 3503 4194 :

2242 4234 2299 4301 α)
2336 4231 2491 4286 Initio
2523 4251 2537 4286 :
2568 4239 2790 4303 audaga.
2816 4250 2968 4303 augo,
2998 4232 3242 4299 auhuma,
3272 4234 3455 4293 auhsa.
3485 4235 3643 4307 aulis,
3663 4254 3759 4290 au-

2172 4321 2292 4387 kan,
2317 4324 2508 4388 aurati,
2542 4323 2739 4393 nurtja,
2770 4338 2917 4387 auso,
2944 4324 3124 4391 aufto;

2247 4409 2299 4482 ὑ)
2335 4412 2505 4467 Medio
2536 4429 2548 4465 :
2584 4414 2771 4477 bauan,
2804 4413 3084 4485 blaupjau,
3113 4414 3337 4481 bnauau,
3360 4432 3583 4486 gaunou,
3627 4419 3757 4469 dau-

2175 4502 2305 4575 Ῑηω,
2330 4506 2600 4574 drausjau,
2620 4502 2845 4574 Itaubib,
2863 4506 3055 4569 Itlauls,
3084 4506 3465 4572 dislmaupnmt,
3488 4505 3756 4577 palmitis,

2177 4593 2397 4664 planus,
2426 4594 2607 4664 [)raut,
2632 4594 2819 4658 kcuru,
2845 4595 3043 4661 krauat,
3076 4598 3220 4661 lauit,
3247 4598 3527 4666 ntaurgins,
3560 4598 3754 4669 oculis,

2174 4686 2352 4755 roads,
2383 4686 2582 4753 san/its,
2600 4687 2937 4758 akaudaraip,
2964 4689 3296 4760 afslaujtjau,
3324 4691 3564 4758 spaurds,
3587 4701 3757 4759 staua,

2176 4788 2411 4849 gamma,
2470 4781 2677 4847 (fausti,
2725 4782 2907 4848 vaurd,
2956 4786 3231 4853 gaufanrs,
3278 4785 3502 4851 ﬂautao,
3559 4787 3757 4854 frauja,

2176 4872 2453 4936 waurbun;
2482 4883 2685 4938 trauan,
2719 4874 2979 4940 lrauaida,
3009 4876 3166 4941 sauil,
3190 4875 3514 4946 galaultet'ns,
3541 4879 3760 4948 usbaug-

2171 4966 2290 5033 jan,
2322 4963 2675 5030 malignam,
2699 4965 2907 5029 dauhts,
2939 4964 3136 5036 (mulis,
3160 4968 3366 5036 galauk,
3386 4969 3546 5037 souis,
3575 4986 3760 5040 guunt-

2168 5058 2289 5125 jan,
2325 5056 2514 5121 dauns,
2550 5060 2750 5126 taujan,
2776 5058 3020 5128 raupjan,
3053 5056 3227 5125 faura,
3250 5057 3517 5129 paurbun,
3548 5076 3756 5133 saurga,

2178 5147 2363 5213 baurd,
2383 5150 2619 5211 raurhta,
2637 5150 2858 5217 (auritis,
2883 5149 3167 5219 vam/mm,
3190 5150 3431 5222 maurIJr,
3452 5156 3757 5223 staurkoan,

2180 5256 2403 5306 t'aurms,
2440 5242 2630 5305 linum,
2655 5240 3035 5313 gabauriopus,
3074 5242 3267 5313 [)aurp,
3300 5254 3562 5315 staurran,
3594 5248 3759 5318 patir-

2181 5351 2288 5397 sua,
2322 5347 2540 5400 raurstu,
2578 5346 2772 5397 vaurts,
2798 5334 3036 5405 ῥοιαί-[ια.
3068 5354 3209 5404 raus,
3235 5340 3472 5409 luusjau;
3560 5330 3563 5331 ν

2253 5424 2303 5494 c)
2346 5424 2512 5483 Ftne:
2541 5427 2666 5489 duu,
2711 5426 2992 5497 1mu,jau,
3036 5444 3189 5490 simu,
3216 5428 3398 5491 ahtau,
3429 5447 3618 5496 sttuou,
3651 5443 3753 5485 etv.

2258 5534 2278 5567 ι
2302 5516 2592 5571 Annotatio
2624 5521 2672 5571 l.
2698 5546 2769 5559 ς·-
2809 5517 2921 5571 lluc
2947 5532 3051 5572 non
3077 5519 3341 5573 referendi
3370 5530 3494 5573 sunt
3521 5535 3676 5574 Casus
3705 5523 3757 5582 in

2180 5609 2371 5677 quibus
2413 5627 2445 5663 a
2471 5621 2523 5665 et
2553 5626 2584 5663 ιι
2612 5609 2675 5663 ad
2706 5608 2946 5665 divorsas
2992 5611 3226 5679 syllabas
3270 5612 3554 5681 pertinent,
3602 5624 3658 5667 nt
3705 5615 3756 5665 io

2182 5720 2281 5774 gau
2306 5704 2436 5757 Μαι.
2472 5720 2544 5767 ις,
2575 5704 2675 5767 ‘28;
2708 5706 2811 5758 Mc.
2846 5722 2955 5767 vtu,
2998 5706 3087 5767 22,
3135 5721 3229 5758 sim
3271 5705 3425 5758 Joan.
3469 5722 3539 5767 ιχ,
3573 5704 3627 5768 ‘2,
3670 5706 3750 5769 lii,

2182 5813 2305 5851 st'au
2351 5796 2436 5862 18,
2465 5797 2553 5863 22,
2589 5796 2734 5850 wauh
2766 5798 2889 5852 Cor.
2928 5800 2965 5867 I,
3003 5816 3072 5865 tv,
3102 5798 3152 5865 7,
3188 5798 3522 5869 gauolcdjan.
