4346 6474
841 345 940 401 9U

821 458 970 526 plura
998 463 1120 512 sunt
1148 454 1425 517 vocabula,
1451 451 1763 518 inanimata,
1781 454 2151 520 proprietates,
2196 459 2338 503 artes
2367 492 2382 516 ,

817 546 1188 602 all'cctioncsve
1212 545 1394 608 animi,
1417 555 1548 609 etc.,
1578 543 1956 610 exprimentia,
1975 557 2113 610 qum,
2140 557 2234 609 per
2264 557 2383 608 pcr-

815 639 1240 692 souilicationem
1269 637 1514 689 omnibus
1541 633 1732 704 linguis
1756 647 2091 687 communem
2133 633 2380 686 masculi-

813 746 886 788 no
939 731 1260 786 femininovc
1288 743 1482 800 genere
1511 728 1701 783 donata
1731 734 1876 790 sunt,
1924 735 1982 779 ut
2011 728 2180 793 bagnts
2212 739 2376 780 masc.

823 821 1002 888 arbor,
1029 820 1187 894 sirpe
1209 821 1334 874 lem.
1367 829 1534 885 terra,
1561 819 1706 871 doma
1737 831 1901 871 masc.
1926 816 2206 885 judicium,
2232 832 2381 870 muns

813 927 981 968 masc.
1012 914 1299 980 sententia,
1323 911 1555 982 galtugds
1594 909 1718 962 lem.
1759 908 2030 978 cogitatio,
2090 924 2206 960 rens
2249 909 2376 962 lem.

809 1018 961 1074 spes,
985 1012 1090 1059 etc.
1117 1001 1246 1057 Vice
1271 1016 1422 1056 versa
1453 1000 1705 1054 nonnulla
1725 1009 1848 1054 sunt
1878 999 2155 1064 vocabula,
2193 1013 2380 1066 perso-

809 1110 905 1151 nas
929 1094 1301 1164 signilicantia,
1330 1107 1449 1162 quas
1494 1106 1670 1146 rerum
1690 1105 1881 1160 genus,
1921 1091 1971 1143 id
2003 1100 2104 1154 est,
2137 1099 2384 1144 neutrum

808 1203 918 1259 prae
933 1201 993 1242 se
1005 1186 1198 1250 ferunt,
1219 1186 1331 1239 sive
1351 1199 1538 1240 eorum
1557 1196 1726 1252 genus
1752 1181 2083 1234 indeﬁnitum
2099 1195 2376 1236 remanere

807 1277 981 1332 voluet
995 1277 1093 1342 int,
1106 1274 1228 1329 utin
1242 1275 1366 1328 bam
1377 1275 1436 1329 τὸ
1445 1272 1659 1332 παιδίον.
1676 1271 1866 1335 iulans,
1883 1287 2066 1342 gaman
2093 1270 2120 1326 ὁ
2139 1272 2372 1337 πλησίας,

807 1370 1101 1440 proximus,
1116 1367 1227 1423 sive
1241 1381 1334 1436 per
1349 1375 1705 1434 contemptum
1719 1378 1974 1433 personas
1986 1364 2035 1416 in
2054 1377 2230 1417 rerum
2242 1365 2379 1417 clas-

804 1479 918 1519 sem
932 1458 1590 1530 deprimereinteaderint,
1623 1455 1747 1510 utin
1771 1455 1915 1526 [aevis
1949 1463 2124 1510 neutr.
2171 1453 2374 1508 manci-

805 1551 1213 1626 piuttt,gtukalki
1223 1560 1400 1607 neutr.
1413 1563 1721 1604 conservus.
1741 1547 1896 1601 Aliud
1914 1554 1996 1598 est
2027 1560 2193 1615 genus
2229 1559 2376 1598 cum-

804 1663 964 1704 tnune
977 1657 1073 1716 pro
1083 1643 1377 1710 vocabulis,
1388 1656 1507 1711 qua:
1516 1641 1746 1696 animata
1761 1639 2032 1708 utriusque
2057 1638 2270 1707 generis
2281 1653 2374 1693 seu

803 1753 969 1795 sexus
979 1736 1281 1806 exprimunt
1293 1742 1347 1790 et
1358 1730 2115 1803 eonsequeuterutmasculina
2130 1731 2210 1785 vel
2225 1728 2377 1785 {emi-

1833 335 2281 392 CRAMMATICA
2324 334 2644 393 ϐΟΤΙΙΙΟιΕ
2692 333 2991 393 ιιΙΝϐυιΕ.

3946 338 4033 394 918

2487 454 2606 507 nina
2623 461 2964 521 usurpantur,
2978 458 3035 506 ut
3047 451 3230 517 asilas,
3242 463 3402 506 masc.
3421 451 3625 517 asinus,
3641 450 3764 507 lem.
3781 453 3936 508 asina.
3953 455 4035 517 Qui

2484 558 2639 599 casus
2655 561 2758 598 non
2773 543 2870 600 nisi
2888 559 3009 598 raro
3024 553 3329 606 occurrunt,
3349 558 3467 598 cum
3480 545 3754 599 ordinario
3770 556 3960 602 mutato
3969 563 4038 616 ge-

2484 652 2611 691 nere
2638 645 2992 692 commutatur
3012 635 3204 700 forma,
3241 647 3297 690 ut
3345 637 3616 692 insueiltra
3663 653 3832 695 masc.
3884 655 4036 705 socer,

2481 727 2604 783 (em.
2626 729 2831 782 svailtro
2858 743 3066 792 socrus,
3099 728 3222 797 pius
3253 743 3418 783 masc.
3474 727 3704 783 lamulus
3725 773 3741 794 ,
3793 729 3916 786 fetu.
3941 731 4038 803 piri

2483 823 2696 886 famula,
2721 838 2900 896 magna
2926 837 3092 877 masc.
3128 838 3284 892 puer,
3308 821 3434 876 l'em.
3479 823 3614 875 matri
3659 824 3802 892 (loco
3853 827 4040 895 magni?

2481 913 2705 970 Crimm.
2757 913 2844 978 Ill,
2893 911 3044 982 556)
3090 915 3284 982 puella.
3333 915 3456 968 lla-.c
3506 916 3718 970 aliunde
3761 916 3926 971 iusius
3961 917 4037 970 ubi

2483 1003 2550 1057 de
2581 1001 2896 1057 lormzttione
2931 1001 3309 1058 vocabulorum
3342 1003 3398 1074 (ᾗ
3435 1004 3534 1058 H2
3560 1007 3703 1074 sqq.)
3723 1006 4036 1060 evolventur.

2488 1093 2582 1148 llic
2621 1093 2839 1148 relative
2882 1093 2948 1148 ad
2986 1094 3396 1149 declinatirnem
3441 1095 3622 1151 dicere
3666 1097 3884 1161 sumen,
3912 1097 4036 1166 quod

2482 1197 2727 1240 neutrum
2753 1200 2966 1254 semper
2986 1189 3344 1242 accusativum
3371 1186 3562 1241 lnrmet
3616 1189 3940 1242 uommativo
3975 1191 4038 1242 si-

2481 1279 2760 1343 milem,ct
2781 1278 3090 1334 femininum
3136 1280 3398 1348 pleniores
3452 1280 3665 1335 vocales
3717 1280 3772 1335 in
3830 1280 4040 1337 ﬂexione

2479 1371 2680 1436 diligat.
2710 1370 2768 1424 ln
2791 1370 3062 1426 nonnullis
3085 1380 3258 1425 tamen
3289 1372 3564 1427 vocabulis
3590 1386 3702 1427 sua
3725 1372 3923 1441 cuique
3957 1387 4039 1443 ge-

2479 1462 2594 1515 neri
2614 1461 2802 1516 dantur
2831 1462 3055 1518 diverse
3077 1462 3499 1529 terminationes,
3545 1464 3617 1518 ita
3671 1474 3730 1519 ut
3755 1465 3926 1534 magis
3952 1464 4040 1517 mi-

2483 1567 2646 1606 nusve
2675 1553 2742 1607 sit
2765 1553 3055 1624 dijudicatu
3084 1551 3321 1618 dilllcile,
3339 1556 3607 1624 quodnam
3635 1570 3806 1624 genus
3830 1556 3940 1611 lucc
3957 1570 4040 1608 vo-

2482 1641 2667 1696 cabula
2701 1642 2944 1699 habeant.
2971 1642 3087 1699 Jam
3113 1658 3242 1700 vero
3271 1644 3354 1700 Ita:
3376 1647 3781 1702 terminationes
3810 1659 3931 1702 sunt
3963 1663 3974 1674 ’

2017 1865 2070 1935 Ι)
2093 1862 2158 1918 In
2181 1867 2514 1920 declinatione
2532 1868 2756 1922 vocalia:
2787 1883 2807 1924 .°

834 1965 899 2035 α)
935 1965 1221 2020 Masculina
1264 1979 1278 2014 :
1317 1961 1373 2031 α)
1610 1958 1745 2028 sing.
1891 1969 2035 2010 nom.
2172 1973 2222 2009 —s
2453 1972 2550 2022 gen

2198 1973 2222 2009 δ
2453 1972 2574 2022 gen.
2728 1960 2800 2012 .is
2998 1960 3138 2028 plur.
3273 1976 3395 2015 nom
3541 1979 3624 2015 σοι
3643 2004 3657 2025 ,
3821 1978 3914 2015 -αε

1048 2084 1112 2096 _.
1328 2053 1384 2124 β)
1608 2079 1677 2089 --
1879 2077 1948 2088 --—
2161 2052 2259 2101 -et's
2449 2080 2516 2088 -—
2731 2054 2817 2106 -et's
3003 2083 3072 2093 -—
3279 2084 3350 2096 —
3559 2060 3660 2128 -jos

1045 2174 1113 2188 ,-
1323 2144 1376 2215 7)
1607 2168 1674 2178 -
1884 2166 1954 2177 -
2169 2139 2257 2208 -jis
2450 2169 2519 2178 —
2730 2144 2822 2212 ~jis
3006 2173 3073 2182 -—
3283 2174 3354 2186 -—-
3569 2149 3671 2216 -jos

1041 2270 1110 2282 .-
1318 2236 1370 2306 δ)
1601 2263 1669 2273 -
1881 2260 1949 2272 —-
2163 2247 2248 2283 -tts
2443 2262 2511 2272 --
2720 2257 2757 2287 σε

2163 2247 2248 2283 ’κε
2443 2262 2511 2272 ⁸·-
2720 2252 2837 2287 οιιυι’
2996 2264 3065 2275 -
3296 2266 3346 2277 —
3561 2241 3673 2310 ..διε

1043 2360 1110 2372 -—
1321 2329 1369 2395 ι)
1597 2356 1665 2365 ·-
1883 2351 1952 2364 --·
2167 2339 2254 2375 -σν
2441 2354 2507 2365 —-
2734 2345 2759 2380 οι

2167 2341 2220 2373 -σ
2227 2339 2254 2375 θ’
2441 2354 2507 2365 ’-
2734 2345 2802 2381 οη
3006 2359 3074 2368 --
3283 2358 3342 2371 -—-
3563 2334 3695 2402 orjvts

829 2428 883 2496 ι)
921 2425 1117 2484 Neutra
1159 2444 1170 2477 :
1316 2425 1372 2490 α)
1595 2418 1731 2487 sing.
1880 2431 2000 2469 nom
2165 2446 2199 2454 -
2447 2432 2566 2485 gcn.
2727 2421 2794 2471 -is
3004 2420 3122 2489 plur
3291 2437 3438 2476 nn.
3570 2440 3628 2474 -a

1041 2547 1107 2557 _
1320 2513 1380 2583 β)
1600 2536 1670 2548 -
1880 2534 1949 2544 -
2173 2508 2212 2556 -ε
2444 2538 2511 2547 -..
2727 2533 2757 2581 ,λ

1935 2536 1949 2544 -
2173 2508 2212 2556 -ἰ
2444 2538 2511 2547 κο
2727 2511 2819 2581 -jis
3007 2539 3076 2550 -ι
3289 2542 3354 2552 --
3575 2519 3651 2585 .ja

1033 2608 2749 2676 -ν)--ιι-·

1947 2628 1953 2637 ι
2202 2617 2235 2650 ιι
2447 2627 2505 2638 —-
2728 2602 2824 2655 -vis
3015 2630 3085 2642 -—-
3298 2633 3366 2644 --
3577 2624 3663 2660 οιιο

1036 2732 1108 2742 _
1319 2697 1372 2762 δ)
1597 2723 1667 2734 ..
1881 2722 1948 2730 -
2173 2710 2234 2742 -ιι
2447 2721 2517 2733 ,η
2726 2724 2747 2734 -

2173 2710 2234 2742 -ιι
2447 2725 2471 2733 ·
2484 2721 2517 2732 4
2726 2712 2820 2747 -ου
3005 2724 3077 2737 --
3285 2727 3356 2738 —-
3563 2697 3717 2756 deest

825 2794 896 2865 ε)
935 2790 1211 2849 Festinitta
1244 2805 1258 2841 :
1307 2787 1364 2854 α)
1589 2785 1725 2851 sing.
1870 2796 2013 2834 nom.
2168 2800 2225 2832 -a
2436 2800 2534 2854 μη

1925 2796 2013 2834 un.
2168 2800 2225 2832 -a
2436 2800 2554 2854 gen.
2719 2802 2795 2839 οοι
3000 2787 3118 2855 plur
3281 2802 3420 2842 nom.
3557 2806 3641 2844 σοι

1039 2914 1105 2929 -
1316 2883 1375 2954 β)
1605 2904 1675 2918 -
1884 2905 1954 2915 —-
2164 2878 2205 2925 σε
2436 2907 2506 2918 -
2715 2881 2755 2951 -ι

1947 2905 1954 2913 ·
2164 2878 2205 2925 οἱ
2436 2907 2506 2918 -
2715 2881 2820 2951 -jos
2998 2908 3067 2920 —
3281 2909 3350 2920 ——
3558 2886 3663 2955 -joa

1040 3009 1108 3023 ⁸-
1315 2977 1374 3048 7)
1598 3000 1668 3012 ····
1879 2999 1949 3011 ·-’
2173 2989 2220 3024 -8
2439 3001 2509 3012 -
2717 2977 2820 3028 -ιίι
3004 3005 3071 3015 —
3287 3003 3355 3013 —
3570 2976 3667 3029 ,εἰς

1036 3099 1106 3112 ...
1313 3063 1370 3132 δ)
1602 3089 1672 3102 --
1884 3090 1954 3100 -
2167 3078 2250 3114 -ιη
2441 3090 2512 3103 -—
2719 3085 2752 3117 οι

2167 3078 2250 3114 -υ
2441 3090 2512 3103 -—
2719 3081 2835 3118 «tua
3001 3095 3072 3110 υ-
3287 3094 3360 3105 --
3567 3069 3669 3130 ius

1033 3192 1106 3205 ....
1313 3163 1361 3228 ι)
1602 3184 1673 3196 -
1882 3184 1951 3193 --
2159 3169 2244 3206 -αι-
2439 3182 2508 3194 --
2719 3189 2749 3208 ε

2159 3169 2244 3206 ἀι’
2439 3182 2508 3194 ·-
2719 3177 2798 3212 -rs
3001 3190 3070 3202 —
3276 3195 3345 3206 ...
3559 3165 3694 3236 ,φη

1948 3247 2007 3318 2)
2031 3245 2094 3300 In
2121 3247 2457 3302 declinatione
2482 3252 2841 3306 consonontira
2871 3270 2893 3308 :

821 3357 894 3427 tt)
929 3352 1210 3411 Ilasculilta
1251 3371 1264 3406 :
1590 3348 1724 3418 sing.
1873 3359 2014 3400 nom.
2153 3360 2210 3397 -o
2430 3357 2555 3414 gen.
2716 3346 2820 3399 -ius
2998 3349 3135 3418 plur.
3283 3365 3426 3408 nom.
3563 3367 3691 3406 -etts

819 3450 874 3519 ι»)
911 3448 1104 3504 Neutra
1136 3461 1148 3497 :
1586 3469 1655 3480 —-
1863 3467 1938 3482 -
2148 3454 2203 3491 -o
2431 3468 2499 3480 ——

2148 3454 2203 3491 -ο
2431 3468 2499 3480 —-
2712 3439 2812 3492 οὸιιε
2998 3470 3069 3482 —-
3277 3472 3345 3485 ς-
3559 3461 3687 3498 οοηα

821 3541 871 3611 c)
915 3535 1182 3593 Feminiua
1209 3552 1222 3587 :
1591 3558 1659 3570 -ο-
1875 3560 1941 3569 ——
2154 3547 2208 3580 -ο
2438 3560 2508 3570 --

2154 3547 2208 3580 -ο
2438 3560 2508 3570 --
2719 3546 2830 3583 ’0118
3004 3562 3073 3574 -—
3285 3564 3355 3576 υ-
3562 3551 3682 3588 -οηι

996 3655 1065 3669 ..-
1587 3650 1654 3662 ...-
1865 3649 1934 3660 --
2147 3620 2219 3672 οεὶ
2431 3647 2500 3660 ...

2147 3620 2219 3672 ἐί
2431 3647 2500 3660 --
2711 3649 2724 3656 -
2737 3620 2842 3673 eius
2993 3649 3065 3662 —-
3272 3653 3341 3664 —-
3553 3626 3695 3678 .eing

858 3767 888 3840 5
902 3767 990 3822 60.
1008 3764 1063 3821 Ν
1067 3779 1268 3819 umerus
1283 3776 1377 3831 pro
1390 3758 1672 3815 substantit
1686 3755 1931 3825 isduplex
1949 3765 2030 3810 est
2047 3772 2060 3808 :
2075 3755 2357 3824 singularis

784 3859 989 3915 scilicet
1037 3864 1095 3913 et
1127 3853 1368 3924 pluralis.
1431 3851 1643 3911 Dualis,
1684 3847 1772 3917 qui
1853 3849 1905 3901 in
1937 3847 2256 3915 pronomine
2300 3857 2354 3900 et

785 3949 949 4006 verbo
979 3946 1262 4016 reperitur,
1294 3945 1346 3997 in
1371 3938 1717 3996 substantivis
1740 3951 2000 4006 nusquam
2029 3938 2280 3991 occurrit.

853 4041 882 4112 §
907 4040 994 4094 6t.
1025 4037 1246 4105 Utrique
1266 4048 1491 4090 numero
1519 4032 1753 4101 quinque
1781 4039 1906 4085 sunt
1925 4045 2072 4082 casus
2117 4045 2134 4080 :
2178 4028 2351 4080 nomi-

782 4133 994 4190 nativus
1019 4130 1243 4194 scilicet,
1287 4127 1581 4190 vocativus,
1639 4124 1998 4186 accusativus,
2057 4122 2272 4176 dativus
2298 4132 2356 4175 et

780 4224 1061 4295 genitivus.
1092 4220 1262 4277 Casus
1284 4217 1705 4273 instrumentalis
1750 4214 1804 4269 in
1852 4213 2197 4268 substantivis
2245 4225 2352 4265 non
2430 4238 2432 4240 τ

778 4314 1026 4384 equidem
1056 4310 1342 4373 invenitur,
1366 4307 1460 4361 sed
1491 4307 1545 4360 in
1573 4304 1890 4374 pronomine
1910 4303 2150 4372 qumdam
2199 4300 2354 4370 liquit

778 4406 1000 4476 vestigia
1029 4403 1158 4473 (vid.
1186 4401 1247 4474 θῇ
1283 4401 1406 4468 108,
1439 4397 1584 4470 ΗΟ).
1624 4396 1775 4465 Quod
1814 4395 1860 4450 si
1902 4397 2116 4462 insuper
2138 4395 2350 4464 gotltica

779 4499 1019 4564 nomina,
1048 4507 1106 4552 ut
1126 4495 1262 4552 intra
1292 4492 1549 4557 dicemus,
1591 4505 1657 4546 es
1710 4489 1880 4545 forma
1924 4502 2144 4543 casuum
2171 4490 2222 4542 in
2268 4503 2350 4541 va-

780 4591 885 4645 rias
910 4587 1297 4644 declinationes
1314 4585 1645 4646 ordinantur,
1675 4582 1790 4636 haec
1815 4580 2046 4634 varietas
2105 4579 2351 4634 consistit

779 4685 956 4738 minus
977 4683 1030 4738 in
1060 4680 1351 4735 mutatione
1380 4675 1812 4732 terminationum
1852 4673 2070 4727 omnino
2112 4671 2347 4727 diversa-

776 4790 915 4839 rum,
935 4787 1092 4844 quam
1114 4772 1168 4825 in
1186 4769 1440 4826 varietate
1460 4765 1779 4837 syllabarum
1797 4763 2104 4819 radicalinm
2130 4764 2212 4818 vel
2255 4763 2348 4816 de-

776 4866 1064 4922 rivatarum
1098 4862 1235 4916 hanc
1289 4857 1697 4929 praecedentium
1723 4867 1778 4910 et
1816 4856 1869 4910 in
1917 4853 2072 4924 hujus
2102 4855 2155 4908 in
2205 4854 2344 4907 illam

776 4955 999 5011 luﬂusu.
1033 4953 1168 5008 llinc
1185 4966 1253 5007 ex
1279 4950 1623 5018 sequentibus
1645 4949 1785 5002 notis
1827 4945 2174 5016 dignoscendi
2219 4955 2346 5000 sunt

774 5050 831 5104 in
853 5060 1051 5117 genere
1075 5057 1232 5099 casus
1265 5041 1535 5110 utriusque
1562 5038 1768 5095 numeri
1793 5045 1850 5091 et
1875 5038 1927 5091 iu
1957 5035 2204 5092 omnibus
2246 5036 2343 5090 de-

772 5137 1172 5193 clinationibus.

843 5227 1210 5285 Nominativus
1231 5223 1545 5278 terminatur
1567 5223 1620 5276 in
1652 5219 1889 5276 vocalem
1921 5221 2003 5274 vel
2025 5219 2076 5272 i.t
2110 5235 2184 5281 -δ,
2211 5233 2340 5272 neu-

773 5330 859 5378 tro
879 5321 1039 5376 etiam
1062 5319 1112 5373 in
1134 5318 1268 5372 alias
1296 5325 1653 5370 consonantes
1686 5314 1864 5379 linito;
1897 5311 2170 5365 vocativus
2197 5311 2333 5378 sing.

773 5412 1102 5470 nominativo
1125 5408 1396 5473 convenit,
1429 5408 1628 5476 reiecto
1660 5413 1864 5460 tantum
1891 5421 1916 5456 s
1944 5404 2066 5469 huic
2093 5402 2338 5471 proprio;

773 5505 1109 5563 accusativus
1131 5501 1270 5571 sing.
1302 5501 1354 5554 itt
1383 5514 1578 5568 genere
1609 5498 1842 5552 radicem
1873 5497 2114 5550 vocabuli
2145 5496 2339 5549 nudam

769 5597 1012 5667 prabet;
1054 5595 1262 5649 dativus
1287 5592 1424 5661 sing.
1455 5590 1696 5658 primitus
1721 5588 2036 5642 terminatur
2067 5589 2119 5640 in
2150 5603 2180 5638 α
2203 5602 2223 5652 ;
2247 5601 2340 5655 ge-

773 5687 970 5744 nitivus
1011 5687 1176 5756 sing.,
1208 5685 1262 5738 in
1291 5701 1336 5740 s.
1380 5683 1594 5738 Necnon
1615 5691 1672 5735 et
1700 5680 2054 5734 nominativus
2083 5689 2136 5733 et
2177 5695 2335 5732 voca-

773 5781 916 5836 tivus
941 5777 1082 5848 plur.
1112 5790 1277 5832 masc.
1306 5785 1360 5830 et
1391 5774 1518 5828 lem.
1550 5773 1601 5827 in
1626 5791 1671 5838 s,
1701 5782 1877 5828 neutr.
1893 5771 1948 5827 iu
1977 5789 2008 5824 a
2037 5771 2330 5824 terminan-

2466 3765 2584 3819 tur;
2613 3760 2946 3811 accusativus
2988 3756 3128 3825 plur.
3155 3757 3209 3812 in
3237 3775 3264 3812 s
3283 3757 3366 3812 vel
3393 3773 3473 3826 tu,
3504 3766 3682 3813 neutr.
3712 3761 3766 3814 in
3794 3778 3869 3827 a;
3906 3762 4012 3816 dati

2465 3865 2562 3904 vus
2589 3851 2729 3919 plur.
2771 3850 2824 3903 in
2869 3868 2960 3915 m;
3000 3851 3267 3918 genitivus
3296 3853 3432 3918 plur.
3473 3851 3526 3905 in
3554 3867 3712 3906 unam
3756 3854 4034 3923 longarum

2459 3942 2718 3996 vocalium
2747 3959 2773 3996 e
2805 3943 2887 3997 vel
2919 3959 2969 3997 ο.
2993 3942 3135 4008 Quas
3159 3957 3348 3998 omnes
3378 3943 3782 3999 terminationes
3805 3959 4034 4016 sequens

2459 4036 2636 4088 tabula
2665 4033 2882 4088 exhibet
2913 4050 2926 4086 :

2844 4122 2974 4191 Sing
3353 4121 3500 4180 Plur.

2634 4213 2787 4268 Nom.
2861 4243 2932 4256 --
2954 4255 2969 4280 ,
2999 4231 3022 4266 s
3399 4233 3444 4278 ι.
3571 4217 3773 4287 (neutr.
3805 4220 3862 4288 a)

2636 4305 2762 4360 νοις.
2865 4334 2933 4347 —-
3402 4322 3451 4371 ε,
3575 4307 3776 4378 (neutr.
3797 4310 3858 4378 α)

2633 4397 2760 4452 Acc.
2875 4427 2944 4439 —
3403 4415 3448 4461 ε,
3478 4413 3556 4464 as,
3578 4401 3779 4469 (neutr.
3796 4402 3857 4469 α)

2637 4491 2755 4542 tm.
2886 4506 2918 4541 ο
2946 4489 3040 4562 (ui,
3070 4490 3164 4560 au)
3398 4506 3448 4542 ηι

2628 4578 2762 4634 Gen.
2880 4598 2906 4635 ε
3397 4598 3444 4645 e,
3474 4597 3528 4635 ο.

2523 4672 2659 4742 ςθι.
2685 4674 2764 4728 Ad
2790 4675 2960 4728 varias
2983 4671 3371 4729 declinationes
3387 4673 3704 4730 dividendas
3733 4672 3912 4727 thema
3933 4690 4026 4730 seu

2451 4766 2600 4818 radix
2630 4763 2871 4820 vocabuli
2902 4765 3165 4832 imprimis
3191 4775 3277 4819 est
3300 4764 3654 4820 obaervantla.
3682 4764 3887 4819 Radicc
3907 4780 4022 4819 eam

2453 4857 2675 4908 fortnam
2713 4856 3031 4910 substantivi
3075 4856 3438 4926 intelligimus.
3499 4871 3620 4926 qua:
3658 4857 3782 4910 licet.
3827 4873 3926 4925 per
3967 4871 4024 4910 se

2449 4950 2616 5016 ipsam
2647 4950 2843 5002 nullam
2886 4947 3025 5002 forte
3067 4963 3286 5004 casuum
3333 4949 3755 5018 designationem
3802 4950 4021 5010 haheat,

2451 5055 2547 5094 nec
2601 5041 2653 5093 in
2705 5041 2880 5108 lingua
2900 5041 3070 5110 qualis
3099 5049 3213 5105 est,
3239 5042 3557 5110 generaliter
3581 5039 3796 5102 existat,
3843 5048 4019 5094 tamen

2449 5134 2513 5188 ad
2539 5133 2845 5187 formandos
2872 5147 3046 5196 casus,
3070 5131 3136 5186 ad
3159 5133 3506 5188 cvolvendam
3529 5131 3947 5186 declinationem
3968 5142 4020 5183 et

2446 5224 2779 5278 formandum
2828 5224 3138 5278 vocabulum
3167 5223 3236 5277 ita
3265 5223 3734 5279 fundamentaliter
3761 5223 4013 5286 inservit,

2443 5330 2502 5374 ιιι
2529 5335 2635 5372 non
2664 5319 2834 5372 solum
2865 5332 3051 5372 omnes
3090 5319 3380 5373 existentes
3405 5319 3776 5374 declinationis
3803 5322 4014 5384 forma,

2445 5412 2539 5465 sed
2565 5411 2723 5462 etiam
2764 5412 2948 5462 turma:
2982 5425 3048 5464 ex
3080 5411 3432 5464 existentibus
3461 5410 3730 5464 vocabulis
3755 5411 4015 5465 derivata:

2446 5502 2509 5554 ad
2539 5502 2672 5554 Itane
2699 5500 2876 5554 reduci
2909 5499 3129 5568 possint.
3159 5501 3326 5566 Quam
3368 5500 3651 5555 ratlicalctn
3683 5504 3908 5555 formam
3960 5503 4012 5555 in

2443 5595 2670 5648 decursu
2699 5591 2875 5660 operis
2907 5593 3096 5646 litteris
3126 5591 3418 5646 uncialibus
3448 5577 3770 5647 notavimus.

2513 5681 2541 5752 §
2571 5682 2660 5734 63.
2693 5679 2987 5734 Declinatio
3014 5680 3068 5734 in
3094 5678 3227 5733 duns
3252 5689 3429 5747 partes
3455 5679 3728 5745 dividitur,
3757 5698 3892 5752 quas
3917 5698 4003 5736 vc-

2439 5785 2579 5828 teres
2620 5787 2647 5825 a
2679 5771 2894 5827 nomine
2924 5771 2990 5828 ad
3036 5770 3354 5840 adjectis-um
3385 5774 3628 5842 proxime
3667 5775 4002 5839 accendenti.
