  <div class='ocr_page' id='page_1' title='image "/cluster/home/n/w/nwhite01/storage/ocr_20150623/18/umn.319510024773129/486.png"; bbox 0 0 4346 6486; ppageno 0'>
   <div class='ocr_carea' id='block_1_1' title="bbox 469 355 567 413">
    <p class='ocr_par' dir='ltr' id='par_1_1' title="bbox 469 355 567 413">
     <span class='ocr_line' id='line_1_1' title="bbox 469 355 567 413; baseline 0.01 -2"><span class='ocrx_word' id='word_1_1' title='bbox 469 355 567 413; x_wconf 76' lang='lat' dir='ltr'><strong>M9</strong></span> 
     </span>
    </p>
   </div>
   <div class='ocr_carea' id='block_1_2' title="bbox 471 469 2035 539">
    <p class='ocr_par' dir='ltr' id='par_1_2' title="bbox 471 469 2035 539">
     <span class='ocr_line' id='line_1_2' title="bbox 471 469 2035 539; baseline -0.001 -17"><span class='ocrx_word' id='word_1_2' title='bbox 471 469 792 526; x_wconf 81' lang='lat' dir='ltr'><strong>abstractam</strong></span> <span class='ocrx_word' id='word_1_3' title='bbox 822 478 875 524; x_wconf 89' lang='lat' dir='ltr'><strong>et</strong></span> <span class='ocrx_word' id='word_1_4' title='bbox 915 478 1219 525; x_wconf 87' lang='lat' dir='ltr'><strong>concretam</strong></span> <span class='ocrx_word' id='word_1_5' title='bbox 1251 484 1342 524; x_wconf 83' lang='lat' dir='ltr'><strong>seu</strong></span> <span class='ocrx_word' id='word_1_6' title='bbox 1369 470 1743 539; x_wconf 70' lang='lat' dir='ltr'><strong>empltaticam,</strong></span> <span class='ocrx_word' id='word_1_7' title='bbox 1778 473 2035 525; x_wconf 79' lang='lat' dir='ltr'><strong>recentiu-</strong></span> 
     </span>
    </p>
   </div>
   <div class='ocr_carea' id='block_1_3' title="bbox 467 562 2034 635">
    <p class='ocr_par' dir='ltr' id='par_1_3' title="bbox 467 562 2034 635">
     <span class='ocr_line' id='line_1_3' title="bbox 467 562 2034 635; baseline 0 -19"><span class='ocrx_word' id='word_1_8' title='bbox 467 577 556 617; x_wconf 89' lang='lat' dir='ltr'><strong>rcs</strong></span> <span class='ocrx_word' id='word_1_9' title='bbox 578 577 706 618; x_wconf 88' lang='lat' dir='ltr'><strong>vero</strong></span> <span class='ocrx_word' id='word_1_10' title='bbox 728 562 920 618; x_wconf 79' lang='lat' dir='ltr'><strong>fortem</strong></span> <span class='ocrx_word' id='word_1_11' title='bbox 947 572 1002 617; x_wconf 88' lang='lat' dir='ltr'><strong>et</strong></span> <span class='ocrx_word' id='word_1_12' title='bbox 1020 562 1248 618; x_wconf 79' lang='lat' dir='ltr'><strong>debilem</strong></span> <span class='ocrx_word' id='word_1_13' title='bbox 1272 565 1492 618; x_wconf 82' lang='lat' dir='ltr'><strong>turmam</strong></span> <span class='ocrx_word' id='word_1_14' title='bbox 1522 576 1909 635; x_wconf 82' lang='lat' dir='ltr'><strong>nuncuparunt.</strong></span> <span class='ocrx_word' id='word_1_15' title='bbox 1931 564 2034 618; x_wconf 79' lang='lat' dir='ltr'><strong>Sed</strong></span> 
     </span>
    </p>
   </div>
   <div class='ocr_carea' id='block_1_4' title="bbox 468 654 2034 729">
    <p class='ocr_par' dir='ltr' id='par_1_4' title="bbox 468 654 2034 729">
     <span class='ocr_line' id='line_1_4' title="bbox 468 654 2034 729; baseline 0.003 -22"><span class='ocrx_word' id='word_1_16' title='bbox 468 664 690 724; x_wconf 84' lang='lat' dir='ltr'><strong>utraque</strong></span> <span class='ocrx_word' id='word_1_17' title='bbox 718 654 1003 722; x_wconf 62' lang='lat' dir='ltr'><strong>appellatio</strong></span> <span class='ocrx_word' id='word_1_18' title='bbox 1046 655 1166 711; x_wconf 83' lang='lat' dir='ltr'><strong>ideo</strong></span> <span class='ocrx_word' id='word_1_19' title='bbox 1197 657 1325 711; x_wconf 84' lang='lat' dir='ltr'><strong>l’alsa</strong></span> <span class='ocrx_word' id='word_1_20' title='bbox 1356 666 1470 721; x_wconf 88' lang='lat' dir='ltr'><strong>est,</strong></span> <span class='ocrx_word' id='word_1_21' title='bbox 1527 658 1668 725; x_wconf 87' lang='lat' dir='ltr'><strong>quod</strong></span> <span class='ocrx_word' id='word_1_22' title='bbox 1697 658 1842 728; x_wconf 84' lang='lat' dir='ltr'><strong>prior</strong></span> <span class='ocrx_word' id='word_1_23' title='bbox 1869 658 2034 729; x_wconf 78' lang='lat' dir='ltr'><strong>signi-</strong></span> 
     </span>
    </p>
   </div>
   <div class='ocr_carea' id='block_1_5' title="bbox 468 747 2038 821">
    <p class='ocr_par' dir='ltr' id='par_1_5' title="bbox 468 747 2038 821">
     <span class='ocr_line' id='line_1_5' title="bbox 468 747 2038 821; baseline 0.004 -23"><span class='ocrx_word' id='word_1_24' title='bbox 468 747 791 813; x_wconf 72' lang='lat' dir='ltr'><strong>ficationem,</strong></span> <span class='ocrx_word' id='word_1_25' title='bbox 829 758 885 803; x_wconf 89' lang='lat' dir='ltr'><strong>et</strong></span> <span class='ocrx_word' id='word_1_26' title='bbox 931 763 1035 801; x_wconf 91' lang='lat' dir='ltr'><strong>non</strong></span> <span class='ocrx_word' id='word_1_27' title='bbox 1068 749 1290 801; x_wconf 73' lang='lat' dir='ltr'><strong>iurarant</strong></span> <span class='ocrx_word' id='word_1_28' title='bbox 1332 759 1553 818; x_wconf 83' lang='lat' dir='ltr'><strong>spectet,</strong></span> <span class='ocrx_word' id='word_1_29' title='bbox 1598 760 1650 805; x_wconf 88' lang='lat' dir='ltr'><strong>ct</strong></span> <span class='ocrx_word' id='word_1_30' title='bbox 1690 752 1901 805; x_wconf 87' lang='lat' dir='ltr'><strong>aliunde</strong></span> <span class='ocrx_word' id='word_1_31' title='bbox 1942 768 2038 821; x_wconf 88' lang='lat' dir='ltr'><strong>pro</strong></span> 
     </span>
    </p>
   </div>
   <div class='ocr_carea' id='block_1_6' title="bbox 468 839 2038 908">
    <p class='ocr_par' dir='ltr' id='par_1_6' title="bbox 468 839 2038 908">
     <span class='ocr_line' id='line_1_6' title="bbox 468 839 2038 908; baseline -0.002 -14"><span class='ocrx_word' id='word_1_32' title='bbox 468 839 815 894; x_wconf 68' lang='lat' dir='ltr'><strong>substantivis</strong></span> <span class='ocrx_word' id='word_1_33' title='bbox 842 843 951 893; x_wconf 87' lang='lat' dir='ltr'><strong>lere</strong></span> <span class='ocrx_word' id='word_1_34' title='bbox 991 855 1093 892; x_wconf 92' lang='lat' dir='ltr'><strong>non</strong></span> <span class='ocrx_word' id='word_1_35' title='bbox 1130 840 1327 907; x_wconf 85' lang='lat' dir='ltr'><strong>valeat,</strong></span> <span class='ocrx_word' id='word_1_36' title='bbox 1362 840 1625 908; x_wconf 73' lang='lat' dir='ltr'><strong>posterior</strong></span> <span class='ocrx_word' id='word_1_37' title='bbox 1655 854 1781 895; x_wconf 88' lang='lat' dir='ltr'><strong>vero</strong></span> <span class='ocrx_word' id='word_1_38' title='bbox 1806 840 1857 892; x_wconf 87' lang='lat' dir='ltr'><strong>in</strong></span> <span class='ocrx_word' id='word_1_39' title='bbox 1888 856 2038 895; x_wconf 83' lang='lat' dir='ltr'><strong>crru-</strong></span> 
     </span>
    </p>
   </div>
   <div class='ocr_carea' id='block_1_7' title="bbox 468 932 2038 1002">
    <p class='ocr_par' dir='ltr' id='par_1_7' title="bbox 468 932 2038 1002">
     <span class='ocr_line' id='line_1_7' title="bbox 468 932 2038 1002; baseline 0.001 -16"><span class='ocrx_word' id='word_1_40' title='bbox 468 944 571 986; x_wconf 82' lang='lat' dir='ltr'><strong>nea</strong></span> <span class='ocrx_word' id='word_1_41' title='bbox 620 933 1050 987; x_wconf 78' lang='lat' dir='ltr'><strong>considrratinne</strong></span> <span class='ocrx_word' id='word_1_42' title='bbox 1097 932 1286 986; x_wconf 77' lang='lat' dir='ltr'><strong>forma:</strong></span> <span class='ocrx_word' id='word_1_43' title='bbox 1340 934 1614 1002; x_wconf 85' lang='lat' dir='ltr'><strong>utriusque</strong></span> <span class='ocrx_word' id='word_1_44' title='bbox 1666 933 2038 987; x_wconf 72' lang='lat' dir='ltr'><strong>declinationis</strong></span> 
     </span>
    </p>
   </div>
   <div class='ocr_carea' id='block_1_8' title="bbox 469 1022 2038 1081">
    <p class='ocr_par' dir='ltr' id='par_1_8' title="bbox 469 1022 2038 1081">
     <span class='ocr_line' id='line_1_8' title="bbox 469 1022 2038 1081; baseline 0.001 -2"><span class='ocrx_word' id='word_1_45' title='bbox 469 1024 743 1080; x_wconf 86' lang='lat' dir='ltr'><strong>innitatur.</strong></span> <span class='ocrx_word' id='word_1_46' title='bbox 782 1022 981 1079; x_wconf 77' lang='lat' dir='ltr'><strong>Verum</strong></span> <span class='ocrx_word' id='word_1_47' title='bbox 1004 1027 1145 1080; x_wconf 86' lang='lat' dir='ltr'><strong>enim</strong></span> <span class='ocrx_word' id='word_1_48' title='bbox 1174 1040 1300 1081; x_wconf 90' lang='lat' dir='ltr'><strong>vero</strong></span> <span class='ocrx_word' id='word_1_49' title='bbox 1329 1027 1447 1080; x_wconf 70' lang='lat' dir='ltr'><strong>dum</strong></span> <span class='ocrx_word' id='word_1_50' title='bbox 1478 1026 1862 1081; x_wconf 67' lang='lat' dir='ltr'><strong>declinationes</strong></span> <span class='ocrx_word' id='word_1_51' title='bbox 1892 1027 1944 1081; x_wconf 91' lang='lat' dir='ltr'><strong>in</strong></span> <span class='ocrx_word' id='word_1_52' title='bbox 1974 1041 2038 1081; x_wconf 80' lang='lat' dir='ltr'><strong>ro</strong></span> 
     </span>
    </p>
   </div>
   <div class='ocr_carea' id='block_1_9' title="bbox 468 1118 2038 1191">
    <p class='ocr_par' dir='ltr' id='par_1_9' title="bbox 468 1118 2038 1191">
     <span class='ocr_line' id='line_1_9' title="bbox 468 1118 2038 1191; baseline 0 -17"><span class='ocrx_word' id='word_1_53' title='bbox 468 1118 610 1174; x_wconf 80' lang='lat' dir='ltr'><strong>inter</strong></span> <span class='ocrx_word' id='word_1_54' title='bbox 647 1131 710 1172; x_wconf 73' lang='lat' dir='ltr'><strong>se</strong></span> <span class='ocrx_word' id='word_1_55' title='bbox 751 1118 1059 1188; x_wconf 76' lang='lat' dir='ltr'><strong>discrepant</strong></span> <span class='ocrx_word' id='word_1_56' title='bbox 1083 1160 1101 1185; x_wconf 89' lang='lat'><strong>,</strong></span> <span class='ocrx_word' id='word_1_57' title='bbox 1130 1135 1236 1174; x_wconf 90' lang='lat' dir='ltr'><strong>non</strong></span> <span class='ocrx_word' id='word_1_58' title='bbox 1271 1122 1409 1191; x_wconf 86' lang='lat' dir='ltr'><strong>quod</strong></span> <span class='ocrx_word' id='word_1_59' title='bbox 1438 1120 1625 1175; x_wconf 91' lang='lat' dir='ltr'><strong>debilis</strong></span> <span class='ocrx_word' id='word_1_60' title='bbox 1671 1122 1809 1176; x_wconf 72' lang='lat' dir='ltr'><strong>dit-ta</strong></span> <span class='ocrx_word' id='word_1_61' title='bbox 1860 1120 2038 1176; x_wconf 82' lang='lat' dir='ltr'><strong>addito</strong></span> 
     </span>
    </p>
   </div>
   <div class='ocr_carea' id='block_1_10' title="bbox 466 1206 2039 1269">
    <p class='ocr_par' dir='ltr' id='par_1_10' title="bbox 466 1206 2039 1269">
     <span class='ocr_line' id='line_1_10' title="bbox 466 1206 2039 1269; baseline 0.002 -7"><span class='ocrx_word' id='word_1_62' title='bbox 466 1206 867 1264; x_wconf 85' lang='lat' dir='ltr'><strong>accidentaliter</strong></span> <span class='ocrx_word' id='word_1_63' title='bbox 911 1225 946 1263; x_wconf 84' lang='lat' dir='ltr'><strong>tt</strong></span> <span class='ocrx_word' id='word_1_64' title='bbox 997 1208 1283 1265; x_wconf 77' lang='lat' dir='ltr'><strong>formativo</strong></span> <span class='ocrx_word' id='word_1_65' title='bbox 1340 1225 1369 1265; x_wconf 92' lang='lat' dir='ltr'><strong>a</strong></span> <span class='ocrx_word' id='word_1_66' title='bbox 1426 1211 1605 1268; x_wconf 90' lang='lat' dir='ltr'><strong>l&#39;ronte</strong></span> <span class='ocrx_word' id='word_1_67' title='bbox 1671 1213 2039 1269; x_wconf 78' lang='lat' dir='ltr'><strong>declinationis</strong></span> 
     </span>
    </p>
   </div>
   <div class='ocr_carea' id='block_1_11' title="bbox 466 1300 2037 1374">
    <p class='ocr_par' dir='ltr' id='par_1_11' title="bbox 466 1300 2037 1374">
     <span class='ocr_line' id='line_1_11' title="bbox 466 1300 2037 1374; baseline 0.001 -16"><span class='ocrx_word' id='word_1_68' title='bbox 466 1301 677 1365; x_wconf 84' lang='lat' dir='ltr'><strong>evadat.</strong></span> <span class='ocrx_word' id='word_1_69' title='bbox 722 1300 819 1357; x_wconf 84' lang='lat' dir='ltr'><strong>sed</strong></span> <span class='ocrx_word' id='word_1_70' title='bbox 864 1301 1005 1374; x_wconf 87' lang='lat' dir='ltr'><strong>quod</strong></span> <span class='ocrx_word' id='word_1_71' title='bbox 1054 1303 1301 1359; x_wconf 84' lang='lat' dir='ltr'><strong>radicalis</strong></span> <span class='ocrx_word' id='word_1_72' title='bbox 1352 1303 1521 1359; x_wconf 79' lang='lat' dir='ltr'><strong>forma</strong></span> <span class='ocrx_word' id='word_1_73' title='bbox 1566 1305 1689 1359; x_wconf 83' lang='lat' dir='ltr'><strong>hinc</strong></span> <span class='ocrx_word' id='word_1_74' title='bbox 1733 1322 1825 1372; x_wconf 75' lang='lat' dir='ltr'><strong>rer</strong></span> <span class='ocrx_word' id='word_1_75' title='bbox 1884 1321 2037 1360; x_wconf 86' lang='lat' dir='ltr'><strong>voca-</strong></span> 
     </span>
    </p>
   </div>
   <div class='ocr_carea' id='block_1_12' title="bbox 467 1394 2039 1466">
    <p class='ocr_par' dir='ltr' id='par_1_12' title="bbox 467 1394 2039 1466">
     <span class='ocr_line' id='line_1_12' title="bbox 467 1394 2039 1466; baseline 0.003 -17"><span class='ocrx_word' id='word_1_76' title='bbox 467 1396 613 1463; x_wconf 86' lang='lat' dir='ltr'><strong>lem,</strong></span> <span class='ocrx_word' id='word_1_77' title='bbox 658 1394 807 1449; x_wconf 89' lang='lat' dir='ltr'><strong>illine</strong></span> <span class='ocrx_word' id='word_1_78' title='bbox 863 1411 959 1465; x_wconf 86' lang='lat' dir='ltr'><strong>per</strong></span> <span class='ocrx_word' id='word_1_79' title='bbox 1016 1408 1398 1452; x_wconf 77' lang='lat' dir='ltr'><strong>consonantem</strong></span> <span class='ocrx_word' id='word_1_80' title='bbox 1456 1398 1801 1461; x_wconf 83' lang='lat' dir='ltr'><strong>tertninetur;</strong></span> <span class='ocrx_word' id='word_1_81' title='bbox 1862 1399 2039 1466; x_wconf 82' lang='lat' dir='ltr'><strong>itaque</strong></span> 
     </span>
    </p>
   </div>
   <div class='ocr_carea' id='block_1_13' title="bbox 466 1489 2036 1560">
    <p class='ocr_par' dir='ltr' id='par_1_13' title="bbox 466 1489 2036 1560">
     <span class='ocr_line' id='line_1_13' title="bbox 466 1489 2036 1560; baseline -0.001 -16"><span class='ocrx_word' id='word_1_82' title='bbox 466 1502 586 1556; x_wconf 74' lang='lat' dir='ltr'><strong>nos,</strong></span> <span class='ocrx_word' id='word_1_83' title='bbox 618 1489 828 1545; x_wconf 81' lang='lat' dir='ltr'><strong>meliori</strong></span> <span class='ocrx_word' id='word_1_84' title='bbox 853 1504 1134 1559; x_wconf 73' lang='lat' dir='ltr'><strong>speramus</strong></span> <span class='ocrx_word' id='word_1_85' title='bbox 1156 1490 1297 1560; x_wconf 86' lang='lat' dir='ltr'><strong>jure,</strong></span> <span class='ocrx_word' id='word_1_86' title='bbox 1331 1493 1544 1546; x_wconf 80' lang='lat' dir='ltr'><strong>nomine</strong></span> <span class='ocrx_word' id='word_1_87' title='bbox 1574 1493 1812 1546; x_wconf 75' lang='lat' dir='ltr'><strong>vocalica!</strong></span> <span class='ocrx_word' id='word_1_88' title='bbox 1835 1502 1886 1546; x_wconf 90' lang='lat' dir='ltr'><strong>ct</strong></span> <span class='ocrx_word' id='word_1_89' title='bbox 1912 1507 2036 1544; x_wconf 82' lang='lat' dir='ltr'><strong>cort-</strong></span> 
     </span>
    </p>
   </div>
   <div class='ocr_carea' id='block_1_14' title="bbox 468 1584 2036 1647">
    <p class='ocr_par' dir='ltr' id='par_1_14' title="bbox 468 1584 2036 1647">
     <span class='ocr_line' id='line_1_14' title="bbox 468 1584 2036 1647; baseline 0.001 -10"><span class='ocrx_word' id='word_1_90' title='bbox 468 1584 743 1637; x_wconf 72' lang='lat' dir='ltr'><strong>souanlicar</strong></span> <span class='ocrx_word' id='word_1_91' title='bbox 771 1584 787 1615; x_wconf 85' lang='grc'>¹</span> <span class='ocrx_word' id='word_1_92' title='bbox 830 1585 1187 1640; x_wconf 69' lang='grc' dir='ltr'><strong>ἀρειὲπασὶοηίε</strong></span> <span class='ocrx_word' id='word_1_93' title='bbox 1237 1599 1329 1641; x_wconf 88' lang='lat' dir='ltr'><strong>eas</strong></span> <span class='ocrx_word' id='word_1_94' title='bbox 1364 1585 1698 1641; x_wconf 75' lang='lat' dir='ltr'><strong>donavimus.</strong></span> <span class='ocrx_word' id='word_1_95' title='bbox 1744 1585 2036 1647; x_wconf 82' lang='lat' dir='ltr'><strong>Posterior,</strong></span> 
     </span>
    </p>
   </div>
   <div class='ocr_carea' id='block_1_15' title="bbox 467 1675 2037 1745">
    <p class='ocr_par' dir='ltr' id='par_1_15' title="bbox 467 1675 2037 1745">
     <span class='ocr_line' id='line_1_15' title="bbox 467 1675 2037 1745; baseline 0.004 -18"><span class='ocrx_word' id='word_1_96' title='bbox 467 1676 850 1730; x_wconf 76' lang='lat' dir='ltr'><strong>consonantiea</strong></span> <span class='ocrx_word' id='word_1_97' title='bbox 900 1675 1104 1731; x_wconf 79' lang='lat' dir='ltr'><strong>scilicet</strong></span> <span class='ocrx_word' id='word_1_98' title='bbox 1136 1717 1153 1741; x_wconf 89' lang='lat'><strong>,</strong></span> <span class='ocrx_word' id='word_1_99' title='bbox 1214 1692 1277 1730; x_wconf 86' lang='lat' dir='ltr'><strong>ea</strong></span> <span class='ocrx_word' id='word_1_100' title='bbox 1328 1679 1585 1732; x_wconf 83' lang='lat' dir='ltr'><strong>vocabula</strong></span> <span class='ocrx_word' id='word_1_101' title='bbox 1632 1678 2037 1745; x_wconf 85' lang='lat' dir='ltr'><strong>comprehendit</strong></span> 
     </span>
    </p>
   </div>
   <div class='ocr_carea' id='block_1_16' title="bbox 469 1766 2039 1841">
    <p class='ocr_par' dir='ltr' id='par_1_16' title="bbox 469 1766 2039 1841">
     <span class='ocr_line' id='line_1_16' title="bbox 469 1766 2039 1841; baseline 0.003 -22"><span class='ocrx_word' id='word_1_102' title='bbox 469 1781 693 1835; x_wconf 84' lang='lat' dir='ltr'><strong>quorum</strong></span> <span class='ocrx_word' id='word_1_103' title='bbox 738 1766 904 1821; x_wconf 75' lang='lat' dir='ltr'><strong>forma</strong></span> <span class='ocrx_word' id='word_1_104' title='bbox 935 1768 1181 1823; x_wconf 86' lang='lat' dir='ltr'><strong>radicalis</strong></span> <span class='ocrx_word' id='word_1_105' title='bbox 1224 1784 1314 1838; x_wconf 83' lang='lat' dir='ltr'><strong>per</strong></span> <span class='ocrx_word' id='word_1_106' title='bbox 1358 1786 1389 1821; x_wconf 85' lang='lat' dir='ltr'><strong>tt</strong></span> <span class='ocrx_word' id='word_1_107' title='bbox 1418 1772 1485 1823; x_wconf 88' lang='lat' dir='ltr'><strong>ad</strong></span> <span class='ocrx_word' id='word_1_108' title='bbox 1515 1771 1771 1841; x_wconf 73' lang='lat' dir='ltr'><strong>syllabam</strong></span> <span class='ocrx_word' id='word_1_109' title='bbox 1800 1770 2039 1824; x_wconf 64' lang='lat' dir='ltr'><strong>formatio</strong></span> 
     </span>
    </p>
   </div>
   <div class='ocr_carea' id='block_1_17' title="bbox 468 1856 2033 1933">
    <p class='ocr_par' dir='ltr' id='par_1_17' title="bbox 468 1856 2033 1933">
     <span class='ocr_line' id='line_1_17' title="bbox 468 1856 2033 1933; baseline 0.005 -26"><span class='ocrx_word' id='word_1_110' title='bbox 468 1870 586 1911; x_wconf 80' lang='lat' dir='ltr'><strong>vam</strong></span> <span class='ocrx_word' id='word_1_111' title='bbox 612 1856 883 1922; x_wconf 88' lang='lat' dir='ltr'><strong>pertinens</strong></span> <span class='ocrx_word' id='word_1_112' title='bbox 905 1857 1240 1914; x_wconf 88' lang='lat' dir='ltr'><strong>concluditur</strong></span> <span class='ocrx_word' id='word_1_113' title='bbox 1264 1860 1412 1931; x_wconf 90' lang='lat' dir='ltr'><strong>(coll.</strong></span> <span class='ocrx_word' id='word_1_114' title='bbox 1438 1863 1605 1931; x_wconf 81' lang='lat' dir='ltr'><strong>Bopp.</strong></span> <span class='ocrx_word' id='word_1_115' title='bbox 1624 1860 2033 1933; x_wconf 77' lang='lat' dir='ltr'><strong>Vergl.Cramm.</strong></span> 
     </span>
    </p>
   </div>
   <div class='ocr_carea' id='block_1_18' title="bbox 468 1946 2035 2018">
    <p class='ocr_par' dir='ltr' id='par_1_18' title="bbox 468 1946 2035 2018">
     <span class='ocr_line' id='line_1_18' title="bbox 468 1946 2035 2018; baseline 0.003 -18"><span class='ocrx_word' id='word_1_116' title='bbox 468 1946 498 2017; x_wconf 57' lang='grc' dir='ltr'>ᾗ</span> <span class='ocrx_word' id='word_1_117' title='bbox 537 1947 660 2011; x_wconf 67' lang='grc' dir='ltr'>ηδ,</span> <span class='ocrx_word' id='word_1_118' title='bbox 696 1964 748 2017; x_wconf 88' lang='lat' dir='ltr'><strong>p.</strong></span> <span class='ocrx_word' id='word_1_119' title='bbox 790 1947 957 2018; x_wconf 71' lang='lat' dir='ltr'><strong>H9);</strong></span> <span class='ocrx_word' id='word_1_120' title='bbox 989 1948 1104 2005; x_wconf 69' lang='lat' dir='ltr'><strong>haec</strong></span> <span class='ocrx_word' id='word_1_121' title='bbox 1134 1960 1308 2004; x_wconf 84' lang='lat' dir='ltr'><strong>tamen</strong></span> <span class='ocrx_word' id='word_1_122' title='bbox 1341 1950 1514 2007; x_wconf 78' lang='lat' dir='ltr'><strong>littera</strong></span> <span class='ocrx_word' id='word_1_123' title='bbox 1556 1952 1622 2007; x_wconf 87' lang='lat' dir='ltr'><strong>ad</strong></span> <span class='ocrx_word' id='word_1_124' title='bbox 1666 1952 2035 2007; x_wconf 79' lang='lat' dir='ltr'><strong>formationem</strong></span> 
     </span>
    </p>
   </div>
   <div class='ocr_carea' id='block_1_19' title="bbox 467 2039 2036 2115">
    <p class='ocr_par' dir='ltr' id='par_1_19' title="bbox 467 2039 2036 2115">
     <span class='ocr_line' id='line_1_19' title="bbox 467 2039 2036 2115; baseline 0.003 -23"><span class='ocrx_word' id='word_1_125' title='bbox 467 2039 714 2115; x_wconf 77' lang='lat' dir='ltr'><strong>vocabuli</strong></span> <span class='ocrx_word' id='word_1_126' title='bbox 759 2055 865 2093; x_wconf 88' lang='lat' dir='ltr'><strong>non</strong></span> <span class='ocrx_word' id='word_1_127' title='bbox 909 2040 974 2095; x_wconf 84' lang='lat' dir='ltr'><strong>ad</strong></span> <span class='ocrx_word' id='word_1_128' title='bbox 1016 2040 1132 2109; x_wconf 85' lang='lat' dir='ltr'><strong>ejus</strong></span> <span class='ocrx_word' id='word_1_129' title='bbox 1171 2040 1456 2096; x_wconf 59' lang='lat' dir='ltr'><strong>tit-sionem</strong></span> <span class='ocrx_word' id='word_1_130' title='bbox 1504 2041 1764 2110; x_wconf 85' lang='lat' dir='ltr'><strong>pertinet;</strong></span> <span class='ocrx_word' id='word_1_131' title='bbox 1795 2040 1881 2097; x_wconf 90' lang='lat' dir='ltr'><strong>bic</strong></span> <span class='ocrx_word' id='word_1_132' title='bbox 1909 2054 2036 2096; x_wconf 86' lang='lat' dir='ltr'><strong>vero</strong></span> 
     </span>
    </p>
   </div>
   <div class='ocr_carea' id='block_1_20' title="bbox 465 2130 2036 2203">
    <p class='ocr_par' dir='ltr' id='par_1_20' title="bbox 465 2130 2036 2203">
     <span class='ocr_line' id='line_1_20' title="bbox 465 2130 2036 2203; baseline 0.001 -17"><span class='ocrx_word' id='word_1_133' title='bbox 465 2144 587 2186; x_wconf 85' lang='lat' dir='ltr'><strong>cum</strong></span> <span class='ocrx_word' id='word_1_134' title='bbox 615 2130 684 2186; x_wconf 89' lang='lat' dir='ltr'><strong>de</strong></span> <span class='ocrx_word' id='word_1_135' title='bbox 723 2132 1005 2196; x_wconf 85' lang='lat' dir='ltr'><strong>posteriori</strong></span> <span class='ocrx_word' id='word_1_136' title='bbox 1037 2141 1238 2187; x_wconf 86' lang='lat' dir='ltr'><strong>tantum</strong></span> <span class='ocrx_word' id='word_1_137' title='bbox 1267 2132 1527 2203; x_wconf 73' lang='lat' dir='ltr'><strong>agendum</strong></span> <span class='ocrx_word' id='word_1_138' title='bbox 1557 2132 1836 2199; x_wconf 78' lang='lat' dir='ltr'><strong>habemus,</strong></span> <span class='ocrx_word' id='word_1_139' title='bbox 1877 2146 2036 2188; x_wconf 86' lang='lat' dir='ltr'><strong>voca-</strong></span> 
     </span>
    </p>
   </div>
   <div class='ocr_carea' id='block_1_21' title="bbox 466 2221 2039 2295">
    <p class='ocr_par' dir='ltr' id='par_1_21' title="bbox 466 2221 2039 2295">
     <span class='ocr_line' id='line_1_21' title="bbox 466 2221 2039 2295; baseline -0.001 -18"><span class='ocrx_word' id='word_1_140' title='bbox 466 2222 646 2278; x_wconf 89' lang='lat' dir='ltr'><strong>bulum</strong></span> <span class='ocrx_word' id='word_1_141' title='bbox 675 2237 737 2279; x_wconf 89' lang='lat' dir='ltr'><strong>ea</strong></span> <span class='ocrx_word' id='word_1_142' title='bbox 759 2224 870 2277; x_wconf 84' lang='lat' dir='ltr'><strong>sola</strong></span> <span class='ocrx_word' id='word_1_143' title='bbox 896 2221 1062 2277; x_wconf 73' lang='lat' dir='ltr'><strong>ferina</strong></span> <span class='ocrx_word' id='word_1_144' title='bbox 1088 2224 1349 2290; x_wconf 87' lang='lat' dir='ltr'><strong>indutum,</strong></span> <span class='ocrx_word' id='word_1_145' title='bbox 1372 2238 1474 2295; x_wconf 87' lang='lat' dir='ltr'><strong>qua</strong></span> <span class='ocrx_word' id='word_1_146' title='bbox 1500 2225 1641 2281; x_wconf 88' lang='lat' dir='ltr'><strong>notis</strong></span> <span class='ocrx_word' id='word_1_147' title='bbox 1669 2238 1887 2280; x_wconf 90' lang='lat' dir='ltr'><strong>casuum</strong></span> <span class='ocrx_word' id='word_1_148' title='bbox 1907 2237 2039 2279; x_wconf 79' lang='lat' dir='ltr'><strong>con-</strong></span> 
     </span>
    </p>
   </div>
   <div class='ocr_carea' id='block_1_22' title="bbox 465 2316 1187 2386">
    <p class='ocr_par' dir='ltr' id='par_1_22' title="bbox 465 2316 1187 2386">
     <span class='ocr_line' id='line_1_22' title="bbox 465 2316 1187 2386; baseline -0.004 -15"><span class='ocrx_word' id='word_1_149' title='bbox 465 2316 716 2385; x_wconf 85' lang='lat' dir='ltr'><strong>nectitur,</strong></span> <span class='ocrx_word' id='word_1_150' title='bbox 749 2316 981 2386; x_wconf 85' lang='lat' dir='ltr'><strong>spectari</strong></span> <span class='ocrx_word' id='word_1_151' title='bbox 1008 2316 1187 2373; x_wconf 84' lang='lat' dir='ltr'><strong>debet.</strong></span> 
     </span>
    </p>
   </div>
   <div class='ocr_carea' id='block_1_23' title="bbox 861 2455 1637 2511">
    <p class='ocr_par' dir='ltr' id='par_1_23' title="bbox 861 2455 1637 2511">
     <span class='ocr_line' id='line_1_23' title="bbox 861 2455 1637 2511; baseline 0 -4"><span class='ocrx_word' id='word_1_152' title='bbox 861 2457 916 2507; x_wconf 81' lang='lat' dir='ltr'><strong>A.</strong></span> <span class='ocrx_word' id='word_1_153' title='bbox 940 2455 1209 2509; x_wconf 74' lang='lat' dir='ltr'><strong>VOCALIA</strong></span> <span class='ocrx_word' id='word_1_154' title='bbox 1246 2456 1637 2511; x_wconf 80' lang='lat' dir='ltr'><strong>DECLINATIO.</strong></span> 
     </span>
    </p>
   </div>
   <div class='ocr_carea' id='block_1_24' title="bbox 534 2580 2033 2653">
    <p class='ocr_par' dir='ltr' id='par_1_24' title="bbox 534 2580 2033 2653">
     <span class='ocr_line' id='line_1_24' title="bbox 534 2580 2033 2653; baseline -0.002 -15"><span class='ocrx_word' id='word_1_155' title='bbox 534 2582 562 2653; x_wconf 62' lang='grc' dir='ltr'>ᾗ</span> <span class='ocrx_word' id='word_1_156' title='bbox 588 2584 677 2638; x_wconf 57' lang='lat' dir='ltr'><strong>(ii.</strong></span> <span class='ocrx_word' id='word_1_157' title='bbox 702 2581 945 2637; x_wconf 77' lang='lat' dir='ltr'><strong>Vccalica</strong></span> <span class='ocrx_word' id='word_1_158' title='bbox 958 2582 1230 2636; x_wconf 78' lang='lat' dir='ltr'><strong>declinatio</strong></span> <span class='ocrx_word' id='word_1_159' title='bbox 1248 2584 1299 2636; x_wconf 90' lang='lat' dir='ltr'><strong>in</strong></span> <span class='ocrx_word' id='word_1_160' title='bbox 1322 2598 1387 2637; x_wconf 85' lang='lat' dir='ltr'><strong>eo</strong></span> <span class='ocrx_word' id='word_1_161' title='bbox 1402 2581 1753 2637; x_wconf 81' lang='lat' dir='ltr'><strong>essentialiter</strong></span> <span class='ocrx_word' id='word_1_162' title='bbox 1766 2580 2033 2648; x_wconf 85' lang='lat' dir='ltr'><strong>consistit,</strong></span> 
     </span>
    </p>
   </div>
   <div class='ocr_carea' id='block_1_25' title="bbox 464 2673 2037 2743">
    <p class='ocr_par' dir='ltr' id='par_1_25' title="bbox 464 2673 2037 2743">
     <span class='ocr_line' id='line_1_25' title="bbox 464 2673 2037 2743; baseline -0.001 -14"><span class='ocrx_word' id='word_1_163' title='bbox 464 2675 606 2743; x_wconf 88' lang='lat' dir='ltr'><strong>quod</strong></span> <span class='ocrx_word' id='word_1_164' title='bbox 637 2676 803 2730; x_wconf 82' lang='lat' dir='ltr'><strong>torrus</strong></span> <span class='ocrx_word' id='word_1_165' title='bbox 836 2676 1082 2730; x_wconf 83' lang='lat' dir='ltr'><strong>rad.calis</strong></span> <span class='ocrx_word' id='word_1_166' title='bbox 1112 2675 1488 2729; x_wconf 80' lang='lat' dir='ltr'><strong>vocabulorum</strong></span> <span class='ocrx_word' id='word_1_167' title='bbox 1516 2673 1580 2729; x_wconf 86' lang='lat' dir='ltr'><strong>ad</strong></span> <span class='ocrx_word' id='word_1_168' title='bbox 1606 2675 1742 2728; x_wconf 83' lang='lat' dir='ltr'><strong>hanc</strong></span> <span class='ocrx_word' id='word_1_169' title='bbox 1763 2675 2037 2742; x_wconf 87' lang='lat' dir='ltr'><strong>pertinen-</strong></span> 
     </span>
    </p>
   </div>
   <div class='ocr_carea' id='block_1_26' title="bbox 469 2765 2033 2821">
    <p class='ocr_par' dir='ltr' id='par_1_26' title="bbox 469 2765 2033 2821">
     <span class='ocr_line' id='line_1_26' title="bbox 469 2765 2033 2821; baseline -0.001 -2"><span class='ocrx_word' id='word_1_170' title='bbox 469 2768 598 2820; x_wconf 87' lang='lat' dir='ltr'><strong>tium</strong></span> <span class='ocrx_word' id='word_1_171' title='bbox 630 2766 684 2820; x_wconf 87' lang='lat' dir='ltr'><strong>in</strong></span> <span class='ocrx_word' id='word_1_172' title='bbox 710 2766 948 2821; x_wconf 89' lang='lat' dir='ltr'><strong>vocalem</strong></span> <span class='ocrx_word' id='word_1_173' title='bbox 1012 2767 1344 2821; x_wconf 67' lang='lat' dir='ltr'><strong>terminatur.</strong></span> <span class='ocrx_word' id='word_1_174' title='bbox 1393 2766 1510 2820; x_wconf 73' lang='lat' dir='ltr'><strong>lum</strong></span> <span class='ocrx_word' id='word_1_175' title='bbox 1542 2782 1670 2819; x_wconf 86' lang='lat' dir='ltr'><strong>vcru</strong></span> <span class='ocrx_word' id='word_1_176' title='bbox 1699 2767 1750 2819; x_wconf 91' lang='lat' dir='ltr'><strong>in</strong></span> <span class='ocrx_word' id='word_1_177' title='bbox 1782 2765 2033 2819; x_wconf 85' lang='lat' dir='ltr'><strong>termina—</strong></span> 
     </span>
    </p>
   </div>
   <div class='ocr_carea' id='block_1_27' title="bbox 465 2858 2029 2923">
    <p class='ocr_par' dir='ltr' id='par_1_27' title="bbox 465 2858 2029 2923">
     <span class='ocr_line' id='line_1_27' title="bbox 465 2858 2029 2923; baseline -0.001 -11"><span class='ocrx_word' id='word_1_178' title='bbox 465 2859 612 2913; x_wconf 85' lang='lat' dir='ltr'><strong>tione</strong></span> <span class='ocrx_word' id='word_1_179' title='bbox 640 2858 886 2914; x_wconf 72' lang='lat' dir='ltr'><strong>radiculis</strong></span> <span class='ocrx_word' id='word_1_180' title='bbox 913 2859 1098 2914; x_wconf 81' lang='lat' dir='ltr'><strong>formtc</strong></span> <span class='ocrx_word' id='word_1_181' title='bbox 1125 2867 1233 2912; x_wconf 75' lang='lat' dir='ltr'><strong>tzes</strong></span> <span class='ocrx_word' id='word_1_182' title='bbox 1261 2867 1460 2911; x_wconf 84' lang='lat' dir='ltr'><strong>tantum</strong></span> <span class='ocrx_word' id='word_1_183' title='bbox 1484 2859 1693 2912; x_wconf 70' lang='lat' dir='ltr'><strong>vocales</strong></span> <span class='ocrx_word' id='word_1_184' title='bbox 1720 2870 2029 2923; x_wconf 83' lang='lat' dir='ltr'><strong>oceurrunt,</strong></span> 
     </span>
    </p>
   </div>
   <div class='ocr_carea' id='block_1_28' title="bbox 465 2952 2034 3022">
    <p class='ocr_par' dir='ltr' id='par_1_28' title="bbox 465 2952 2034 3022">
     <span class='ocr_line' id='line_1_28' title="bbox 465 2952 2034 3022; baseline 0 -17"><span class='ocrx_word' id='word_1_185' title='bbox 465 2968 520 3018; x_wconf 80' lang='lat' dir='ltr'><strong>tt,</strong></span> <span class='ocrx_word' id='word_1_186' title='bbox 550 2952 568 3003; x_wconf 77' lang='grc' dir='ltr'><strong><em>ἱ</em></strong></span> <span class='ocrx_word' id='word_1_187' title='bbox 591 2960 646 3006; x_wconf 87' lang='lat' dir='ltr'><strong>et</strong></span> <span class='ocrx_word' id='word_1_188' title='bbox 672 2969 726 3019; x_wconf 85' lang='lat' dir='ltr'><strong>lt,</strong></span> <span class='ocrx_word' id='word_1_189' title='bbox 753 2966 873 3022; x_wconf 78' lang='lat' dir='ltr'><strong>qua:</strong></span> <span class='ocrx_word' id='word_1_190' title='bbox 891 2952 1104 3022; x_wconf 80' lang='lat' dir='ltr'><strong>quidem</strong></span> <span class='ocrx_word' id='word_1_191' title='bbox 1148 2953 1198 3004; x_wconf 86' lang='lat' dir='ltr'><strong>in</strong></span> <span class='ocrx_word' id='word_1_192' title='bbox 1226 2952 1581 3006; x_wconf 87' lang='lat' dir='ltr'><strong>declinatione</strong></span> <span class='ocrx_word' id='word_1_193' title='bbox 1610 2952 1781 3005; x_wconf 73' lang='lat' dir='ltr'><strong>varias</strong></span> <span class='ocrx_word' id='word_1_194' title='bbox 1805 2952 2034 3005; x_wconf 84' lang='lat' dir='ltr'><strong>subeunt</strong></span> 
     </span>
    </p>
   </div>
   <div class='ocr_carea' id='block_1_29' title="bbox 463 3040 2029 3111">
    <p class='ocr_par' dir='ltr' id='par_1_29' title="bbox 463 3040 2029 3111">
     <span class='ocr_line' id='line_1_29' title="bbox 463 3040 2029 3111; baseline 0 -14"><span class='ocrx_word' id='word_1_195' title='bbox 463 3040 797 3108; x_wconf 69' lang='lat' dir='ltr'><strong>adfectiones,</strong></span> <span class='ocrx_word' id='word_1_196' title='bbox 813 3043 930 3098; x_wconf 86' lang='lat' dir='ltr'><strong>sive</strong></span> <span class='ocrx_word' id='word_1_197' title='bbox 954 3041 1266 3107; x_wconf 69' lang='lat' dir='ltr'><strong>debilitatae,</strong></span> <span class='ocrx_word' id='word_1_198' title='bbox 1285 3046 1397 3096; x_wconf 73' lang='lat' dir='ltr'><strong>sive</strong></span> <span class='ocrx_word' id='word_1_199' title='bbox 1429 3042 1849 3111; x_wconf 72' lang='lat' dir='ltr'><strong>prodttctaz.sive</strong></span> <span class='ocrx_word' id='word_1_200' title='bbox 1871 3043 2029 3097; x_wconf 53' lang='lat' dir='ltr'><strong>etiam</strong></span> 
     </span>
    </p>
   </div>
   <div class='ocr_carea' id='block_1_30' title="bbox 470 3136 2028 3205">
    <p class='ocr_par' dir='ltr' id='par_1_30' title="bbox 470 3136 2028 3205">
     <span class='ocr_line' id='line_1_30' title="bbox 470 3136 2028 3205; baseline -0.001 -15"><span class='ocrx_word' id='word_1_201' title='bbox 470 3136 525 3190; x_wconf 91' lang='lat' dir='ltr'><strong>in</strong></span> <span class='ocrx_word' id='word_1_202' title='bbox 555 3136 866 3204; x_wconf 79' lang='lat' dir='ltr'><strong>quibusdam</strong></span> <span class='ocrx_word' id='word_1_203' title='bbox 906 3136 1120 3191; x_wconf 77' lang='lat' dir='ltr'><strong>casibus</strong></span> <span class='ocrx_word' id='word_1_204' title='bbox 1147 3137 1365 3190; x_wconf 79' lang='lat' dir='ltr'><strong>omnino</strong></span> <span class='ocrx_word' id='word_1_205' title='bbox 1392 3136 1601 3205; x_wconf 62' lang='lat' dir='ltr'><strong>rejects:</strong></span> <span class='ocrx_word' id='word_1_206' title='bbox 1625 3153 1640 3189; x_wconf 88' lang='lat'><strong>:</strong></span> <span class='ocrx_word' id='word_1_207' title='bbox 1666 3152 1697 3189; x_wconf 89' lang='lat' dir='ltr'><strong>a</strong></span> <span class='ocrx_word' id='word_1_208' title='bbox 1716 3136 2028 3204; x_wconf 81' lang='lat' dir='ltr'><strong>saepissime,</strong></span> 
     </span>
    </p>
   </div>
   <div class='ocr_carea' id='block_1_31' title="bbox 467 3224 2033 3296">
    <p class='ocr_par' dir='ltr' id='par_1_31' title="bbox 467 3224 2033 3296">
     <span class='ocr_line' id='line_1_31' title="bbox 467 3224 2033 3296; baseline -0.001 -15"><span class='ocrx_word' id='word_1_209' title='bbox 467 3228 485 3281; x_wconf 88' lang='lat' dir='ltr'><strong>i</strong></span> <span class='ocrx_word' id='word_1_210' title='bbox 529 3230 736 3283; x_wconf 89' lang='lat' dir='ltr'><strong>nonnisi</strong></span> <span class='ocrx_word' id='word_1_211' title='bbox 781 3242 923 3292; x_wconf 82' lang='lat' dir='ltr'><strong>raro,</strong></span> <span class='ocrx_word' id='word_1_212' title='bbox 951 3244 982 3281; x_wconf 83' lang='lat' dir='ltr'><strong>tt</strong></span> <span class='ocrx_word' id='word_1_213' title='bbox 1009 3236 1186 3282; x_wconf 88' lang='lat' dir='ltr'><strong>autem</strong></span> <span class='ocrx_word' id='word_1_214' title='bbox 1236 3240 1501 3296; x_wconf 83' lang='lat' dir='ltr'><strong>nunquam</strong></span> <span class='ocrx_word' id='word_1_215' title='bbox 1551 3226 1833 3281; x_wconf 89' lang='lat' dir='ltr'><strong>omittitur.</strong></span> <span class='ocrx_word' id='word_1_216' title='bbox 1884 3224 2033 3280; x_wconf 80' lang='lat' dir='ltr'><strong>Nunc</strong></span> 
     </span>
    </p>
   </div>
   <div class='ocr_carea' id='block_1_32' title="bbox 466 3319 2033 3379">
    <p class='ocr_par' dir='ltr' id='par_1_32' title="bbox 466 3319 2033 3379">
     <span class='ocr_line' id='line_1_32' title="bbox 466 3319 2033 3379; baseline 0 -4"><span class='ocrx_word' id='word_1_217' title='bbox 466 3335 593 3379; x_wconf 86' lang='lat' dir='ltr'><strong>vero</strong></span> <span class='ocrx_word' id='word_1_218' title='bbox 633 3324 700 3376; x_wconf 89' lang='lat' dir='ltr'><strong>ad</strong></span> <span class='ocrx_word' id='word_1_219' title='bbox 733 3321 1040 3377; x_wconf 72' lang='lat' dir='ltr'><strong>tenuandus</strong></span> <span class='ocrx_word' id='word_1_220' title='bbox 1067 3335 1223 3376; x_wconf 78' lang='lat' dir='ltr'><strong>caSus</strong></span> <span class='ocrx_word' id='word_1_221' title='bbox 1253 3321 1501 3375; x_wconf 71' lang='lat' dir='ltr'><strong>vocalica:</strong></span> <span class='ocrx_word' id='word_1_222' title='bbox 1542 3319 1911 3375; x_wconf 79' lang='lat' dir='ltr'><strong>deeliuationis</strong></span> <span class='ocrx_word' id='word_1_223' title='bbox 1949 3335 2033 3375; x_wconf 84' lang='lat' dir='ltr'><strong>se-</strong></span> 
     </span>
    </p>
   </div>
   <div class='ocr_carea' id='block_1_33' title="bbox 465 3414 1275 3485">
    <p class='ocr_par' dir='ltr' id='par_1_33' title="bbox 465 3414 1275 3485">
     <span class='ocr_line' id='line_1_33' title="bbox 465 3414 1275 3485; baseline -0.002 -15"><span class='ocrx_word' id='word_1_224' title='bbox 465 3424 690 3484; x_wconf 82' lang='lat' dir='ltr'><strong>quentes</strong></span> <span class='ocrx_word' id='word_1_225' title='bbox 717 3414 1010 3471; x_wconf 74' lang='lat' dir='ltr'><strong>inserviant</strong></span> <span class='ocrx_word' id='word_1_226' title='bbox 1038 3416 1234 3485; x_wconf 79' lang='lat' dir='ltr'><strong>regula:</strong></span> <span class='ocrx_word' id='word_1_227' title='bbox 1259 3431 1275 3468; x_wconf 89' lang='lat'><strong>:</strong></span> 
     </span>
    </p>
   </div>
   <div class='ocr_carea' id='block_1_34' title="bbox 536 3504 2034 3578">
    <p class='ocr_par' dir='ltr' id='par_1_34' title="bbox 536 3504 2034 3578">
     <span class='ocr_line' id='line_1_34' title="bbox 536 3504 2034 3578; baseline -0.006 -12"><span class='ocrx_word' id='word_1_228' title='bbox 536 3509 593 3578; x_wconf 76' lang='lat' dir='ltr'><strong>i)</strong></span> <span class='ocrx_word' id='word_1_229' title='bbox 615 3508 982 3563; x_wconf 76' lang='lat' dir='ltr'><strong>Nominativus</strong></span> <span class='ocrx_word' id='word_1_230' title='bbox 1003 3506 1209 3578; x_wconf 69' lang='lat' dir='ltr'><strong>sing.in</strong></span> <span class='ocrx_word' id='word_1_231' title='bbox 1231 3520 1394 3562; x_wconf 85' lang='lat' dir='ltr'><strong>masc.</strong></span> <span class='ocrx_word' id='word_1_232' title='bbox 1422 3515 1476 3561; x_wconf 92' lang='lat' dir='ltr'><strong>et</strong></span> <span class='ocrx_word' id='word_1_233' title='bbox 1503 3505 1625 3558; x_wconf 64' lang='grc' dir='ltr'>[μηδ.</span> <span class='ocrx_word' id='word_1_234' title='bbox 1654 3504 1718 3559; x_wconf 90' lang='lat' dir='ltr'><strong>ad</strong></span> <span class='ocrx_word' id='word_1_235' title='bbox 1751 3504 2034 3560; x_wconf 80' lang='lat' dir='ltr'><strong>rad&#39;caletn</strong></span> 
     </span>
    </p>
   </div>
   <div class='ocr_carea' id='block_1_35' title="bbox 469 3600 2033 3664">
    <p class='ocr_par' dir='ltr' id='par_1_35' title="bbox 469 3600 2033 3664">
     <span class='ocr_line' id='line_1_35' title="bbox 469 3600 2033 3664; baseline -0.003 -8"><span class='ocrx_word' id='word_1_236' title='bbox 469 3600 694 3658; x_wconf 76' lang='lat' dir='ltr'><strong>formam</strong></span> <span class='ocrx_word' id='word_1_237' title='bbox 737 3617 762 3656; x_wconf 72' lang='grc' dir='ltr'><strong><em>ε</em></strong></span> <span class='ocrx_word' id='word_1_238' title='bbox 806 3600 973 3664; x_wconf 87' lang='lat' dir='ltr'><strong>addit,</strong></span> <span class='ocrx_word' id='word_1_239' title='bbox 1010 3602 1138 3656; x_wconf 89' lang='lat' dir='ltr'><strong>dum</strong></span> <span class='ocrx_word' id='word_1_240' title='bbox 1185 3601 1406 3664; x_wconf 76' lang='lat' dir='ltr'><strong>vocali~,</strong></span> <span class='ocrx_word' id='word_1_241' title='bbox 1440 3600 1485 3653; x_wconf 82' lang='lat' dir='ltr'><strong>si</strong></span> <span class='ocrx_word' id='word_1_242' title='bbox 1537 3617 1567 3652; x_wconf 78' lang='grc' dir='ltr'><strong><em>ιι</em></strong></span> <span class='ocrx_word' id='word_1_243' title='bbox 1610 3608 1711 3663; x_wconf 85' lang='lat' dir='ltr'><strong>cst,</strong></span> <span class='ocrx_word' id='word_1_244' title='bbox 1760 3601 2033 3652; x_wconf 82' lang='lat' dir='ltr'><strong>immutata</strong></span> 
     </span>
    </p>
   </div>
   <div class='ocr_carea' id='block_1_36' title="bbox 468 3692 2034 3764">
    <p class='ocr_par' dir='ltr' id='par_1_36' title="bbox 468 3692 2034 3764">
     <span class='ocr_line' id='line_1_36' title="bbox 468 3692 2034 3764; baseline -0.003 -14"><span class='ocrx_word' id='word_1_245' title='bbox 468 3695 781 3758; x_wconf 86' lang='lat' dir='ltr'><strong>retnauet,si</strong></span> <span class='ocrx_word' id='word_1_246' title='bbox 820 3695 837 3746; x_wconf 90' lang='lat' dir='ltr'><strong>i</strong></span> <span class='ocrx_word' id='word_1_247' title='bbox 866 3694 1122 3764; x_wconf 86' lang='lat' dir='ltr'><strong>rejicitur,</strong></span> <span class='ocrx_word' id='word_1_248' title='bbox 1142 3694 1185 3748; x_wconf 88' lang='lat' dir='ltr'><strong>si</strong></span> <span class='ocrx_word' id='word_1_249' title='bbox 1210 3695 1419 3748; x_wconf 80' lang='lat' dir='ltr'><strong>tandem</strong></span> <span class='ocrx_word' id='word_1_250' title='bbox 1443 3709 1493 3755; x_wconf 89' lang='lat' dir='ltr'><strong>a,</strong></span> <span class='ocrx_word' id='word_1_251' title='bbox 1520 3704 1626 3746; x_wconf 86' lang='lat' dir='ltr'><strong>ltltll</strong></span> <span class='ocrx_word' id='word_1_252' title='bbox 1651 3692 1906 3759; x_wconf 85' lang='lat' dir='ltr'><strong>rejicitur,</strong></span> <span class='ocrx_word' id='word_1_253' title='bbox 1925 3702 2034 3745; x_wconf 89' lang='lat' dir='ltr'><strong>tum</strong></span> 
     </span>
    </p>
   </div>
   <div class='ocr_carea' id='block_1_37' title="bbox 468 3784 2038 3841">
    <p class='ocr_par' dir='ltr' id='par_1_37' title="bbox 468 3784 2038 3841">
     <span class='ocr_line' id='line_1_37' title="bbox 468 3784 2038 3841; baseline -0.003 -1"><span class='ocrx_word' id='word_1_254' title='bbox 468 3785 521 3841; x_wconf 88' lang='lat' dir='ltr'><strong>in</strong></span> <span class='ocrx_word' id='word_1_255' title='bbox 564 3787 580 3840; x_wconf 84' lang='lat' dir='ltr'><strong>i</strong></span> <span class='ocrx_word' id='word_1_256' title='bbox 622 3785 946 3841; x_wconf 79' lang='lat' dir='ltr'><strong>debilitatur.</strong></span> <span class='ocrx_word' id='word_1_257' title='bbox 993 3784 1326 3840; x_wconf 80' lang='lat' dir='ltr'><strong>Femininutn</strong></span> <span class='ocrx_word' id='word_1_258' title='bbox 1355 3794 1554 3838; x_wconf 83' lang='lat' dir='ltr'><strong>tantum</strong></span> <span class='ocrx_word' id='word_1_259' title='bbox 1584 3784 1742 3839; x_wconf 81' lang='lat' dir='ltr'><strong>modo</strong></span> <span class='ocrx_word' id='word_1_260' title='bbox 1770 3784 1905 3837; x_wconf 89' lang='lat' dir='ltr'><strong>banc</strong></span> <span class='ocrx_word' id='word_1_261' title='bbox 1933 3799 2038 3837; x_wconf 87' lang='lat' dir='ltr'><strong>ser-</strong></span> 
     </span>
    </p>
   </div>
   <div class='ocr_carea' id='block_1_38' title="bbox 469 3876 2038 3947">
    <p class='ocr_par' dir='ltr' id='par_1_38' title="bbox 469 3876 2038 3947">
     <span class='ocr_line' id='line_1_38' title="bbox 469 3876 2038 3947; baseline 0.001 -16"><span class='ocrx_word' id='word_1_262' title='bbox 469 3888 575 3943; x_wconf 87' lang='lat' dir='ltr'><strong>vat,</strong></span> <span class='ocrx_word' id='word_1_263' title='bbox 592 3896 625 3932; x_wconf 82' lang='lat' dir='ltr'><strong>n</strong></span> <span class='ocrx_word' id='word_1_264' title='bbox 642 3878 1029 3932; x_wconf 72' lang='lat' dir='ltr'><strong>lerminatinn‘s</strong></span> <span class='ocrx_word' id='word_1_265' title='bbox 1052 3893 1156 3933; x_wconf 87' lang='lat' dir='ltr'><strong>non</strong></span> <span class='ocrx_word' id='word_1_266' title='bbox 1175 3890 1417 3947; x_wconf 89' lang='lat' dir='ltr'><strong>accepto.</strong></span> <span class='ocrx_word' id='word_1_267' title='bbox 1438 3877 1692 3931; x_wconf 78' lang='lat' dir='ltr'><strong>Neutrum</strong></span> <span class='ocrx_word' id='word_1_268' title='bbox 1716 3876 1856 3931; x_wconf 90' lang='lat' dir='ltr'><strong>idem</strong></span> <span class='ocrx_word' id='word_1_269' title='bbox 1879 3887 2038 3942; x_wconf 78' lang='lat' dir='ltr'><strong>atque</strong></span> 
     </span>
    </p>
   </div>
   <div class='ocr_carea' id='block_1_39' title="bbox 470 3970 2039 4041">
    <p class='ocr_par' dir='ltr' id='par_1_39' title="bbox 470 3970 2039 4041">
     <span class='ocr_line' id='line_1_39' title="bbox 470 3970 2039 4041; baseline 0 -16"><span class='ocrx_word' id='word_1_270' title='bbox 470 3974 670 4026; x_wconf 83' lang='lat' dir='ltr'><strong>tuascul</strong></span> <span class='ocrx_word' id='word_1_271' title='bbox 695 3988 819 4024; x_wconf 89' lang='lat' dir='ltr'><strong>nutn</strong></span> <span class='ocrx_word' id='word_1_272' title='bbox 847 3986 907 4027; x_wconf 73' lang='lat' dir='ltr'><strong>se</strong></span> <span class='ocrx_word' id='word_1_273' title='bbox 938 3970 1130 4036; x_wconf 81' lang='lat' dir='ltr'><strong>habet,</strong></span> <span class='ocrx_word' id='word_1_274' title='bbox 1161 3981 1383 4041; x_wconf 81' lang='lat' dir='ltr'><strong>excepto</strong></span> <span class='ocrx_word' id='word_1_275' title='bbox 1407 3970 1548 4040; x_wconf 76' lang='lat' dir='ltr'><strong>quod</strong></span> <span class='ocrx_word' id='word_1_276' title='bbox 1576 3987 1600 4025; x_wconf 73' lang='grc' dir='ltr'><strong><em>ε</em></strong></span> <span class='ocrx_word' id='word_1_277' title='bbox 1647 3970 2039 4027; x_wconf 78' lang='lat' dir='ltr'><strong>terminationis</strong></span> 
     </span>
    </p>
   </div>
   <div class='ocr_carea' id='block_1_40' title="bbox 469 4065 797 4133">
    <p class='ocr_par' dir='ltr' id='par_1_40' title="bbox 469 4065 797 4133">
     <span class='ocr_line' id='line_1_40' title="bbox 469 4065 797 4133; baseline -0.009 -13"><span class='ocrx_word' id='word_1_278' title='bbox 469 4079 576 4120; x_wconf 83' lang='lat' dir='ltr'><strong>non</strong></span> <span class='ocrx_word' id='word_1_279' title='bbox 601 4065 797 4133; x_wconf 81' lang='lat' dir='ltr'><strong>capiat.</strong></span> 
     </span>
    </p>
   </div>
   <div class='ocr_carea' id='block_1_41' title="bbox 536 4153 2041 4226">
    <p class='ocr_par' dir='ltr' id='par_1_41' title="bbox 536 4153 2041 4226">
     <span class='ocr_line' id='line_1_41' title="bbox 536 4153 2041 4226; baseline 0.002 -17"><span class='ocrx_word' id='word_1_280' title='bbox 536 4153 600 4223; x_wconf 73' lang='grc'><strong>2)</strong></span> <span class='ocrx_word' id='word_1_281' title='bbox 630 4155 974 4210; x_wconf 78' lang='lat' dir='ltr'><strong>Accusativus</strong></span> <span class='ocrx_word' id='word_1_282' title='bbox 1002 4162 1054 4211; x_wconf 90' lang='lat' dir='ltr'><strong>et</strong></span> <span class='ocrx_word' id='word_1_283' title='bbox 1086 4156 1360 4212; x_wconf 75' lang='lat' dir='ltr'><strong>vocativus</strong></span> <span class='ocrx_word' id='word_1_284' title='bbox 1386 4154 1526 4226; x_wconf 74' lang='lat' dir='ltr'><strong>sing.</strong></span> <span class='ocrx_word' id='word_1_285' title='bbox 1559 4153 1886 4212; x_wconf 74' lang='lat' dir='ltr'><strong>nominativo</strong></span> <span class='ocrx_word' id='word_1_286' title='bbox 1912 4171 2041 4212; x_wconf 89' lang='lat' dir='ltr'><strong>con-</strong></span> 
     </span>
    </p>
   </div>
   <div class='ocr_carea' id='block_1_42' title="bbox 468 4246 1154 4319">
    <p class='ocr_par' dir='ltr' id='par_1_42' title="bbox 468 4246 1154 4319">
     <span class='ocr_line' id='line_1_42' title="bbox 468 4246 1154 4319; baseline -0.001 -17"><span class='ocrx_word' id='word_1_287' title='bbox 468 4257 681 4319; x_wconf 73' lang='lat' dir='ltr'><strong>gruunt,</strong></span> <span class='ocrx_word' id='word_1_288' title='bbox 708 4263 735 4302; x_wconf 84' lang='lat' dir='ltr'><strong>s</strong></span> <span class='ocrx_word' id='word_1_289' title='bbox 763 4246 906 4302; x_wconf 86' lang='lat' dir='ltr'><strong>llnali</strong></span> <span class='ocrx_word' id='word_1_290' title='bbox 936 4247 1154 4318; x_wconf 69' lang='lat' dir='ltr'><strong>reiecto.</strong></span> 
     </span>
    </p>
   </div>
   <div class='ocr_carea' id='block_1_43' title="bbox 541 4337 2040 4408">
    <p class='ocr_par' dir='ltr' id='par_1_43' title="bbox 541 4337 2040 4408">
     <span class='ocr_line' id='line_1_43' title="bbox 541 4337 2040 4408; baseline 0.003 -17"><span class='ocrx_word' id='word_1_291' title='bbox 541 4339 595 4403; x_wconf 72' lang='grc' dir='ltr'><strong>ὅ)</strong></span> <span class='ocrx_word' id='word_1_292' title='bbox 630 4338 849 4394; x_wconf 75' lang='lat' dir='ltr'><strong>nativus</strong></span> <span class='ocrx_word' id='word_1_293' title='bbox 874 4339 1011 4408; x_wconf 74' lang='lat' dir='ltr'><strong>sing.</strong></span> <span class='ocrx_word' id='word_1_294' title='bbox 1040 4355 1074 4393; x_wconf 81' lang='lat' dir='ltr'><strong>lt</strong></span> <span class='ocrx_word' id='word_1_295' title='bbox 1112 4338 1181 4394; x_wconf 87' lang='lat' dir='ltr'><strong>ad</strong></span> <span class='ocrx_word' id='word_1_296' title='bbox 1224 4337 1655 4394; x_wconf 85' lang='lat' dir='ltr'><strong>terminationem</strong></span> <span class='ocrx_word' id='word_1_297' title='bbox 1694 4338 1854 4394; x_wconf 73' lang='lat' dir='ltr'><strong>attito</strong></span> <span class='ocrx_word' id='word_1_298' title='bbox 1883 4339 2040 4395; x_wconf 70' lang='lat' dir='ltr'><strong>etrur-</strong></span> 
     </span>
    </p>
   </div>
   <div class='ocr_carea' id='block_1_44' title="bbox 473 4430 2044 4499">
    <p class='ocr_par' dir='ltr' id='par_1_44' title="bbox 473 4430 2044 4499">
     <span class='ocr_line' id='line_1_44' title="bbox 473 4430 2044 4499; baseline -0.001 -12"><span class='ocrx_word' id='word_1_299' title='bbox 473 4439 669 4487; x_wconf 76' lang='lat' dir='ltr'><strong>tttnlttt‘.</strong></span> <span class='ocrx_word' id='word_1_300' title='bbox 701 4430 835 4486; x_wconf 90' lang='lat' dir='ltr'><strong>llinc</strong></span> <span class='ocrx_word' id='word_1_301' title='bbox 859 4431 910 4485; x_wconf 89' lang='lat' dir='ltr'><strong>iu</strong></span> <span class='ocrx_word' id='word_1_302' title='bbox 951 4432 1126 4486; x_wconf 85' lang='lat' dir='ltr'><strong>verbis</strong></span> <span class='ocrx_word' id='word_1_303' title='bbox 1149 4444 1373 4499; x_wconf 82' lang='lat' dir='ltr'><strong>quorum</strong></span> <span class='ocrx_word' id='word_1_304' title='bbox 1416 4430 1661 4486; x_wconf 86' lang='lat' dir='ltr'><strong>radicalis</strong></span> <span class='ocrx_word' id='word_1_305' title='bbox 1693 4432 1858 4487; x_wconf 78' lang='lat' dir='ltr'><strong>forma</strong></span> <span class='ocrx_word' id='word_1_306' title='bbox 1889 4447 1985 4499; x_wconf 83' lang='lat' dir='ltr'><strong>per</strong></span> <span class='ocrx_word' id='word_1_307' title='bbox 2012 4449 2044 4486; x_wconf 78' lang='grc' dir='ltr'><strong>α</strong></span> 
     </span>
    </p>
   </div>
   <div class='ocr_carea' id='block_1_45' title="bbox 471 4520 2038 4592">
    <p class='ocr_par' dir='ltr' id='par_1_45' title="bbox 471 4520 2038 4592">
     <span class='ocr_line' id='line_1_45' title="bbox 471 4520 2038 4592; baseline 0.002 -16"><span class='ocrx_word' id='word_1_308' title='bbox 471 4523 807 4587; x_wconf 77' lang='lat' dir='ltr'><strong>terminatur,</strong></span> <span class='ocrx_word' id='word_1_309' title='bbox 835 4521 958 4578; x_wconf 80' lang='lat' dir='ltr'><strong>huic</strong></span> <span class='ocrx_word' id='word_1_310' title='bbox 995 4520 1178 4577; x_wconf 63' lang='lat' dir='ltr'><strong>formae</strong></span> <span class='ocrx_word' id='word_1_311' title='bbox 1196 4520 1478 4585; x_wconf 78' lang='lat' dir='ltr'><strong>convenit;</strong></span> <span class='ocrx_word' id='word_1_312' title='bbox 1509 4524 1553 4576; x_wconf 90' lang='lat' dir='ltr'><strong>si</strong></span> <span class='ocrx_word' id='word_1_313' title='bbox 1583 4536 1708 4577; x_wconf 88' lang='lat' dir='ltr'><strong>vero</strong></span> <span class='ocrx_word' id='word_1_314' title='bbox 1734 4537 1829 4592; x_wconf 88' lang='lat' dir='ltr'><strong>per</strong></span> <span class='ocrx_word' id='word_1_315' title='bbox 1856 4524 1895 4588; x_wconf 86' lang='lat' dir='ltr'><strong>i,</strong></span> <span class='ocrx_word' id='word_1_316' title='bbox 1926 4524 2038 4579; x_wconf 70' lang='lat' dir='ltr'><strong>inec</strong></span> 
     </span>
    </p>
   </div>
   <div class='ocr_carea' id='block_1_46' title="bbox 471 4610 2042 4678">
    <p class='ocr_par' dir='ltr' id='par_1_46' title="bbox 471 4610 2042 4678">
     <span class='ocr_line' id='line_1_46' title="bbox 471 4610 2042 4678; baseline -0.001 -9"><span class='ocrx_word' id='word_1_317' title='bbox 471 4615 672 4670; x_wconf 84' lang='lat' dir='ltr'><strong>vocalis</strong></span> <span class='ocrx_word' id='word_1_318' title='bbox 699 4614 752 4670; x_wconf 92' lang='lat' dir='ltr'><strong>in</strong></span> <span class='ocrx_word' id='word_1_319' title='bbox 775 4629 942 4670; x_wconf 86' lang='lat' dir='ltr'><strong>masc.</strong></span> <span class='ocrx_word' id='word_1_320' title='bbox 971 4629 1001 4669; x_wconf 89' lang='lat' dir='ltr'><strong>a</strong></span> <span class='ocrx_word' id='word_1_321' title='bbox 1025 4615 1142 4671; x_wconf 85' lang='lat' dir='ltr'><strong>loco</strong></span> <span class='ocrx_word' id='word_1_322' title='bbox 1167 4622 1431 4678; x_wconf 76' lang='lat' dir='ltr'><strong>movetur,</strong></span> <span class='ocrx_word' id='word_1_323' title='bbox 1456 4614 1509 4668; x_wconf 89' lang='lat' dir='ltr'><strong>in</strong></span> <span class='ocrx_word' id='word_1_324' title='bbox 1539 4610 1665 4669; x_wconf 81' lang='lat' dir='ltr'><strong>fern.</strong></span> <span class='ocrx_word' id='word_1_325' title='bbox 1697 4624 1872 4670; x_wconf 89' lang='lat' dir='ltr'><strong>autem</strong></span> <span class='ocrx_word' id='word_1_326' title='bbox 1896 4631 2042 4670; x_wconf 86' lang='lat' dir='ltr'><strong>rum-</strong></span> 
     </span>
    </p>
   </div>
   <div class='ocr_carea' id='block_1_47' title="bbox 473 4703 2043 4778">
    <p class='ocr_par' dir='ltr' id='par_1_47' title="bbox 473 4703 2043 4778">
     <span class='ocr_line' id='line_1_47' title="bbox 473 4703 2043 4778; baseline -0.001 -18"><span class='ocrx_word' id='word_1_327' title='bbox 473 4707 637 4778; x_wconf 85' lang='lat' dir='ltr'><strong>pitur,</strong></span> <span class='ocrx_word' id='word_1_328' title='bbox 666 4721 699 4759; x_wconf 87' lang='lat' dir='ltr'><strong>a</strong></span> <span class='ocrx_word' id='word_1_329' title='bbox 728 4706 967 4761; x_wconf 86' lang='lat' dir='ltr'><strong>eamdem</strong></span> <span class='ocrx_word' id='word_1_330' title='bbox 999 4707 1298 4777; x_wconf 83' lang='lat' dir='ltr'><strong>ruptioeem</strong></span> <span class='ocrx_word' id='word_1_331' title='bbox 1328 4703 1383 4759; x_wconf 90' lang='lat' dir='ltr'><strong>in</strong></span> <span class='ocrx_word' id='word_1_332' title='bbox 1408 4703 1695 4761; x_wconf 84' lang='lat' dir='ltr'><strong>radicalem</strong></span> <span class='ocrx_word' id='word_1_333' title='bbox 1737 4705 1975 4759; x_wconf 86' lang='lat' dir='ltr'><strong>vocalem</strong></span> <span class='ocrx_word' id='word_1_334' title='bbox 2007 4722 2043 4758; x_wconf 78' lang='lat' dir='ltr'><strong>tt</strong></span> 
     </span>
    </p>
   </div>
   <div class='ocr_carea' id='block_1_48' title="bbox 473 4797 817 4869">
    <p class='ocr_par' dir='ltr' id='par_1_48' title="bbox 473 4797 817 4869">
     <span class='ocr_line' id='line_1_48' title="bbox 473 4797 817 4869; baseline -0.006 -16"><span class='ocrx_word' id='word_1_335' title='bbox 473 4797 817 4869; x_wconf 88' lang='lat' dir='ltr'><strong>producente.</strong></span> 
     </span>
    </p>
   </div>
   <div class='ocr_carea' id='block_1_49' title="bbox 542 4886 2039 4960">
    <p class='ocr_par' dir='ltr' id='par_1_49' title="bbox 542 4886 2039 4960">
     <span class='ocr_line' id='line_1_49' title="bbox 542 4886 2039 4960; baseline -0.003 -17"><span class='ocrx_word' id='word_1_336' title='bbox 542 4887 601 4958; x_wconf 74' lang='grc' dir='ltr'><strong>ι)</strong></span> <span class='ocrx_word' id='word_1_337' title='bbox 636 4886 912 4944; x_wconf 81' lang='lat' dir='ltr'><strong>Genitivus</strong></span> <span class='ocrx_word' id='word_1_338' title='bbox 975 4888 1113 4960; x_wconf 70' lang='lat' dir='ltr'><strong>sing.</strong></span> <span class='ocrx_word' id='word_1_339' title='bbox 1168 4886 1594 4942; x_wconf 85' lang='lat' dir='ltr'><strong>terminationem</strong></span> <span class='ocrx_word' id='word_1_340' title='bbox 1634 4904 1659 4939; x_wconf 83' lang='lat' dir='ltr'><strong>s</strong></span> <span class='ocrx_word' id='word_1_341' title='bbox 1704 4901 1824 4942; x_wconf 84' lang='lat' dir='ltr'><strong>cum</strong></span> <span class='ocrx_word' id='word_1_342' title='bbox 1870 4887 2039 4943; x_wconf 87' lang='lat' dir='ltr'><strong>vocali</strong></span> 
     </span>
    </p>
   </div>
   <div class='ocr_carea' id='block_1_50' title="bbox 468 4979 2044 5054">
    <p class='ocr_par' dir='ltr' id='par_1_50' title="bbox 468 4979 2044 5054">
     <span class='ocr_line' id='line_1_50' title="bbox 468 4979 2044 5054; baseline -0.001 -18"><span class='ocrx_word' id='word_1_343' title='bbox 468 4982 579 5054; x_wconf 84' lang='lat' dir='ltr'><strong>jam</strong></span> <span class='ocrx_word' id='word_1_344' title='bbox 619 4981 883 5038; x_wconf 72' lang='lat' dir='ltr'><strong>existente</strong></span> <span class='ocrx_word' id='word_1_345' title='bbox 925 4980 1131 5051; x_wconf 85' lang='lat' dir='ltr'><strong>recipit.</strong></span> <span class='ocrx_word' id='word_1_346' title='bbox 1174 4979 1297 5035; x_wconf 66' lang='lat' dir='ltr'><strong>llaec</strong></span> <span class='ocrx_word' id='word_1_347' title='bbox 1323 4980 1523 5035; x_wconf 79' lang='lat' dir='ltr'><strong>vocatis</strong></span> <span class='ocrx_word' id='word_1_348' title='bbox 1543 4997 1575 5033; x_wconf 78' lang='grc' dir='ltr'><em>α</em></span> <span class='ocrx_word' id='word_1_349' title='bbox 1603 4980 1850 5050; x_wconf 83' lang='lat' dir='ltr'><strong>primitus</strong></span> <span class='ocrx_word' id='word_1_350' title='bbox 1880 4980 2044 5035; x_wconf 83' lang='lat' dir='ltr'><strong>t‘ulsse</strong></span> 
     </span>
    </p>
   </div>
   <div class='ocr_carea' id='block_1_51' title="bbox 473 5072 2037 5145">
    <p class='ocr_par' dir='ltr' id='par_1_51' title="bbox 473 5072 2037 5145">
     <span class='ocr_line' id='line_1_51' title="bbox 473 5072 2037 5145; baseline -0.001 -16"><span class='ocrx_word' id='word_1_351' title='bbox 473 5076 704 5141; x_wconf 84' lang='lat' dir='ltr'><strong>videtur,</strong></span> <span class='ocrx_word' id='word_1_352' title='bbox 724 5090 843 5145; x_wconf 75' lang='lat' dir='ltr'><strong>qua:</strong></span> <span class='ocrx_word' id='word_1_353' title='bbox 865 5075 919 5130; x_wconf 88' lang='lat' dir='ltr'><strong>in</strong></span> <span class='ocrx_word' id='word_1_354' title='bbox 946 5089 1107 5130; x_wconf 84' lang='lat' dir='ltr'><strong>masc.</strong></span> <span class='ocrx_word' id='word_1_355' title='bbox 1139 5084 1194 5128; x_wconf 77' lang='lat' dir='ltr'><strong>ct</strong></span> <span class='ocrx_word' id='word_1_356' title='bbox 1218 5082 1393 5129; x_wconf 90' lang='lat' dir='ltr'><strong>neutr.</strong></span> <span class='ocrx_word' id='word_1_357' title='bbox 1412 5073 1719 5128; x_wconf 81' lang='lat' dir='ltr'><strong>radicalium</strong></span> <span class='ocrx_word' id='word_1_358' title='bbox 1750 5072 2037 5128; x_wconf 77' lang='lat' dir='ltr'><strong>formarunt</strong></span> 
     </span>
    </p>
   </div>
   <div class='ocr_carea' id='block_1_52' title="bbox 473 5160 2042 5231">
    <p class='ocr_par' dir='ltr' id='par_1_52' title="bbox 473 5160 2042 5231">
     <span class='ocr_line' id='line_1_52' title="bbox 473 5160 2042 5231; baseline -0.003 -9"><span class='ocrx_word' id='word_1_359' title='bbox 473 5164 530 5222; x_wconf 73' lang='lat' dir='ltr'><strong>in</strong></span> <span class='ocrx_word' id='word_1_360' title='bbox 553 5180 590 5220; x_wconf 77' lang='lat' dir='ltr'><strong>lt</strong></span> <span class='ocrx_word' id='word_1_361' title='bbox 613 5174 670 5220; x_wconf 88' lang='lat' dir='ltr'><strong>et</strong></span> <span class='ocrx_word' id='word_1_362' title='bbox 693 5164 713 5219; x_wconf 75' lang='grc' dir='ltr'><strong><em>ἱ</em></strong></span> <span class='ocrx_word' id='word_1_363' title='bbox 740 5163 952 5219; x_wconf 83' lang='lat' dir='ltr'><strong>debilita</strong></span> <span class='ocrx_word' id='word_1_364' title='bbox 974 5163 1071 5219; x_wconf 80' lang='lat' dir='ltr'><strong>fuit</strong></span> <span class='ocrx_word' id='word_1_365' title='bbox 1096 5163 1150 5219; x_wconf 91' lang='lat' dir='ltr'><strong>in</strong></span> <span class='ocrx_word' id='word_1_366' title='bbox 1172 5164 1215 5231; x_wconf 86' lang='lat' dir='ltr'><strong>i,</strong></span> <span class='ocrx_word' id='word_1_367' title='bbox 1244 5164 1369 5218; x_wconf 89' lang='lat' dir='ltr'><strong>dum</strong></span> <span class='ocrx_word' id='word_1_368' title='bbox 1404 5163 1456 5216; x_wconf 89' lang='lat' dir='ltr'><strong>in</strong></span> <span class='ocrx_word' id='word_1_369' title='bbox 1482 5160 1608 5217; x_wconf 73' lang='lat' dir='ltr'><strong>lem.</strong></span> <span class='ocrx_word' id='word_1_370' title='bbox 1642 5161 2042 5218; x_wconf 83' lang='lat' dir='ltr'><strong>terminationes</strong></span> 
     </span>
    </p>
   </div>
   <div class='ocr_carea' id='block_1_53' title="bbox 475 5255 2039 5328">
    <p class='ocr_par' dir='ltr' id='par_1_53' title="bbox 475 5255 2039 5328">
     <span class='ocr_line' id='line_1_53' title="bbox 475 5255 2039 5328; baseline -0.002 -15"><span class='ocrx_word' id='word_1_371' title='bbox 475 5255 646 5328; x_wconf 69' lang='lat' dir='ltr'><strong>magis</strong></span> <span class='ocrx_word' id='word_1_372' title='bbox 671 5271 897 5314; x_wconf 83' lang='lat' dir='ltr'><strong>sonoras</strong></span> <span class='ocrx_word' id='word_1_373' title='bbox 923 5256 1263 5326; x_wconf 85' lang='lat' dir='ltr'><strong>anteponenti</strong></span> <span class='ocrx_word' id='word_1_374' title='bbox 1294 5269 1416 5310; x_wconf 89' lang='lat' dir='ltr'><strong>eum</strong></span> <span class='ocrx_word' id='word_1_375' title='bbox 1450 5255 1621 5309; x_wconf 84' lang='lat' dir='ltr'><strong>vocati</strong></span> <span class='ocrx_word' id='word_1_376' title='bbox 1649 5255 1968 5310; x_wconf 86' lang='lat' dir='ltr'><strong>terminanto</strong></span> <span class='ocrx_word' id='word_1_377' title='bbox 1988 5255 2039 5310; x_wconf 90' lang='lat' dir='ltr'><strong>in</strong></span> 
     </span>
    </p>
   </div>
   <div class='ocr_carea' id='block_1_54' title="bbox 476 5348 2040 5415">
    <p class='ocr_par' dir='ltr' id='par_1_54' title="bbox 476 5348 2040 5415">
     <span class='ocr_line' id='line_1_54' title="bbox 476 5348 2040 5415; baseline -0.001 -11"><span class='ocrx_word' id='word_1_378' title='bbox 476 5366 510 5404; x_wconf 89' lang='lat' dir='ltr'><strong>o</strong></span> <span class='ocrx_word' id='word_1_379' title='bbox 533 5349 657 5407; x_wconf 73' lang='lat' dir='ltr'><strong>etei</strong></span> <span class='ocrx_word' id='word_1_380' title='bbox 673 5348 954 5404; x_wconf 71' lang='lat' dir='ltr'><strong>commisfa</strong></span> <span class='ocrx_word' id='word_1_381' title='bbox 977 5359 1077 5404; x_wconf 88' lang='lat' dir='ltr'><strong>est.</strong></span> <span class='ocrx_word' id='word_1_382' title='bbox 1104 5349 1160 5405; x_wconf 86' lang='lat' dir='ltr'><strong>Si</strong></span> <span class='ocrx_word' id='word_1_383' title='bbox 1186 5357 1361 5405; x_wconf 87' lang='lat' dir='ltr'><strong>autem</strong></span> <span class='ocrx_word' id='word_1_384' title='bbox 1386 5348 1585 5404; x_wconf 86' lang='lat' dir='ltr'><strong>vocalis</strong></span> <span class='ocrx_word' id='word_1_385' title='bbox 1610 5349 1855 5404; x_wconf 82' lang='lat' dir='ltr'><strong>radicalis</strong></span> <span class='ocrx_word' id='word_1_386' title='bbox 1876 5359 1958 5406; x_wconf 85' lang='lat' dir='ltr'><strong>est</strong></span> <span class='ocrx_word' id='word_1_387' title='bbox 1988 5367 2040 5415; x_wconf 78' lang='grc' dir='ltr'><strong>ιι,</strong></span> 
     </span>
    </p>
   </div>
   <div class='ocr_carea' id='block_1_55' title="bbox 476 5439 1186 5511">
    <p class='ocr_par' dir='ltr' id='par_1_55' title="bbox 476 5439 1186 5511">
     <span class='ocr_line' id='line_1_55' title="bbox 476 5439 1186 5511; baseline -0.006 -14"><span class='ocrx_word' id='word_1_388' title='bbox 476 5439 653 5511; x_wconf 90' lang='lat' dir='ltr'><strong>ruptio</strong></span> <span class='ocrx_word' id='word_1_389' title='bbox 671 5440 912 5511; x_wconf 85' lang='lat' dir='ltr'><strong>sequitur</strong></span> <span class='ocrx_word' id='word_1_390' title='bbox 934 5450 989 5495; x_wconf 89' lang='lat' dir='ltr'><strong>et</strong></span> <span class='ocrx_word' id='word_1_391' title='bbox 1019 5441 1074 5495; x_wconf 86' lang='lat' dir='ltr'><strong>tit</strong></span> <span class='ocrx_word' id='word_1_392' title='bbox 1100 5455 1186 5493; x_wconf 78' lang='lat' dir='ltr'><strong>utr.</strong></span> 
     </span>
    </p>
   </div>
   <div class='ocr_carea' id='block_1_56' title="bbox 546 5531 2039 5602">
    <p class='ocr_par' dir='ltr' id='par_1_56' title="bbox 546 5531 2039 5602">
     <span class='ocr_line' id='line_1_56' title="bbox 546 5531 2039 5602; baseline -0.002 -14"><span class='ocrx_word' id='word_1_393' title='bbox 546 5531 600 5602; x_wconf 80' lang='lat'><strong>5)</strong></span> <span class='ocrx_word' id='word_1_394' title='bbox 628 5532 989 5587; x_wconf 77' lang='lat' dir='ltr'><strong>Nominativus</strong></span> <span class='ocrx_word' id='word_1_395' title='bbox 1031 5542 1085 5586; x_wconf 86' lang='lat' dir='ltr'><strong>et</strong></span> <span class='ocrx_word' id='word_1_396' title='bbox 1122 5532 1393 5588; x_wconf 80' lang='lat' dir='ltr'><strong>vocativus</strong></span> <span class='ocrx_word' id='word_1_397' title='bbox 1429 5532 1564 5601; x_wconf 88' lang='lat' dir='ltr'><strong>plur.</strong></span> <span class='ocrx_word' id='word_1_398' title='bbox 1610 5545 1774 5587; x_wconf 83' lang='lat' dir='ltr'><strong>masc.</strong></span> <span class='ocrx_word' id='word_1_399' title='bbox 1819 5542 1871 5586; x_wconf 90' lang='lat' dir='ltr'><strong>et</strong></span> <span class='ocrx_word' id='word_1_400' title='bbox 1904 5532 2039 5598; x_wconf 87' lang='lat' dir='ltr'><strong>plur.</strong></span> 
     </span>
    </p>
   </div>
   <div class='ocr_carea' id='block_1_57' title="bbox 478 5622 2044 5694">
    <p class='ocr_par' dir='ltr' id='par_1_57' title="bbox 478 5622 2044 5694">
     <span class='ocr_line' id='line_1_57' title="bbox 478 5622 2044 5694; baseline -0.003 -13"><span class='ocrx_word' id='word_1_401' title='bbox 478 5623 904 5681; x_wconf 83' lang='lat' dir='ltr'><strong>terminationem</strong></span> <span class='ocrx_word' id='word_1_402' title='bbox 928 5640 954 5678; x_wconf 75' lang='grc' dir='ltr'><strong><em>ε</em></strong></span> <span class='ocrx_word' id='word_1_403' title='bbox 975 5633 1254 5679; x_wconf 80' lang='lat' dir='ltr'><strong>assumunt</strong></span> <span class='ocrx_word' id='word_1_404' title='bbox 1269 5632 1321 5679; x_wconf 90' lang='lat' dir='ltr'><strong>et</strong></span> <span class='ocrx_word' id='word_1_405' title='bbox 1353 5622 1662 5694; x_wconf 86' lang='lat' dir='ltr'><strong>producitur</strong></span> <span class='ocrx_word' id='word_1_406' title='bbox 1681 5623 1878 5679; x_wconf 85' lang='lat' dir='ltr'><strong>vocalis</strong></span> <span class='ocrx_word' id='word_1_407' title='bbox 1902 5624 2044 5679; x_wconf 83' lang='lat' dir='ltr'><strong>radi-</strong></span> 
     </span>
    </p>
   </div>
   <div class='ocr_carea' id='block_1_58' title="bbox 1548 357 2673 415">
    <p class='ocr_par' dir='ltr' id='par_1_58' title="bbox 1548 357 2673 415">
     <span class='ocr_line' id='line_1_58' title="bbox 1548 357 2673 415; baseline 0.002 -2"><span class='ocrx_word' id='word_1_408' title='bbox 1548 359 1632 413; x_wconf 68' lang='grc' dir='ltr'><strong>Ι)ῖὶ</strong></span> <span class='ocrx_word' id='word_1_409' title='bbox 1679 357 2175 413; x_wconf 69' lang='grc' dir='ltr'><strong>ΟΕΟΜΝΛΤΙΟΝΕ</strong></span> <span class='ocrx_word' id='word_1_410' title='bbox 2213 359 2291 414; x_wconf 70' lang='lat' dir='ltr'><strong>Si)&quot;</strong></span> <span class='ocrx_word' id='word_1_411' title='bbox 2305 359 2581 415; x_wconf 68' lang='lat' dir='ltr'><strong>BSTANTI</strong></span> <span class='ocrx_word' id='word_1_412' title='bbox 2596 360 2673 415; x_wconf 74' lang='lat' dir='ltr'><strong>Vl.</strong></span> 
     </span>
    </p>
   </div>
   <div class='ocr_carea' id='block_1_59' title="bbox 3610 370 3713 424">
    <p class='ocr_par' dir='ltr' id='par_1_59' title="bbox 3610 370 3713 424">
     <span class='ocr_line' id='line_1_59' title="bbox 3610 370 3713 424; baseline 0 -1"><span class='ocrx_word' id='word_1_413' title='bbox 3610 370 3713 424; x_wconf 67' lang='lat'><strong>9210</strong></span> 
     </span>
    </p>
   </div>
   <div class='ocr_carea' id='block_1_60' title="bbox 2141 472 3706 546">
    <p class='ocr_par' dir='ltr' id='par_1_60' title="bbox 2141 472 3706 546">
     <span class='ocr_line' id='line_1_60' title="bbox 2141 472 3706 546; baseline 0.012 -23"><span class='ocrx_word' id='word_1_414' title='bbox 2141 472 2272 525; x_wconf 77' lang='lat' dir='ltr'><strong>catis</strong></span> <span class='ocrx_word' id='word_1_415' title='bbox 2294 476 2347 531; x_wconf 67' lang='grc' dir='ltr'><strong>ζα</strong></span> <span class='ocrx_word' id='word_1_416' title='bbox 2375 474 2427 525; x_wconf 89' lang='lat' dir='ltr'><strong>in</strong></span> <span class='ocrx_word' id='word_1_417' title='bbox 2450 492 2501 536; x_wconf 67' lang='grc' dir='ltr'><strong>θ,</strong></span> <span class='ocrx_word' id='word_1_418' title='bbox 2542 475 2559 524; x_wconf 80' lang='lat'><strong>:‘</strong></span> <span class='ocrx_word' id='word_1_419' title='bbox 2590 475 2637 525; x_wconf 76' lang='lat' dir='ltr'><strong>in</strong></span> <span class='ocrx_word' id='word_1_420' title='bbox 2666 476 2729 537; x_wconf 76' lang='lat' dir='ltr'><strong>ei,</strong></span> <span class='ocrx_word' id='word_1_421' title='bbox 2764 490 2789 525; x_wconf 66' lang='grc' dir='ltr'><em>ει</em></span> <span class='ocrx_word' id='word_1_422' title='bbox 2816 474 2863 525; x_wconf 81' lang='lat' dir='ltr'><strong>in</strong></span> <span class='ocrx_word' id='word_1_423' title='bbox 2886 479 2949 543; x_wconf 54' lang='lat' dir='ltr'><strong>ju</strong></span> <span class='ocrx_word' id='word_1_424' title='bbox 2978 476 3090 529; x_wconf 73' lang='lat' dir='ltr'><strong>locu</strong></span> <span class='ocrx_word' id='word_1_425' title='bbox 3120 477 3398 546; x_wconf 70' lang='lat' dir='ltr'><strong>iu),neutr.</strong></span> <span class='ocrx_word' id='word_1_426' title='bbox 3425 491 3600 537; x_wconf 84' lang='lat' dir='ltr'><strong>autem</strong></span> <span class='ocrx_word' id='word_1_427' title='bbox 3625 494 3706 541; x_wconf 87' lang='lat' dir='ltr'><strong>tcr</strong></span> 
     </span>
    </p>
   </div>
   <div class='ocr_carea' id='block_1_61' title="bbox 2142 564 2777 634">
    <p class='ocr_par' dir='ltr' id='par_1_61' title="bbox 2142 564 2777 634">
     <span class='ocr_line' id='line_1_61' title="bbox 2142 564 2777 634; baseline 0.008 -19"><span class='ocrx_word' id='word_1_428' title='bbox 2142 564 2482 620; x_wconf 72' lang='lat' dir='ltr'><strong>minutionem</strong></span> <span class='ocrx_word' id='word_1_429' title='bbox 2510 584 2541 619; x_wconf 78' lang='grc' dir='ltr'>α</span> <span class='ocrx_word' id='word_1_430' title='bbox 2572 568 2777 634; x_wconf 56' lang='lat' dir='ltr'><strong>recipit.</strong></span> 
     </span>
    </p>
   </div>
   <div class='ocr_carea' id='block_1_62' title="bbox 2210 654 3712 728">
    <p class='ocr_par' dir='ltr' id='par_1_62' title="bbox 2210 654 3712 728">
     <span class='ocr_line' id='line_1_62' title="bbox 2210 654 3712 728; baseline 0.011 -20"><span class='ocrx_word' id='word_1_431' title='bbox 2210 654 2268 724; x_wconf 88' lang='lat'><strong>6)</strong></span> <span class='ocrx_word' id='word_1_432' title='bbox 2311 658 2664 711; x_wconf 77' lang='lat' dir='ltr'><strong>Accusativus</strong></span> <span class='ocrx_word' id='word_1_433' title='bbox 2693 659 2935 725; x_wconf 88' lang='lat' dir='ltr'><strong>pluralis,</strong></span> <span class='ocrx_word' id='word_1_434' title='bbox 2967 663 3054 728; x_wconf 82' lang='lat' dir='ltr'><strong>qui</strong></span> <span class='ocrx_word' id='word_1_435' title='bbox 3091 661 3142 714; x_wconf 89' lang='lat' dir='ltr'><strong>in</strong></span> <span class='ocrx_word' id='word_1_436' title='bbox 3171 670 3357 717; x_wconf 88' lang='lat' dir='ltr'><strong>neutro</strong></span> <span class='ocrx_word' id='word_1_437' title='bbox 3389 667 3712 724; x_wconf 82' lang='lat' dir='ltr'><strong>nominativo</strong></span> 
     </span>
    </p>
   </div>
   <div class='ocr_carea' id='block_1_63' title="bbox 2142 746 3715 827">
    <p class='ocr_par' dir='ltr' id='par_1_63' title="bbox 2142 746 3715 827">
     <span class='ocr_line' id='line_1_63' title="bbox 2142 746 3715 827; baseline 0.008 -28"><span class='ocrx_word' id='word_1_438' title='bbox 2142 746 2407 810; x_wconf 86' lang='lat' dir='ltr'><strong>convenit,</strong></span> <span class='ocrx_word' id='word_1_439' title='bbox 2439 746 2489 801; x_wconf 90' lang='lat' dir='ltr'><strong>in</strong></span> <span class='ocrx_word' id='word_1_440' title='bbox 2523 763 2690 801; x_wconf 81' lang='lat' dir='ltr'><strong>masc.</strong></span> <span class='ocrx_word' id='word_1_441' title='bbox 2721 758 2775 801; x_wconf 89' lang='lat' dir='ltr'><strong>et</strong></span> <span class='ocrx_word' id='word_1_442' title='bbox 2804 747 2930 803; x_wconf 75' lang='lat' dir='ltr'><strong>feni.</strong></span> <span class='ocrx_word' id='word_1_443' title='bbox 2974 749 3040 802; x_wconf 90' lang='lat' dir='ltr'><strong>ad</strong></span> <span class='ocrx_word' id='word_1_444' title='bbox 3064 750 3346 807; x_wconf 73' lang='lat' dir='ltr'><strong>radicalcm</strong></span> <span class='ocrx_word' id='word_1_445' title='bbox 3378 756 3598 809; x_wconf 75' lang='lat' dir='ltr'><strong>formum</strong></span> <span class='ocrx_word' id='word_1_446' title='bbox 3624 775 3715 827; x_wconf 76' lang='lat' dir='ltr'><strong>ap-</strong></span> 
     </span>
    </p>
   </div>
   <div class='ocr_carea' id='block_1_64' title="bbox 2142 837 3711 907">
    <p class='ocr_par' dir='ltr' id='par_1_64' title="bbox 2142 837 3711 907">
     <span class='ocr_line' id='line_1_64' title="bbox 2142 837 3711 907; baseline 0.013 -24"><span class='ocrx_word' id='word_1_447' title='bbox 2142 837 2323 901; x_wconf 79' lang='lat' dir='ltr'><strong>pendit</strong></span> <span class='ocrx_word' id='word_1_448' title='bbox 2346 838 2776 892; x_wconf 84' lang='lat' dir='ltr'><strong>terminationem</strong></span> <span class='ocrx_word' id='word_1_449' title='bbox 2803 855 2883 907; x_wconf 72' lang='grc' dir='ltr'><strong>ηε,</strong></span> <span class='ocrx_word' id='word_1_450' title='bbox 2917 839 3069 907; x_wconf 89' lang='lat' dir='ltr'><strong>cujus</strong></span> <span class='ocrx_word' id='word_1_451' title='bbox 3102 842 3238 905; x_wconf 84' lang='lat' dir='ltr'><strong>loco,</strong></span> <span class='ocrx_word' id='word_1_452' title='bbox 3273 845 3361 897; x_wconf 88' lang='lat' dir='ltr'><strong>ubi</strong></span> <span class='ocrx_word' id='word_1_453' title='bbox 3398 847 3512 900; x_wconf 78' lang='lat' dir='ltr'><strong>lucc</strong></span> <span class='ocrx_word' id='word_1_454' title='bbox 3545 848 3711 903; x_wconf 77' lang='lat' dir='ltr'><strong>torum</strong></span> 
     </span>
    </p>
   </div>
   <div class='ocr_carea' id='block_1_65' title="bbox 2141 926 3713 1000">
    <p class='ocr_par' dir='ltr' id='par_1_65' title="bbox 2141 926 3713 1000">
     <span class='ocr_line' id='line_1_65' title="bbox 2141 926 3713 1000; baseline 0.01 -21"><span class='ocrx_word' id='word_1_455' title='bbox 2141 926 2195 980; x_wconf 92' lang='lat' dir='ltr'><strong>in</strong></span> <span class='ocrx_word' id='word_1_456' title='bbox 2227 942 2286 978; x_wconf 84' lang='lat' dir='ltr'><strong>-a</strong></span> <span class='ocrx_word' id='word_1_457' title='bbox 2318 928 2537 995; x_wconf 84' lang='lat' dir='ltr'><strong>desinit,</strong></span> <span class='ocrx_word' id='word_1_458' title='bbox 2564 931 2615 982; x_wconf 88' lang='lat' dir='ltr'><strong>in</strong></span> <span class='ocrx_word' id='word_1_459' title='bbox 2646 931 2769 984; x_wconf 80' lang='lat' dir='ltr'><strong>tem.</strong></span> <span class='ocrx_word' id='word_1_460' title='bbox 2800 946 2823 983; x_wconf 71' lang='grc' dir='ltr'><em>ε</em></span> <span class='ocrx_word' id='word_1_461' title='bbox 2857 938 3060 985; x_wconf 87' lang='lat' dir='ltr'><strong>tantum</strong></span> <span class='ocrx_word' id='word_1_462' title='bbox 3086 932 3332 1000; x_wconf 79' lang='lat' dir='ltr'><strong>adhibet,</strong></span> <span class='ocrx_word' id='word_1_463' title='bbox 3370 940 3540 992; x_wconf 79' lang='lat' dir='ltr'><strong>vocali</strong></span> <span class='ocrx_word' id='word_1_464' title='bbox 3570 942 3713 995; x_wconf 74' lang='lat' dir='ltr'><strong>ratli~</strong></span> 
     </span>
    </p>
   </div>
   <div class='ocr_carea' id='block_1_66' title="bbox 2138 1021 3711 1089">
    <p class='ocr_par' dir='ltr' id='par_1_66' title="bbox 2138 1021 3711 1089">
     <span class='ocr_line' id='line_1_66' title="bbox 2138 1021 3711 1089; baseline 0.008 -15"><span class='ocrx_word' id='word_1_465' title='bbox 2138 1021 2239 1075; x_wconf 80' lang='lat' dir='ltr'><strong>cali</strong></span> <span class='ocrx_word' id='word_1_466' title='bbox 2265 1021 2540 1089; x_wconf 81' lang='lat' dir='ltr'><strong>producta,</strong></span> <span class='ocrx_word' id='word_1_467' title='bbox 2569 1026 2637 1078; x_wconf 88' lang='lat' dir='ltr'><strong>ita</strong></span> <span class='ocrx_word' id='word_1_468' title='bbox 2663 1032 2720 1077; x_wconf 90' lang='lat' dir='ltr'><strong>ut</strong></span> <span class='ocrx_word' id='word_1_469' title='bbox 2740 1024 2825 1077; x_wconf 79' lang='lat' dir='ltr'><strong>hic</strong></span> <span class='ocrx_word' id='word_1_470' title='bbox 2847 1024 3008 1078; x_wconf 86' lang='lat' dir='ltr'><strong>etiam</strong></span> <span class='ocrx_word' id='word_1_471' title='bbox 3030 1028 3362 1083; x_wconf 81' lang='lat' dir='ltr'><strong>accusativus</strong></span> <span class='ocrx_word' id='word_1_472' title='bbox 3386 1035 3711 1087; x_wconf 74' lang='lat' dir='ltr'><strong>ttt&#39;tmittutivo</strong></span> 
     </span>
    </p>
   </div>
   <div class='ocr_carea' id='block_1_67' title="bbox 2138 1124 2414 1175">
    <p class='ocr_par' dir='ltr' id='par_1_67' title="bbox 2138 1124 2414 1175">
     <span class='ocr_line' id='line_1_67' title="bbox 2138 1124 2414 1175; baseline 0.007 -11"><span class='ocrx_word' id='word_1_473' title='bbox 2138 1124 2414 1175; x_wconf 65' lang='lat' dir='ltr'><strong>congruat.</strong></span> 
     </span>
    </p>
   </div>
   <div class='ocr_carea' id='block_1_68' title="bbox 2211 1202 3708 1276">
    <p class='ocr_par' dir='ltr' id='par_1_68' title="bbox 2211 1202 3708 1276">
     <span class='ocr_line' id='line_1_68' title="bbox 2211 1202 3708 1276; baseline 0.009 -21"><span class='ocrx_word' id='word_1_474' title='bbox 2211 1202 2241 1255; x_wconf 89' lang='lat'><strong>7</strong></span> <span class='ocrx_word' id='word_1_475' title='bbox 2250 1220 2267 1269; x_wconf 76' lang='lat'><strong>)</strong></span> <span class='ocrx_word' id='word_1_476' title='bbox 2294 1202 2512 1259; x_wconf 82' lang='lat' dir='ltr'><strong>Dativus</strong></span> <span class='ocrx_word' id='word_1_477' title='bbox 2539 1205 2761 1276; x_wconf 84' lang='lat' dir='ltr'><strong>pluralis</strong></span> <span class='ocrx_word' id='word_1_478' title='bbox 2789 1205 2854 1259; x_wconf 91' lang='lat' dir='ltr'><strong>ad</strong></span> <span class='ocrx_word' id='word_1_479' title='bbox 2885 1207 3173 1264; x_wconf 86' lang='lat' dir='ltr'><strong>radicalem</strong></span> <span class='ocrx_word' id='word_1_480' title='bbox 3205 1207 3427 1264; x_wconf 76' lang='lat' dir='ltr'><strong>formam</strong></span> <span class='ocrx_word' id='word_1_481' title='bbox 3459 1228 3708 1268; x_wconf 75' lang='lat' dir='ltr'><strong>consum-</strong></span> 
     </span>
    </p>
   </div>
   <div class='ocr_carea' id='block_1_69' title="bbox 2142 1292 3705 1373">
    <p class='ocr_par' dir='ltr' id='par_1_69' title="bbox 2142 1292 3705 1373">
     <span class='ocr_line' id='line_1_69' title="bbox 2142 1292 3705 1373; baseline 0.01 -30"><span class='ocrx_word' id='word_1_482' title='bbox 2142 1299 2221 1346; x_wconf 89' lang='lat' dir='ltr'><strong>ter</strong></span> <span class='ocrx_word' id='word_1_483' title='bbox 2262 1292 2442 1363; x_wconf 70' lang='lat' dir='ltr'><strong>adjicit</strong></span> <span class='ocrx_word' id='word_1_484' title='bbox 2465 1312 2536 1362; x_wconf 80' lang='lat' dir='ltr'><strong>tn,</strong></span> <span class='ocrx_word' id='word_1_485' title='bbox 2566 1297 2719 1365; x_wconf 80' lang='lat' dir='ltr'><strong>cujus</strong></span> <span class='ocrx_word' id='word_1_486' title='bbox 2749 1297 2887 1365; x_wconf 79' lang='lat' dir='ltr'><strong>loco,</strong></span> <span class='ocrx_word' id='word_1_487' title='bbox 2920 1297 3007 1350; x_wconf 88' lang='lat' dir='ltr'><strong>ubi</strong></span> <span class='ocrx_word' id='word_1_488' title='bbox 3047 1299 3244 1354; x_wconf 79' lang='lat' dir='ltr'><strong>vocalis</strong></span> <span class='ocrx_word' id='word_1_489' title='bbox 3269 1302 3519 1357; x_wconf 72' lang='lat' dir='ltr'><strong>radicalis</strong></span> <span class='ocrx_word' id='word_1_490' title='bbox 3544 1316 3625 1359; x_wconf 87' lang='lat' dir='ltr'><strong>est</strong></span> <span class='ocrx_word' id='word_1_491' title='bbox 3654 1324 3705 1373; x_wconf 91' lang='lat' dir='ltr'><strong>a,</strong></span> 
     </span>
    </p>
   </div>
   <div class='ocr_carea' id='block_1_70' title="bbox 2141 1379 3705 1462">
    <p class='ocr_par' dir='ltr' id='par_1_70' title="bbox 2141 1379 3705 1462">
     <span class='ocr_line' id='line_1_70' title="bbox 2141 1379 3705 1462; baseline 0.01 -26"><span class='ocrx_word' id='word_1_492' title='bbox 2141 1379 2277 1436; x_wconf 83' lang='lat' dir='ltr'><strong>bane</strong></span> <span class='ocrx_word' id='word_1_493' title='bbox 2321 1388 2554 1439; x_wconf 61' lang='lat' dir='ltr'><strong>recalent</strong></span> <span class='ocrx_word' id='word_1_494' title='bbox 2588 1386 2641 1440; x_wconf 86' lang='lat' dir='ltr'><strong>in</strong></span> <span class='ocrx_word' id='word_1_495' title='bbox 2674 1385 2796 1441; x_wconf 70' lang='lat' dir='ltr'><strong>tum.</strong></span> <span class='ocrx_word' id='word_1_496' title='bbox 2835 1397 3038 1441; x_wconf 89' lang='lat' dir='ltr'><strong>tantum</strong></span> <span class='ocrx_word' id='word_1_497' title='bbox 3072 1390 3125 1442; x_wconf 87' lang='lat' dir='ltr'><strong>in</strong></span> <span class='ocrx_word' id='word_1_498' title='bbox 3162 1406 3192 1443; x_wconf 90' lang='grc' dir='ltr'><strong><em>ο</em></strong></span> <span class='ocrx_word' id='word_1_499' title='bbox 3223 1392 3412 1446; x_wconf 85' lang='lat' dir='ltr'><strong>iterum</strong></span> <span class='ocrx_word' id='word_1_500' title='bbox 3442 1396 3705 1462; x_wconf 78' lang='lat' dir='ltr'><strong>producit.</strong></span> 
     </span>
    </p>
   </div>
   <div class='ocr_carea' id='block_1_71' title="bbox 2210 1475 3706 1557">
    <p class='ocr_par' dir='ltr' id='par_1_71' title="bbox 2210 1475 3706 1557">
     <span class='ocr_line' id='line_1_71' title="bbox 2210 1475 3706 1557; baseline 0.007 -26"><span class='ocrx_word' id='word_1_501' title='bbox 2210 1475 2266 1544; x_wconf 89' lang='lat'><strong>8)</strong></span> <span class='ocrx_word' id='word_1_502' title='bbox 2297 1476 2574 1534; x_wconf 74' lang='lat' dir='ltr'><strong>Genitivus</strong></span> <span class='ocrx_word' id='word_1_503' title='bbox 2606 1479 2745 1549; x_wconf 88' lang='lat' dir='ltr'><strong>plur.</strong></span> <span class='ocrx_word' id='word_1_504' title='bbox 2775 1483 2987 1536; x_wconf 84' lang='lat' dir='ltr'><strong>tandem</strong></span> <span class='ocrx_word' id='word_1_505' title='bbox 3018 1482 3099 1535; x_wconf 86' lang='lat' dir='ltr'><strong>bal</strong></span> <span class='ocrx_word' id='word_1_506' title='bbox 3120 1493 3174 1538; x_wconf 90' lang='lat' dir='ltr'><strong>et</strong></span> <span class='ocrx_word' id='word_1_507' title='bbox 3204 1486 3628 1543; x_wconf 84' lang='lat' dir='ltr'><strong>terminationem</strong></span> <span class='ocrx_word' id='word_1_508' title='bbox 3659 1506 3706 1557; x_wconf 79' lang='grc' dir='ltr'><strong>ε,</strong></span> 
     </span>
    </p>
   </div>
   <div class='ocr_carea' id='block_1_72' title="bbox 2140 1567 3708 1635">
    <p class='ocr_par' dir='ltr' id='par_1_72' title="bbox 2140 1567 3708 1635">
     <span class='ocr_line' id='line_1_72' title="bbox 2140 1567 3708 1635; baseline 0.008 -13"><span class='ocrx_word' id='word_1_509' title='bbox 2140 1579 2237 1634; x_wconf 80' lang='lat' dir='ltr'><strong>pro</strong></span> <span class='ocrx_word' id='word_1_510' title='bbox 2263 1583 2364 1635; x_wconf 89' lang='lat' dir='ltr'><strong>qua</strong></span> <span class='ocrx_word' id='word_1_511' title='bbox 2398 1568 2448 1622; x_wconf 87' lang='lat' dir='ltr'><strong>in</strong></span> <span class='ocrx_word' id='word_1_512' title='bbox 2479 1567 2605 1625; x_wconf 85' lang='lat' dir='ltr'><strong>l‘em.</strong></span> <span class='ocrx_word' id='word_1_513' title='bbox 2640 1579 2840 1625; x_wconf 86' lang='lat' dir='ltr'><strong>tantum</strong></span> <span class='ocrx_word' id='word_1_514' title='bbox 2888 1582 2943 1627; x_wconf 89' lang='lat' dir='ltr'><strong>et</strong></span> <span class='ocrx_word' id='word_1_515' title='bbox 2978 1574 3066 1628; x_wconf 89' lang='lat' dir='ltr'><strong>ubi</strong></span> <span class='ocrx_word' id='word_1_516' title='bbox 3098 1574 3263 1629; x_wconf 76' lang='lat' dir='ltr'><strong>forma</strong></span> <span class='ocrx_word' id='word_1_517' title='bbox 3308 1577 3553 1634; x_wconf 74' lang='lat' dir='ltr'><strong>radiculis</strong></span> <span class='ocrx_word' id='word_1_518' title='bbox 3584 1582 3632 1633; x_wconf 88' lang='lat' dir='ltr'><strong>in</strong></span> <span class='ocrx_word' id='word_1_519' title='bbox 3677 1599 3708 1634; x_wconf 81' lang='grc' dir='ltr'>α</span> 
     </span>
    </p>
   </div>
   <div class='ocr_carea' id='block_1_73' title="bbox 2140 1659 3222 1734">
    <p class='ocr_par' dir='ltr' id='par_1_73' title="bbox 2140 1659 3222 1734">
     <span class='ocr_line' id='line_1_73' title="bbox 2140 1659 3222 1734; baseline 0.006 -21"><span class='ocrx_word' id='word_1_520' title='bbox 2140 1659 2346 1725; x_wconf 86' lang='lat' dir='ltr'><strong>ﬁnitur,</strong></span> <span class='ocrx_word' id='word_1_521' title='bbox 2384 1663 2522 1717; x_wconf 83' lang='lat' dir='ltr'><strong>hanc</strong></span> <span class='ocrx_word' id='word_1_522' title='bbox 2552 1665 2790 1719; x_wconf 85' lang='lat' dir='ltr'><strong>vocalem</strong></span> <span class='ocrx_word' id='word_1_523' title='bbox 2815 1665 3030 1731; x_wconf 89' lang='lat' dir='ltr'><strong>produci</strong></span> <span class='ocrx_word' id='word_1_524' title='bbox 3053 1666 3222 1734; x_wconf 86' lang='lat' dir='ltr'><strong>jubet.</strong></span> 
     </span>
    </p>
   </div>
   <div class='ocr_carea' id='block_1_74' title="bbox 2215 1750 3709 1834">
    <p class='ocr_par' dir='ltr' id='par_1_74' title="bbox 2215 1750 3709 1834">
     <span class='ocr_line' id='line_1_74' title="bbox 2215 1750 3709 1834; baseline 0.009 -30"><span class='ocrx_word' id='word_1_525' title='bbox 2215 1750 2326 1808; x_wconf 88' lang='lat' dir='ltr'><strong>lloc</strong></span> <span class='ocrx_word' id='word_1_526' title='bbox 2353 1752 2570 1823; x_wconf 84' lang='lat' dir='ltr'><strong>insuper</strong></span> <span class='ocrx_word' id='word_1_527' title='bbox 2599 1755 3129 1811; x_wconf 82' lang='lat' dir='ltr'><strong>animadvertendqu</strong></span> <span class='ocrx_word' id='word_1_528' title='bbox 3158 1768 3259 1827; x_wconf 88' lang='lat' dir='ltr'><strong>est,</strong></span> <span class='ocrx_word' id='word_1_529' title='bbox 3292 1760 3432 1828; x_wconf 89' lang='lat' dir='ltr'><strong>quod</strong></span> <span class='ocrx_word' id='word_1_530' title='bbox 3464 1764 3552 1817; x_wconf 87' lang='lat' dir='ltr'><strong>ubi</strong></span> <span class='ocrx_word' id='word_1_531' title='bbox 3567 1768 3596 1834; x_wconf 81' lang='lat' dir='ltr'><strong>j</strong></span> <span class='ocrx_word' id='word_1_532' title='bbox 3629 1766 3709 1818; x_wconf 75' lang='lat' dir='ltr'><strong>vel</strong></span> 
     </span>
    </p>
   </div>
   <div class='ocr_carea' id='block_1_75' title="bbox 2138 1844 3707 1921">
    <p class='ocr_par' dir='ltr' id='par_1_75' title="bbox 2138 1844 3707 1921">
     <span class='ocr_line' id='line_1_75' title="bbox 2138 1844 3707 1921; baseline 0.009 -26"><span class='ocrx_word' id='word_1_533' title='bbox 2138 1860 2185 1909; x_wconf 72' lang='grc' dir='ltr'><strong>ιν,</strong></span> <span class='ocrx_word' id='word_1_534' title='bbox 2239 1844 2473 1901; x_wconf 83' lang='lat' dir='ltr'><strong>vocalem</strong></span> <span class='ocrx_word' id='word_1_535' title='bbox 2525 1845 2810 1902; x_wconf 87' lang='lat' dir='ltr'><strong>radicalem</strong></span> <span class='ocrx_word' id='word_1_536' title='bbox 2866 1849 3192 1916; x_wconf 69' lang='lat' dir='ltr'><strong>prmcedens,</strong></span> <span class='ocrx_word' id='word_1_537' title='bbox 3246 1852 3395 1921; x_wconf 69' lang='lat' dir='ltr'><strong>rejici</strong></span> <span class='ocrx_word' id='word_1_538' title='bbox 3438 1853 3618 1920; x_wconf 82' lang='lat' dir='ltr'><strong>debet,</strong></span> <span class='ocrx_word' id='word_1_539' title='bbox 3655 1858 3707 1910; x_wconf 82' lang='lat' dir='ltr'><strong>in</strong></span> 
     </span>
    </p>
   </div>
   <div class='ocr_carea' id='block_1_76' title="bbox 2134 1939 3708 2016">
    <p class='ocr_par' dir='ltr' id='par_1_76' title="bbox 2134 1939 3708 2016">
     <span class='ocr_line' id='line_1_76' title="bbox 2134 1939 3708 2016; baseline 0.01 -27"><span class='ocrx_word' id='word_1_540' title='bbox 2134 1945 2414 2001; x_wconf 76' lang='lat' dir='ltr'><strong>cognatam</strong></span> <span class='ocrx_word' id='word_1_541' title='bbox 2478 1940 2717 1993; x_wconf 85' lang='lat' dir='ltr'><strong>vocalem</strong></span> <span class='ocrx_word' id='word_1_542' title='bbox 2754 1939 2771 1991; x_wconf 83' lang='lat' dir='ltr'><strong>i</strong></span> <span class='ocrx_word' id='word_1_543' title='bbox 2802 1939 2884 1994; x_wconf 88' lang='lat' dir='ltr'><strong>vel</strong></span> <span class='ocrx_word' id='word_1_544' title='bbox 2931 1956 2966 1993; x_wconf 80' lang='lat' dir='ltr'><strong>tr</strong></span> <span class='ocrx_word' id='word_1_545' title='bbox 2998 1941 3147 2011; x_wconf 73' lang='lat' dir='ltr'><strong>juxta</strong></span> <span class='ocrx_word' id='word_1_546' title='bbox 3197 1958 3449 1998; x_wconf 87' lang='lat' dir='ltr'><strong>sonorum</strong></span> <span class='ocrx_word' id='word_1_547' title='bbox 3502 1950 3708 2016; x_wconf 77' lang='lat' dir='ltr'><strong>regulas</strong></span> 
     </span>
    </p>
   </div>
   <div class='ocr_carea' id='block_1_77' title="bbox 2136 2025 3024 2100">
    <p class='ocr_par' dir='ltr' id='par_1_77' title="bbox 2136 2025 3024 2100">
     <span class='ocr_line' id='line_1_77' title="bbox 2136 2025 3024 2100; baseline 0 -13"><span class='ocrx_word' id='word_1_548' title='bbox 2136 2025 2226 2097; x_wconf 84' lang='lat'><strong>(§§</strong></span> <span class='ocrx_word' id='word_1_549' title='bbox 2255 2028 2344 2095; x_wconf 69' lang='grc'><strong>54,</strong></span> <span class='ocrx_word' id='word_1_550' title='bbox 2372 2029 2441 2091; x_wconf 79' lang='lat'><strong>&#39;5;</strong></span> <span class='ocrx_word' id='word_1_551' title='bbox 2473 2028 2561 2094; x_wconf 73' lang='lat'><strong>53,</strong></span> <span class='ocrx_word' id='word_1_552' title='bbox 2591 2029 2646 2100; x_wconf 75' lang='grc'><strong>5)</strong></span> <span class='ocrx_word' id='word_1_553' title='bbox 2668 2040 3024 2087; x_wconf 81' lang='lat' dir='ltr'><strong>convertatur.</strong></span> 
     </span>
    </p>
   </div>
   <div class='ocr_carea' id='block_1_78' title="bbox 2208 2119 3709 2197">
    <p class='ocr_par' dir='ltr' id='par_1_78' title="bbox 2208 2119 3709 2197">
     <span class='ocr_line' id='line_1_78' title="bbox 2208 2119 3709 2197; baseline 0.009 -25"><span class='ocrx_word' id='word_1_554' title='bbox 2208 2119 2237 2190; x_wconf 62' lang='grc' dir='ltr'><strong>ς</strong></span> <span class='ocrx_word' id='word_1_555' title='bbox 2267 2120 2356 2174; x_wconf 82' lang='grc'><strong>65.</strong></span> <span class='ocrx_word' id='word_1_556' title='bbox 2403 2120 2693 2177; x_wconf 82' lang='lat' dir='ltr'><strong>Declinatio</strong></span> <span class='ocrx_word' id='word_1_557' title='bbox 2736 2124 2970 2178; x_wconf 81' lang='lat' dir='ltr'><strong>vocalica</strong></span> <span class='ocrx_word' id='word_1_558' title='bbox 3002 2125 3361 2181; x_wconf 84' lang='lat' dir='ltr'><strong>subdividitur</strong></span> <span class='ocrx_word' id='word_1_559' title='bbox 3390 2128 3500 2197; x_wconf 89' lang='lat' dir='ltr'><strong>ipsa</strong></span> <span class='ocrx_word' id='word_1_560' title='bbox 3534 2129 3585 2183; x_wconf 91' lang='lat' dir='ltr'><strong>in</strong></span> <span class='ocrx_word' id='word_1_561' title='bbox 3616 2131 3709 2185; x_wconf 87' lang='lat' dir='ltr'><strong>tri-</strong></span> 
     </span>
    </p>
   </div>
   <div class='ocr_carea' id='block_1_79' title="bbox 2136 2210 3707 2288">
    <p class='ocr_par' dir='ltr' id='par_1_79' title="bbox 2136 2210 3707 2288">
     <span class='ocr_line' id='line_1_79' title="bbox 2136 2210 3707 2288; baseline 0.006 -25"><span class='ocrx_word' id='word_1_562' title='bbox 2136 2210 2330 2280; x_wconf 86' lang='lat' dir='ltr'><strong>plicem</strong></span> <span class='ocrx_word' id='word_1_563' title='bbox 2378 2212 2629 2278; x_wconf 85' lang='lat' dir='ltr'><strong>ciassem,</strong></span> <span class='ocrx_word' id='word_1_564' title='bbox 2683 2222 2839 2282; x_wconf 89' lang='lat' dir='ltr'><strong>prout</strong></span> <span class='ocrx_word' id='word_1_565' title='bbox 2888 2214 3057 2270; x_wconf 82' lang='lat' dir='ltr'><strong>l‘orrna</strong></span> <span class='ocrx_word' id='word_1_566' title='bbox 3105 2216 3354 2273; x_wconf 86' lang='lat' dir='ltr'><strong>radicalis</strong></span> <span class='ocrx_word' id='word_1_567' title='bbox 3410 2234 3504 2288; x_wconf 88' lang='lat' dir='ltr'><strong>per</strong></span> <span class='ocrx_word' id='word_1_568' title='bbox 3550 2236 3707 2275; x_wconf 87' lang='lat' dir='ltr'><strong>unam</strong></span> 
     </span>
    </p>
   </div>
   <div class='ocr_carea' id='block_1_80' title="bbox 2135 2304 3707 2379">
    <p class='ocr_par' dir='ltr' id='par_1_80' title="bbox 2135 2304 3707 2379">
     <span class='ocr_line' id='line_1_80' title="bbox 2135 2304 3707 2379; baseline 0.006 -21"><span class='ocrx_word' id='word_1_569' title='bbox 2135 2304 2296 2359; x_wconf 90' lang='lat' dir='ltr'><strong>trium</strong></span> <span class='ocrx_word' id='word_1_570' title='bbox 2325 2304 2588 2359; x_wconf 87' lang='lat' dir='ltr'><strong>vocalium</strong></span> <span class='ocrx_word' id='word_1_571' title='bbox 2616 2322 2669 2368; x_wconf 81' lang='grc' dir='ltr'><strong>α,</strong></span> <span class='ocrx_word' id='word_1_572' title='bbox 2702 2308 2718 2357; x_wconf 84' lang='lat' dir='ltr'><strong>i</strong></span> <span class='ocrx_word' id='word_1_573' title='bbox 2746 2306 2827 2361; x_wconf 87' lang='lat' dir='ltr'><strong>vel</strong></span> <span class='ocrx_word' id='word_1_574' title='bbox 2854 2308 3251 2363; x_wconf 65' lang='lat' dir='ltr'><strong>«terminatur.</strong></span> <span class='ocrx_word' id='word_1_575' title='bbox 3297 2309 3521 2379; x_wconf 84' lang='lat' dir='ltr'><strong>Insuper</strong></span> <span class='ocrx_word' id='word_1_576' title='bbox 3544 2314 3707 2367; x_wconf 83' lang='lat' dir='ltr'><strong>etiam</strong></span> 
     </span>
    </p>
   </div>
   <div class='ocr_carea' id='block_1_81' title="bbox 2127 2398 3707 2469">
    <p class='ocr_par' dir='ltr' id='par_1_81' title="bbox 2127 2398 3707 2469">
     <span class='ocr_line' id='line_1_81' title="bbox 2127 2398 3707 2469; baseline 0.008 -23"><span class='ocrx_word' id='word_1_577' title='bbox 2127 2399 2154 2467; x_wconf 75' lang='lat' dir='ltr'><strong>j</strong></span> <span class='ocrx_word' id='word_1_578' title='bbox 2179 2398 2260 2451; x_wconf 82' lang='lat' dir='ltr'><strong>vel</strong></span> <span class='ocrx_word' id='word_1_579' title='bbox 2285 2413 2312 2450; x_wconf 79' lang='grc' dir='ltr'><strong><em>υ</em></strong></span> <span class='ocrx_word' id='word_1_580' title='bbox 2342 2398 2508 2452; x_wconf 78' lang='lat' dir='ltr'><strong>vocali</strong></span> <span class='ocrx_word' id='word_1_581' title='bbox 2532 2398 2675 2452; x_wconf 70' lang='lat' dir='ltr'><strong>finali</strong></span> <span class='ocrx_word' id='word_1_582' title='bbox 2708 2400 3070 2467; x_wconf 66' lang='lat' dir='ltr'><strong>jirmpositum,</strong></span> <span class='ocrx_word' id='word_1_583' title='bbox 3091 2416 3298 2457; x_wconf 86' lang='lat' dir='ltr'><strong>necnon</strong></span> <span class='ocrx_word' id='word_1_584' title='bbox 3319 2414 3375 2458; x_wconf 87' lang='lat' dir='ltr'><strong>et</strong></span> <span class='ocrx_word' id='word_1_585' title='bbox 3399 2420 3565 2469; x_wconf 68' lang='lat' dir='ltr'><strong>genius</strong></span> <span class='ocrx_word' id='word_1_586' title='bbox 3589 2408 3707 2460; x_wconf 55' lang='lat' dir='ltr'><strong>sub.</strong></span> 
     </span>
    </p>
   </div>
   <div class='ocr_carea' id='block_1_82' title="bbox 2133 2489 3701 2560">
    <p class='ocr_par' dir='ltr' id='par_1_82' title="bbox 2133 2489 3701 2560">
     <span class='ocr_line' id='line_1_82' title="bbox 2133 2489 3701 2560; baseline 0.003 -18"><span class='ocrx_word' id='word_1_587' title='bbox 2133 2490 2345 2543; x_wconf 84' lang='lat' dir='ltr'><strong>stantivi</strong></span> <span class='ocrx_word' id='word_1_588' title='bbox 2394 2490 2445 2542; x_wconf 87' lang='lat' dir='ltr'><strong>in</strong></span> <span class='ocrx_word' id='word_1_589' title='bbox 2492 2489 2726 2544; x_wconf 80' lang='lat' dir='ltr'><strong>vocalem</strong></span> <span class='ocrx_word' id='word_1_590' title='bbox 2770 2490 3016 2549; x_wconf 80' lang='lat' dir='ltr'><strong>inﬂuunt.</strong></span> <span class='ocrx_word' id='word_1_591' title='bbox 3044 2492 3113 2543; x_wconf 83' lang='lat' dir='ltr'><strong>ita</strong></span> <span class='ocrx_word' id='word_1_592' title='bbox 3150 2503 3207 2545; x_wconf 87' lang='lat' dir='ltr'><strong>ut</strong></span> <span class='ocrx_word' id='word_1_593' title='bbox 3254 2507 3481 2560; x_wconf 75' lang='lat' dir='ltr'><strong>sequens</strong></span> <span class='ocrx_word' id='word_1_594' title='bbox 3526 2496 3701 2550; x_wconf 69' lang='lat' dir='ltr'><strong>tabula</strong></span> 
     </span>
    </p>
   </div>
   <div class='ocr_carea' id='block_1_83' title="bbox 2135 2580 3708 2655">
    <p class='ocr_par' dir='ltr' id='par_1_83' title="bbox 2135 2580 3708 2655">
     <span class='ocr_line' id='line_1_83' title="bbox 2135 2580 3708 2655; baseline 0.006 -23"><span class='ocrx_word' id='word_1_595' title='bbox 2135 2594 2321 2635; x_wconf 82' lang='lat' dir='ltr'><strong>omnes</strong></span> <span class='ocrx_word' id='word_1_596' title='bbox 2365 2581 2646 2648; x_wconf 84' lang='lat' dir='ltr'><strong>possibilcs</strong></span> <span class='ocrx_word' id='word_1_597' title='bbox 2690 2581 2849 2647; x_wconf 79' lang='lat' dir='ltr'><strong>hujus</strong></span> <span class='ocrx_word' id='word_1_598' title='bbox 2871 2580 3245 2638; x_wconf 83' lang='lat' dir='ltr'><strong>declinationis</strong></span> <span class='ocrx_word' id='word_1_599' title='bbox 3283 2598 3439 2640; x_wconf 86' lang='lat' dir='ltr'><strong>casus</strong></span> <span class='ocrx_word' id='word_1_600' title='bbox 3465 2600 3708 2655; x_wconf 87' lang='lat' dir='ltr'><strong>compre-</strong></span> 
     </span>
    </p>
   </div>
   <div class='ocr_carea' id='block_1_84' title="bbox 2138 2672 2379 2727">
    <p class='ocr_par' dir='ltr' id='par_1_84' title="bbox 2138 2672 2379 2727">
     <span class='ocr_line' id='line_1_84' title="bbox 2138 2672 2379 2727; baseline 0 -2"><span class='ocrx_word' id='word_1_601' title='bbox 2138 2672 2333 2727; x_wconf 71' lang='lat' dir='ltr'><strong>ilendul</strong></span> <span class='ocrx_word' id='word_1_602' title='bbox 2368 2692 2379 2725; x_wconf 85' lang='lat'><strong>:</strong></span> 
     </span>
    </p>
   </div>
   <div class='ocr_carea' id='block_1_85' title="bbox 2664 2765 3187 2820">
    <p class='ocr_par' dir='ltr' id='par_1_85' title="bbox 2664 2765 3187 2820">
     <span class='ocr_line' id='line_1_85' title="bbox 2664 2765 3187 2820; baseline -0.002 -2"><span class='ocrx_word' id='word_1_603' title='bbox 2664 2765 2847 2819; x_wconf 71' lang='lat' dir='ltr'><strong>lladic.</strong></span> <span class='ocrx_word' id='word_1_604' title='bbox 2882 2768 3076 2819; x_wconf 77' lang='lat' dir='ltr'><strong>vocalis</strong></span> <span class='ocrx_word' id='word_1_605' title='bbox 3107 2785 3139 2820; x_wconf 80' lang='grc' dir='ltr'><em>α</em></span> <span class='ocrx_word' id='word_1_606' title='bbox 3172 2784 3187 2817; x_wconf 85' lang='lat'><strong><em>:</em></strong></span> 
     </span>
    </p>
   </div>
   <div class='ocr_carea' id='block_1_86' title="bbox 2306 2858 3517 2916">
    <p class='ocr_par' dir='ltr' id='par_1_86' title="bbox 2306 2858 3517 2916">
     <span class='ocr_line' id='line_1_86' title="bbox 2306 2858 3517 2916; baseline 0.001 -5"><span class='ocrx_word' id='word_1_607' title='bbox 2306 2874 2471 2914; x_wconf 72' lang='lat' dir='ltr'><strong>masc.</strong></span> <span class='ocrx_word' id='word_1_608' title='bbox 2830 2858 2953 2912; x_wconf 69' lang='lat' dir='ltr'><strong>fern.</strong></span> <span class='ocrx_word' id='word_1_609' title='bbox 3345 2874 3517 2916; x_wconf 84' lang='lat' dir='ltr'><strong>neutr.</strong></span> 
     </span>
    </p>
   </div>
   <div class='ocr_carea' id='block_1_87' title="bbox 2235 2953 3637 3023">
    <p class='ocr_par' dir='ltr' id='par_1_87' title="bbox 2235 2953 3637 3023">
     <span class='ocr_line' id='line_1_87' title="bbox 2235 2953 3637 3023; baseline 0.002 -18"><span class='ocrx_word' id='word_1_610' title='bbox 2235 2969 2263 3005; x_wconf 82' lang='lat' dir='ltr'><strong>tt</strong></span> <span class='ocrx_word' id='word_1_611' title='bbox 2335 2956 2415 3020; x_wconf 78' lang='lat' dir='ltr'><strong>-;&#39;a</strong></span> <span class='ocrx_word' id='word_1_612' title='bbox 2491 2968 2581 3003; x_wconf 78' lang='lat' dir='ltr'><strong>-ua</strong></span> <span class='ocrx_word' id='word_1_613' title='bbox 2723 2968 2784 3001; x_wconf 85' lang='lat' dir='ltr'><strong>-a</strong></span> <span class='ocrx_word' id='word_1_614' title='bbox 2858 2953 2935 3014; x_wconf 72' lang='grc' dir='ltr'><strong>οἱα</strong></span> <span class='ocrx_word' id='word_1_615' title='bbox 3008 2968 3095 3003; x_wconf 55' lang='lat' dir='ltr'><strong>me</strong></span> <span class='ocrx_word' id='word_1_616' title='bbox 3242 2969 3300 3005; x_wconf 84' lang='lat' dir='ltr'><strong>-a</strong></span> <span class='ocrx_word' id='word_1_617' title='bbox 3384 2956 3468 3023; x_wconf 80' lang='lat' dir='ltr'><strong>-ja</strong></span> <span class='ocrx_word' id='word_1_618' title='bbox 3552 2971 3637 3008; x_wconf 82' lang='lat' dir='ltr'><strong>-ua</strong></span> 
     </span>
    </p>
   </div>
   <div class='ocr_carea' id='block_1_88' title="bbox 2668 3044 3165 3098">
    <p class='ocr_par' dir='ltr' id='par_1_88' title="bbox 2668 3044 3165 3098">
     <span class='ocr_line' id='line_1_88' title="bbox 2668 3044 3165 3098; baseline 0 -1"><span class='ocrx_word' id='word_1_619' title='bbox 2668 3044 2848 3097; x_wconf 75' lang='lat' dir='ltr'><strong>Radie.</strong></span> <span class='ocrx_word' id='word_1_620' title='bbox 2884 3045 3079 3098; x_wconf 73' lang='lat' dir='ltr'><strong>vocalis</strong></span> <span class='ocrx_word' id='word_1_621' title='bbox 3110 3047 3124 3096; x_wconf 90' lang='lat' dir='ltr'><strong>i</strong></span> <span class='ocrx_word' id='word_1_622' title='bbox 3158 3064 3165 3097; x_wconf 93' lang='lat'>:</span> 
     </span>
    </p>
   </div>
   <div class='ocr_carea' id='block_1_89' title="bbox 2211 3138 3613 3210">
    <p class='ocr_par' dir='ltr' id='par_1_89' title="bbox 2211 3138 3613 3210">
     <span class='ocr_line' id='line_1_89' title="bbox 2211 3138 3613 3210; baseline 0.009 -30"><span class='ocrx_word' id='word_1_623' title='bbox 2211 3157 2254 3191; x_wconf 78' lang='grc' dir='ltr'><strong>,ι</strong></span> <span class='ocrx_word' id='word_1_624' title='bbox 2342 3138 2406 3210; x_wconf 74' lang='lat' dir='ltr'><strong>.ji</strong></span> <span class='ocrx_word' id='word_1_625' title='bbox 2488 3138 2563 3190; x_wconf 84' lang='lat' dir='ltr'><strong>-ui</strong></span> <span class='ocrx_word' id='word_1_626' title='bbox 2731 3138 2763 3186; x_wconf 86' lang='lat' dir='ltr'><strong>-i</strong></span> <span class='ocrx_word' id='word_1_627' title='bbox 2863 3138 2931 3207; x_wconf 78' lang='lat' dir='ltr'><strong>~ji</strong></span> <span class='ocrx_word' id='word_1_628' title='bbox 3020 3140 3093 3189; x_wconf 64' lang='grc' dir='ltr'><strong>συὶ</strong></span> <span class='ocrx_word' id='word_1_629' title='bbox 3276 3139 3292 3190; x_wconf 85' lang='lat' dir='ltr'><strong>i</strong></span> <span class='ocrx_word' id='word_1_630' title='bbox 3405 3138 3451 3206; x_wconf 77' lang='lat' dir='ltr'><strong>ji</strong></span> <span class='ocrx_word' id='word_1_631' title='bbox 3545 3140 3613 3192; x_wconf 73' lang='lat' dir='ltr'><strong>-ui</strong></span> 
     </span>
    </p>
   </div>
   <div class='ocr_carea' id='block_1_90' title="bbox 2661 3228 3179 3285">
    <p class='ocr_par' dir='ltr' id='par_1_90' title="bbox 2661 3228 3179 3285">
     <span class='ocr_line' id='line_1_90' title="bbox 2661 3228 3179 3285; baseline 0.004 -2"><span class='ocrx_word' id='word_1_632' title='bbox 2661 3228 2845 3283; x_wconf 69' lang='lat' dir='ltr'><strong>Rodio.</strong></span> <span class='ocrx_word' id='word_1_633' title='bbox 2878 3230 3073 3284; x_wconf 61' lang='lat' dir='ltr'><strong>ruentis</strong></span> <span class='ocrx_word' id='word_1_634' title='bbox 3105 3247 3133 3284; x_wconf 88' lang='lat' dir='ltr'><strong>tt</strong></span> <span class='ocrx_word' id='word_1_635' title='bbox 3166 3272 3179 3285; x_wconf 94' lang='lat'><strong>.</strong></span> 
     </span>
    </p>
   </div>
   <div class='ocr_carea' id='block_1_91' title="bbox 2236 3328 3637 3398">
    <p class='ocr_par' dir='ltr' id='par_1_91' title="bbox 2236 3328 3637 3398">
     <span class='ocr_line' id='line_1_91' title="bbox 2236 3328 3637 3398; baseline -0.001 -17"><span class='ocrx_word' id='word_1_636' title='bbox 2236 3345 2271 3381; x_wconf 70' lang='grc' dir='ltr'><strong>υ</strong></span> <span class='ocrx_word' id='word_1_637' title='bbox 2342 3328 2425 3396; x_wconf 71' lang='grc' dir='ltr'><strong>-ίιι</strong></span> <span class='ocrx_word' id='word_1_638' title='bbox 2496 3342 2586 3380; x_wconf 76' lang='grc' dir='ltr'><strong>-υιι</strong></span> <span class='ocrx_word' id='word_1_639' title='bbox 2728 3343 2787 3379; x_wconf 66' lang='grc' dir='ltr'><strong>δα</strong></span> <span class='ocrx_word' id='word_1_640' title='bbox 2857 3329 2939 3394; x_wconf 81' lang='lat' dir='ltr'><strong>—ju</strong></span> <span class='ocrx_word' id='word_1_641' title='bbox 3012 3344 3103 3380; x_wconf 87' lang='lat' dir='ltr'><strong>-utt</strong></span> <span class='ocrx_word' id='word_1_642' title='bbox 3248 3343 3307 3379; x_wconf 78' lang='lat' dir='ltr'><strong>~tt</strong></span> <span class='ocrx_word' id='word_1_643' title='bbox 3389 3329 3474 3398; x_wconf 84' lang='lat' dir='ltr'><strong>-ju</strong></span> <span class='ocrx_word' id='word_1_644' title='bbox 3546 3343 3637 3379; x_wconf 76' lang='grc' dir='ltr'><strong>ουκ</strong></span> 
     </span>
    </p>
   </div>
   <div class='ocr_carea' id='block_1_92' title="bbox 2207 3437 3707 3509">
    <p class='ocr_par' dir='ltr' id='par_1_92' title="bbox 2207 3437 3707 3509">
     <span class='ocr_line' id='line_1_92' title="bbox 2207 3437 3707 3509; baseline -0.003 -13"><span class='ocrx_word' id='word_1_645' title='bbox 2207 3439 2311 3496; x_wconf 88' lang='lat' dir='ltr'><strong>Sed</strong></span> <span class='ocrx_word' id='word_1_646' title='bbox 2344 3439 2396 3494; x_wconf 83' lang='lat' dir='ltr'><strong>hi</strong></span> <span class='ocrx_word' id='word_1_647' title='bbox 2416 3453 2573 3495; x_wconf 87' lang='lat' dir='ltr'><strong>casus</strong></span> <span class='ocrx_word' id='word_1_648' title='bbox 2603 3452 2706 3493; x_wconf 91' lang='lat' dir='ltr'><strong>non</strong></span> <span class='ocrx_word' id='word_1_649' title='bbox 2737 3437 2939 3509; x_wconf 77' lang='lat' dir='ltr'><strong>integre</strong></span> <span class='ocrx_word' id='word_1_650' title='bbox 2968 3438 3065 3494; x_wconf 88' lang='lat' dir='ltr'><strong>nisi</strong></span> <span class='ocrx_word' id='word_1_651' title='bbox 3088 3454 3209 3493; x_wconf 89' lang='lat' dir='ltr'><strong>cum</strong></span> <span class='ocrx_word' id='word_1_652' title='bbox 3240 3440 3406 3493; x_wconf 85' lang='lat' dir='ltr'><strong>vocali</strong></span> <span class='ocrx_word' id='word_1_653' title='bbox 3438 3438 3653 3493; x_wconf 67' lang='lat' dir='ltr'><strong>radicali</strong></span> <span class='ocrx_word' id='word_1_654' title='bbox 3678 3458 3707 3492; x_wconf 82' lang='grc' dir='ltr'><strong>ιι</strong></span> 
     </span>
    </p>
   </div>
   <div class='ocr_carea' id='block_1_93' title="bbox 2136 3528 3704 3599">
    <p class='ocr_par' dir='ltr' id='par_1_93' title="bbox 2136 3528 3704 3599">
     <span class='ocr_line' id='line_1_93' title="bbox 2136 3528 3704 3599; baseline -0.003 -13"><span class='ocrx_word' id='word_1_655' title='bbox 2136 3542 2441 3595; x_wconf 79' lang='lat' dir='ltr'><strong>occurrunt,</strong></span> <span class='ocrx_word' id='word_1_656' title='bbox 2478 3544 2600 3585; x_wconf 84' lang='lat' dir='ltr'><strong>cum</strong></span> <span class='ocrx_word' id='word_1_657' title='bbox 2636 3528 2756 3583; x_wconf 89' lang='lat' dir='ltr'><strong>aliis</strong></span> <span class='ocrx_word' id='word_1_658' title='bbox 2794 3539 2970 3583; x_wconf 87' lang='lat' dir='ltr'><strong>autem</strong></span> <span class='ocrx_word' id='word_1_659' title='bbox 2997 3530 3202 3585; x_wconf 86' lang='lat' dir='ltr'><strong>duabus</strong></span> <span class='ocrx_word' id='word_1_660' title='bbox 3253 3545 3358 3584; x_wconf 91' lang='lat' dir='ltr'><strong>non</strong></span> <span class='ocrx_word' id='word_1_661' title='bbox 3389 3542 3584 3599; x_wconf 84' lang='lat' dir='ltr'><strong>paucas</strong></span> <span class='ocrx_word' id='word_1_662' title='bbox 3615 3545 3704 3595; x_wconf 81' lang='lat' dir='ltr'><strong>pa-</strong></span> 
     </span>
    </p>
   </div>
   <div class='ocr_carea' id='block_1_94' title="bbox 2140 3619 3711 3692">
    <p class='ocr_par' dir='ltr' id='par_1_94' title="bbox 2140 3619 3711 3692">
     <span class='ocr_line' id='line_1_94' title="bbox 2140 3619 3711 3692; baseline -0.002 -15"><span class='ocrx_word' id='word_1_663' title='bbox 2140 3626 2333 3681; x_wconf 87' lang='lat' dir='ltr'><strong>tientes</strong></span> <span class='ocrx_word' id='word_1_664' title='bbox 2362 3623 2603 3678; x_wconf 84' lang='lat' dir='ltr'><strong>lacunas.</strong></span> <span class='ocrx_word' id='word_1_665' title='bbox 2632 3620 2723 3677; x_wconf 89' lang='lat' dir='ltr'><strong>Sic</strong></span> <span class='ocrx_word' id='word_1_666' title='bbox 2749 3622 2931 3692; x_wconf 72' lang='lat' dir='ltr'><strong>regula</strong></span> <span class='ocrx_word' id='word_1_667' title='bbox 2976 3632 3077 3683; x_wconf 86' lang='lat' dir='ltr'><strong>est,</strong></span> <span class='ocrx_word' id='word_1_668' title='bbox 3127 3621 3286 3675; x_wconf 85' lang='lat' dir='ltr'><strong>nullis</strong></span> <span class='ocrx_word' id='word_1_669' title='bbox 3310 3619 3711 3689; x_wconf 79' lang='lat' dir='ltr'><strong>exceptionibus</strong></span> 
     </span>
    </p>
   </div>
   <div class='ocr_carea' id='block_1_95' title="bbox 2138 3713 3709 3788">
    <p class='ocr_par' dir='ltr' id='par_1_95' title="bbox 2138 3713 3709 3788">
     <span class='ocr_line' id='line_1_95' title="bbox 2138 3713 3709 3788; baseline -0.006 -14"><span class='ocrx_word' id='word_1_670' title='bbox 2138 3718 2398 3788; x_wconf 79' lang='lat' dir='ltr'><strong>subjecta,</strong></span> <span class='ocrx_word' id='word_1_671' title='bbox 2422 3715 2563 3786; x_wconf 89' lang='lat' dir='ltr'><strong>quod</strong></span> <span class='ocrx_word' id='word_1_672' title='bbox 2593 3724 2948 3771; x_wconf 58' lang='lat' dir='ltr'><strong>consonantes</strong></span> <span class='ocrx_word' id='word_1_673' title='bbox 2968 3717 2997 3785; x_wconf 89' lang='lat' dir='ltr'><strong>j</strong></span> <span class='ocrx_word' id='word_1_674' title='bbox 3023 3723 3077 3769; x_wconf 88' lang='lat' dir='ltr'><strong>et</strong></span> <span class='ocrx_word' id='word_1_675' title='bbox 3100 3730 3127 3765; x_wconf 83' lang='grc' dir='ltr'><strong>υ</strong></span> <span class='ocrx_word' id='word_1_676' title='bbox 3148 3713 3258 3767; x_wconf 85' lang='lat' dir='ltr'><strong>suis</strong></span> <span class='ocrx_word' id='word_1_677' title='bbox 3283 3715 3521 3782; x_wconf 72' lang='lat' dir='ltr'><strong>cognatis</strong></span> <span class='ocrx_word' id='word_1_678' title='bbox 3554 3727 3709 3767; x_wconf 83' lang='lat' dir='ltr'><strong>voca-</strong></span> 
     </span>
    </p>
   </div>
   <div class='ocr_carea' id='block_1_96' title="bbox 2137 3804 3702 3875">
    <p class='ocr_par' dir='ltr' id='par_1_96' title="bbox 2137 3804 3702 3875">
     <span class='ocr_line' id='line_1_96' title="bbox 2137 3804 3702 3875; baseline -0.004 -11"><span class='ocrx_word' id='word_1_679' title='bbox 2137 3809 2277 3864; x_wconf 87' lang='lat' dir='ltr'><strong>libus</strong></span> <span class='ocrx_word' id='word_1_680' title='bbox 2301 3809 2319 3862; x_wconf 84' lang='lat' dir='ltr'><strong>t&#39;</strong></span> <span class='ocrx_word' id='word_1_681' title='bbox 2344 3816 2400 3863; x_wconf 84' lang='lat' dir='ltr'><strong>et</strong></span> <span class='ocrx_word' id='word_1_682' title='bbox 2420 3823 2453 3860; x_wconf 87' lang='lat' dir='ltr'><strong>tt</strong></span> <span class='ocrx_word' id='word_1_683' title='bbox 2479 3807 2668 3875; x_wconf 71' lang='lat' dir='ltr'><strong>praeire</strong></span> <span class='ocrx_word' id='word_1_684' title='bbox 2689 3815 2978 3874; x_wconf 86' lang='lat' dir='ltr'><strong>nequeant,</strong></span> <span class='ocrx_word' id='word_1_685' title='bbox 3004 3804 3190 3859; x_wconf 75' lang='lat' dir='ltr'><strong>formis</strong></span> <span class='ocrx_word' id='word_1_686' title='bbox 3210 3806 3259 3875; x_wconf 83' lang='lat' dir='ltr'><strong>ji</strong></span> <span class='ocrx_word' id='word_1_687' title='bbox 3289 3814 3423 3858; x_wconf 82' lang='lat' dir='ltr'><strong>ctvu</strong></span> <span class='ocrx_word' id='word_1_688' title='bbox 3445 3818 3702 3872; x_wconf 75' lang='lat' dir='ltr'><strong>nusquam</strong></span> 
     </span>
    </p>
   </div>
   <div class='ocr_carea' id='block_1_97' title="bbox 2137 3896 3707 3967">
    <p class='ocr_par' dir='ltr' id='par_1_97' title="bbox 2137 3896 3707 3967">
     <span class='ocr_line' id='line_1_97' title="bbox 2137 3896 3707 3967; baseline -0.006 -8"><span class='ocrx_word' id='word_1_689' title='bbox 2137 3915 2391 3960; x_wconf 54' lang='lat' dir='ltr'><strong>ceterum</strong></span> <span class='ocrx_word' id='word_1_690' title='bbox 2422 3902 2843 3960; x_wconf 85' lang='lat' dir='ltr'><strong>occurrentibus.</strong></span> <span class='ocrx_word' id='word_1_691' title='bbox 2891 3900 3111 3967; x_wconf 84' lang='lat' dir='ltr'><strong>Insuper</strong></span> <span class='ocrx_word' id='word_1_692' title='bbox 3149 3900 3200 3951; x_wconf 87' lang='lat' dir='ltr'><strong>in</strong></span> <span class='ocrx_word' id='word_1_693' title='bbox 3228 3896 3564 3954; x_wconf 82' lang='lat' dir='ltr'><strong>declinandis</strong></span> <span class='ocrx_word' id='word_1_694' title='bbox 3615 3913 3707 3950; x_wconf 89' lang='lat' dir='ltr'><strong>vo-</strong></span> 
     </span>
    </p>
   </div>
   <div class='ocr_carea' id='block_1_98' title="bbox 2140 3987 3711 4057">
    <p class='ocr_par' dir='ltr' id='par_1_98' title="bbox 2140 3987 3711 4057">
     <span class='ocr_line' id='line_1_98' title="bbox 2140 3987 3711 4057; baseline -0.008 -7"><span class='ocrx_word' id='word_1_695' title='bbox 2140 3994 2343 4050; x_wconf 88' lang='lat' dir='ltr'><strong>cabulis</strong></span> <span class='ocrx_word' id='word_1_696' title='bbox 2369 3994 2530 4049; x_wconf 86' lang='lat' dir='ltr'><strong>etiam</strong></span> <span class='ocrx_word' id='word_1_697' title='bbox 2561 3991 2864 4046; x_wconf 81' lang='lat' dir='ltr'><strong>immittitur</strong></span> <span class='ocrx_word' id='word_1_698' title='bbox 2892 3991 3185 4046; x_wconf 87' lang='lat' dir='ltr'><strong>vocalicum</strong></span> <span class='ocrx_word' id='word_1_699' title='bbox 3220 4005 3247 4041; x_wconf 88' lang='lat' dir='ltr'><strong>r</strong></span> <span class='ocrx_word' id='word_1_700' title='bbox 3276 4000 3332 4043; x_wconf 90' lang='lat' dir='ltr'><strong>ut</strong></span> <span class='ocrx_word' id='word_1_701' title='bbox 3356 3998 3544 4057; x_wconf 82' lang='lat' dir='ltr'><strong>quarta</strong></span> <span class='ocrx_word' id='word_1_702' title='bbox 3574 3987 3711 4040; x_wconf 62' lang='lat' dir='ltr'><strong>radi-</strong></span> 
     </span>
    </p>
   </div>
   <div class='ocr_carea' id='block_1_99' title="bbox 2139 4074 3715 4155">
    <p class='ocr_par' dir='ltr' id='par_1_99' title="bbox 2139 4074 3715 4155">
     <span class='ocr_line' id='line_1_99' title="bbox 2139 4074 3715 4155; baseline -0.008 -13"><span class='ocrx_word' id='word_1_703' title='bbox 2139 4087 2271 4142; x_wconf 86' lang='lat' dir='ltr'><strong>calis</strong></span> <span class='ocrx_word' id='word_1_704' title='bbox 2313 4084 2510 4140; x_wconf 86' lang='lat' dir='ltr'><strong>vocalis</strong></span> <span class='ocrx_word' id='word_1_705' title='bbox 2549 4082 2694 4155; x_wconf 87' lang='lat' dir='ltr'><strong>(vid.</strong></span> <span class='ocrx_word' id='word_1_706' title='bbox 2723 4083 2810 4137; x_wconf 90' lang='lat' dir='ltr'><strong>ubi</strong></span> <span class='ocrx_word' id='word_1_707' title='bbox 2848 4081 2916 4136; x_wconf 86' lang='lat' dir='ltr'><strong>de</strong></span> <span class='ocrx_word' id='word_1_708' title='bbox 2943 4081 3112 4145; x_wconf 85' lang='lat' dir='ltr'><strong>sonis,</strong></span> <span class='ocrx_word' id='word_1_709' title='bbox 3136 4079 3164 4150; x_wconf 58' lang='grc' dir='ltr'><strong>ᾗ</strong></span> <span class='ocrx_word' id='word_1_710' title='bbox 3186 4080 3277 4145; x_wconf 78' lang='lat'><strong>59,</strong></span> <span class='ocrx_word' id='word_1_711' title='bbox 3302 4074 3384 4149; x_wconf 68' lang='grc' dir='ltr'><strong>ὅ),</strong></span> <span class='ocrx_word' id='word_1_712' title='bbox 3407 4093 3525 4147; x_wconf 65' lang='lat' dir='ltr'><strong>quae</strong></span> <span class='ocrx_word' id='word_1_713' title='bbox 3560 4092 3715 4131; x_wconf 69' lang='lat' dir='ltr'><strong>suam.</strong></span> 
     </span>
    </p>
   </div>
   <div class='ocr_carea' id='block_1_100' title="bbox 2140 4174 3513 4235">
    <p class='ocr_par' dir='ltr' id='par_1_100' title="bbox 2140 4174 3513 4235">
     <span class='ocr_line' id='line_1_100' title="bbox 2140 4174 3513 4235; baseline -0.007 0"><span class='ocrx_word' id='word_1_714' title='bbox 2140 4178 2321 4235; x_wconf 86' lang='lat' dir='ltr'><strong>sedem</strong></span> <span class='ocrx_word' id='word_1_715' title='bbox 2344 4179 2396 4233; x_wconf 91' lang='lat' dir='ltr'><strong>in</strong></span> <span class='ocrx_word' id='word_1_716' title='bbox 2426 4174 2660 4231; x_wconf 90' lang='lat' dir='ltr'><strong>vocalica</strong></span> <span class='ocrx_word' id='word_1_717' title='bbox 2692 4175 3047 4231; x_wconf 83' lang='lat' dir='ltr'><strong>declinatione</strong></span> <span class='ocrx_word' id='word_1_718' title='bbox 3066 4176 3227 4229; x_wconf 87' lang='lat' dir='ltr'><strong>etiam</strong></span> <span class='ocrx_word' id='word_1_719' title='bbox 3260 4174 3513 4229; x_wconf 81' lang='lat' dir='ltr'><strong>vindicat.</strong></span> 
     </span>
    </p>
   </div>
   <div class='ocr_carea' id='block_1_101' title="bbox 2447 4328 3412 4374">
    <p class='ocr_par' dir='ltr' id='par_1_101' title="bbox 2447 4328 3412 4374">
     <span class='ocr_line' id='line_1_101' title="bbox 2447 4328 3412 4374; baseline -0.004 -2"><span class='ocrx_word' id='word_1_720' title='bbox 2447 4329 2750 4373; x_wconf 68' lang='lat' dir='ltr'><strong>VOCALICA</strong></span> <span class='ocrx_word' id='word_1_721' title='bbox 2784 4328 3010 4374; x_wconf 75' lang='lat' dir='ltr'><strong>DECLIN</strong></span> <span class='ocrx_word' id='word_1_722' title='bbox 3024 4328 3170 4374; x_wconf 80' lang='grc' dir='ltr'><strong>ΔΤΙΟ</strong></span> <span class='ocrx_word' id='word_1_723' title='bbox 3198 4329 3387 4373; x_wconf 71' lang='lat' dir='ltr'><strong>PRIMA</strong></span> <span class='ocrx_word' id='word_1_724' title='bbox 3400 4355 3412 4368; x_wconf 91' lang='lat'><strong>.</strong></span> 
     </span>
    </p>
   </div>
   <div class='ocr_carea' id='block_1_102' title="bbox 2635 4433 3211 4489">
    <p class='ocr_par' dir='ltr' id='par_1_102' title="bbox 2635 4433 3211 4489">
     <span class='ocr_line' id='line_1_102' title="bbox 2635 4433 3211 4489; baseline -0.002 -2"><span class='ocrx_word' id='word_1_725' title='bbox 2635 4433 2788 4488; x_wconf 79' lang='lat' dir='ltr'><strong>Rad.</strong></span> <span class='ocrx_word' id='word_1_726' title='bbox 2845 4434 3099 4489; x_wconf 87' lang='lat' dir='ltr'><strong>vocalis</strong></span> <span class='ocrx_word' id='word_1_727' title='bbox 3152 4452 3211 4487; x_wconf 79' lang='grc' dir='ltr'><strong>α.</strong></span> 
     </span>
    </p>
   </div>
   <div class='ocr_carea' id='block_1_103' title="bbox 2703 4526 3163 4580">
    <p class='ocr_par' dir='ltr' id='par_1_103' title="bbox 2703 4526 3163 4580">
     <span class='ocr_line' id='line_1_103' title="bbox 2703 4526 3163 4580; baseline 0.002 -2"><span class='ocrx_word' id='word_1_728' title='bbox 2703 4544 2754 4580; x_wconf 86' lang='lat' dir='ltr'><strong>a.</strong></span> <span class='ocrx_word' id='word_1_729' title='bbox 2795 4526 3163 4580; x_wconf 73' lang='lat' dir='ltr'><strong>Masculinum.</strong></span> 
     </span>
    </p>
   </div>
   <div class='ocr_carea' id='block_1_104' title="bbox 2384 4615 3490 4686">
    <p class='ocr_par' dir='ltr' id='par_1_104' title="bbox 2384 4615 3490 4686">
     <span class='ocr_line' id='line_1_104' title="bbox 2384 4615 3490 4686; baseline -0.002 -15"><span class='ocrx_word' id='word_1_730' title='bbox 2384 4616 2410 4686; x_wconf 83' lang='lat'><strong>§</strong></span> <span class='ocrx_word' id='word_1_731' title='bbox 2441 4616 2527 4672; x_wconf 86' lang='lat'><strong>66.</strong></span> <span class='ocrx_word' id='word_1_732' title='bbox 2547 4639 2599 4672; x_wconf 81' lang='grc' dir='ltr'><strong>α.</strong></span> <span class='ocrx_word' id='word_1_733' title='bbox 2631 4616 2817 4671; x_wconf 78' lang='lat' dir='ltr'><strong>Forma</strong></span> <span class='ocrx_word' id='word_1_734' title='bbox 2840 4617 3087 4673; x_wconf 87' lang='lat' dir='ltr'><strong>radicalis</strong></span> <span class='ocrx_word' id='word_1_735' title='bbox 3115 4634 3172 4669; x_wconf 81' lang='lat' dir='ltr'><strong>~a</strong></span> <span class='ocrx_word' id='word_1_736' title='bbox 3194 4632 3213 4670; x_wconf 91' lang='lat'><strong><em>:</em></strong></span> <span class='ocrx_word' id='word_1_737' title='bbox 3248 4615 3490 4672; x_wconf 76' lang='lat' dir='ltr'><strong>FlSIt&#39;A.</strong></span> 
     </span>
    </p>
   </div>
   <div class='ocr_carea' id='block_1_105' title="bbox 2535 4709 3419 4779">
    <p class='ocr_par' dir='ltr' id='par_1_105' title="bbox 2535 4709 3419 4779">
     <span class='ocr_line' id='line_1_105' title="bbox 2535 4709 3419 4779; baseline -0.001 -15"><span class='ocrx_word' id='word_1_738' title='bbox 2535 4709 2683 4779; x_wconf 62' lang='lat' dir='ltr'><strong>Sing.</strong></span> <span class='ocrx_word' id='word_1_739' title='bbox 3278 4710 3419 4765; x_wconf 74' lang='lat' dir='ltr'><strong>l’lur.</strong></span> 
     </span>
    </p>
   </div>
   <div class='ocr_carea' id='block_1_106' title="bbox 2216 4798 3574 4870">
    <p class='ocr_par' dir='ltr' id='par_1_106' title="bbox 2216 4798 3574 4870">
     <span class='ocr_line' id='line_1_106' title="bbox 2216 4798 3574 4870; baseline -0.002 -14"><span class='ocrx_word' id='word_1_740' title='bbox 2216 4800 2372 4856; x_wconf 77' lang='lat' dir='ltr'><strong>Noui.</strong></span> <span class='ocrx_word' id='word_1_741' title='bbox 2447 4798 2565 4868; x_wconf 60' lang='grc' dir='ltr'><strong>θεὼ</strong></span> <span class='ocrx_word' id='word_1_742' title='bbox 2692 4802 2854 4870; x_wconf 87' lang='lat' dir='ltr'><strong>piscis</strong></span> <span class='ocrx_word' id='word_1_743' title='bbox 3142 4800 3293 4867; x_wconf 64' lang='lat' dir='ltr'><strong>[istos</strong></span> <span class='ocrx_word' id='word_1_744' title='bbox 3404 4801 3574 4870; x_wconf 83' lang='lat' dir='ltr'><strong>pisces</strong></span> 
     </span>
    </p>
   </div>
   <div class='ocr_carea' id='block_1_107' title="bbox 2218 4893 3577 4963">
    <p class='ocr_par' dir='ltr' id='par_1_107' title="bbox 2218 4893 3577 4963">
     <span class='ocr_line' id='line_1_107' title="bbox 2218 4893 3577 4963; baseline 0.001 -16"><span class='ocrx_word' id='word_1_745' title='bbox 2218 4894 2346 4951; x_wconf 82' lang='lat' dir='ltr'><strong>Voc.</strong></span> <span class='ocrx_word' id='word_1_746' title='bbox 2448 4893 2553 4963; x_wconf 71' lang='lat' dir='ltr'><strong>,lisk&#39;</strong></span> <span class='ocrx_word' id='word_1_747' title='bbox 2694 4894 2855 4963; x_wconf 83' lang='lat' dir='ltr'><strong>piscis</strong></span> <span class='ocrx_word' id='word_1_748' title='bbox 3142 4893 3293 4961; x_wconf 71' lang='lat' dir='ltr'><strong>[istos</strong></span> <span class='ocrx_word' id='word_1_749' title='bbox 3405 4895 3577 4961; x_wconf 83' lang='lat' dir='ltr'><strong>pisces</strong></span> 
     </span>
    </p>
   </div>
   <div class='ocr_carea' id='block_1_108' title="bbox 2214 4985 3574 5056">
    <p class='ocr_par' dir='ltr' id='par_1_108' title="bbox 2214 4985 3574 5056">
     <span class='ocr_line' id='line_1_108' title="bbox 2214 4985 3574 5056; baseline -0.002 -15"><span class='ocrx_word' id='word_1_750' title='bbox 2214 4989 2343 5042; x_wconf 78' lang='lat' dir='ltr'><strong>Acc.</strong></span> <span class='ocrx_word' id='word_1_751' title='bbox 2442 4987 2538 5052; x_wconf 74' lang='lat' dir='ltr'><strong>ﬁslt</strong></span> <span class='ocrx_word' id='word_1_752' title='bbox 2690 4989 2890 5056; x_wconf 82' lang='lat' dir='ltr'><strong>piscem</strong></span> <span class='ocrx_word' id='word_1_753' title='bbox 3132 4985 3324 5053; x_wconf 66' lang='lat' dir='ltr'><strong>ﬁskaus</strong></span> <span class='ocrx_word' id='word_1_754' title='bbox 3400 4989 3574 5054; x_wconf 56' lang='lat' dir='ltr'><strong>pisces</strong></span> 
     </span>
    </p>
   </div>
   <div class='ocr_carea' id='block_1_109' title="bbox 2216 5076 3639 5146">
    <p class='ocr_par' dir='ltr' id='par_1_109' title="bbox 2216 5076 3639 5146">
     <span class='ocr_line' id='line_1_109' title="bbox 2216 5076 3639 5146; baseline -0.001 -15"><span class='ocrx_word' id='word_1_755' title='bbox 2216 5076 2334 5132; x_wconf 79' lang='lat' dir='ltr'><strong>Dat.</strong></span> <span class='ocrx_word' id='word_1_756' title='bbox 2445 5076 2574 5145; x_wconf 67' lang='lat' dir='ltr'><strong>ﬁdat</strong></span> <span class='ocrx_word' id='word_1_757' title='bbox 2695 5078 2822 5146; x_wconf 81' lang='lat' dir='ltr'><strong>pisci</strong></span> <span class='ocrx_word' id='word_1_758' title='bbox 3131 5076 3312 5146; x_wconf 67' lang='lat' dir='ltr'><strong>ﬂuitant</strong></span> <span class='ocrx_word' id='word_1_759' title='bbox 3405 5077 3639 5143; x_wconf 76' lang='lat' dir='ltr'><strong>piscibus</strong></span> 
     </span>
    </p>
   </div>
   <div class='ocr_carea' id='block_1_110' title="bbox 2213 5168 3620 5239">
    <p class='ocr_par' dir='ltr' id='par_1_110' title="bbox 2213 5168 3620 5239">
     <span class='ocr_line' id='line_1_110' title="bbox 2213 5168 3620 5239; baseline -0.001 -14"><span class='ocrx_word' id='word_1_760' title='bbox 2213 5169 2350 5226; x_wconf 82' lang='lat' dir='ltr'><strong>Gen.</strong></span> <span class='ocrx_word' id='word_1_761' title='bbox 2445 5169 2585 5238; x_wconf 65' lang='lat' dir='ltr'><strong>[istis</strong></span> <span class='ocrx_word' id='word_1_762' title='bbox 2694 5171 2851 5239; x_wconf 84' lang='lat' dir='ltr'><strong>piscis</strong></span> <span class='ocrx_word' id='word_1_763' title='bbox 3133 5168 3255 5235; x_wconf 71' lang='lat' dir='ltr'><strong>ﬁske</strong></span> <span class='ocrx_word' id='word_1_764' title='bbox 3397 5170 3620 5234; x_wconf 77' lang='lat' dir='ltr'><strong>piscium</strong></span> 
     </span>
    </p>
   </div>
   <div class='ocr_carea' id='block_1_111' title="bbox 2218 5260 3717 5334">
    <p class='ocr_par' dir='ltr' id='par_1_111' title="bbox 2218 5260 3717 5334">
     <span class='ocr_line' id='line_1_111' title="bbox 2218 5260 3717 5334; baseline -0.001 -17"><span class='ocrx_word' id='word_1_765' title='bbox 2218 5260 2305 5317; x_wconf 87' lang='lat' dir='ltr'><strong>Sic</strong></span> <span class='ocrx_word' id='word_1_766' title='bbox 2332 5261 2664 5317; x_wconf 86' lang='lat' dir='ltr'><strong>declinantur</strong></span> <span class='ocrx_word' id='word_1_767' title='bbox 2701 5279 2717 5315; x_wconf 92' lang='lat'><strong>:</strong></span> <span class='ocrx_word' id='word_1_768' title='bbox 2764 5261 2887 5333; x_wconf 59' lang='lat' dir='ltr'><strong>aii):</strong></span> <span class='ocrx_word' id='word_1_769' title='bbox 2929 5262 3322 5334; x_wconf 85' lang='lat' dir='ltr'><strong>jusjurandum,</strong></span> <span class='ocrx_word' id='word_1_770' title='bbox 3367 5278 3470 5314; x_wconf 83' lang='lat' dir='ltr'><strong>aa&#39;s</strong></span> <span class='ocrx_word' id='word_1_771' title='bbox 3517 5276 3717 5326; x_wconf 87' lang='lat' dir='ltr'><strong>ramus,</strong></span> 
     </span>
    </p>
   </div>
   <div class='ocr_carea' id='block_1_112' title="bbox 2147 5352 3717 5425">
    <p class='ocr_par' dir='ltr' id='par_1_112' title="bbox 2147 5352 3717 5425">
     <span class='ocr_line' id='line_1_112' title="bbox 2147 5352 3717 5425; baseline 0.001 -21"><span class='ocrx_word' id='word_1_772' title='bbox 2147 5352 2321 5424; x_wconf 78' lang='lat' dir='ltr'><strong>bagms</strong></span> <span class='ocrx_word' id='word_1_773' title='bbox 2346 5352 2526 5417; x_wconf 87' lang='lat' dir='ltr'><strong>arbor,</strong></span> <span class='ocrx_word' id='word_1_774' title='bbox 2549 5353 2798 5407; x_wconf 81' lang='lat' dir='ltr'><strong>andbnlm</strong></span> <span class='ocrx_word' id='word_1_775' title='bbox 2824 5355 3052 5410; x_wconf 63' lang='lat' dir='ltr'><strong>[rutulus</strong></span> <span class='ocrx_word' id='word_1_776' title='bbox 3084 5354 3243 5425; x_wconf 88' lang='lat' dir='ltr'><strong>(plur.</strong></span> <span class='ocrx_word' id='word_1_777' title='bbox 3272 5355 3583 5415; x_wconf 73' lang='lat' dir='ltr'><strong>andbahtos,</strong></span> <span class='ocrx_word' id='word_1_778' title='bbox 3613 5369 3717 5405; x_wconf 81' lang='lat' dir='ltr'><strong>non</strong></span> 
     </span>
    </p>
   </div>
   <div class='ocr_carea' id='block_1_113' title="bbox 2150 5443 3722 5514">
    <p class='ocr_par' dir='ltr' id='par_1_113' title="bbox 2150 5443 3722 5514">
     <span class='ocr_line' id='line_1_113' title="bbox 2150 5443 3722 5514; baseline 0 -18"><span class='ocrx_word' id='word_1_779' title='bbox 2150 5456 2327 5499; x_wconf 87' lang='lat' dir='ltr'><strong>autem</strong></span> <span class='ocrx_word' id='word_1_780' title='bbox 2367 5443 2690 5507; x_wconf 75' lang='lat' dir='ltr'><strong>andbalttcis,</strong></span> <span class='ocrx_word' id='word_1_781' title='bbox 2734 5454 2791 5499; x_wconf 90' lang='lat' dir='ltr'><strong>ut</strong></span> <span class='ocrx_word' id='word_1_782' title='bbox 2822 5448 3075 5501; x_wconf 80' lang='lat' dir='ltr'><strong>mendose</strong></span> <span class='ocrx_word' id='word_1_783' title='bbox 3104 5446 3154 5499; x_wconf 90' lang='lat' dir='ltr'><strong>in</strong></span> <span class='ocrx_word' id='word_1_784' title='bbox 3196 5447 3457 5514; x_wconf 75' lang='lat' dir='ltr'><strong>glossario</strong></span> <span class='ocrx_word' id='word_1_785' title='bbox 3484 5443 3722 5513; x_wconf 87' lang='lat' dir='ltr'><strong>irrepsit)</strong></span> 
     </span>
    </p>
   </div>
   <div class='ocr_carea' id='block_1_114' title="bbox 2150 5534 3715 5606">
    <p class='ocr_par' dir='ltr' id='par_1_114' title="bbox 2150 5534 3715 5606">
     <span class='ocr_line' id='line_1_114' title="bbox 2150 5534 3715 5606; baseline 0 -19"><span class='ocrx_word' id='word_1_786' title='bbox 2150 5534 2276 5605; x_wconf 72' lang='lat' dir='ltr'><strong>dogs</strong></span> <span class='ocrx_word' id='word_1_787' title='bbox 2317 5535 2453 5601; x_wconf 76' lang='lat' dir='ltr'><strong>dies,</strong></span> <span class='ocrx_word' id='word_1_788' title='bbox 2487 5535 2671 5590; x_wconf 79' lang='lat' dir='ltr'><strong>ltitnt&#39;tls</strong></span> <span class='ocrx_word' id='word_1_789' title='bbox 2708 5536 2928 5601; x_wconf 62' lang='lat' dir='ltr'><strong>caelum,</strong></span> <span class='ocrx_word' id='word_1_790' title='bbox 2956 5538 3113 5606; x_wconf 68' lang='lat' dir='ltr'><strong>1116th</strong></span> <span class='ocrx_word' id='word_1_791' title='bbox 3153 5540 3324 5605; x_wconf 80' lang='lat' dir='ltr'><strong>panis,</strong></span> <span class='ocrx_word' id='word_1_792' title='bbox 3356 5538 3519 5589; x_wconf 83' lang='lat' dir='ltr'><strong>ltuttds</strong></span> <span class='ocrx_word' id='word_1_793' title='bbox 3547 5536 3715 5601; x_wconf 79' lang='lat' dir='ltr'><strong>ranis,</strong></span> 
     </span>
    </p>
   </div>
   <div class='ocr_carea' id='block_1_115' title="bbox 2152 5624 3720 5697">
    <p class='ocr_par' dir='ltr' id='par_1_115' title="bbox 2152 5624 3720 5697">
     <span class='ocr_line' id='line_1_115' title="bbox 2152 5624 3720 5697; baseline 0.001 -21"><span class='ocrx_word' id='word_1_794' title='bbox 2152 5627 2272 5679; x_wconf 75' lang='lat' dir='ltr'><strong>Iron</strong></span> <span class='ocrx_word' id='word_1_795' title='bbox 2304 5626 2530 5690; x_wconf 85' lang='lat' dir='ltr'><strong>adulter.</strong></span> <span class='ocrx_word' id='word_1_796' title='bbox 2572 5625 2731 5697; x_wconf 72' lang='lat' dir='ltr'><strong>piubs</strong></span> <span class='ocrx_word' id='word_1_797' title='bbox 2778 5627 2877 5691; x_wconf 76' lang='lat' dir='ltr'><strong>fur,</strong></span> <span class='ocrx_word' id='word_1_798' title='bbox 2924 5626 3152 5697; x_wconf 69' lang='lat' dir='ltr'><strong>piniferis</strong></span> <span class='ocrx_word' id='word_1_799' title='bbox 3175 5643 3265 5682; x_wconf 77' lang='lat' dir='ltr'><strong>rex</strong></span> <span class='ocrx_word' id='word_1_800' title='bbox 3320 5624 3461 5680; x_wconf 61' lang='grc' dir='ltr'><strong>ἔπεια</strong></span> <span class='ocrx_word' id='word_1_801' title='bbox 3487 5638 3720 5694; x_wconf 71' lang='lat' dir='ltr'><strong>graecus,</strong></span> 
     </span>
    </p>
   </div>
   <div class='ocr_carea' id='block_1_116' title="bbox 554 5779 3170 5855">
    <p class='ocr_par' dir='ltr' id='par_1_116' title="bbox 554 5779 3170 5855">
     <span class='ocr_line' id='line_1_116' title="bbox 554 5779 3170 5855; baseline 0.001 -19"><span class='ocrx_word' id='word_1_802' title='bbox 554 5780 571 5813; x_wconf 83' lang='grc'>⁸</span> <span class='ocrx_word' id='word_1_803' title='bbox 602 5779 855 5846; x_wconf 83' lang='lat' dir='ltr'><strong>Vocalica,</strong></span> <span class='ocrx_word' id='word_1_804' title='bbox 900 5782 1277 5848; x_wconf 65' lang='lat' dir='ltr'><strong>consonantia,</strong></span> <span class='ocrx_word' id='word_1_805' title='bbox 1320 5795 1453 5837; x_wconf 82' lang='lat' dir='ltr'><strong>nova</strong></span> <span class='ocrx_word' id='word_1_806' title='bbox 1475 5780 1725 5839; x_wconf 83' lang='lat' dir='ltr'><strong>vocabula</strong></span> <span class='ocrx_word' id='word_1_807' title='bbox 1754 5780 1819 5838; x_wconf 88' lang='lat' dir='ltr'><strong>ad</strong></span> <span class='ocrx_word' id='word_1_808' title='bbox 1846 5796 2033 5838; x_wconf 85' lang='lat' dir='ltr'><strong>novatn</strong></span> <span class='ocrx_word' id='word_1_809' title='bbox 2068 5780 2240 5837; x_wconf 86' lang='lat' dir='ltr'><strong>ideam</strong></span> <span class='ocrx_word' id='word_1_810' title='bbox 2273 5780 2599 5838; x_wconf 85' lang='lat' dir='ltr'><strong>reddendam</strong></span> <span class='ocrx_word' id='word_1_811' title='bbox 2631 5784 2951 5855; x_wconf 70' lang='lat' dir='ltr'><strong>excogitata.</strong></span> <span class='ocrx_word' id='word_1_812' title='bbox 2978 5782 3170 5851; x_wconf 67' lang='lat' dir='ltr'><strong>ltttt’rp.</strong></span> 
     </span>
    </p>
   </div>
  </div>
