4346 6498
398 376 522 431 1001

1448 368 1532 430 UE
1573 370 2011 430 FonttATtONE
2064 364 2587 427 \‘0t‘...tt'.t't.ulttl.\t.

400 463 2652 515 Μ

3513 351 3647 402 1002

2693 453 3640 490 Μ
3070 487 3147 490 .__
3161 482 3462 490 _..__-..._._

1450 575 1870 682 CAPUT
1969 574 2588 679 TERTIUM.

1010 776 1167 855 DE
1240 772 2016 856 FORMATIONE
2089 768 3032 856 VOCABULORUM.

541 1016 665 1072 156.
707 1015 977 1071 Materiam
1011 1014 1271 1084 primam.
1302 1030 1364 1070 ex
1405 1031 1504 1082 qua
1543 1015 1860 1069 vocabulum
1890 1015 1973 1070 ef-

402 1109 700 1172 lbrtnatur,
755 1108 978 1161 radicem
1020 1107 1369 1175 appellamus.
1424 1106 1588 1160 lladix
1641 1122 1766 1161 vero
1797 1107 1848 1160 in
1878 1106 1978 1160 lin-

403 1217 527 1269 grta,
560 1198 736 1269 qualis
767 1198 922 1252 nobis
953 1195 1146 1250 tradita
1174 1203 1277 1258 est,
1310 1211 1569 1265 nusquam
1600 1197 1861 1259 occurrit.
1890 1198 1984 1250 sed

405 1275 771 1349 tantummodo
800 1290 976 1359 stirps,
1006 1303 1074 1343 ex
1109 1287 1286 1341 radice
1313 1296 1491 1352 enata,
1521 1303 1586 1341 ex
1638 1303 1760 1357 qua,
1792 1287 1989 1341 striditis

407 1382 741 1439 formationis
789 1391 843 1437 et
873 1382 1114 1435 flexionis
1143 1379 1458 1443 clementis,
1503 1380 1817 1434 vocabulum
1862 1391 1990 1433 eva-

407 1480 502 1534 dit.
539 1478 704 1533 Radix
733 1477 890 1547 igitur
917 1475 1116 1545 aliquid
1145 1487 1228 1531 est
1255 1479 1605 1541 abstractum,
1638 1475 1825 1544 stirps,
1849 1489 1990 1530 eon-

409 1577 614 1626 cretum
638 1588 653 1633 ;
683 1569 958 1638 utriusque
998 1577 1175 1624 tamen
1203 1567 1396 1624 forma:
1420 1571 1742 1640 quandoque
1769 1569 1908 1625 inter
1933 1584 1993 1625 se

410 1663 699 1719 convenire
727 1668 972 1733 possunt.

484 1755 732 1818 Radices,
781 1767 846 1807 ne
889 1768 993 1808 una
1042 1752 1257 1822 quidem
1305 1762 1532 1821 excepta
1558 1796 1572 1822 ,
1612 1752 1994 1824 monosyllaba:

413 1855 572 1912 sunt;
595 1860 713 1899 cum
737 1851 914 1898 autem
944 1844 1123 1912 plures
1150 1842 1265 1898 soni
1287 1842 1353 1897 ad
1375 1842 1758 1898 ell‘ormandam
1787 1845 1994 1899 unicam

413 1935 671 2006 syllabam
702 1947 1028 1988 concurrere
1051 1941 1293 2001 possunt,
1329 1933 1556 2000 radices,
1584 1933 1758 1988 habita
1791 1935 2000 1989 ratione

417 2025 1092 2093 terminationis,vocalica:
1116 2027 1202 2083 vel
1231 2029 1628 2084 consonantiae
1657 2028 1929 2084 dicuntur.

490 2118 541 2191 l)
581 2117 829 2172 Voculica:
855 2119 1054 2173 radices
1082 2129 1205 2174 sunt
1239 2139 1250 2172 :

487 2216 541 2282 ιι)
567 2213 661 2267 Vel
682 2211 907 2280 simplex
937 2212 1156 2279 vocalis,
1187 2212 1281 2267 uti
1307 2212 1482 2282 (radix
1510 2213 1945 2284 pronominisis),
1973 2232 2003 2268 ιι

421 2311 699 2381 (particula
726 2309 1159 2380 iuterrogativa);

491 2405 542 2473 ὁ)
569 2403 662 2458 Vel
694 2416 994 2458 consonans
1022 2412 1074 2457 et
1095 2404 1313 2468 vocalis,
1343 2415 1396 2458 ut
1428 2404 1502 2475 [ia
1528 2403 1702 2474 (radix
1734 2405 2009 2475 pronomi-

421 2495 504 2548 nis
529 2493 702 2565 pota),
740 2493 790 2545 Iri
814 2491 986 2563 (radix
1017 2495 1348 2561 pronominis
1375 2494 1500 2562 his),
1532 2495 1774 2550 verbales
1804 2494 2007 2548 radices

426 2587 516 2654 !ai,
548 2588 650 2649 vai,
680 2586 779 2652 sai,
810 2583 926 2649 bats,
960 2595 1099 2650 stau,
1122 2584 1225 2652 kci,
1249 2596 1355 2641 etc.

502 2697 520 2728 ι
543 2675 1190 2736 Annotatio.—Prim:m'a
1213 2679 1463 2732 vocalisa
1487 2676 1833 2750 generaliuris
1858 2677 2006 2731 valo-

425 2768 500 2820 ris
530 2776 634 2835 est,
667 2784 822 2838 quam
853 2781 910 2825 ut
932 2771 1095 2825 ullam
1127 2769 1356 2824 radicem
1379 2784 1474 2837 per
1500 2782 1559 2820 se
1583 2767 1796 2822 efﬁcere
1822 2768 2008 2836 possit,

427 2857 519 2911 sed
557 2859 881 2928 probabilius
903 2862 1015 2916 sive
1036 2860 1306 2915 debilitata
1328 2863 1402 2930 (in
1432 2861 1448 2911 ι
1479 2860 1558 2913 vel
1583 2859 1660 2929 ιι),
1693 2868 1786 2912 aut
1815 2857 2012 2928 produ-

427 2956 511 3001 cta
541 2949 616 3019 (iu
648 2947 734 3018 ιι)⁹
755 2961 898 3017 'ete.,
928 2952 993 3005 ad
1023 2950 1224 3021 aliquid
1257 2949 1622 3020 particu’arius
1653 2949 2008 3017 restringitur,

429 3043 543 3094 sive
565 3043 884 3098 'consonanti
916 3043 1232 3112 locupletata
1256 3043 1360 3097 vim
1390 3042 1674 3098 radicalcm
1703 3043 1949 3111 acquirit.
1980 3048 2006 3095 ἰ

498 3130 556 3194 2)
585 3129 973 3187 Consonautr’ca:
1000 3134 1195 3187 radices
1226 3133 1309 3188 vel
1335 3149 1437 3186 una
1469 3132 1553 3186 vel
1582 3131 1789 3186 duabus
1819 3146 2013 3188 conso-

430 3222 676 3277 nantibus
704 3232 1114 3292 componuntur,
1144 3233 1373 3295 suntque

502 3313 554 3384 a)
587 3313 793 3370 Vacalis
817 3326 870 3370 et
897 3330 1228 3380 consonans,
1254 3326 1308 3371 ut
1334 3316 1386 3370 in
1414 3315 1682 3371 radicibus
1709 3316 2011 3373 verbalibus

432 3405 533 3468 afk,
559 3405 680 3476 auk,
711 3408 785 3474 al,
817 3425 904 3475 an,
935 3417 1024 3474 at;

505 3496 557 3567 ὁ)
587 3497 796 3554 Vocalis
830 3500 1034 3556 duabus
1082 3500 1501 3557 consonantibus
1545 3501 1881 3569 interposita,
1914 3515 2008 3555 ex.

434 3603 517 3656 gr.
551 3603 566 3643 :
597 3587 719 3657 ltuit,
762 3589 873 3654 bar,
917 3592 1059 3656 maft,
1100 3590 1266 3654 skaid,
1305 3591 1454 3662 strip,
1496 3592 1615 3661 stig,
1653 3590 1801 3654 skrit,
1853 3591 2009 3656 baud,

436 3695 580 3747 varp,
615 3679 757 3750 Iralp,
791 3680 939 3746 sculi,
971 3681 1143 3747 stand,
1177 3692 1285 3736 etc.

512 3769 539 3839 ᾗ
584 3770 704 3824 157.
748 3770 989 3825 llelative
1015 3772 1079 3825 ad
1105 3772 1323 3841 stirpes,
1355 3772 1546 3842 quibus
1575 3773 1702 3827 dant
1730 3774 1845 3844 orig
1869 3789 2012 3839 nem,

438 3874 550 3930 sper
569 3869 707 3926 tatm,
744 3862 948 3917 radices
974 3874 1198 3933 quatuor
1227 3873 1350 3919 sunt
1377 3866 1696 3934 specierum,
1729 3882 1959 3935 nempe:

510 3951 564 4020 ιι)
602 3950 859 4018 Verbalcs,
893 3953 1021 4008 utin
1043 3968 1202 4023 supra
1225 3955 1451 4010 laudatis
1478 3957 1569 4022 lai,
1593 3956 1695 4025 aik,
1724 3956 1847 4022 halt,
1876 3969 2014 4021 ctc.;

512 4043 562 4110 li)
594 4028 910 4108 Nominules,
945 4054 1000 4098 ut
1026 4045 1128 4111 ais,
1154 4056 1252 4112 ast,
1281 4045 1432 4117 blob,
1465 4056 1606 4115 elc.;

513 4136 560 4199 ς)
589 4133 992 4199 Pronominales,
1023 4146 1079 4189 ut
1103 4137 1140 4202 ἰ,
1172 4136 1269 4207 ῥα,
1305 4140 1374 4202 Iri,
1405 4147 1547 4201 ctc.;

510 4226 572 4294 ά)
607 4224 905 4291 Particulw,
932 4235 987 4278 ut
1011 4225 1095 4292 ait,
1125 4229 1246 4292 and,
1272 4227 1340 4292 bi,
1364 4229 1453 4292 du,
1476 4239 1580 4282 etc.

522 4336 540 4368 ι
590 4318 901 4372 Annotatio.
924 4347 992 4357 -
1013 4318 1161 4384 Quod
1195 4320 1432 4373 omnium
1463 4321 1839 4376 vocabulorum
1868 4325 2016 4380 radix

451 4406 674 4460 verbum
704 4407 804 4473 sit,
842 4408 891 4460 in
919 4409 1130 4477 gothico
1160 4425 1406 4464 sermone
1432 4412 1649 4466 nrinime
1678 4417 1964 4481 probatur;
1989 4432 2020 4471 e

444 4498 714 4550 contrario
733 4508 858 4551 sunt
887 4499 1137 4553 vocabula
1162 4516 1383 4556 numero
1409 4516 1511 4556 non
1532 4517 1719 4572 pauca,
1741 4519 1880 4572 ιιιιιιο,
1904 4508 2022 4562 sive

447 4589 766 4655 forma,sive
796 4590 1203 4659 signiﬁcatione,
1228 4593 1291 4644 ad
1322 4594 1550 4646 radicem
1576 4595 1843 4649 verbalem
1869 4611 2020 4664 repu-

445 4694 611 4747 gnare
643 4679 906 4732 videntur.
945 4681 1197 4750 Equidem
1231 4698 1410 4736 verum
1435 4698 1539 4749 ρει,
1559 4686 1875 4737 srntentiam
1907 4687 2021 4741 sine

451 4771 615 4823 verbo
641 4770 860 4839 intelligi
895 4788 996 4823 non
1030 4787 1205 4841 pesse,
1237 4773 1328 4826 sed
1361 4773 1647 4827 discritnen
1682 4775 1833 4828 adest
1884 4776 2020 4830 inter

450 4862 619 4914 idcam
644 4861 910 4915 verbalem
941 4872 995 4915 et
1022 4878 1102 4916 ver
1117 4863 1239 4916 brrm
1272 4864 1473 4930 ipsum;
1504 4866 1769 4918 connexio
1794 4865 1935 4920 enirn
1967 4868 2017 4922 in

449 4955 611 5007 verbo
637 4954 840 5022 jacens,
871 4955 1075 5023 copula:
1105 4972 1225 5009 curn
1257 4958 1369 5011 idea
1394 4958 1738 5026 operationis,
1764 4959 1874 5027 jam
1907 4961 2021 5028 ipsa

452 5047 668 5115 quidam
719 5059 802 5102 est
845 5054 1104 5103 sermonis
1134 5065 1463 5120 progressus,
1509 5050 1598 5119 qui
1639 5063 2026 5121 consequenter

456 5140 652 5208 aliquid
684 5141 923 5195 anterius
945 5143 1227 5207 supponit,
1257 5152 1310 5196 et
1340 5158 1523 5197 revera
1566 5143 1617 5196 in
1646 5144 1881 5213 pluribus
1909 5147 2028 5200 aliis

457 5233 648 5299 linguis
685 5231 916 5285 nondum
947 5232 1165 5287 elT~ctus
1193 5243 1294 5288 est.
1322 5235 1569 5289 Fatemnr
1597 5237 1862 5304 equidem,
1888 5237 2027 5306 quod

458 5326 558 5376 sub
589 5335 830 5392 respectu
861 5325 1151 5378 sulrlitniori
1186 5343 1287 5379 non
1319 5325 1588 5380 ittl'uttdztla
1618 5329 1789 5392 jaceat
1817 5336 2031 5381 sentcn-

457 5416 546 5474 tia.
573 5431 671 5484 qua
705 5416 905 5484 singuli
936 5417 1187 5470 vocabula
1218 5418 1529 5486 singulaque
1563 5421 1772 5471 nomina
1806 5437 1834 5472 e
1868 5421 2030 5473 verbo

458 5509 843 5577 procederent,
875 5513 966 5565 sed
1007 5515 1354 5582 grammatico
1401 5513 1469 5565 ab
1515 5529 1573 5566 ca
1632 5513 2029 5580 temperandum

458 5614 557 5653 nec
583 5600 681 5655 nisi
710 5601 775 5655 de
799 5604 995 5656 .matcri
1017 5625 1027 5649 ι
1053 5605 1337 5668 sermonis,
1363 5604 1533 5673 qualis
1563 5605 1811 5668 occurrit,
1843 5619 2031 5660 curau—

455 5691 584 5745 dum
612 5708 730 5748 esse
759 5695 1044 5748 credimus.
1081 5697 1411 5763 Quapropter
1443 5697 1748 5764 nosmetipsi
1782 5713 1843 5751 ca
1892 5697 2031 5750 veri-

462 5795 564 5840 tate
596 5787 743 5850 moti,
776 5789 840 5840 ad
874 5787 921 5840 id
957 5791 1319 5840 tantummodo
1361 5790 1692 5842 in'endcnrus
1715 5830 1728 5855 ,
1772 5799 1822 5842 ut
1864 5790 2028 5858 gotlri-

741 5903 1006 5964 Parnet.
1059 5904 1277 5964 Xl’lll.

2084 1032 2202 1070 cam
2230 1016 2464 1084 linguam
2497 1026 2728 1085 peream
2758 1013 2927 1084 ipsam
2967 1012 3312 1069 illustrcnrus.
3347 1014 3474 1068 llinc
3502 1015 3663 1069 etiam

2089 1123 2194 1161 non
2243 1117 2342 1168 cst,
2376 1121 2482 1159 'cur
2530 1106 2740 1160 radices
2788 1105 2839 1158 in
2882 1105 3124 1159 verbaICs
3173 1115 3227 1159 et
3270 1107 3668 1172 pronominnles

2089 1201 2309 1268 (Bopp.,
2350 1198 2550 1267 Ver-9L,
2599 1196 2852 1274 (irarum,
2886 1212 3005 1266 pag.
3041 1196 3162 1265 103)
3199 1197 3518 1262 dividamus,
3547 1213 3668 1250 cum

2088 1293 2326 1358 aliunde,
2351 1292 2561 1360 priores
2585 1291 2636 1344 itt
2661 1289 2904 1343 verbales
2923 1299 2976 1342 et
3002 1288 3319 1349 norninalcs,
3347 1289 3670 1356 posteriores

2091 1392 2220 1439 vero
2248 1385 2298 1437 in
2325 1381 2720 1451 pronominales
2744 1389 2799 1434 et
2825 1380 3112 1448 particulas
3141 1378 3330 1432 iterum
3354 1378 3672 1440 incidentes,

2094 1476 2217 1531 huic
2246 1474 2492 1529 divisioni
2523 1473 2765 1543 apprime
2792 1471 3132 1525 conveniant.
3173 1489 3190 1520 ι

2168 1569 2196 1640 ς
2241 1569 2362 1623 158.
2392 1568 2450 1621 1η
2467 1566 2741 1621 radicibus
2761 1563 3064 1619 verbalilrus
3097 1562 3294 1615 vocalis
3325 1577 3418 1630 pro
3446 1561 3672 1614 maxima

2098 1673 2250 1731 parte
2291 1659 2610 1731 regulariter
2642 1665 2999 1714 commutatur
3021 1653 3377 1726 (absonatuia,
3413 1652 3440 1724 §
3474 1652 3563 1717 5‘2,
3595 1655 3672 1722 3).

2097 1755 2215 1810 Jam
2247 1769 2407 1818 vero.
2436 1763 2493 1809 ut
2532 1753 2638 1808 illic
2670 1751 2936 1817 diximus,
2967 1758 3250 1820 sequentes
3286 1748 3483 1803 dantur
3515 1747 3674 1802 abso-

2102 1845 2299 1902 nantia:
2323 1846 2526 1902 claues
2553 1863 2564 1898 :

2180 1981 2345 2037 Prms.
2424 1980 2580 2035 Ριξξι.
2625 1979 2760 2049 sing.
2845 1978 3000 2033 Przet.
3045 1976 3180 2047 plur.
3259 1971 3406 2030 Part.
3455 1988 3593 2044 pass.

2217 2075 2319 2127 Li
2564 2090 2596 2125 a
3020 2089 3050 2122 ιι
3440 2086 3473 2121 ιι

2212 2167 2320 2219 Q.t'
2568 2181 2598 2216 (ι
3025 2182 3050 2214 c
3441 2179 3475 2214 ιι

2217 2257 2321 2311 5.ἱ
2569 2272 2602 2306 ιι
3019 2268 3045 2304 e
3439 2253 3456 2303 ἰ

2217 2351 2272 2404 4.
2304 2351 2351 2404 ei
2572 2349 2626 2401 tu"
3021 2349 3036 2397 i
3445 2347 3460 2394 i

2217 2443 2270 2494 5.
2301 2441 2358 2493 iu
2576 2455 2644 2491 au
3009 2454 3040 2488 ιι
3439 2453 3472 2487 ιι

2220 2532 2334 2586 6.a
2585 2546 2616 2582 ο
3009 2545 3039 2579 ο
3442 2545 3475 2578 ιι

2220 2625 2272 2676 7.
2301 2624 2372 2680 ai.
2395 2639 2422 2676 ε
2586 2638 2618 2674 ο
3012 2637 3043 2672 ο
3429 2619 3502 2682 oi,
3523 2633 3550 2670 c

2183 2754 2465 2823 Spectares
2495 2752 2761 2822 equidem,
2786 2754 2928 2822 quod
2952 2754 3005 2805 in
3036 2751 3117 2805 Iris
3145 2755 3392 2804 omnibus
3423 2749 3685 2803 obsonan-

2113 2855 2201 2900 tra:
2229 2846 2490 2901 classibus
2519 2845 2718 2900 vocalis
2749 2844 2994 2898 radiculis
3020 2859 3230 2912 semper
3258 2847 3308 2896 iu
3340 2843 3524 2896 cadent
3563 2842 3687 2895 sedc.

2115 2939 2476 3008 reperiretur;
2510 2953 2598 2992 res
2637 2947 2836 3003 tamen,
2866 2935 2909 2990 si
2950 2951 3070 2991 eam
3103 2936 3318 3006 propius
3362 2934 3688 3003 inspexeris,

2116 3045 2220 3085 non
2265 3031 2333 3084 ita
2375 3044 2434 3085 se
2473 3029 2659 3084 habet.
2687 3031 2740 3087 Si
2773 3029 2936 3093 enim,
2972 3029 3198 3098 exempli
3231 3031 3420 3097 gratia,
3452 3027 3686 3081 vocalem

2116 3123 2395 3192 prmsenlis
2430 3131 2487 3176 ιιι
2514 3122 2796 3176 radicalem
2827 3136 3039 3190 semper
3071 3120 3322 3187 accipias,
3361 3129 3486 3174 tunc
3513 3120 3563 3173 in
3595 3121 3689 3175 tri-

2114 3217 2214 3270 bus
2239 3215 2505 3284 prioribus
2542 3214 2870 3269 absonantia:
2901 3213 3160 3268 classibus
3191 3227 3331 3281 a‘gre
3370 3212 3686 3281 explicabis,

2115 3308 2380 3378 quomodo
2418 3323 2449 3359 a
2476 3317 2526 3362 et
2560 3323 2591 3358 ιι
2620 3321 2685 3361 ex
2729 3306 2744 3357 i
2775 3304 3064 3375 procedere
3093 3304 3395 3373 potuerint;
3427 3303 3471 3356 si
3501 3314 3687 3357 contra

2113 3407 2170 3457 in
2206 3403 2475 3472 prmterito
2512 3401 2649 3470 sing.
2693 3400 2924 3454 radicem
2955 3412 3165 3464 semper
3190 3411 3418 3464 qrrzrras.
3453 3395 3572 3448 ltuit:
3604 3410 3691 3450 re-

2116 3493 2371 3564 pugnabit
2412 3493 2586 3562 ruptio
2614 3492 2664 3543 irt
2704 3499 2890 3560 quarta
2927 3499 2981 3542 ct
3007 3488 3185 3555 quinta
3215 3485 3476 3539 classibus
3502 3499 3692 3539 occur-

2114 3600 2279 3650 rens;
2326 3586 2503 3653 itaque
2533 3584 2632 3636 ltoe
2664 3580 2978 3652 principium
3023 3579 3179 3631 statui
3214 3586 3410 3645 potest,
3453 3577 3591 3645 quod
3630 3573 3687 3630 in

2119 3691 2432 3747 unaquaque
2461 3674 2789 3728 absonantize
2818 3673 2988 3725 classe
3013 3685 3072 3724 ea
3105 3668 3306 3722 vocalis
3343 3679 3396 3721 ut
3443 3665 3536 3720 rad
3561 3667 3692 3720 calis

2118 3770 2375 3826 sumenda
2403 3770 2493 3833 sit,
2519 3783 2581 3821 ex
2609 3781 2710 3836 qua
2751 3776 2957 3818 canem
2982 3763 3129 3832 juxta
3159 3762 3397 3831 cognitas
3438 3775 3692 3814 sonorum

2120 3863 2266 3931 leges
2306 3860 2466 3915 modo
2516 3874 2674 3929 quam
2721 3858 2952 3910 maxime
2994 3856 3152 3910 obvio
3179 3855 3538 3908 deducuntur.
3570 3851 3693 3918 Quo

2123 3956 2315 4021 posito.
2364 3953 2561 4008 vocalis
2617 3950 2872 4021 pra'teriti
2918 3950 3055 4018 sing.
3095 3949 3149 4003 in
3200 3947 3371 4002 tribus
3429 3946 3694 4016 prioribus

2119 4048 2399 4110 classibus,
2428 4046 2630 4102 vocalis
2660 4060 2787 4100 vero
2818 4043 3076 4114 participii
3123 4056 3264 4111 pass.
3299 4041 3352 4100 in
3394 4039 3607 4095 caeteris
3641 4048 3696 4092 ut

2122 4140 2372 4194 radiealis
2397 4137 2638 4193 habenda
2676 4147 2776 4191 est.
3454 4128 3460 4133 ’

2195 4229 2223 4300 §
2259 4230 2379 4286 l59.
2411 4229 2605 4292 Verba,
2637 4241 2754 4298 quae
2798 4226 2863 4279 ad
2894 4225 3132 4280 diversas
3181 4219 3509 4276 absonantire
3560 4219 3695 4273 clas-

2119 4338 2209 4378 ses
2241 4322 2526 4391 pcrtinent,
2553 4320 2660 4389 jam
2693 4334 2852 4388 supra
2884 4317 2933 4388 (§
2954 4317 3048 4370 ll9
3077 4313 3224 4384 sqq.)
3249 4312 3691 4371 memoravimus;

2122 4415 2314 4469 dantur
2343 4425 2518 4467 tamen
2541 4422 2594 4466 et
2617 4412 2732 4465 alite
2758 4413 2995 4479 plurimm
3029 4410 3242 4474 stirpes.
3275 4421 3415 4475 qum.
3448 4405 3691 4457 eamdem

2121 4512 2287 4561 abson
2308 4506 2449 4558 untize
2476 4504 2788 4558 relationem
2819 4518 2924 4571 pra:
2937 4516 2997 4556 se
3012 4501 3429 4561 ferentes,etiatn
3457 4497 3521 4550 ad
3536 4497 3696 4550 verba

2124 4596 2303 4662 fortia,
2329 4596 2452 4650 licet
2480 4596 2532 4648 in
2579 4595 2777 4665 lingua,
2805 4592 2978 4661 qualis
3027 4592 3091 4646 ad
3139 4607 3236 4645 nos
3275 4590 3532 4657 pervenit,
3593 4604 3698 4642 non

2117 4687 2226 4757 jam
2255 4698 2558 4750 occurrant,
2588 4686 2878 4741 referenda:
2905 4697 3046 4739 sunt.
3082 4684 3193 4740 Iluc
3221 4699 3348 4753 ergo
3378 4684 3592 4737 veniunt
3619 4701 3632 4734 :

2197 4777 2248 4847 1)
2273 4777 2473 4832 Svillan
2496 4788 2813 4844 tumescere,
2841 4778 3137 4847 ufscalleins
3167 4775 3395 4840 inﬂatio;
3421 4805 3490 4815 --
3510 4774 3701 4846 Λίιριιιι

2125 4869 2409 4937 benignum
2440 4885 2580 4933 esse,
2615 4872 2645 4922 Ιι
2668 4871 2781 4924 σΙάιι
2822 4869 3012 4935 libens,
3053 4865 3350 4938 viljalralpri
3383 4868 3700 4921 benevolen-

2126 4965 2218 5028 tia,
2248 4963 2408 5039 Irulps
2423 4963 2700 5034 benignus,
2716 4962 2972 5032 propitius
2985 4961 3263 5032 ;—vilprm
3287 4961 3491 5026 rudem,
3509 4960 3700 5014 fortem

2126 5070 2245 5110 esse
2274 5056 2366 5125 (?),
2399 5054 2586 5126 vilpcis
2612 5054 2906 5124 sylvestris,
2939 5055 3126 5107 raldan
3171 5053 3472 5116 dominare,
3502 5048 3700 5124 culpas

2130 5146 2297 5218 gloria
2321 5160 2336 5208 ;
2361 5175 2428 5183 -——
2452 5146 2667 5196 rimnrau
2699 5144 2986 5208 maculare,
3010 5159 3266 5212 garmums
3294 5143 3550 5210 impurus,
3577 5156 3704 5193 arta-

2131 5246 2387 5316 wrmrrrjau
2424 5246 2756 5312 vituperare;
2790 5271 2858 5281 ——
2887 5242 3131 5296 srimmrm
3165 5248 3378 5302 natare,
3407 5239 3596 5291 svumsl
3631 5246 3703 5289 ta-

2138 5337 2258 5390 bula
2275 5352 2288 5400 ;
2305 5364 2375 5375 -
2386 5339 2540 5388 intum
2560 5337 2604 5386 la
2613 5350 2753 5396 vero,
2769 5350 2902 5385 anno
2919 5329 3261 5402 stipendium,
3278 5339 3416 5382 (mals
3429 5327 3589 5396 gratia
3607 5344 3620 5390 ;
3640 5356 3705 5365 --

2137 5427 2354 5495 grindau
2386 5427 2606 5488 molere,
2655 5422 2998 5486 eornmolcre,
3027 5419 3404 5494 grindnfrapjis
3438 5418 3708 5488 pusillani-

2137 5519 2259 5581 ntis,
2289 5516 2518 5587 grundus
2549 5514 2763 5584 (pulvis,
2798 5514 3183 5581 terra)solurn;
3212 5541 3278 5551 —
3302 5514 3502 5574 tjndan,
3526 5525 3704 5577 urere,

2137 5609 2347 5677 tandjau
2389 5607 2701 5669 accendere,
2753 5606 2980 5659 tmrduan
3020 5604 3270 5667 accendi;
3295 5600 3575 5674 —sin[wu
3609 5603 3709 5662 ire,

2138 5701 2260 5771 sio];
2305 5701 2319 5753 i
2348 5715 2425 5762 us,
2461 5700 2657 5769 gradus
2689 5699 2898 5770 (vices),
2933 5697 3156 5769 gasinpa
3199 5698 3374 5750 sor-ius
3404 5695 3707 5764 peregrina-

2141 5795 2316 5858 tionis,
2348 5795 2566 5864 scndjmr
2598 5794 2836 5856 mittere;
2871 5825 2886 5831 —
2915 5825 2922 5829 -
2952 5792 3158 5860 t'rigrgm
3191 5800 3455 5854 torquere,
3481 5787 3706 5842 citcumo

3269 5898 3346 5955 32
