4288 6492
603 340 741 398 1063

736 461 790 532 ὸ)
812 458 1203 514 Grammaticale
1232 474 1405 527 genus.
1445 456 1540 512 llic
1567 456 1847 512 dicendum
1871 457 2126 511 hahcmus
2147 496 2161 518 ,

595 565 824 621 quonam
858 550 1015 603 modo
1044 564 1213 618 genus
1251 548 1583 616 objectorum
1634 550 2045 603 inanimatorum
2075 547 2120 600 dy
2143 573 2171 585 -

596 640 936 697 tertninatum
984 641 1159 694 fuerit.
1186 638 1347 707 Cujus
1376 638 1507 691 ratio
1541 640 1850 707 plerumque
1878 652 1975 692 nos
2012 636 2167 705 fugi',

595 742 838 799 tempore
866 746 972 801 quo
1003 731 1101 785 fuit
1155 729 1648 791 accommodatum,
1683 730 1901 782 mmimn
1940 740 2167 782 remoto.

593 824 856 882 Nonnulla
885 834 1086 877 tantum
1115 821 1320 890 objecui
1342 861 1358 885 ,
1389 836 1529 875 nunc
1560 820 1735 873 adhuc
1778 836 1961 875 secum
2009 834 2168 887 gene-

591 918 669 974 ris
688 915 948 986 originem
982 928 1090 982 pne
1108 930 1167 969 se
1192 914 1388 980 ferunt,
1420 927 1614 983 nempe
1639 910 2038 982 mythologiam;
2074 913 2169 963 ita-

593 1028 720 1079 que,
749 1008 1086 1066 documentis
1112 1022 1176 1063 ex
1200 1010 1311 1073 ipsa
1345 1008 1520 1075 lingua
1551 1003 1920 1060 deficientibus
1948 1007 2030 1057 vel
2063 1018 2170 1056 nen

591 1106 726 1161 satis
761 1103 1029 1174 cognitis,
1078 1100 1143 1153 ad
1193 1099 1475 1169 reiigiunes
1522 1098 1832 1166 fabulasque
1867 1095 2170 1152 Borealinm

594 1196 907 1269 pupnlnrum
931 1194 982 1246 in
1005 1191 1322 1261 explicando
1347 1191 1559 1243 illorum
1581 1205 1781 1258 genere
1807 1202 2169 1245 recurremus.

664 1286 748 1357 aa)
784 1284 982 1339 Eodem
1016 1298 1179 1349 prone
1202 1280 1360 1345 nitido
1385 1279 1679 1333 illustratur
1703 1294 1869 1348 genus
1896 1277 2168 1331 nominum

593 1380 760 1435 solem
791 1387 845 1432 et
875 1376 1054 1430 lunam
1093 1373 1504 1441 designantium.
1550 1372 1655 1425 Sed
1680 1385 1744 1425 ea
1773 1370 1994 1440 insignis
2019 1370 2171 1423 adest

594 1470 954 1539 discrepantia
995 1469 1134 1521 inter
1170 1466 1424 1519 classicos
1468 1475 1521 1519 et
1564 1464 1897 1533 germanicos
1923 1466 2171 1532 p0pulos,

588 1563 729 1631 quod
754 1563 957 1630 priores
982 1558 1151 1610 solem
1184 1571 1350 1609 masc.
1374 1566 1430 1610 et
1458 1556 1636 1609 lunam
1667 1557 1817 1620 fem.,
1848 1555 2170 1623 posteriores

588 1669 767 1712 autem
817 1654 955 1706 viam
1002 1654 1267 1704 inversam
1301 1649 1585 1702 tenuerint.
1621 1646 1779 1701 Gothi
1816 1647 1976 1715 igitur
2001 1660 2167 1700 suuno

592 1752 673 1808 sol
701 1750 827 1804 fern.
856 1756 913 1800 et
932 1762 1079 1798 mnta
1100 1744 1222 1797 luna
1248 1756 1418 1795 masc.
1443 1742 1703 1803 fecerunt,
1726 1741 1845 1807 quia
1866 1738 2019 1807 juxta
2048 1736 2170 1790 illo-

590 1854 709 1897 rum
741 1835 1057 1906 populorum
1100 1829 1481 1900 mythologiam
1533 1827 1657 1881 luna
1707 1826 1853 1880 Mani
1893 1826 2036 1880 ﬁlius
2085 1832 2171 1881 est

592 1927 966 1999 Muiidilfwris,
996 1924 1167 1979 solem
1198 1932 1374 1976 autem
1398 1918 1495 1975 Sol
1515 1917 1751 1986 ejusdem
1778 1917 1880 1971 lilia
1904 1925 1959 1971 et
1982 1914 2167 1970 Glenrs

589 2036 809 2093 sponsa.
839 2018 1048 2075 Gothus
1078 2014 1325 2085 equidem
1374 2027 1470 2082 pro
1490 2011 1605 2065 sole
1634 2009 1793 2064 etiam
1819 2006 2164 2063 masculinam

586 2119 816 2173 formam
855 2128 1026 2167 sanna
1067 2117 1122 2164 et
1166 2116 1411 2163 neutram
1454 2103 1591 2159 sauil
1625 2102 1815 2168 habet,
1849 2101 1944 2156 sed
1974 2111 2166 2171 praeter

586 2206 729 2279 quod
767 2206 892 2261 fem.
932 2215 1100 2255 sunuo
1136 2196 1473 2253 communior
1510 2204 1593 2249 est
1629 2194 1783 2265 (Mth.
1811 2209 1866 2259 v,
1899 2192 1996 2255 lii;
2032 2191 2163 2249 Luc.

585 2315 660 2362 tv,
691 2298 791 2363 t0;
824 2293 959 2363 Epit.
990 2308 1060 2356 tv,
1090 2289 1196 2355 26;
1227 2287 1362 2345 Neh.
1393 2302 1491 2353 vn,
1538 2285 1617 2357 ’5),
1658 2288 1777 2340 dua:
1820 2284 1937 2339 alize
1976 2282 2164 2339 forma:

582 2409 690 2449 non
715 2388 815 2444 nisi
835 2386 974 2455 apud
1002 2385 1236 2439 Marcum
1263 2387 1551 2436 occurrunt
1578 2378 1790 2449 (sumtiu
1821 2376 2163 2431 urrinuandin

585 2503 659 2550 tv,
683 2484 748 2548 l3;
775 2496 889 2545 xvr,
915 2479 983 2541 2;
1020 2493 1243 2548 gasaggq
1273 2476 1405 2527 sauil
1434 2488 1470 2537 ι,
1505 2473 1601 2535 39.,
1634 2470 1767 2523 sanil
1792 2468 2012 2539 riqiz-Jt'I)
2042 2482 2159 2535 xm,

582 2575 679 2645 94)
710 2582 766 2630 et
795 2574 848 2625 in
876 2569 1223 2625 masculinam
1270 2578 1433 2632 gra-c.
1471 2574 1524 2617 et
1566 2563 1658 2615 lat.
1704 2560 2053 2629 probabiliter
2081 2560 2163 2613 itt-

587 2672 870 2726 flnxerunt.
920 2661 1071 2727 Quod
1121 2657 1188 2711 ad
1231 2657 1285 2710 di
1319 2671 1468 2709 ersas
1514 2652 1722 2707 radices
1760 2651 1970 2717 attinet,
1998 2666 2162 2704 suuno

585 2758 878 2828 antiquius,
904 2752 1038 2806 sautl
1074 2757 1341 2803 I'CCCIIliUS
1382 2762 1576 2800 nonren
1608 2758 1729 2799 esse
1756 2743 1860 2797 dici
1889 2750 2081 2812 potest,
2114 2741 2160 2795 si

588 2849 755 2906 Eadm
805 2844 1076 2918 (:llvistnal
1108 2840 1194 2902 16,
1248 2841 1297 2904 l,
1344 2838 1381 2890 2
1418 2837 1519 2889 sol
1548 2836 1705 2889 luizlr
1749 2834 1863 2887 med
1894 2836 2158 2900 metutum,

582 2962 647 3000 en
696 2955 904 2996 sumta
952 2937 1068 2990 nter!
1116 2933 1335 3005 goliom,
1394 2932 1443 2984 id
1475 2939 1577 2993 est,
1628 2927 1721 2983 Sol
1764 2936 1983 2983 vocatur
2022 2926 2161 2982 inter

586 3033 854 3095 homines,
886 3029 981 3085 sed
1009 3027 1188 3083 Summ
1217 3024 1356 3093 apud
1385 3024 1540 3091 deos)
1574 3021 1703 3076 fides
1724 3019 2023 3075 adhibenda
2053 3020 2158 3086 sit;

582 3135 837 3183 “rerum
866 3120 1028 3177 etiam
1067 3133 1096 3171 a
1126 3116 1327 3172 Grauis
1370 3113 1582 3167 nomina
1624 3112 1954 3183 objectorum
1981 3111 2160 3182 qualia

579 3217 721 3288 apud
747 3216 884 3271 Deos
913 3211 1093 3279 vigent
1134 3219 1190 3263 ut
1236 3207 1535 3275 antiquiora
1563 3204 1867 3260 nominibus
1893 3205 2031 3273 apud
2060 3204 2159 3260 ho-

583 3312 756 3367 mines
794 3304 1064 3371 usurpatis
1110 3301 1455 3356 tradebantur
1502 3298 1634 3370 (vid.
1666 3296 1924 3366 Gmttling
1957 3299 2007 3350 in
2041 3294 2169 3350 lle-.

572 3406 710 3464 eiad.
735 3402 999 3473 Tlteoqon.
1026 3394 1177 3466 85f).

646 3500 703 3553 In
742 3494 914 3553 veteri
960 3490 1262 3547 Borealium
1298 3488 1475 3557 lingua
1505 3487 1599 3543 Sol
1638 3486 1800 3542 etiam
1839 3485 2153 3541 femininum

575 3602 702 3658 est;
742 3586 1014 3658 gotliicum
1059 3592 1237 3638 autem
1265 3582 1422 3647 seuit,
1472 3580 1640 3634 forma
1692 3588 1969 3642 neutrum,
2020 3582 2158 3633 inter

574 3700 743 3741 cunno
767 3690 825 3737 et
852 3694 1040 3746 sanna,
1067 3686 1126 3731 ut
1150 3675 1393 3729 naturale
1426 3684 1697 3739 neutrum,
1720 3672 1781 3754 id
1810 3682 1915 3739 est,
1945 3688 2159 3727 mascu-

573 3778 744 3834 linum
782 3782 838 3827 et
881 3769 1194 3826 femininum
1224 3766 1277 3821 in
1304 3783 1363 3821 se
1390 3767 1754 3835 complectens
1774 3775 1918 3822 stare
1950 3776 2153 3835 posset,

577 3868 692 3924 \‘id.
723 3880 882 3936 supra
914 3864 992 3932 i).
1026 3862 1140 3915 Non
1180 3860 1395 3916 fundata
1433 3861 1659 3913 natmali
1688 3875 1883 3926 genere
1922 3870 2048 3914 sunt
2073 3862 2155 3913 in-

574 3976 736 4029 super
767 3956 911 4029 tuggl
942 3962 1174 4021 astrum,
1209 3962 1476 4018 neutrum,
1526 3960 1583 4007 et
1607 3953 1803 4006 staimo
1842 3952 2018 4020 stella,
2069 3950 2153 4009 fe-

579 4055 863 4111 mininnm.

643 4142 729 4211 bb)
774 4141 853 4196 Ex
902 4137 1227 4209 mythologia
1276 4134 1439 4191 etiam
1488 4137 1786 4192 illustratur
1842 4137 1991 4192 ria/us
2046 4154 2152 4194 nox

572 4238 699 4294 fern.
731 4246 784 4290 et
805 4235 931 4304 dogs
950 4231 1067 4285 dies
1092 4244 1283 4293 masc.,
1306 4230 1499 4299 quippe
1520 4244 1643 4286 cum
1674 4229 1725 4283 in
1752 4232 2152 4298 septentriona-

572 4332 708 4385 libus
760 4325 958 4396 mythis
1000 4320 1128 4375 Non
1171 4320 1279 4373 filia
1325 4329 1405 4373 cst
1457 4319 1640 4372 Nereis
1688 4329 1743 4373 et
1799 4334 1862 4373 ex
1911 4318 2153 4392 υειὶηῃετ

574 4422 739 4474 lilium
774 4419 911 4486 Uagr
945 4412 1146 4467 habuit.
1180 4412 1473 4465 Andanahti
1497 4422 1673 4465 autem
1708 4425 1918 4479 veSpcr,
1965 4427 2151 4480 quem-

574 4510 856 4567 admodum
889 4507 1009 4561 alia:
1051 4505 1306 4572 teutpnris
1348 4502 1744 4571 designationes
1784 4504 1878 4557 mel
1918 4514 1973 4558 et
1998 4503 2149 4571 [iet/ts

573 4615 786 4672 tempus
808 4641 821 4664 ,
861 4601 945 4670 jer
988 4607 1044 4651 et
1074 4594 1263 4666 αιτιριιί
1311 4608 1516 4661 annus,
1549 4605 1736 4648 neutra
1763 4602 1911 4654 sunt.
1941 4608 1995 4649 ut
2023 4607 2147 4665 pote

574 4697 710 4752 idea:
757 4696 1056 4747 abstractae.
1107 4692 1186 4744 An
1216 4687 1357 4759 opus
1385 4702 1550 4743 masc.
1583 4688 1665 4742 vel
1706 4687 1817 4759 (ψη
1849 4700 2025 4743 neutr.
2053 4691 2145 4755 sit,

568 4788 784 4844 dubium
814 4796 932 4848 est;
964 4796 1060 4837 nec
1090 4780 1239 4834 uluvo
1267 4796 1422 4835 mane
1453 4782 1607 4843 fem.,
1640 4786 1851 4835 sicutet
1877 4780 1987 4834 viko
2016 4783 2138 4837 heb.

568 4881 754 4934 domas
785 4878 933 4939 fem.,
963 4875 1068 4925 αξιοι
1098 4887 1264 4925 masc.
1302 4884 1356 4926 et
1387 4871 1652 4942 ajulrdups
1684 4873 1808 4926 fcm.
1839 4872 2006 4941 (αἰών)
2040 4890 2145 4927 non

569 4973 784 5033 habent,
828 4982 932 5037 quo
962 4964 1312 5033 explicentur.
1341 4961 1468 5016 Nott
1508 4965 1729 5018 alteram
1772 4964 1932 5018 filiam
1962 4964 2147 5018 habuit

568 5082 631 5121 ex
668 5068 829 5125 Anar,
857 5060 1060 5114 scilicet
1088 5056 1253 5110 Jerilh
1276 5096 1292 5119 ,
1323 5057 1480 5109 ()diui
1524 5070 1748 5124 sponsa,
1800 5057 1943 5111 unde
1986 5057 2144 5127 airlm

567 5169 707 5214 terra
741 5159 891 5218 fem.;
922 5152 1109 5205 It.'mins
1147 5160 1324 5204 autem
1363 5151 1558 5205 caelum
1608 5164 1771 5205 masc.
1814 5159 1932 5215 est,
1963 5152 2145 5205 nescio

566 5267 666 5321 qua
698 5250 902 5302 ratione
934 5242 1312 5314 mytltologica.
1359 5241 1476 5294 Jam
1516 5256 1643 5295 vero
1673 5239 1783 5294 Hal
1822 5240 1973 5295 Lolsis
2028 5250 2145 5295 erat

567 5342 700 5399 lilia,
735 5338 856 5391 hine
892 5334 1037 5399 lnilja
1072 5332 1273 5387 inferus
1299 5331 1422 5385 fcm.
1451 5330 1667 5385 Fratres
1688 5330 1825 5399 ejus,
1861 5331 2020 5400 ignis,
2050 5347 2144 5386 aer

566 5441 619 5486 et
648 5444 793 5483 mare
819 5425 1108 5480 masculina
1136 5433 1261 5479 sunt
1289 5423 1338 5477 in
1366 5422 1577 5493 gothica
1608 5423 1803 5491 lngua,
1838 5423 1923 5476 vel
1952 5423 2139 5491 saltem

567 5524 725 5592 lufms
750 5536 839 5572 aer
864 5528 916 5571 et
939 5518 1070 5570 saivs
1095 5531 1244 5569 mare
1275 5522 1418 5582 (nam
1450 5515 1605 5567 ηιανεὶ
1648 5528 1795 5568 mare
1844 5512 1969 5569 fetu.
1999 5515 2137 5583 cst);

566 5618 700 5681 i,nis
745 5629 908 5667 masc.
955 5613 1006 5666 in
1038 5613 1201 5664 aulms
1226 5610 1467 5665 caminus
1489 5652 1502 5673 ,
1526 5609 1665 5677 quod
1692 5624 1812 5664 cum
1844 5611 1976 5681 Αριιί
2002 5611 2136 5681 ignis

565 5714 665 5763 «Teo
718 5707 854 5775 apud
904 5704 1059 5757 ludos
1118 5704 1390 5769 collatum,
1453 5703 1670 5771 vestigia
1726 5700 2007 5772 reliquisse
2058 5703 2138 5755 vi-

564 5798 740 5855 detur.
774 5799 849 5850 ιζι
886 5794 968 5851 his
1004 5806 1181 5852 tamen
1221 5793 1499 5852 elementis
1540 5794 1695 5853 etiam
1742 5805 1929 5854 neutra
1964 5805 2089 5851 Bttnt
2120 5813 2132 5846 :

1664 338 2114 398 GRAMMATICA
2153 337 2473 398 GOTHICJE
2518 342 2669 397 ως
2683 343 2814 399 [ΑΞ.

3718 339 3859 396 1064

2276 460 2368 525 [ou
2399 457 2532 526 ignis
2562 468 2612 511 ct
2636 467 2752 509 ‘t‘afo
2781 470 2935 524 aqua.
2964 454 3039 510 Ex
3069 469 3142 524 In.
3163 454 3389 522 thologia
3416 453 3709 507 masculina
3739 453 3862 506 illu-

2276 558 2511 601 strantur
2561 565 2573 599 :
2621 549 2809 601 rinlrus
2852 545 3054 612 hiems,
3104 546 3250 599 t‘iuds
3294 554 3482 598 ventus
3529 545 3638 613 (vis
3677 554 3859 598 autem

2277 638 2431 691 turbo
2479 648 2724 691 llClzlllllll
2773 636 2900 706 est),
2950 645 3002 689 et
3048 634 3396 704 probabiliter
3439 634 3599 689 etiam
3638 633 3861 705 nmiops

2276 729 2475 781 mensis
2523 738 2573 780 et
2615 729 2872 795 maurgim
2914 740 3103 789 mane;
3146 724 3362 793 insuper
3389 726 3557 777 armies
3598 725 3687 779 nix
3718 723 3861 792 (rigu

2275 834 2402 871 vero
2433 820 2606 888 pluvia
2640 830 2884 873 neutrum
2907 820 2944 884 ).
2981 828 3036 870 et
3074 818 3234 871 etiam
3278 833 3392 886 vegs
3437 815 3657 879 fluctus,
3686 816 3861 886 ﬂodus

2274 910 2465 965 fluvius
2490 912 2604 981 (sed
2636 927 2746 964 awa
2776 922 2855 964 est
2892 909 3063 979 fem.),
3098 911 3295 963 brunna
3335 908 3485 975 fons;
3517 907 3735 965 difficile
3764 926 3860 965 au-

2275 1009 2381 1057 tem
2411 1002 2720 1057 vocabulum
2743 1001 2954 1054 milhma
2978 1001 3142 1056 nubes
3166 1001 3217 1055 iu
3242 1003 3357 1056 solo
3380 1011 3580 1056 tantum
3607 1016 3862 1057 sermone

2272 1092 2486 1161 go‘hico
2546 1107 2870 1156 occurrens,
2946 1091 3263 1161 esp'icatur.
3343 1093 3483 1147 Deus
3550 1092 3750 1146 tonitru
3803 1104 3858 1146 et

2274 1184 2500 1253 fulguris
2546 1185 2689 1240 nulla
2743 1185 2990 1254 equidem
3033 1185 3253 1256 vestigia
3307 1183 3460 1250 fecit;
3506 1184 3624 1254 ejus
3665 1185 3856 1241 saltem

2277 1276 2610 1345 phenomena
2635 1275 2849 1344 gothice
2894 1275 3216 1330 traduntur:
3277 1276 3548 1331 laultmtmi
3581 1276 3759 1348 fulgur
3802 1289 3861 1334 et

2274 1368 2448 1441 ῥεξιυο
2487 1371 2711 1434 ton'tru,
2750 1378 3037 1439 utrumque
3065 1369 3191 1426 fcm.

2340 1461 2419 1530 cc)
2439 1463 2491 1515 In
2514 1460 2820 1516 nominibus
2852 1463 3147 1531 plantarum
3167 1460 3278 1531 jam
3317 1476 3419 1517 ιοη
3461 1459 3614 1516 adest
3662 1460 3859 1517 relatio

2269 1554 2334 1608 ad
2369 1568 2643 1624 personas,
2668 1568 2851 1609 earum
2874 1555 3051 1609 virore
3070 1555 3287 1627 (masc.)
3306 1555 3579 1611 forsanvcl
3604 1556 3858 1613 ariditate

2271 1647 2506 1718 (neutr.)
2554 1656 2758 1703 tantum
2812 1650 3083 1718 spectatis.
3135 1649 3272 1704 Sunt
3315 1651 3505 1703 saltem
3554 1649 3854 1705 masculina

2269 1742 2445 1813 bagms
2464 1741 2625 1796 arbor
2643 1742 2867 1796 ctetiam
2880 1752 2983 1795 asts
3007 1756 3205 1804 ramus,
3219 1740 3366 1795 vales
3385 1752 3440 1795 et
3461 1741 3658 1797 eandm
3681 1743 3854 1814 virga.

2271 1838 2406 1888 ruins
2434 1833 2624 1902 stipes,
2648 1832 2789 1903 lattfs
2812 1832 3017 1899 folium,
3044 1832 3211 1886 bloma
3230 1833 3350 1900 flos,
3379 1830 3622 1903 perimus
3637 1846 3852 1903 vepres;

2268 1924 2444 1979 solum
2473 1932 2647 1978 murta
2669 1923 2819 1978 radix
2841 1923 3153 1978 femininum
3207 1932 3309 1978 est.
3361 1924 3468 1979 Sed
3496 1934 3684 1980 contra
3714 1941 3853 1983 neu-

2270 2026 2349 2073 tra
2371 2028 2497 2073 sunt
2536 2018 2663 2086 (riu,
2690 2016 2829 2087 quod
2862 2032 2965 2071 non
2994 2018 3164 2071 solum
3209 2027 3292 2071 est
3319 2017 3557 2072 onmium
3586 2019 3852 2087 majorum

2268 2109 2519 2165 arborum
2565 2124 2758 2165 nomen
2805 2110 3131 2180 genericum,
3160 2110 3254 2166 sed
3301 2110 3618 2166 vocabulum
3670 2127 3854 2183 graeco

2266 2200 2388 2278 δόρυ
2428 2202 2648 2258 omnino
2700 2202 3031 2272 respondens
3056 2245 3071 2264 .
3119 2202 3430 2273 germanico
3468 2203 3628 2260 διοσὲ
3681 2206 3854 2276 (unde

2266 2308 2417 2348 nom.
2462 2308 2636 2363 germ.
2679 2292 2972 2347 Wcinslock
3016 2295 3168 2363 gnth.
3218 2293 3529 2363 eeinatrin),
3572 2295 3850 2351 ordinario

2265 2386 2474 2439 aridum
2522 2385 2718 2454 lignum
2770 2384 3014 2439 indicans
3056 2383 3222 2455 (ξύλα-ν
3267 2382 3368 2438 Mc.
3420 2400 3527 2449 xvi,
3583 2386 3846 2458 42,48);

2265 2478 2396 2546 [rain
2416 2493 2621 2542 semen,
2649 2478 2759 2532 basi
2786 2480 2966 2548 bacca,
2991 2480 3154 2534 akmn
3187 2480 3391 2537 fructus
3412 2485 3599 2551 (masc.
3635 2485 3851 2541 smakka

2267 2572 2400 2625 ficus
2452 2572 2790 2641 peregrinum
2829 2574 2938 2643 est)
2962 2612 2978 2640 ,
3010 2572 3104 2627 ahs
3134 2574 3299 2643 Spica,
3329 2574 3489 2629 kaurn
3518 2575 3845 2632 frumentum

2265 2667 2340 2727 (et
2366 2675 2559 2718 caetera
2583 2664 2809 2720 cerealia
2832 2704 2850 2730 ,
2884 2675 3110 2736 excepto
3132 2668 3307 2721 miteis
3349 2668 3579 2724 triticum
3622 2668 3844 2736 masc.),

2262 2754 2461 2809 kaurno
2487 2770 2707 2826 granum
2735 2756 3005 2821 frumenti;
3035 2774 3154 2811 ram
3182 2758 3410 2824 arundo,
3437 2777 3556 2830 grus
3596 2760 3759 2816 herba
3787 2762 3847 2817 in

2260 2860 2479 2915 genere,
2531 2848 2776 2917 legumen
2823 2859 2877 2902 et
2935 2849 3053 2903 [cavi
3092 2849 3325 2916 faenum;
3378 2852 3472 2906 sed
3530 2852 3700 2907 aliane
3750 2868 3845 2921 pa-

2264 2940 2344 2993 lca
2394 2938 2706 2994 femininum
2756 2947 2857 2993 est.
2906 2939 3095 3006 Quoad
3146 2956 3277 2995 vero
3338 2944 3552 2997 nomina
3610 2944 3847 3013 peculia-

2262 3031 2397 3085 rium
2428 3030 2725 3099 plantarum
2749 3032 3012 3101 eigadeino
3032 3034 3262 3088 carduus
3289 3040 3348 3089 et
3369 3034 3646 3088 aiwatundi
3672 3034 3845 3103 spina:

2258 3132 2384 3177 sunt
2424 3123 2593 3188 fem.;
2640 3125 2816 3195 sineps
2857 3133 3034 3178 autem
3066 3124 3268 3195 sinapis
3296 3135 3348 3180 et
3377 3141 3596 3181 svamnts
3646 3126 3842 3197 fungus

2257 3229 2427 3272 masc.

2330 3304 2425 3379 dd)
2457 3307 2509 3362 In
2541 3322 2707 3376 regno
2746 3308 2959 3364 tandem
2990 3309 3420 3379 inorganicorum
3449 3310 3631 3368 deficit
3660 3316 3841 3372 omnis

2257 3398 2448 3454 relatio
2469 3401 2533 3453 ad
2572 3415 2826 3469 personas
2848 3443 2862 3465 ,
2901 3416 3000 3456 nec
3031 3402 3140 3470 jam
3172 3403 3534 3459 determinare
3564 3420 3735 3474 genus
3770 3422 3838 3462 cx

2254 3488 2645 3559 significatione
2660 3492 3023 3561 possibileest.
3040 3493 3251 3549 Metalla
3265 3497 3631 3551 tantummodo
3643 3508 3767 3551 sunt
3784 3499 3840 3555 in

2256 3596 2453 3650 genere
2484 3590 2669 3635 neutra
2705 3599 2721 3635 :
2740 3580 2875 3652 φιιρ
2896 3597 3108 3648 aurum,
3139 3582 3301 3637 silubr
3325 3595 3627 3655 argentum,
3661 3570 3837 3642 eam

2255 3671 2582 3737 ferrum,.aiz
2610 3684 2707 3726 ωδ.
2736 3673 2808 3727 Ex
2862 3672 2980 3728 aliis
3028 3686 3207 3729 autem
3257 3676 3494 3732 metallis
3520 3688 3684 3733 sunt:
3737 3684 3839 3735 salt

2254 3764 2333 3817 sal
2363 3776 2561 3830 nentr.;
2590 3765 2752 3819 slain:
2782 3765 2912 3835 lapis
2938 3805 2952 3829 ,
2985 3765 3157 3820 hellus
3187 3768 3335 3837 rupis
3359 3809 3374 3832 ,
3409 3770 3601 3824 ntalma
3627 3786 3786 3827 arena
3816 3818 3832 3840 ,

2254 3857 2449 3923 stubjus
2480 3857 2639 3924 cinis,
2679 3857 2834 3912 avibls
2862 3856 3053 3933 sulfur,
3114 3873 3325 3926 masc.;
3366 3860 3514 3933 pulto
3563 3864 3748 3933 argilla
3780 3879 3838 3922 et

2255 3949 2431 4002 muldu
2455 3948 2591 4003 ciuis
2613 3948 2741 4003 fern.
2878 3932 2883 3937 ’

2324 4040 2474 4108 Quod
2501 4041 2567 4095 ad
2595 4041 2807 4096 nomina
2845 4041 3203 4114 geographica
3231 4044 3457 4114 attinet,
3495 4057 3680 4103 neutra
3707 4060 3837 4103 sunt

2255 4139 2306 4194 in
2333 4155 2531 4209 genere
2560 4143 2683 4196 laud
2706 4152 2848 4198 terra
2873 4156 2924 4198 et
2947 4144 3062 4214 gavi
3090 4158 3213 4207 rus;
3237 4144 3490 4200 feminina
3518 4147 3628 4215 {era
3656 4148 3830 4212 locus,

2252 4234 2428 4286 marka
2455 4236 2735 4302 terminus;
2764 4237 2991 4305 fairguni
3014 4251 3167 4291 mons
3194 4247 3365 4294 neutr.
3395 4249 3497 4302 est.
3534 4240 3702 4295 Itlains
3726 4244 3834 4296 col-

2251 4322 2320 4378 lis
2348 4340 2512 4379 masc.
2545 4341 2558 4388 ;
2589 4340 2654 4377 an
2686 4326 2841 4381 vallis
2871 4326 2957 4380 dal
2989 4327 3218 4398 (neutr.)
3246 4329 3327 4383 vel
3356 4329 3473 4384 dats
3498 4332 3716 4398 (masc.)
3741 4333 3831 4385 di-

2249 4428 2423 4478 catur,
2472 4416 2771 4482 incertum;
2807 4420 2983 4472 driuso
3010 4418 3179 4473 clivus
3205 4429 3261 4474 et
3299 4420 3500 4494 iddaljo
3537 4422 3831 4480 descensus

2250 4509 2400 4570 fem.;
2418 4507 2523 4576 rigs
2542 4507 2621 4561 via
2642 4515 2723 4563 est
2751 4520 2940 4572 masc.;
2964 4509 3055 4563 sed
3082 4509 3302 4565 dubium
3324 4521 3408 4566 est
3446 4526 3515 4567 an
3547 4513 3649 4568 iter
3667 4530 3829 4587 gaggs

2250 4599 2472 4666 (tnasc.)
2525 4598 2606 4651 vel
2646 4615 2779 4669 gagg
2831 4599 3057 4670 (neutr.)
3110 4602 3217 4665 sit;
3268 4603 3436 4672 ataiga
3478 4614 3654 4659 autem
3698 4621 3826 4675 gra-

2247 4691 2348 4746 dus
2403 4692 2527 4747 lem.
2554 4705 2675 4756 cst;
2729 4696 2894 4747 altutn
2936 4704 3020 4749 est
3048 4695 3219 4767 ﬁlegri
3248 4706 3423 4752 neutr.
3470 4699 3554 4753 vel
3605 4700 3829 4754 hulundi

2250 4784 2417 4850 fem.;
2471 4787 2599 4840 urbs
2645 4786 2848 4856 baurgs
2900 4796 2956 4840 et
3006 4788 3155 4843 vicus
3188 4802 3283 4844 seu
3312 4804 3442 4859 pane
3490 4791 3657 4845 heims
3691 4794 3822 4852 fetu,

2246 4886 2392 4942 sunt,
2428 4879 2562 4931 vei/ts
2590 4887 2768 4932 autem
2792 4888 2965 4933 neutr.

2331 4972 2672 5025 «Attulitatio.
2706 5001 2771 5011 --
2801 4972 2905 5027 Sed
2938 4975 3104 5028 multo
3150 4973 3426 5029 difficilius
3474 4975 3824 5036 determinari

2247 5072 2425 5130 potrst
2463 5077 2628 5130 genus
2667 5063 2889 5117 aliarum
2917 5064 3166 5119 classium
3198 5068 3550 5135 objectorum.
3578 5070 3668 5124 Sic
3701 5089 3718 5127 :

2319 5184 2337 5216 ι
2383 5164 2430 5231 1)
2463 5164 2537 5218 Ex
2571 5165 2796 5233 partibus
2818 5166 3055 5220 animalis
3080 5170 3308 5235 corporis
3335 5170 3388 5223 in
3419 5184 3653 5240 genere:
3701 5186 3824 5228 cor-

2243 5271 2340 5324 pus
2372 5256 2470 5310 leik
2491 5266 2539 5309 et
2572 5260 2791 5326 sanguis
2833 5252 2959 5326 tuo};
2986 5268 3158 5312 neutr.
3207 5270 3370 5325 sunt;
3425 5274 3552 5314 caro
3598 5276 3821 5317 mamma

2243 5347 2421 5422 (σάρξ)
2454 5346 2578 5402 fem.
2609 5358 2666 5402 et
2704 5348 2855 5400 mimz
2900 5348 3072 5421 (κρέας
3102 5363 3227 5404 caro
3255 5350 3643 5417 ntauducanda,
3685 5355 3818 5425 etc.)

2240 5450 2443 5505 neutr.,
2471 5442 2635 5509 adeps
2662 5440 2893 5511 aurairlir
2921 5452 3120 5506 neutr.;
3150 5444 3268 5498 lana
3297 5447 3436 5500 vulta
3469 5446 3618 5513 fem.,
3648 5449 3820 5516 Capil-

2239 5531 2652 5602 lastagletskuft
2697 5531 2895 5601 (coma)
2919 5543 3112 5595 neutr.;
3140 5533 3595 5606 membrnmlipns
3621 5552 3811 5600 πυλίδας

2236 5633 2396 5689 Caput
2419 5621 2615 5692 Itaubil)
2649 5635 2863 5687 neum;
2912 5626 3152 5678 crauium
3193 5627 3399 5679 wairnei
3426 5625 3554 5681 fetu.
3586 5668 3600 5690 ,
3648 5627 3815 5682 facies

2233 5713 2382 5784 ludja
2413 5712 2487 5783 (id
2511 5723 2590 5766 est
2622 5726 2745 5781 pars
2788 5712 2978 5783 capitis
3005 5716 3159 5785 capill
3183 5731 3211 5771 s
3261 5717 3480 5782 nudata,
3510 5717 3616 5773 vid.
3650 5718 3807 5783 Μαι,

2233 5818 2307 5872 vt,
2344 5802 2431 5874 i7)
2463 5814 2544 5861 εει
2569 5802 2719 5873 fem.,
2750 5803 2862 5863 vlils
2892 5814 2949 5861 et
2977 5805 3304 5863 andavleizns
3343 5807 3551 5881 (facies)
3585 5823 3749 5864 masc.
3787 5825 3805 5875 ;
