4288 6512
463 483 522 525 ιιι
556 473 882 542 interrogare
907 467 1136 538 aliquem
1162 461 1229 520 de
1250 463 1430 533 aliquo
1461 459 1677 532 (geniu)
1703 457 1805 514 lle.
1831 474 1901 524 tv,
1938 458 2034 521 lo;

465 565 696 633 aliquem
722 573 1014 616 memorem
1036 556 1212 612 facere
1230 556 1297 610 de
1316 554 1495 624 aliquo
1519 551 1733 624 (genit.)
1754 548 1908 605 Joan.
1927 563 1954 601 ιι
1967 563 2040 611 ιν,

468 656 566 720 26,
587 652 842 708 obtestari
865 651 1096 719 aliquem
1123 650 1194 704 ob
1217 648 1296 720 (in
1319 660 1440 702 cum
1463 645 1573 699 dat.
1596 644 1681 699 vel
1703 643 1752 697 bi
1767 655 1888 698 cum
1904 639 2043 708 dat.)

468 746 658 800 Thess.
691 743 730 810 l,
761 758 816 808 v,
841 741 934 807 27,
955 751 1062 797 etc.

543 837 600 892 In
636 839 755 892 loco
782 835 884 891 Ile.
913 850 1009 900 ιιι,
1035 834 1070 887 1
1096 829 1300 903 laudi];
1328 831 1536 886 ruudan
1575 827 1856 884 brahtedtut
1892 839 2048 881 cons-

470 928 671 984 tructio
693 935 752 982 ut
773 928 1039 998 obiectum
1064 933 1284 996 propter
1317 923 1522 978 nuntiati
1559 922 1814 976 sumenda
1839 932 1894 972 et
1922 919 2050 972 hau-

471 1019 569 1092 up
587 1021 764 1090 capite
790 1017 936 1090 (αλιι.
957 1018 992 1072 ὀ
1010 1016 1064 1070 la
1086 1015 1206 1086 tete)
1234 1013 1509 1079 vertenda,
1531 1011 1655 1068 licet
1674 1011 2049 1066 consonantica

474 1113 648 1170 fama
673 1112 820 1168 verbi
845 1112 1050 1165 rundan
1077 1109 1163 1165 hic
1190 1108 1412 1164 difﬁcile
1433 1106 1689 1175 explicari
1726 1104 1896 1175 possit
1925 1104 2053 1174 (lle-

475 1203 619 1260 liaud
667 1202 803 1267 M9,
848 1201 875 1257 1
918 1200 1085 1264 dixit,
1121 1214 1272 1255 more
1299 1195 1618 1253 Germanico
1651 1212 1664 1250 :
1702 1195 1766 1248 Ite
1794 1195 1931 1248 ward
1972 1209 2055 1246 an

478 1296 617 1350 that
656 1291 858 1348 Itobid
894 1291 1084 1362 und);
1115 1299 1371 1346 ezeterum
1405 1287 1740 1345 accusativus
1766 1288 1916 1340 lumbi
1923 1285 1962 1356 ῥ
1987 1301 2053 1339 ex

479 1387 630 1455 locis,
652 1385 741 1441 ubi
765 1385 1100 1440 accusativus
1119 1381 1447 1438 construitur
1469 1395 1588 1436 cum
1609 1378 1983 1450 passivis,qn:e
2005 1379 2054 1431 in

478 1480 655 1537 activo
675 1477 1036 1536 accusativum
1059 1483 1270 1546 regunt,
1291 1473 1641 1530 illustrandus
1664 1483 1780 1526 eSt:
1807 1473 1960 1525 Joan.
1981 1486 2054 1536 xi,

480 1573 550 1628 Η
575 1569 1048 1642 ιιτηιιιιιωᾱιιιιρσ
1065 1571 1363 1642 gubundans
1390 1567 1803 1638 handunsjah
1833 1566 2061 1634 [otuna

481 1666 736 1738 {askjanu
764 1663 899 1734 Eph.
931 1678 1005 1728 vt,
1037 1661 1104 1716 lt
1137 1657 1389 1731 stantini];
1416 1657 1768 1730 ufgaurdunai
1825 1655 2062 1724 hupina

482 1757 715 1811 ignorans
751 1753 954 1825 aunjoi,
993 1751 1448 1823 quemadmodum
1486 1749 1790 1820 germanice
1828 1747 2058 1802 dicitur:

483 1851 569 1905 die
597 1849 779 1904 "ainde
816 1849 923 1903 und
972 1847 1134 1902 Fuisse
1159 1848 1450 1916 grbunden,
1477 1837 1787 1913 die‘lh’tften
1816 1845 2061 1913 gegtirtet,

484 1954 541 2000 et
561 1943 790 2012 gallice:
819 1942 962 2013 pieda
989 1951 1038 1995 et
1071 1942 1242 1994 maius
1276 1938 1401 2007 lida,
1441 1937 1514 1991 les
1539 1937 1674 1992 rein:
1700 1935 1885 1997 ceints,
1933 1933 2064 1988 coll.

490 2036 619 2090 Luc.
645 2049 717 2098 tv,
743 2035 810 2090 18
829 2032 974 2088 ιιιηά
993 2037 1052 2087 si
1063 2049 1096 2086 ιι
1111 2048 1145 2086 ιι
1157 2048 1178 2098 ;
1201 2029 1336 2085 Phil.
1356 2045 1434 2093 III,
1450 2029 1484 2084 5
1510 2028 1630 2082 bim
1645 2028 1733 2080 ait
1758 2025 2062 2096 altlattdogt.

487 2127 677 2182 Graeco
717 2135 896 2181 autem
937 2124 1158 2180 omnino
1192 2121 1436 2192 congruit
1490 2120 1616 2176 Cor.
1647 2117 1722 2186 ll,
1761 2134 1840 2185 ιιι,
1885 2117 1948 2172 18
1977 2115 2068 2186 po

487 2233 664 2272 samo
680 2235 712 2271 ιι
752 2215 989 2286 {riraht
1028 2214 1406 2284 iugaleikondo.

562 2327 585 2362 ι
604 2307 891 2367 Anuotatio
910 2306 964 2362 ι.
984 2336 1054 2347 -
1078 2305 1184 2362 Sed
1222 2304 1308 2358 hic
1326 2303 1488 2359 etiam
1512 2300 1738 2356 modalis
1767 2310 1878 2356 tum
1910 2313 2071 2354 usur-

490 2412 666 2473 patur,
684 2401 793 2456 vid.
819 2399 847 2471 ς
871 2398 995 2465 215,
1014 2408 1124 2454 tum
1153 2397 1482 2453 constructio
1510 2403 1743 2450 mutatur
1775 2412 1787 2446 :
1818 2393 1936 2449 Gal.
1955 2408 2012 2456 ιι,
2037 2393 2069 2445 7

499 2500 849 2563 πεπίστευμαι
875 2490 935 2546 τὸ
961 2491 1244 2563 ιῦαγγὲλων
1270 2488 1482 2559 gotbice
1517 2487 1820 2557 gatrouaida
1845 2501 1930 2539 vos
1978 2484 2071 2538 mia

493 2586 780 2659 aivaggcljo
810 2586 1094 2657 (creditum
1120 2585 1219 2639 fuit
1247 2584 1375 2638 mihi
1400 2584 1779 2650 evangelium),
1815 2581 1940 2636 item
1962 2579 2069 2634 Tit.

494 2695 534 2742 I,
563 2680 596 2733 5
620 2696 634 2743 ;
666 2678 749 2732 vel
779 2677 916 2733 Tim.
943 2676 982 2745 I,
1012 2692 1085 2742 Iv,
1108 2676 1144 2730 2
1167 2677 1612 2751 κεκαντηρισμένοι
1639 2680 1727 2731 τήν
1756 2672 1885 2727 ἰδίαν
1910 2677 2075 2727 συνεί·

495 2769 639 2830 ὂγισιν
674 2770 882 2836 gotltice
911 2768 1192 2840 gataudida
1221 2767 1519 2820 habundans
1545 2782 1686 2818 suasa
1712 2763 2069 2836 ιιιὶῥιιὶειείιι.»

569 2865 596 2935 §
624 2864 752 2917 221.
784 2863 1091 2918 Accusativi
1129 2860 1378 2915 absoluto
1404 2861 1564 2913 modo
1598 2859 1906 2928 frequenter
1933 2855 2081 2926 cqui-

498 2958 620 3011 dcm
648 2963 1058 3017 construuntur,
1090 2951 1186 3007 sed
1224 2951 1338 3006 sola
1367 2947 1759 3020 prouominalia
1804 2955 1993 3003 neutra
2021 2952 2078 3000 ut

500 3049 633 3102 tales
671 3045 965 3102 accusativi
1010 3050 1339 3100 occurrunt:
1371 3039 1498 3096 Cor.
1526 3041 1581 3107 l,
1633 3057 1684 3106 ς,
1714 3038 1783 3095 '53
1809 3038 1863 3092 iit
1898 3038 2078 3093 allaim

501 3143 560 3195 al
573 3143 590 3193 ι
615 3141 808 3211 (πάντα
834 3138 887 3193 in
913 3131 1186 3204 omnibus)
1212 3132 1378 3197 leika;
1410 3132 1548 3201 Eph.
1594 3147 1667 3196 tv,
1700 3130 1764 3186 l5
1791 3129 2080 3201 vahajaima

501 3235 557 3287 in
595 3234 687 3285 ina
736 3228 824 3301 [to
868 3229 1014 3283 alia
1057 3226 1165 3297 (τὰ
1188 3225 1427 3294 neutri);
1469 3225 1592 3278 Cor.
1639 3222 1706 3290 ll,
1745 3236 1840 3288 ιιι,
1886 3221 1951 3276 l8
1976 3221 2082 3275 ibai

504 3340 592 3378 toti
639 3324 659 3390 (
681 3345 732 3380 τι
778 3317 1025 3391 aliquid)
1065 3316 1331 3386 bifaihoda
1386 3315 1508 3369 ἰιυὶε
1557 3313 1748 3368 tcitus?
1789 3312 1930 3367 Tim.
1967 3311 2007 3377 l,
2039 3325 2081 3375 ι,

508 3415 608 3476 10;
629 3410 746 3469 Gal.
778 3426 856 3477 tv,
874 3411 942 3467 12
969 3411 1022 3464 ni
1050 3408 1228 3462 oaiht
1254 3407 1348 3460 mis
1374 3403 1678 3478 gaskopnl).
1705 3404 1819 3460 lluc
1851 3402 2084 3470 pertinet

508 3504 946 3574 interrogativum
1002 3517 1080 3556 tua
1125 3499 1269 3571 (τί)
1312 3497 1482 3566 quid?
1528 3497 1659 3551 blth.
1705 3511 1778 3562 vt,
1807 3493 1916 3558 28;
1966 3507 2080 3562 vm,

508 3598 602 3664 26,
631 3605 774 3660 etc.;
806 3593 1025 3664 insuper
1054 3591 1189 3664 pata
1221 3590 1397 3661 anImr
1425 3590 1443 3658 (
1467 3590 1524 3644 τὸ
1549 3589 1720 3643 λοιπόν
1749 3585 1769 3657 )
1793 3595 2044 3640 caeterum
2065 3622 2082 3650 ,

511 3691 581 3747 de
606 3699 806 3745 extero
832 3686 958 3744 Cor.
989 3687 1037 3751 Ι,
1069 3702 1123 3751 ι,
1149 3684 1249 3748 l6;
1283 3683 1356 3750 ll,
1387 3698 1516 3748 xm,
1550 3681 1638 3747 11,
1670 3690 1801 3745 etc.;
1831 3678 1965 3752 [iam
1990 3693 2088 3733 an-

511 3780 742 3853 douripo
764 3779 1092 3850 (τούναντίον)
1127 3777 1182 3832 in
1211 3776 1440 3831 adverso
1466 3774 1590 3831 Cor.
1623 3773 1689 3839 ll,
1730 3788 1788 3840 ιι,
1817 3771 1872 3830 7.
1903 3771 2086 3838 Quan-

512 3876 690 3945 duque
730 3873 890 3928 etiam
937 3869 1059 3925 loco
1098 3866 1390 3924 accusativi
1431 3865 1664 3920 absoluti
1709 3862 1995 3919 adhibetur
2031 3863 2090 3917 in

513 3980 636 4020 cum
686 3963 866 4020 dativo
911 3980 927 4018 :
967 3960 1105 4030 Eph.
1161 3974 1236 4029 vt,
1299 3958 1368 4012 15
1416 3955 1616 4029 mago];
1666 3956 1732 4010 in
1779 3954 2091 4009 allammo

514 4066 532 4123 ι
553 4058 722 4114 πάντα
743 4055 761 4125 )
790 4051 1234 4127 uuaurkjandana
1256 4049 1510 4113 ttandan;
1533 4047 1616 4103 vel
1646 4047 1853 4102 dativus
1868 4044 2049 4114 simpl.
2072 4059 2088 4098 :

518 4147 647 4204 Luc.
677 4161 753 4212 tv,
776 4143 850 4198 25
884 4144 939 4198 ni
982 4140 1246 4197 ttat'lttai
1283 4137 1638 4211 gaskalijandt
1663 4141 1840 4191 intuta.

591 4235 773 4310 5222.
824 4235 902 4292 De
955 4233 1258 4289 accusativo
1322 4229 1406 4286 :ad
1458 4230 1863 4286 determinanda
1905 4230 2091 4294 locum,

519 4341 715 4400 tempus
737 4336 795 4384 et
820 4325 1048 4395 modum,
1080 4322 1186 4378 vid.
1218 4322 1280 4395 ες
1306 4321 1434 4386 216,
1460 4322 1588 4390 219,
1613 4321 1740 4376 250.

1093 4437 1162 4497 Β.
1206 4435 1510 4500 υΑτινιις.

521 4565 748 4637 (Silber,
789 4562 1015 4620 Vrraurlt
1047 4562 1176 4637 iber
1202 4562 1326 4637 deu_
1352 4561 1648 4637 geritur-heu
1691 4559 1861 4614 Daliv.
1900 4559 2097 4614 Nouiu-

1157 4632 1282 4700 burg
1309 4630 1492 4702 1815.)

592 4726 778 4799 μετ».
822 4725 877 4780 lu
901 4732 1142 4795 'quonatn
1190 4733 1438 4789 respectu
1483 4723 1591 4776 duo
1620 4721 1828 4791 objecta
1861 4721 2097 4776 exterius

525 4831 582 4876 et
626 4819 844 4874 fortuito
908 4825 1338 4890 conuectantur,
1405 4829 1615 4870 necnon
1665 4825 1722 4869 ct
1768 4815 1820 4869 in
1868 4829 2097 4881 quanam

529 4912 804 4984 pt'osimite
831 4911 1092 4966 relatione
1138 4909 1438 4978 subjectum
1484 4907 1783 4962 inveniatur
1833 4909 1914 4962 vel
1945 4908 2095 4964 iuve-

530 5004 630 5058 niri
656 5001 870 5058 studeat
896 5043 910 5064 ,
951 5011 1112 5071 atque
1138 5002 1301 5055 etiam
1332 4999 1599 5070 quodnam
1631 5000 1963 5056 efﬁcacitatis
1989 5017 2100 5056 sua:

529 5095 797 5164 obiectum
841 5093 1100 5147 iudirccte
1146 5091 1337 5146 haheat
1377 5091 1459 5145 vel
1497 5090 1694 5144 habere
1735 5092 1946 5160 cupiat,
1993 5094 2101 5147 imo

530 5199 760 5258 quonam
783 5183 998 5254 obiecto
1022 5183 1224 5238 directe
1244 5181 1472 5250 gaudeat
1498 5181 1580 5236 vel
1606 5181 1838 5251 gaudere
1865 5181 2096 5250 studeat,

536 5279 649 5335 lure
673 5278 853 5333 omnia
879 5278 1112 5332 DATIVUS
1137 5273 1424 5344 significat;
1453 5273 1612 5343 igitur
1635 5283 1690 5329 et
1715 5275 1897 5344 paucis
1926 5275 2102 5331 verbis

534 5375 762 5428 duorum
813 5367 1150 5438 objectorum
1201 5365 1511 5434 proximitas
1561 5372 1722 5432 atque
1779 5365 2100 5432 pertinentia

534 5464 878 5529 simultauea,
909 5473 963 5516 et
994 5457 1210 5513 fortuita
1234 5498 1250 5518 .
1285 5455 1425 5512 unde
1475 5455 1762 5509 relationes
1811 5455 2000 5523 partim
2032 5457 2106 5510 si-

541 5553 851 5611 militudinis
873 5560 928 5608 et
956 5547 1355 5606 communitatis
1375 5591 1389 5615 ,
1420 5547 1611 5617 partim
1633 5548 2020 5616 superioritatis
2050 5562 2107 5606 et

543 5645 906 5704 itilerioritatis
957 5645 1243 5710 oriuntur,
1285 5641 1514 5709 denique
1565 5638 1753 5694 relatio
1789 5640 1983 5709 objecti
2038 5642 2104 5698 ad

545 5738 763 5794 ell'cctus
790 5735 995 5805 agentis
1023 5733 1202 5787 dativo
1230 5746 1356 5786 casu
1395 5730 1783 5801 exprimuntur.
1819 5731 1986 5786 l’orro
2014 5733 2109 5789 ob-

549 5833 741 5901 iectum
772 5826 912 5898 quod
943 5825 1152 5882 dativus
1177 5822 1450 5896 exprimit,
1480 5823 1792 5893 plerumque
1814 5833 1894 5881 est
1922 5840 2105 5896 perso-

1878 344 1964 400 DE
2003 340 2322 399 OBJECTO.

3573 340 3706 398 1142

2149 470 2246 520 na;
2274 462 2528 511 ueterum
2566 456 2617 511 in
2643 455 2852 528 gotbiea
2882 455 3057 526 lingua
3089 471 3192 510 non
3239 473 3404 527 pauca
3428 469 3716 527 supctsum

2145 544 2389 614 vestigia,
2414 561 2478 600 ex
2504 545 2697 614 quibus
2715 545 2952 599 dativmn
2994 555 3049 600 et
3077 561 3207 600 accu
3239 548 3438 601 ativum
3476 558 3533 602 ut
3561 563 3718 602 casus

2146 637 2350 691 directa
2382 637 2467 692 vel
2505 636 2764 692 indireeta
2802 638 3032 693 actionis
3077 638 3284 708 objecta
3320 640 3675 709 signiﬁcantes
3699 681 3718 707 ,

2148 739 2389 796 spectare
2417 729 2560 795 licet,
2594 745 2787 799 nempe
2809 731 3001 800 partim
3030 730 3133 787 sub
3154 743 3399 800 respectu
3420 731 3623 798 format,
3653 747 3722 787 et

2151 834 2217 873 en
2243 819 2382 889 quod
2430 835 2516 874 ex.
2566 834 2647 888 gr.
2683 821 2957 890 utriusttue
2994 835 3152 877 casus
3200 821 3388 876 forma:
3432 822 3486 876 in
3532 823 3725 891 plurali

2153 909 2486 979 pronominis
2526 910 2844 965 substantivi
2876 913 3065 982 (iuit,
3095 929 3209 979 una,
3241 913 3427 981 umis)
3470 923 3628 982 atque
3673 914 3726 966 in

2151 1002 2409 1072 singulari
2431 1003 2813 1058 quonialernm
2840 1003 3090 1059 vocalica:
3128 1003 3219 1074 (§§
3247 1003 3335 1071 86,
3368 1005 3435 1059 87
3456 1005 3475 1072 )
3496 1014 3550 1058 et
3578 1004 3728 1059 femi:

2156 1094 2405 1148 uiuorum
2457 1095 2851 1149 consonantiae
2899 1094 3269 1150 declinationis
3320 1093 3426 1168 (ἐς
3475 1094 3568 1160 91,
3613 1096 3730 1163 92)

2154 1184 2358 1239 eaedem
2389 1186 2498 1239 sint
2523 1195 2576 1239 et
2607 1185 2659 1238 in
2691 1186 2846 1240 tertia
2890 1187 3124 1241 vocalica
3165 1185 3522 1240 declinatione
3569 1185 3622 1239 iu
3661 1201 3730 1238 an

2156 1287 2210 1331 et
2237 1295 2270 1331 ιι
2300 1277 2607 1346 promiscue
2640 1276 2898 1345 incipiant
2920 1275 3070 1348 (Coll.
3105 1276 3132 1347 §
3159 1277 3250 1338 29.
3283 1276 3368 1345 3);
3417 1276 3605 1344 partim
3633 1275 3734 1328 sub

2159 1381 2406 1438 respectu
2436 1370 2874 1440 signiﬁcationis,
2913 1386 2978 1425 ex
3010 1385 3076 1426 eo
3123 1371 3264 1440 quod
3307 1371 3534 1439 plurima
3568 1369 3734 1424 verba

2157 1462 2473 1514 alterutrum
2505 1476 2687 1515 casum
2729 1476 2851 1514 cum
2880 1459 3067 1516 eadem
3108 1461 3497 1532 signiﬁcatione
3544 1475 3734 1531 regere

2162 1569 2194 1623 p
2217 1554 2385 1607 »ssint.

2236 1667 2263 1736 §
2295 1665 2423 1720 221.
2449 1667 2502 1736 1)
2543 1667 2659 1733 Quo
2695 1669 3028 1736 corporalior
3068 1676 3154 1724 est
3202 1669 3391 1724 relatio
3417 1712 3432 1738 ,
3477 1684 3544 1726 eo
3573 1671 3739 1740 magis

2164 1760 2385 1814 verbum
2423 1760 2663 1816 dativum
2697 1774 2889 1830 regens
2929 1760 3132 1829 aliquid
3175 1771 3459 1816 externum
3503 1761 3738 1817 indicat:

2166 1852 2338 1921 primo
2391 1867 2500 1906 aves
2545 1852 2992 1921 visan,pertinere
3019 1893 3036 1918 ,
3082 1853 3353 1922 proprium
3384 1868 3502 1909 esse
3538 1853 3739 1924 (Skeir.

2168 1948 2230 2010 ιι,
2256 1945 2312 2017 ιι)
2335 1945 2457 2001 dein
2482 1947 2603 2000 ibna
2626 1947 2771 1999 visan
2790 1928 3020 1999 similem
3037 1960 3158 2000 esse
3183 1945 3336 2016 (Luc.
3352 1961 3447 2012 xx,
3467 1946 3535 2001 36
3563 1950 3744 2000 ibnans

2166 2058 2198 2093 ιι
2211 2039 2393 2112 ggilu
2411 2056 2461 2092 ιιι
2503 2038 2622 2092 sind
2644 2037 2685 2109 ),
2718 2039 2959 2109 gaibnjan
2985 2039 3284 2093 assimilarc
3326 2038 3498 2108 (Luc.
3532 2037 3641 2104 'xtx,
3676 2041 3745 2094 44

2165 2128 2394 2200 uirliai
2438 2128 2551 2200 [mh
2600 2129 2881 2199 gaian‘and
2904 2129 2954 2195 );
2987 2127 3177 2200 galcika
3203 2129 3346 2181 visan
3375 2128 3604 2185 similem
3627 2143 3745 2184 esse

2168 2223 2186 2286 ί
2211 2221 2384 2279 Skeir.
2413 2221 2455 2288 I,
2483 2236 2514 2275 ιι
2544 2222 2596 2274 ni
2624 2220 2767 2275 ibm’h
2799 2220 2987 2289 galeiks
3015 2221 3226 2274 unsarai
3254 2223 3448 2292 garai
3466 2220 3607 2276 lutei
3618 2239 3650 2275 ιι
3681 2224 3745 2275 alt

2167 2315 2296 2369 aiiba
2349 2313 2598 2382 garaimci
2625 2311 2759 2378 vas),
2806 2312 3035 2380 galeiiton
3075 2311 3412 2368 cottl‘nrmare
3443 2312 3622 2382 (Rom.
3652 2330 3746 2379 xu,

2167 2408 2202 2461 2
2228 2408 2282 2460 ui
2322 2403 2564 2477 galcikop
2607 2406 2731 2458 izvis
2759 2403 2974 2475 [Jamma
3006 2405 3154 2458 uiua
3176 2404 3214 2473 ),
3239 2419 3554 2472 comparare
3584 2405 3743 2473 (31th.

2170 2516 2265 2565 vu,
2289 2500 2360 2555 24
2385 2501 2583 2572 galeiko
2605 2503 2697 2555 ina
2733 2519 2762 2554 υ
2781 2502 2841 2556 ai
2859 2519 2929 2555 ra
2968 2503 3255 2571 [rodamma
3283 2501 3325 2571 ),
3355 2499 3550 2556 imitari
3578 2501 3745 2573 (Mill.

2171 2607 2254 2652 vt.
2294 2591 2326 2645 8
2355 2592 2406 2644 ui
2449 2590 2688 2664 galeikop
2729 2591 2846 2664 poi
2859 2591 2977 2660 nt);
3013 2591 3322 2645 ibnaskauns
3352 2592 3746 2647 conformatum

2174 2682 2191 2750 (
2224 2680 2359 2734 Phil.
2392 2695 2469 2746 ιιι,
2497 2680 2564 2734 21
2596 2682 2888 2753 ἰιιηιαὶάεὶῤ
2920 2681 3050 2736 leilta
3093 2682 3395 2735 hauneinais
3450 2682 3747 2737 unsaraizoa

2174 2776 2244 2827 du
2277 2772 2750 2845 ibuaskauujamma
2777 2774 2946 2828 leika
2975 2772 3198 2846 talpam
3225 2774 3377 2827 acinis
3397 2775 3453 2841 );
3485 2773 3588 2827 huc
3630 2788 3748 2842 per-

2175 2868 2307 2922 tinet
2351 2867 2510 2920 etiam
2542 2883 2600 2919 aa
2630 2882 2773 2920 samo
2819 2865 2989 2932 sicut,
3038 2865 3485 2935 quemadmodum
3515 2862 3670 2933 (Cor.
3703 2864 3747 2928 l,

2178 2978 2250 3027 XI,
2280 2961 2312 3016 5
2335 2961 2421 3013 ain
2444 2959 2616 3031 istjuh
2649 2958 2774 3028 [iuta
2796 2974 2936 3012 samo
2973 2956 3160 3029 pizai
3199 2955 3606 3011 biakabanou
3636 2957 3680 3025 );

2246 3052 2492 3117 Gamaina
2530 3049 2756 3122 vairpau
2801 3050 3116 3120 participem
3155 3048 3271 3104 ﬁeri
3304 3047 3505 3117 (Rom.
3547 3063 3640 3113 ιι,
3683 3047 3749 3100 17

2177 3146 2410 3218 gnmaiua
2467 3143 2614 3216 pisci
2668 3143 2970 3198 vaurtsai
3032 3143 3130 3213 jalt
3185 3141 3521 3214 smairlira
3579 3143 3746 3197 alm-

2178 3239 2368 3309 bagmis
2397 3239 2595 3305 curat),
2635 3236 2933 3308 gamainjau
2962 3233 3281 3304 participare
3309 3232 3468 3303 (Cor.
3506 3233 3548 3301 1,
3583 3249 3649 3301 ι,
3681 3235 3750 3289 18

2179 3336 2268 3389 niu
2299 3335 2392 3405 [)ai
2421 3331 2751 3405 matjandans
2775 3329 2961 3382 lautitia
2998 3329 3428 3400 gamainjattdens
3456 3327 3750 3382 [latuslat-

2179 3429 2325 3484 tada
2345 3427 2460 3482 aind
2483 3426 2536 3497 );
2565 3426 2825 3497 gantotjan
2851 3436 3130 3480 occurrere
3151 3420 3304 3492 (κώ.
3332 3427 3446 3487 VIII,
3473 3419 3565 3485 28,
3594 3419 3751 3488 etc.),

2180 3519 2507 3590 ofartuistjan
2543 3516 2694 3587 sequi
2720 3515 2738 3582 (
2757 3516 2886 3570 Luc.
2930 3530 3022 3579 νιι,
3052 3517 3120 3579 9;
3149 3529 3202 3581 ι,
3230 3515 3291 3576 3;
3320 3513 3459 3569 Tim.
3491 3513 3527 3578 Ι,
3562 3526 3615 3577 v,
3651 3513 3754 3578 l0,

2179 3613 2308 3668 dum
2338 3611 2546 3678 iaiitjan
2572 3617 2627 3664 et
2655 3608 2931 3679 galaistjan
2977 3607 3339 3662 accusativum
3389 3614 3601 3675 rrgunt,
3638 3607 3752 3659 ιιίιΙ.

2185 3703 2215 3774 ς
2244 3702 2370 3765 219,
2407 3701 2460 3770 1)
2489 3704 2538 3770 c)
2571 3699 2653 3771 bb)
2682 3699 2774 3772 ﬁ);
2811 3700 3016 3770 haftjan
3039 3698 3315 3753 adbmrere
3346 3695 3544 3767 (Rom.
3570 3713 3640 3751 xu
3663 3740 3674 3755 .
3698 3697 3755 3758 9,

2187 3795 2295 3858 l2;
2345 3793 2485 3848 Tim.
2529 3790 2568 3857 Ι,
2600 3805 2680 3855 ut,
2705 3789 2801 3859 8),
2828 3789 3095 3860 gahaftjan
3117 3788 3193 3842 sik
3222 3788 3350 3843 dare
3388 3802 3448 3843 se
3481 3787 3634 3856 (Luc.
3667 3804 3756 3853 xv,

2186 3887 2256 3942 15
2291 3883 2559 3957 galmftida
2598 3881 2675 3935 sik
2727 3881 3046 3934 aiuamntu
3089 3881 3368 3949 baurgjane
3398 3879 3437 3948 ),
3475 3879 3758 3951 gahoftnan

2190 3975 2465 4032 adluerere
2496 3974 2659 4043 (Luc.
2689 3989 2742 4039 ι,
2776 3973 2888 4042 11),
2917 3973 3148 4026 audtilon
3173 3972 3448 4026 adlucrere
3473 3970 3625 4040 (Luc.
3652 3986 3762 4036 xvi,

2190 4073 2322 4140 15),
2365 4085 2425 4126 se
2472 4069 2880 4126 accommodare
2922 4068 3138 4140 (Skeir.
3164 4067 3275 4135 VII,
3305 4083 3336 4124 a
3363 4067 3421 4138 );
3461 4067 3764 4139 gabundana

2191 4163 2337 4216 ιιὶιιιιι
2353 4162 2607 4232 conjungi
2638 4161 2787 4228 (Cor.
2819 4160 2861 4226 l,
2890 4174 2984 4225 vn,
3009 4160 3117 4224 27;
3165 4157 3322 4214 Rutu.
3347 4173 3442 4225 vtt,
3472 4159 3555 4230 2),
3577 4159 3765 4230 gavad.

2183 4256 2281 4326 jon
2323 4252 2660 4323 despondere
2703 4251 2871 4325 (Cor.
2909 4250 2977 4320 ΙΙ,
3009 4270 3083 4315 ιι,
3117 4251 3219 4320 2),
3266 4253 3444 4324 tiugan
3481 4251 3536 4307 in
3566 4252 3766 4318 medio,

2192 4344 2417 4409 nubere,
2448 4343 2517 4398 de
2548 4343 2773 4397 muliere
2801 4341 2927 4413 (Mc.
2960 4358 3017 4406 ι,
3047 4341 3137 4406 12,
3169 4351 3297 4404 etc.,
3324 4341 3353 4414 ς
3381 4340 3595 4411 178,1),
3624 4342 3768 4397 blan-

2196 4433 2300 4486 dau
2337 4434 2687 4487 commiscere
2713 4429 2876 4502 (Cor.
2907 4431 2953 4498 l,
2980 4446 3037 4496 ν,
3076 4430 3111 4488 9
3137 4432 3188 4485 ui
3220 4429 3472 4502 blandiri];
3498 4432 3622 4485 izvis
3666 4432 3770 4501 ιερ-

2194 4542 2322 4580 ram
2347 4525 2400 4595 ),
2449 4523 2732 4595 gahort'non
2770 4522 3178 4578 mmcltari—cum
3211 4521 3375 4591 (Μαι.
3408 4537 3464 4588 v,
3491 4521 3562 4577 28
3595 4521 3771 4576 tvazuh

2196 4618 2300 4673 soci
2328 4617 2514 4688 animi];
2534 4619 2688 4687 qinou
2717 4617 2784 4670 du
2807 4615 2976 4669 lustou
2998 4617 3106 4670 izos
3147 4616 3209 4685 ja
3229 4613 3548 4684 galtoriuoda
3579 4616 3642 4667 ξι
3660 4614 3767 4684 αἱ).

2200 4711 2328 4766 ltem
2357 4709 2410 4763 in
2439 4725 2599 4764 sensu
2639 4709 2908 4763 contrario
2941 4725 2954 4759 :
2981 4706 3265 4778 ‘galausips
3312 4709 3453 4760 vium
3493 4709 3727 4776 separari
3755 4750 3770 4772 ,

2197 4803 2327 4857 solvi
2356 4801 2500 4872 (Cor.
2538 4801 2580 4865 l,
2609 4815 2700 4864 vlt,
2725 4800 2793 4852 27
2823 4796 3090 4872 galauaipa
3113 4799 3163 4852 is
3189 4801 3334 4866 qenai
3361 4796 3403 4866 ),
3449 4798 3661 4852 akaidan
3687 4812 3772 4852 sc-

2199 4909 2408 4965 parare,
2435 4894 2680 4950 dividere
2712 4893 2835 4962 (Mc.
2863 4908 2915 4957 χ,
2944 4891 3022 4957 9);
3059 4891 3341 4962 uaoandjan
3367 4889 3444 4943 sik
3470 4889 3769 4955 discedere,

2199 4989 2368 5043 averti
2396 4986 2554 5056 (Mtli.
2583 5002 2640 5052 v,
2662 4984 2779 5055 42),
2812 4983 3081 5055 afskiuban
3108 4982 3374 5050 depellere
3414 4983 3594 5052 (Rom.
3624 4997 3712 5051 ~xl,
3742 4984 3767 5038 1

2197 5080 2301 5134 ibai
2345 5079 2558 5149 afskauf
2604 5076 2716 5148 gul)
2762 5075 3106 5147 manageiu
3151 5075 3467 5135 semanima;
3495 5071 3633 5126 Tim.
3665 5073 3702 5138 Ι,
3733 5089 3768 5137 ι,

2202 5172 2327 5242 19)),
2357 5169 2636 5242 afstandan
2676 5169 2919 5230 abstare,
2955 5167 3186 5221 deiicere
3217 5164 3376 5236 (Cur.
3411 5164 3483 5229 ll,
3520 5179 3606 5226 tv,
3629 5163 3668 5217 2
3692 5169 3772 5232 σί-

2198 5262 2412 5333 stopum
2458 5257 2636 5331 paim
2686 5258 3160 5328 analaugnjam
3223 5254 3485 5325 aiviskjia;
3534 5255 3673 5308 Tim.
3722 5257 3770 5321 Ι,

2202 5367 2274 5419 tv,
2309 5351 2333 5407 l
2375 5349 2687 5419 afstandaud
2713 5348 2875 5403 sumai
2913 5345 3337 5419 golaubeinai
3361 5349 3415 5414 );
3459 5346 3773 5400 tritatandan

2203 5455 2451 5512 separare
2475 5455 2557 5504 se,
2589 5439 2890 5494 valedicere
2929 5435 3097 5507 (Cor.
3132 5436 3200 5506 ll,
3242 5452 3301 5503 ιι,
3329 5437 3391 5490 15
3420 5437 3769 5490 tuistandnnds

2201 5534 2393 5587 immo
2440 5529 2623 5602 θριαἱρ
2652 5532 2706 5584 in
2753 5528 3048 5600 makidonja
3080 5526 3131 5597 );

2282 5663 2301 5699 ι
2334 5644 2620 5699 Annotatio
2645 5642 2694 5696 l.
2723 5672 2790 5682 —
2819 5639 3018 5696 Horum
3069 5640 3351 5695 verborum
3416 5642 3563 5709 plura
3613 5640 3771 5696 etiam

2207 5737 2363 5792 aliter
2388 5733 2999 5790 construunturzThess.
3031 5732 3107 5802 ll,
3135 5748 3208 5800 Ill,
3254 5736 3320 5787 Η
3351 5735 3403 5786 ni
3439 5733 3773 5803 blanditi];

2211 5829 2336 5885 izvis
2387 5827 2516 5900 illi]!
2562 5830 2748 5893 immo;
2784 5825 2884 5884 Mc.
2932 5842 2959 5881 ι
2984 5866 2999 5894 ,
3041 5823 3099 5884 ll
3142 5827 3248 5882 soci
3282 5825 3463 5899 aliud];
3501 5843 3593 5899 qcu
3634 5826 3773 5881 temo
