4360 6488
446 380 575 437 1241
1829 381 2168 441 PBASFATH

1997 380 2218 439 FATIO.
3579 378 3717 434 19.άί

515 497 769 566 Quamvis
798 499 1014 571 gctlu'rir
1042 498 1231 570 lingua’
1273 497 1507 553 affinitas
1535 511 1655 551 cum
1699 496 1820 551 aliis
1858 495 2100 566 ejusdem
2133 494 2347 548 fainilim
2375 491 2579 563 jamdiu
2609 492 2677 546 ab
2707 491 2956 547 omnibus
2994 488 3105 547 fere
3137 491 3356 560 probata
3386 489 3492 557 sit,
3534 501 3713 544 tamen

446 607 510 646 eo
542 595 717 647 minus
750 594 803 647 in
838 595 938 648 hoc
965 608 1126 663 opere
1160 593 1476 664 negligenda
1512 606 1636 646 esse
1679 592 1835 644 nobis
1863 588 1973 643 \iatl
2006 598 2119 652 est,
2149 588 2290 655 quod
2325 586 2522 653 gothici
2567 586 2801 640 ιιιιιεςιιιτι
2834 586 2934 639 incl
2956 602 3018 640 οι·
3047 602 3201 656 pars,
3237 587 3286 638 in
3318 585 3401 639 his
3446 584 3718 639 bodieruis

450 684 775 753 temporibus
823 696 967 759 noto,
1020 688 1117 737 hac
1156 683 1420 738 affinitate
1466 698 1601 752 opus
1653 681 1843 743 habet,
1886 690 1945 735 ut
1988 681 2040 734 in
2090 679 2332 735 dominio
2381 680 2808 749 gertnanicarum
2860 678 3157 745 linguarum
3206 678 3424 732 civitate
3470 679 3721 731 donetur.

449 777 682 845 Singulis
714 776 872 846 igitur
898 778 1165 830 radicibus
1184 820 1197 842 ,
1234 778 1341 831 imo
1370 787 1424 829 et
1454 776 1706 831 derivatis
1738 775 2079 845 quibusdasu,
2137 772 2458 841 ubicumque
2502 786 2780 825 necessum
2815 770 2933 835 fuit,
2960 784 3183 840 cognata
3210 773 3466 825 voeabula
3495 772 3720 826 aliarum

450 871 771 940 gertnaniece
802 872 1013 925 familia:
1050 868 1345 940 linguarum
1374 868 1711 935 induximus,
1742 878 1824 934 et,
1855 883 1920 923 ne
1946 866 2164 922 collatio
2192 866 2289 918 ista
2315 865 2537 918 nimiutn
2570 865 2725 933 spatii
2753 865 3014 918 obtineret
3043 863 3332 930 illusit-ala,
3379 865 3442 918 ad
3473 877 3723 920 auctores

450 967 679 1019 Sclioiari
734 966 870 1021 fama
925 970 1253 1040 gaudentes,
1292 968 1546 1019 lectorem
1598 963 1938 1025 remisimus,
1990 976 2182 1026 nempe
2222 959 2287 1012 ad
2332 959 2479 1026 BOpp
2507 960 2524 1027 (
2551 957 2933 1027 verglcirheude
2976 957 3293 1009 (frumntum.-
3321 962 3368 1024 ),
3406 949 3726 1011 Grimmium

454 1058 469 1127 (
496 1060 735 1112 deutsche
757 1058 1073 1113 Cremmatil.‘
1135 1059 1226 1111 Gr.
1249 1058 1263 1119 ἰ
1284 1106 1295 1123 ,
1333 1055 1613 1126 Μιμοιυᾳῑε
1639 1056 1653 1125 ι
1680 1055 1790 1111 DM.
1819 1053 1872 1125 ].
1905 1052 2426 1106 Iter-Ittsalterthiimer
2450 1052 2464 1122 [
2493 1052 2648 1105 DltA.
2675 1050 2747 1124 ]),
2782 1050 2931 1105 Grati
2958 1051 3434 1119 (ulthochdeutsclie
3467 1052 3727 1116 l’rrrposi-

452 1151 556 1203 tion
598 1158 656 1204 et
701 1150 1076 1222 Sprachsclmlz
1106 1149 1122 1223 [
1147 1149 1230 1204 Gl.
1259 1148 1274 1220 ]
1306 1152 1358 1218 ),
1391 1146 1804 1203 Sclunellerium
1834 1143 2191 1217 (bayeriscltcs
2236 1141 2600 1206 Wdrmbucli,
2647 1142 2860 1193 (ilossar
2904 1158 3016 1194 zum
3061 1140 3374 1210 Hefvund),
3420 1143 3733 1197 liichthol‘e-

454 1243 598 1298 nittm
629 1244 648 1316 (
675 1245 1038 1313 altfriest'schcs
1067 1240 1403 1296 li'orterbnrh
1433 1242 1667 1315 [ltcbtln
1691 1239 1761 1311 ]),
1796 1240 1847 1293 in
1875 1237 2193 1309 quibusdam
2229 1246 2433 1291 tantum
2472 1244 2526 1289 et
2557 1234 2692 1289 raris
2734 1234 2948 1289 casibus
2976 1231 3106 1288 aflin
3132 1243 3293 1288 tatem
3328 1236 3410 1288 vel
3443 1236 3731 1289 derivatio-

454 1354 575 1396 nem
605 1341 844 1395 vocabuli
876 1340 1029 1394 brevi
1060 1339 1413 1393 illustratioue
1444 1346 1712 1389 notantes.

524 1433 647 1488 Hice
668 1432 861 1487 eadem
888 1434 1024 1486 ratio
1044 1472 1058 1496 ,
1092 1430 1346 1501 parcendi
1373 1430 1577 1484 scilicet
1606 1425 1797 1497 spatii,
1826 1439 1985 1479 causa
2018 1437 2099 1478 cst
2130 1438 2225 1478 cur
2253 1424 2303 1476 in
2336 1428 2520 1475 nostra
2547 1419 2834 1475 collatione
2866 1418 3150 1473 nonnullas
3183 1421 3366 1488 stirpis
3394 1420 3732 1490 inibge-ma-

456 1528 588 1581 nicto
615 1527 822 1594 linguas
852 1540 955 1579 non
990 1522 1448 1588 invocaverimus,
1484 1531 1539 1574 ut
1567 1518 1917 1580 sanskritam,
1953 1516 2213 1584 persicam
2239 1558 2253 1582 ,
2280 1516 2564 1579 slavicam,
2588 1512 2856 1576 celiicam,
2898 1528 3122 1579 quarum
3167 1514 3233 1566 de
3274 1525 3472 1571 caetero
3503 1517 3736 1571 aflinitas

454 1633 573 1672 cum
604 1614 925 1685 germanicis
967 1630 1032 1669 ex
1078 1612 1384 1683 conspicuis
1426 1610 1678 1679 aperibus
1723 1610 1944 1676 llnppii,
1980 1606 2175 1671 l‘ottii,
2208 1615 2314 1660 etc.
2342 1605 2452 1675 jam
2483 1605 2683 1657 dudum
2719 1603 2934 1657 indubia
2980 1616 3077 1659 ρει.
3116 1604 3211 1658 llic.
3258 1616 3433 1661 tamen
3482 1610 3735 1665 lectorem

454 1711 785 1767 admonitum
818 1710 1099 1774 volumus,
1133 1724 1219 1778 qui
1244 1709 1277 1761 d
1310 1707 1517 1761 scilici-t
1547 1705 1800 1757 tuinnulla
1840 1704 2052 1773 got‘..ica
2087 1700 2378 1763 vocabula,
2421 1700 2614 1767 quibus
2656 1699 2918 1766 originem
2951 1710 3041 1752 aut
3070 1700 3495 1767 explanationem
3529 1704 3580 1756 in
3610 1723 3733 1771 ger-

457 1804 667 1856 tnanico
694 1802 938 1856 dominio
960 1812 1265 1870 qumren'es
1306 1798 1505 1851 frustra
1535 1794 2107 1865 circumspiceremus,
2153 1807 2185 1846 e
2211 1792 2400 1845 slacico
2432 1790 2510 1844 vel
2544 1790 2826 1843 lit/itmuico
2863 1806 3114 1847 selmone
3143 1795 3361 1847 omnino
3404 1796 3739 1853 illttslrctttttr

456 1898 469 1957 (
499 1894 623 1947 coll.
668 1892 981 1947 Grimmiuin
1020 1892 1227 1961 pruriat.
1252 1892 1317 1944 ad
1346 1894 1643 1946 versionem
1676 1891 1897 1943 service
1928 1886 2325 1958 grammaticae,
2355 1896 2575 1939 auctore
2604 1883 2743 1938 παις
2771 1884 3261 1955 Stcplianowitsch,
3292 1906 3409 1960 pag.
3445 1892 3517 1956 ll;
3551 1895 3739 1948 soluit-

456 1984 588 2037 l‘arik
636 1983 920 2038 Slawische
962 1983 1331 2046 Attat/nime)“,
1362 1980 1416 2047 Ι,
1454 1982 1555 2035 ωδ
1582 1982 1636 2051 ),
1686 1990 1741 2035 ιιι
1785 1979 1938 2050 dulgs
1982 1978 2116 2033 slav.
2149 1979 2311 2047 dolg,
2352 1976 2511 2041 dluh;
2562 1978 2753 2041 Itnuto,
2797 1979 2932 2031 slav.
2975 1978 3170 2048 kuota,
3205 1980 3371 2048 knut;
3404 1998 3569 2052 mota,
3598 1991 3735 2044 slav.

456 2091 634 2151 myto,
684 2089 886 2148 mytar;
920 2078 1179 2148 pliusjatt,
1210 2080 1344 2132 slav.
1397 2080 1610 2156 pltLS'Jé,
1651 2077 1873 2154 p‘esati;
1902 2078 2135 2142 smakka,
2169 2078 2303 2131 slav.
2350 2075 2607 2140 smokva;
2641 2076 2821 2144 trkrm,
2868 2079 3000 2131 slav.
3051 2079 3249 2149 tykati,
3295 2092 3562 2150 stultt‘ratt,
3597 2088 3735 2141 liith.

454 2172 744 2234 storawoti;
776 2169 926 2244 (aps,
952 2173 1094 2225 iitth.
1124 2183 1237 2242 pals
1262 2171 1514 2243 (satiskr.
1548 2175 1679 2243 potis
1704 2177 1748 2242 ).
1776 2171 2138 2241 Conspicuom
2164 2181 2267 2239 est,
2300 2172 2438 2239 quod
2469 2170 2628 2224 Gothi
2664 2186 2759 2237 pro
2784 2172 2974 2237 debito,
3005 2175 3209 2237 tributo,
3242 2177 3535 2242 sanatione,
3563 2182 3741 2249 [inch-

456 2266 534 2328 lo,
567 2262 780 2331 propria
817 2262 1069 2314 vocabula
1104 2278 1205 2316 non
1240 2263 1553 2326 habuerint,
1586 2266 1679 2319 sed
1708 2279 1771 2318 ea
1798 2279 1828 2317 e
1857 2263 2031 2319 Slavis
2062 2264 2286 2319 mutuati
2311 2264 2437 2327 sint,
2463 2262 2600 2329 quod
2632 2262 2791 2315 etiam
2824 2263 3101 2318 facilitates
3133 2282 3234 2318 non
3259 2268 3415 2321 aliti-r
3439 2274 3739 2340 exprimam

458 2357 752 2425 potuerint,
787 2354 886 2408 nisi
922 2370 1012 2420 per
1041 2369 1193 2407 suum
1222 2356 1364 2425 fui/iu
1390 2358 1406 2427 (
1434 2370 1596 2425 pecus
1618 2356 1660 2423 ),
1690 2356 1740 2409 in
1776 2354 1874 2409 hac
1900 2371 1959 2409 re
1986 2353 2369 2410 convenientes
2401 2353 2729 2421 Latinigqui
2758 2356 3025 2423 pecuniam
3051 2372 3111 2407 οτι
3148 2356 3350 2423 pecude
3373 2357 3735 2420 deduxerunt.

461 2450 556 2504 lilii
588 2460 764 2503 autem
797 2449 1005 2504 Gothus
1032 2450 1100 2504 de
1132 2459 1343 2504 moneta
1376 2450 1520 2520 loqui
1551 2466 1687 2519 onus
1716 2450 1911 2515 habet,
1944 2451 2029 2505 vel
2060 2450 2411 2518 expressioue
2442 2450 2618 2502 aliena
2649 2450 2833 2515 utitur,
2869 2460 2924 2501 ut
2954 2449 3168 2503 drakma
3193 2490 3208 2514 ,
3240 2451 3431 2521 nutriri,
3464 2454 3615 2520 δῑιςιε,
3654 2457 3738 2510 vel

455 2543 758 2611 generalem
807 2550 1060 2605 usurpat,
1103 2553 1294 2608 nempe
1329 2539 1488 2594 skutls
1533 2544 1849 2607 thcsaurus,
1882 2541 2124 2595 silubreiu
2165 2552 2453 2610 argenteus
2498 2538 2866 2608 (nummus);
2917 2541 3228 2595 vocabulum
3272 2552 3448 2596 tamen
3487 2547 3737 2613 unicum,

456 2634 662 2703 origine
682 2633 982 2697 obscurius,
999 2632 1170 2686 k’ntus
1192 2634 1243 2686 in
1264 2636 1493 2703 prapriis
1514 2633 1813 2689 Gothorum
1836 2634 2066 2689 monetis
2089 2633 2307 2688 inscribi
2332 2632 2561 2699 videtur,
2588 2631 2687 2685 nisi
2712 2648 2778 2685 ex
2801 2632 2977 2686 alieno
3000 2633 3155 2689 nobis
3178 2650 3394 2702 prorsus
3419 2638 3598 2706 ignoto
3629 2658 3745 2694 ser-

458 2742 617 2782 mone
645 2729 937 2782 derivetur.
973 2726 1379 2781 lterentioribus
1410 2737 1612 2781 tantum
1644 2726 1975 2794 temporibus
2002 2725 2174 2795 primo
2197 2733 2383 2781 eXorta
2411 2735 2493 2781 est
2518 2729 2797 2794 expressio
2825 2726 3052 2798 skilliygs
3071 2773 3084 2795 ,
3116 2744 3235 2796 qua:
3265 2730 3438 2785 adhuc
3491 2732 3649 2788 hodie
3688 2736 3743 2789 in

458 2821 709 2876 omnibus
736 2819 1054 2889 germanicis
1088 2820 1283 2889 linguis
1314 2830 1619 2888 usurpatur.
1651 2819 1757 2874 Sed
1787 2820 1890 2874 hoc
1919 2818 2099 2874 obiter
2126 2818 2326 2874 dictum
2359 2820 2448 2874 sit.
2482 2819 2718 2890 Longius
2743 2819 2885 2873 enim
2909 2838 2937 2873 a
2967 2824 3238 2889 proposito
3266 2824 3679 2893 declinat-emus,
3698 2833 3743 2886 si

464 2927 632 2972 letum
661 2912 888 2986 gotliicat
919 2916 1109 2985 lingua:
1143 2920 1451 2972 thesaurum
1482 2935 1550 2975 eo
1581 2918 1740 2973 modo
1767 2919 2037 2975 discutere
2064 2919 2356 2985 vellemus,
2401 2926 2485 2984 et,
2518 2934 2568 2971 v.
2600 2933 2683 2988 gr.
2729 2919 3013 2983 vocabula,
3045 2935 3162 2988 quae
3191 2923 3255 2973 ail
3296 2938 3545 2989 agrorum
3575 2929 3748 2980 cultu-

464 3026 598 3075 ram,
619 3021 816 3074 vestes,
848 3027 1016 3074 arma,
1040 3013 1462 3082 ehrooologiam,
1489 3022 1593 3069 etc.
1622 3013 1949 3079 referuntur,
1975 3015 2060 3069 hic
2079 3014 2356 3087 colligere,
2386 3013 2569 3082 utjam
2598 3012 2725 3068 fecit
2756 3013 3056 3067 Grimmius
3080 3015 3360 3080 (deutsche
3389 3015 3620 3073 Graium.
3657 3022 3745 3087 Ill,

465 3103 570 3158 3H
600 3121 717 3174 sqq.
749 3107 790 3173 ).
819 3107 1053 3159 Crudum
1085 3121 1214 3159 vero
1258 3108 1482 3161 culturae
1512 3121 1565 3161 et
1598 3107 1915 3161 urbanitatis
1949 3109 1967 3175 (
1991 3108 2121 3176 gall.
2150 3108 2303 3178 degré
2344 3106 2406 3160 de
2450 3107 2751 3159 civilisatiou
2775 3104 2825 3178 ),
2859 3122 3016 3176 quem
3047 3107 3261 3177 gotbica
3291 3124 3421 3178 gens
3464 3111 3577 3168 sive
3626 3125 3752 3169 ante

465 3197 580 3252 sive
607 3212 700 3267 per
728 3198 1091 3267 etttigraliunis
1126 3207 1333 3269 tempus
1350 3205 1598 3256 assecuta
1612 3208 1727 3267 εει,
1754 3200 2140 3269 investigantes
2160 3241 2175 3266 ,
2207 3198 2349 3253 hunc
2378 3200 2614 3253 laborem
2647 3216 2751 3251 non
2786 3198 3115 3254 infructuose
3143 3202 3457 3269 suscipient.

537 3294 803 3348 Caeterum
856 3292 977 3346 licet
1008 3291 1238 3345 afﬁnitas
1282 3292 1512 3362 gothica:
1544 3308 1667 3348 eum
1710 3293 1829 3347 aliis
1860 3293 2181 3364 germauicaa
2211 3292 2428 3347 familiae
2456 3292 2647 3361 linguis
2685 3292 2754 3345 sit
2801 3292 3047 3355 indubia.
3082 3293 3181 3347 hoc
3221 3302 3400 3349 tamen
3431 3310 3462 3349 e
3489 3296 3754 3366 glossario

471 3396 653 3451 patet,
687 3385 826 3447 quod
860 3399 981 3448 pars
1013 3383 1396 3438 vocabulorum
1429 3400 1532 3437 non
1562 3384 1847 3438 mediocris
1874 3385 1991 3437 sine
2020 3384 2261 3452 analogia
2294 3383 2347 3438 in
2375 3385 2717 3437 sermonibus
2745 3386 2985 3453 cognatis
3016 3398 3317 3441 remanea'.
3351 3388 3601 3456 Exceptis
3630 3391 3750 3459 qui-

472 3478 694 3532 busdam
717 3476 1026 3539 vocabulis,
1061 3476 1149 3544 qui
1179 3491 1244 3530 ex
1279 3476 1441 3529 latino
1473 3491 1718 3546 grmcove
1750 3477 2107 3542 illustrentnr,
2146 3484 2203 3528 ut
2232 3477 2420 3540 nistan,
2451 3476 2632 3538 alreitr,
2665 3478 2853 3538 aurati,
2887 3477 3108 3541 aurket’s,
3136 3479 3215 3533 vel
3256 3481 3448 3549 hlifan,
3481 3482 3708 3556 pragjau
3735 3528 3750 3552 ,

471 3568 664 3635 liteim,
695 3570 796 3623 alia
823 3578 948 3623 sunt
978 3585 1203 3623 nomcro
1236 3570 1488 3639 plurima,
1519 3572 1588 3623 de
1617 3569 1810 3639 quibus
1837 3583 1989 3623 tneus
2016 3583 2279 3635 suspensa
2306 3568 2415 3622 dub
2440 3576 2546 3632 tat,
2589 3576 2767 3621 utrum
2801 3568 2864 3621 ad
2912 3568 3049 3624 hanc
3094 3571 3345 3625 familiam
3375 3588 3595 3643 prorsus
3621 3576 3755 3629 alie-

473 3679 595 3719 nam
628 3664 967 3733 pertineant,
1004 3674 1201 3723 necne,
1241 3675 1364 3714 cum
1406 3660 1671 3730 imprimis
1717 3675 1905 3714 eorum
1952 3660 2222 3713 derivatio
2266 3674 2298 3716 e
2328 3659 2695 3730 monosyllaba
2742 3660 2922 3713 radice
2959 3660 3270 3717 nullomodo
3309 3663 3420 3719 fieri
3470 3667 3672 3735 possit,
3699 3675 3756 3719 ut

472 3758 658 3823 ahrrks,
694 3754 900 3826 astulis,
943 3754 1095 3820 biari,
1127 3753 1291 3818 ibnks,
1337 3754 1487 3820 inito,
1531 3755 1690 3822 riqiz,
1725 3753 1975 3822 siponcis,
2019 3752 2097 3805 vel
2128 3766 2251 3807 cum
2282 3766 2468 3806 eorum
2502 3750 2665 3805 facies
2705 3752 2937 3804 alienum
2972 3753 3170 3808 fontem
3200 3755 3391 3822 sapiat,
3425 3767 3482 3811 ut
3525 3758 3751 3824 buauau,

474 3852 649 3922 gards,
680 3847 938 3918 daddjan,
967 3846 1234 3917 qrammis,
1264 3844 1468 3915 plapja,
1497 3860 1676 3915 maga,
1705 3854 1811 3899 etc.
1844 3845 1998 3898 Enim
2028 3859 2156 3896 vero
2189 3853 2262 3897 ιιι·
2281 3858 2369 3897 um
2401 3842 2516 3897 hate
2541 3842 2796 3897 vocabula
2829 3850 2883 3896 et
2910 3858 3055 3912 qum,
3084 3844 3191 3897 sint
3220 3847 3393 3914 reipsa
3424 3848 3654 3919 gethica,
3687 3864 3753 3905 an

473 3948 538 3998 ad
567 3955 851 4015 quamuam
884 3937 1167 3993 referenda
1195 3938 1602 4007 omnigenarum
1634 3937 1908 4007 gentium,
1938 3935 2132 4005 quibus
2166 3933 2325 3990 Gothi
2351 3945 2407 3990 et
2428 3944 2551 3989 ante
2579 3943 2635 3989 et
2663 3950 2759 4004 per
2788 3936 3194 4008 emigrationem
3224 3942 3491 3998 commisti
3517 3943 3751 4009 fuerunt,

475 4041 702 4113 quadam
733 4040 1060 4095 certitudine
1082 4039 1379 4109 diiudicare
1404 4040 1628 4093 arduum
1657 4046 1760 4091 est.

547 4135 627 4190 Ad
672 4148 956 4202 quemnam
1001 4134 1352 4204 granatim:
1381 4136 1395 4197 (
1424 4132 1695 4185 orationis
1722 4130 1739 4199 )
1768 4139 1964 4198 partem
1997 4128 2204 4198 singula
2251 4126 2509 4182 vocabula
2556 4125 2888 4195 pertineant,
2925 4136 3176 4182 accurate
3206 4131 3545 4196 notavimus,
3573 4133 3759 4191 addito

478 4229 618 4300 quod
652 4240 749 4296 pro
790 4226 1143 4282 substantivis
1181 4241 1351 4296 genus
1399 4233 1606 4279 tantum
1654 4224 1919 4287 dedimus,
1966 4239 2071 4278 non
2105 4233 2283 4278 autem
2313 4221 2759 4290 declinationem,
2787 4222 2910 4291 quia
2940 4238 3004 4277 ex
3035 4238 3141 4277 una
3173 4235 3323 4293 parte
3349 4230 3752 4295 grammaticam

478 4320 580 4376 sub
609 4319 709 4373 hoc
740 4329 986 4388 respectu
1041 4318 1333 4387 anticipare
1360 4318 1377 4348 ¹
1410 4318 1697 4375 noluimus.
1729 4327 1784 4371 et
1811 4333 1875 4370 ex
1907 4317 2073 4372 altera
2095 4359 2110 4382 ,
2140 4317 2294 4387 quia,
2326 4331 2527 4387 genere
2555 4326 2607 4372 et
2637 4317 3019 4371 terminatione
3072 4318 3331 4387 cognitis,
3350 4320 3462 4388 jam
3492 4328 3754 4391 regulari-

478 4420 561 4465 ter
600 4408 887 4463 innotescit
917 4407 1226 4462 declinatio.
1260 4407 1672 4463 Masculinorum
1707 4418 1884 4462 tamen
1904 4450 1918 4471 ,
1948 4424 2065 4475 qua:
2100 4411 2153 4463 in
2183 4424 2328 4461 nom.
2356 4408 2499 4479 sing.
2530 4424 2624 4477 per
2657 4427 2682 4464 ε
2708 4418 2765 4465 et
2804 4410 2855 4463 in
2888 4425 3035 4463 nom.
3071 4411 3212 4479 plur.
3244 4429 3342 4482 per
3368 4416 3441 4466 eis
3466 4413 3754 4485 desinunt,

478 4500 767 4557 declinatio
818 4502 1041 4557 indicari
1078 4502 1297 4568 debuit,
1329 4508 1388 4556 ot
1414 4501 1483 4555 ab
1509 4500 1626 4554 aliis
1658 4501 1915 4566 plurale-ii
1951 4502 2002 4554 in
2031 4517 2087 4553 os
2117 4499 2529 4557 elformantibus
2576 4502 2768 4556 sedulo
2794 4503 3255 4561 discernerentur.
3300 4508 3429 4563 Item
3473 4512 3758 4565 nonnullo-

480 4608 598 4649 rum
645 4594 1019 4664 irrcgularium
1062 4596 1518 4648 substantivorum
1560 4592 1913 4647 dellexionem
1951 4607 1979 4646 a
2023 4594 2202 4663 regula
2245 4594 2478 4648 breviter
2520 4592 2756 4649 describi
2786 4597 3110 4649 curavimus.
3155 4597 3261 4653 Sed
3291 4606 3348 4651 et
3374 4599 3758 4667 ailjcctivorum

482 4688 867 4744 declinationes
898 4698 1085 4742 notare
1118 4688 1473 4757 ni-gleximns,
1504 4704 1623 4740 cum
1655 4688 1999 4754 grammatica
2030 4704 2124 4743 eas
2153 4688 2462 4758 singulatim
2492 4699 2748 4758 exponat.
2775 4689 3037 4745 Prmterea
3067 4707 3095 4744 a
3123 4691 3383 4747 Grimmio
3412 4696 3762 4753 dellectentes

484 4783 501 4851 (
528 4781 594 4835 de
620 4796 726 4848 quo
754 4782 805 4834 in
835 4780 1182 4850 grammatica
1216 4781 1477 4833 rationem
1506 4778 1845 4833 exhibuimus
1868 4778 1887 4850 [
1910 4778 1973 4848 ἧς
2020 4776 2155 4850 ιιι]
2184 4782 2230 4845 ).
2265 4790 2375 4833 tres
2404 4779 2456 4832 in
2488 4779 2664 4834 verbis
2689 4779 3092 4850 conjugationes
3121 4787 3456 4853 agnovimus.
3488 4789 3665 4844 Prima
3697 4806 3761 4845 ea

484 4874 645 4929 verba
668 4874 927 4935 continet,
957 4889 1073 4942 qua:
1096 4870 1386 4926 Grimmius
1413 4874 1463 4925 in
1496 4871 1872 4940 conjngatione
1901 4871 2021 4925 lorti
2050 4873 2189 4925 dicta
2217 4872 2506 4937 ordinavit,
2532 4872 2581 4927 id
2605 4882 2710 4940 est,
2733 4889 2853 4944 qua:
2877 4878 3204 4944 praeteritum
3236 4880 3426 4949 partim
3460 4885 3764 4951 reilupliea-

479 4967 654 5027 tione,
682 4963 875 5033 partim
902 4962 1405 5028 circumscriptione
1428 5003 1442 5025 ,
1471 4972 1663 5030 partim
1697 4962 1928 5031 denique
1954 4972 2179 5030 utraque
2213 4961 2291 5015 via
2319 4960 2638 5027 efformant;
2668 4966 2857 5033 quibus
2882 4968 3059 5023 verbis
3088 4971 3416 5038 subjicienda
3447 4989 3569 5028 esse
3600 4974 3756 5030 duxi—

479 5074 599 5113 mus
623 5072 743 5111 cum
767 5055 1037 5110 infinitivo
1082 5055 1240 5109 etiam
1266 5056 1300 5109 5
1323 5068 1605 5124 personam
1651 5054 1908 5125 pro‘teriti
1957 5056 2095 5124 sing.
2119 5064 2174 5108 et
2198 5056 2335 5122 plur.
2355 5098 2369 5121 ,
2398 5071 2607 5113 necnon
2631 5068 2683 5112 et
2710 5059 3046 5129 participium
3075 5073 3227 5129 preat.
3247 5106 3259 5128 ,
3285 5078 3408 5117 cum
3431 5065 3546 5119 alia:
3572 5066 3761 5122 formte

481 5152 831 5223 derivataque
858 5151 1115 5206 voeabula
1149 5167 1214 5206 ex
1262 5151 1365 5204 illis
1393 5151 1751 5206 deducantur.
1794 5150 1987 5205 Nostra
2030 5152 2262 5205 secunda
2294 5152 2629 5219 grimmiana:
2655 5152 3016 5224 conjttgationi
3049 5155 3213 5209 debili
3251 5158 3572 5223 respondet,
3602 5162 3762 5216 tertia

484 5244 698 5303 tandem
741 5244 1080 5313 amplcctitur
1123 5243 1284 5297 virba
1328 5244 1380 5297 in
1420 5261 1523 5297 mm
1566 5244 1736 5307 finita,
1779 5259 1898 5311 qua:
1931 5241 2139 5312 passiva
2189 5243 2272 5297 vel
2319 5242 2494 5298 media
2545 5243 2936 5314 significatione
2961 5244 3219 5315 gaudent,
3253 5244 3533 5316 ortumque
3561 5249 3763 5307 ducunt

484 5353 514 5391 e
556 5339 732 5393 \erbis
788 5340 975 5406 prima:
1025 5337 1349 5392 secunilatve
1374 5336 1842 5408 coniugationum,
1890 5345 1944 5390 i-t
1996 5335 2137 5389 inter
2162 5337 2408 5389 anomaia
2461 5335 2690 5406 gothiczc
2741 5334 3137 5407 conjugationis
3187 5352 3213 5388 a
3260 5336 3520 5391 Grimmio
3562 5343 3762 5396 adscri-

483 5431 700 5485 buntur.

552 5523 595 5579 E
637 5521 913 5577 contrario
942 5520 1270 5589 superfluum
1305 5519 1524 5583 fuisset,
1567 5519 1611 5574 si
1643 5521 1870 5590 singulis
1898 5520 2174 5575 vocabulis
2206 5519 2407 5574 formas
2434 5536 2620 5574 omnes
2658 5531 2713 5575 et
2735 5520 3051 5576 inflexiones
3078 5537 3211 5592 quas
3242 5520 3469 5577 induere
3500 5534 3723 5590 possunt
3745 5568 3759 5586 ,

484 5624 537 5671 ut
576 5613 728 5670 GralT
757 5622 812 5667 et
841 5612 1127 5668 Rii-htofen
1172 5614 1437 5680 fecerunt,
1466 5614 1920 5683 subiecissemus;
1954 5613 2154 5669 etenim
2181 5628 2287 5667 non
2318 5614 2492 5667 solum
2525 5613 2912 5685 orthographia
2942 5614 3153 5685 gothica
3185 5616 3383 5669 certior
3409 5626 3489 5669 est
3519 5617 3677 5670 simul
3707 5627 3760 5674 et

560 5778 572 5805 ι
616 5772 942 5827 Glossariqu
989 5775 1041 5826 in
1089 5773 1324 5829 editione
1388 5774 1695 5844 germanica
1767 5773 2167 5845 grammaticam
2230 5773 2533 5846 prtecedere
2572 5772 2683 5845 jam
2736 5773 3072 5842 monuimus,
3121 5774 3229 5831 col.
3278 5775 3380 5831 884
3407 5812 3425 5841 ,
3467 5782 3581 5830 not.
3615 5771 3766 5831 ³1η-

489 5863 645 5919 ιιὛμτ.
