4032 6502
1573 413 1576 418 ’
1853 415 1865 425 Ι
1874 415 1886 424 ν

243 406 3450 474 W

220 626 1795 905 APPENIHX
1850 454 3498 851 Ama};

255 1002 678 1068 AUCTORES
709 1004 810 1064 ET
845 1002 1357 1066 MONUMENTA
1392 1002 1550 1063 VEL
1581 1002 1956 1064 INCERTE
1988 1001 2328 1078 JETATIS,
2361 1002 2518 1064 VEL
2547 1001 2811 1064 DUBI/E
2845 969 3470 1074 AUCTORITATIS,

695 1151 850 1212 VEL
894 1149 1228 1213 TANTUM
1275 1146 1821 1213 CONNEXIONIS
1865 1148 2122 1213 CAUSA
2166 1149 2553 1212 PATRIBUS
2598 1147 3030 1212 ADJUNCTA.

1059 1316 1834 1372 ———————-—a<.t

1835 1317 1992 1373 δραι

1552 1519 1718 1564 ANNO
1753 1519 1989 1564 DOMINI
2019 1519 2317 1563 CCCXCIX.

643 1671 1718 1838 SANCTUS
1851 1664 3108 1828 MARTINUS

1119 1931 1764 2020 EPISCOPUS
1835 1930 2608 2016 TURONENSIS.

1309 2121 1404 2184 (Ex
1431 2119 1654 2171 Gallaud.
1681 2117 1795 2170 Vet.
1824 2118 1958 2168 Patr.
1986 2115 2218 2167 Bibliotb.
2242 2123 2280 2166 t.
2303 2115 2438 2181 VII.)

1749 2280 2010 2299 ᾗ

1448 2408 2291 2487 PROLEGOMENA.

290 2775 328 2831 1.
359 2775 481 2832 Non
515 2782 726 2831 tantum
753 2774 881 2828 vita:
912 2769 1234 2836 sanctitate,
1277 2784 1470 2825 verum
1511 2768 1672 2825 etiam
1691 2767 1822 2824 doc-
1851 2775 1907 2836 Α
1931 2767 2008 2823 De
2037 2781 2106 2824 eo
2136 2776 2319 2823 autem
2353 2768 2472 2824 haec
2499 2767 2664 2824 habet
2689 2769 3052 2826 Combelisius
3081 2774 3151 2845 (ε)
3180 2791 3192 2828 :
3228 2792 3245 2826 ‹
3288 2775 3542 2848 Exscrip-

226 2873 372 2930 trinae
405 2872 575 2928 laude
604 2870 1116 2944 praestantissimum
1148 2867 1319 2924 fuisse
1365 2867 1587 2924 beatum
1620 2867 1826 2923 MABTI-
1929 2877 2144 2929 seram,
2179 2863 2386 2934 inquit,
2434 2879 2747 2920 sermonem
2788 2867 2852 2919 de
2882 2878 3066 2921 sancta
3102 2867 3353 2925 Trinitate
3374 2915 3388 2939 ,
3418 2874 3539 2942 ejus

224 2982 322 3023 non
351 2967 614 3024 ecclesiae
641 2965 929 3021 Turonicae
972 2964 1272 3019 antistitem
1297 3005 1312 3029 ,
1363 2962 1667 3018 luculenter
1693 2963 1826 3017 satis

226 3067 455 3116 testatur
499 3059 589 3130 qui
628 3075 752 3114 eum
799 3058 971 3129 probe
999 3067 1226 3112 noverat
1258 3055 1535 3126 Sulpicius
1563 3055 1821 3111 Severus.

223 3153 305 3209 Sic
347 3153 508 3210 enim
558 3153 647 3208 ille
674 3152 750 3223 (a)
779 3169 792 3206 :
826 3171 844 3203 ι
879 3150 998 3207 Jam
1027 3166 1195 3216 vero,
1231 3149 1434 3216 inquit,
1467 3149 1520 3203 in
1551 3148 1734 3204 verbis
1775 3157 1830 3202 et

230 3245 670 3302 confabulatione
694 3245 810 3314 ejus
831 3253 1031 3316 quanta
1058 3243 1300 3315 gravitas
1319 3283 1335 3310 ,
1364 3249 1563 3313 quanta
1591 3239 1829 3311 dignitas

227 3342 358 3395 erat!
392 3355 568 3412 quam
604 3353 761 3403 acer,
791 3353 954 3408 quam
997 3338 1191 3393 efﬁcax
1220 3381 1236 3407 ,
1265 3346 1319 3393 et
1360 3353 1518 3408 quam
1552 3337 1606 3391 in
1643 3335 1828 3392 absol-

222 3433 403 3486 vendis
457 3431 865 3500 scripturarum
894 3431 1294 3502 qutestionibus
1341 3441 1624 3502 promptus
1667 3441 1720 3486 et
1750 3429 1827 3485 fa-

220 3525 339 3582 cilis
363 3528 378 3582 ε
403 3556 486 3569 -
513 3525 700 3582 Jesum
735 3534 907 3581 testor
937 3541 1201 3596 spemque
1230 3540 1612 3592 communem,
1646 3541 1730 3580 me
1763 3540 1830 3579 ex

220 3621 420 3676 nullius
443 3635 707 3691 umquam
729 3634 826 3675 ore
845 3629 1050 3674 tantum
1076 3619 1344 3684 scientim,
1375 3628 1579 3674 tantum
1605 3618 1827 3689 ingenii,

221 3723 324 3770 tam
356 3716 495 3772 boni
525 3726 577 3771 et
613 3724 720 3769 tam
754 3714 876 3784 puri
917 3720 1189 3770 sermonis
1219 3713 1456 3769 audisse.
1491 3713 1828 3782 Quamquam

217 3808 270 3865 in
303 3812 529 3867 Martini
563 3810 860 3866 virtutibus
887 3811 1148 3881 quantula
1180 3819 1267 3865 est
1296 3810 1396 3864 ista
1427 3808 1694 3863 laudatio!
1728 3808 1830 3863 nisi

213 3905 356 3972 quod
391 3906 606 3959 mirum
636 3911 755 3969 est,
793 3903 1000 3958 homini
1037 3903 1316 3958 illitterato
1346 3919 1412 3957 ne
1441 3901 1582 3956 lianc
1611 3901 1828 3972 quidem

213 3999 449 4067 gratiam
483 3995 751 4052 defuisse.
790 4015 808 4048 ι
844 3996 908 4050 Et
934 3995 1062 4051 alibi
1091 3994 1202 4067 (b):
1240 4015 1258 4047 ‹
1289 3993 1408 4050 Jam
1440 3995 1482 4048 si
1513 3995 1579 4047 ad
1611 3993 1829 4060 1ιυναιη,

213 4087 441 4144 Achaia:
493 4089 678 4144 sinum
713 4087 992 4158 paululum
1040 4088 1282 4144 devexus
1325 4087 1650 4153 intraveris,
1693 4085 1833 4141 sciat

1937 2954 2214 3025 (Martini)
2249 2966 2612 3024 prteriotatum
2646 2957 2896 3024 nomine,
2932 2974 2996 3014 ex
3027 2961 3217 3017 codice
3245 2980 3351 3017 em.
3385 2966 3534 3021 card.

1931 3047 2224 3114 Mazarini;
2256 3049 2352 3104 sed
2385 3048 2459 3103 ita
2498 3051 2548 3104 in
2589 3069 2654 3106 eo
2689 3053 2942 3108 vitiosum
2964 3095 2978 3120 ,
3024 3065 3080 3108 ιιι
3122 3073 3230 3111 non
3260 3060 3438 3114 visum
3472 3065 3545 3116 sit

1935 3152 2373 3212 reprzesentare:
2409 3144 2460 3199 id
2493 3145 2620 3202 inde
2659 3146 2862 3202 factum
2907 3150 3157 3218 videtur,
3210 3155 3352 3224 quod
3399 3158 3538 3211 anti-

1934 3235 2158 3304 quarius
2198 3251 2265 3291 ex
2305 3239 2699 3295 vetustioribus
2733 3241 3067 3298 membranis
3107 3255 3199 3299 aut
3243 3250 3384 3302 ceris
3432 3264 3538 3305 non

1931 3328 2064 3383 satis
2110 3328 2345 3386 feliciter
2377 3333 2616 3401 potuerit
2666 3337 2997 3391 exscribere.
3043 3337 3141 3392 Est
3175 3349 3353 3396 tamen
3404 3344 3532 3409 ille,

1932 3424 2267 3492 conjectura:
2314 3423 2398 3479 his
2445 3443 2564 3496 qua:
2612 3426 2850 3482 Severus
2896 3429 2965 3484 de
3007 3430 3274 3488 illitterati
3322 3435 3544 3514 Martini

1933 3517 2246 3574 eruditione
2276 3534 2342 3573 ac
2375 3518 2626 3575 facundia
2648 3563 2662 3585 ,
2700 3531 2842 3577 tanta
2874 3524 3065 3580 scribit
3091 3527 3480 3585 obtestatione.
3522 3552 3539 3582 ι

1941 3609 2017 3664 Ita
2059 3609 2452 3677 Combellsius,
2497 3629 2556 3668 ea
2599 3617 2900 3684 reSpiciens
2932 3633 3048 3687 quae
3081 3622 3240 3674 modo
3268 3637 3335 3677 ex
3367 3621 3550 3693 Sulpi-

1940 3701 2026 3758 cio
2055 3706 2421 3760 recitavimus.
2454 3705 2534 3761 Ex
2564 3709 2758 3777 priscis
2783 3710 2910 3762 item
2942 3713 3274 3768 membranis
3298 3715 3545 3770 eamdem

1941 3797 2358 3854 Confessionem
2393 3799 2632 3870 Trajecti
2676 3803 2956 3871 evolgavit
2990 3819 3138 3859 anno
3168 3807 3304 3862 1511
3334 3807 3547 3864 Tltcod.

1941 3893 2308 3960 Pulniauuus,
2341 3894 2712 3965 Cujusvarias
2753 3897 3018 3953 lcetiones
3045 3898 3113 3954 ad
3147 3916 3260 3954 sum
3289 3901 3546 3956 editionis

1940 3987 2145 4044 calcem
2185 4005 2306 4059 quae
2350 3990 2582 4061 Cygnete
2613 3990 2816 4060 prodiit
2846 3992 2983 4047 1077
3027 3993 3221 4064 rejccit
3261 3995 3542 4051 Daumius.

2014 4081 2105 4138 lll.
2167 4081 2364 4138 Verum
2416 4099 2524 4152 prae
2575 4087 2790 4139 Cameris
2842 4087 3274 4141 commendanda
3329 4088 3543 4144 videtur

212 4177 566 4249 Corinthus,
626 4184 804 4236 sciant
851 4180 1080 4236 Athena:
1104 4222 1119 4248 ,
1180 4198 1285 4235 non
1341 4179 1727 4252 sapientiorem
1781 4180 1833 4233 in
1867 4181 1915 4242 B
1944 4174 2168 4232 Thomte
2203 4175 2534 4231 Beauxamis
2574 4179 2837 4244 solertia;
2870 4179 2961 4248 qui
3005 4189 3118 4234 tres
3147 4183 3547 4238 vetustissimos

208 4275 521 4332 Academia
558 4273 879 4340 Platonem,
914 4289 1015 4329 nec
1041 4273 1319 4330 Socratem
1355 4273 1407 4327 in
1451 4287 1671 4328 carcere
1714 4271 1828 4326 for-

209 4369 418 4426 liorem
451 4387 467 4426 :
509 4367 725 4425 felicem
755 4368 975 4440 quidem
1006 4369 1306 4434 Graeciam,
1347 4383 1468 4439 qua:
1511 4370 1712 4422 meruit
1741 4381 1836 4419 au-

206 4463 326 4518 dire
383 4462 728 4535 Apostolum
780 4462 1210 4534 prmdicaulem;
1259 4460 1355 4515 sed
1415 4474 1757 4529 nequaquam
1806 4473 1835 4512 a

205 4553 438 4611 Christo
478 4555 692 4613 Gallias
723 4554 1012 4610 derelictas
1033 4595 1048 4621 ,
1078 4553 1277 4624 quibus
1307 4552 1596 4608 donaverit
1633 4551 1836 4607 habere

204 4648 549 4706 Martinum.
587 4669 604 4702 ι
639 4649 764 4704 Haec
797 4648 1094 4719 Sulpicius.

1939 4270 2158 4324 codices
2185 4282 2398 4335 nactus,
2430 4286 2620 4325 eorum
2649 4271 2942 4325 eollatione
2963 4272 3252 4342 diligenter
3275 4275 3543 4342 instituta,

1938 4363 2194 4418 eumdem
2236 4365 2408 4417 sancti
2449 4364 2695 4432 prmsulis
2721 4365 3056 4420 Turonensis
3101 4366 3346 4422 libellum
3387 4368 3544 4425 brevi

1940 4459 2340 4512 commentario
2388 4459 2717 4514 illustratum
2767 4459 3182 4532 subjectumque
3217 4463 3352 4519 Vitm
3403 4465 3544 4521 beati

1943 4548 2158 4604 Martini
2187 4565 2214 4602 a
2243 4550 2485 4620 Sulpicio
2509 4551 2719 4606 Severo
2735 4553 3083 4624 conscriptte,
3107 4555 3548 4624 prelocommisit

1943 4645 2166 4702 Parisiis
2196 4662 2339 4700 anno
2383 4645 2539 4701 1571.
2584 4647 3034 4719 Quandoquidem
3083 4666 3213 4706 vero
3255 4651 3393 4706 lianc
3435 4654 3549 4708 edi-

1947 4739 2148 4794 tionem
2179 4737 2406 4807 reliquis
2434 4739 2606 4793 multo
2634 4740 3064 4798 emendatiorem
3111 4746 3286 4799 secuti
3317 4761 3507 4801 sumus
3529 4789 3544 4812 ,

1944 4850 2066 4906 qum
2107 4844 2368 4904 praeterea
2413 4835 2555 4890 inter
2587 4837 2822 4892 rariores
2854 4849 3171 4893 recensetur
3200 4839 3278 4911 (ά)
3300 4857 3318 4906 ;
3344 4841 3551 4911 juverit

1946 4927 2176 4998 proinde
2203 4929 2460 4982 nonnulla
2486 4944 2550 4982 ex
2582 4929 2773 4983 eodem
2801 4929 3096 4986 Parisiensi
3125 4933 3333 4988 editore
3358 4933 3410 4989 in
3437 4951 3550 4990 me-

1949 5021 2099 5077 dium
2145 5024 2417 5089 proferre,
2468 5022 2666 5093 quibus
2709 5023 2834 5078 dum
2868 5023 2963 5078 ille
3008 5025 3241 5079 studium
3292 5041 3450 5082 Sttllm
3495 5029 3548 5083 in
3587 5065 3590 5068 ~

1950 5117 2091 5171 lianc
2136 5117 2369 5186 opellam
2409 5116 2709 5185 impensum
2761 5117 2970 5187 prodit,
3013 5119 3133 5186 ejus
3182 5121 3386 5190 pariter
3433 5125 3548 5178 sive

1950 5211 2344 5281 integritatem,
2371 5212 2486 5265 sive
2505 5213 2739 5282 pretium
2773 5215 2987 5266 astruit.
3018 5213 3287 5283 Sicigitur
3319 5215 3414 5270 ille
3437 5215 3548 5286 (e):

1957 5325 1975 5357 ι
2001 5304 2154 5367 Tria,
2182 5305 2383 5376 inquit,
2420 5323 2449 5360 e
2477 5307 2710 5360 diversis
2735 5305 3090 5362 bibliothecis
3121 5307 3394 5362 Volumina
3420 5309 3553 5366 milii

274 4745 344 4800 ll.
399 4745 591 4800 Porro
631 4742 733 4797 sub
777 4743 912 4796 tanti
962 4741 1142 4797 Patris
1192 4740 1412 4796 nomine
1457 4739 1840 4797 circumfertur

203 4837 500 4909 Confessio
524 4834 702 4890 Trime
716 4835 931 4890 unitatis
958 4845 1003 4887 et
1029 4835 1182 4889 unius
1203 4833 1479 4890 Trinitatis
1498 4876 1512 4899 ,
1541 4835 1683 4907 stylo
1709 4833 1841 4888 sim-

199 4929 330 5001 plici
367 4941 432 4987 et
465 4929 676 4984 alicnbi
715 4929 1072 4994 obscuriore,
1107 4928 1454 4984 librariorum
1489 4928 1723 4984 fortasse
1762 4929 1844 4983 in-

198 5026 363 5080 scitia
389 5065 405 5090 ,
463 5023 822 5092 conscripta;
870 5038 1030 5093 quam
1063 5037 1207 5077 anno
1238 5022 1378 5077 1512
1420 5020 1629 5091 primus
1673 5021 1845 5076 edidit

197 5134 329 5174 cum
381 5119 532 5172 aliis
579 5127 828 5173 veterum
872 5118 1152 5187 opusculis
1195 5117 1431 5172 .lodorus
1470 5115 1840 5171 Cliclttovens.

197 5215 512 5285 Deinceps
545 5227 678 5266 vero
706 5213 904 5280 smpius
935 5212 1076 5267 idem
1109 5211 1358 5274 libellus,
1395 5210 1638 5265 virorum
1665 5211 1846 5265 erudi-

193 5315 395 5364 torum
459 5307 620 5363 Petri
674 5306 906 5372 Pitlimi,
953 5307 1207 5376 CaSparis
1253 5305 1460 5360 Barthii
1490 5347 1504 5372 ,
1549 5305 1844 5360 Christiani

201 5401 433 5456 Damnii
470 5399 828 5468 aliorumque
858 5413 1060 5468 opera,
1095 5399 1238 5470 typis
1271 5398 1454 5454 denuo
1494 5399 1848 5468 consignatus
1950 5400 2158 5471 prolata
2197 5408 2352 5463 sunt,
2401 5416 2519 5469 quze
2570 5415 2762 5454 manus
2803 5400 2915 5468 ipsa
2941 5440 2955 5463 ,
3000 5401 3134 5453 Satis
3170 5403 3550 5469 antiquissima

198 5493 600 5563 comperitur.
645 5491 834 5546 Exstat
879 5503 1147 5562 pra-terea
1197 5493 1248 5546 in
1309 5492 1581 5563 plerisque
1627 5491 1846 5546 Patrum
1952 5508 2078 5548 esse
2108 5493 2522 5548 contestabatur
2550 5511 2561 5546 :
2594 5492 2943 5547 characteres
2971 5495 3115 5546 enim
3147 5493 3270 5550 aliis
3306 5497 3554 5564 quiante

198 5586 591 5647 bibliothecis
612 5597 665 5642 et
689 5585 745 5641 in
769 5585 1188 5642 collectionibus
1210 5585 1564 5642 conciliorum
1588 5601 1840 5642 excusas.
1875 5578 1921 5642 C
1953 5587 2105 5643 mille
2125 5601 2298 5643 annos
2321 5586 2377 5641 in
2406 5602 2504 5641 usu
2530 5595 2716 5654 erant,
2747 5585 2956 5652 collati,
2984 5587 3292 5657 persimiles
3314 5591 3555 5647 omnium

275 5747 361 5820 (α)
398 5745 591 5820 Sulp.
642 5745 770 5820 S_e_v.
824 5745 896 5803 de
942 5746 1056 5820 )jit.
1122 5747 1181 5802 Β.
1230 5747 1385 5802 Mart.
1417 5761 1538 5819 cap.
1581 5747 1672 5803 25.
1719 5763 1845 5819 opp.

200 5817 350 5880 tom.
386 5819 446 5879 l.
490 5833 622 5889 pag.
655 5817 748 5887 54,
779 5820 911 5876 edit.
938 5817 1136 5874 Veron.
1167 5820 1324 5875 17H.

2149 5747 2348 5893 iiaum.
2381 5818 2590 5893 praefat.
2615 5818 2681 5872 ad
2712 5835 2906 5886 opusc.
2929 5820 2999 5876 de
3023 5820 3078 5878 S.
3107 5819 3300 5875 Trinit.
3338 5837 3458 5893 pag.
3500 5825 3554 5880 7.

279 5894 368 5964 (ὁ)
418 5891 515 5964 lt].
557 5890 690 5964 Dial.
718 5907 795 5964 ut,
826 5892 1070 5964 cap.7l7,
1101 5892 1232 5946 ibitl.
1259 5891 1547 5964 pagelifi.
1726 5963 1735 5964 ί
1794 5963 1804 5964 7
1962 5891 2105 5964 Hist.
2141 5891 2241 5964 litt.
2285 5893 2346 5945 de
2376 5892 2425 5946 la
2459 5889 2692 5964 France,
2729 5904 2860 5946 tum.
2897 5893 2952 5956 l,
2988 5900 3124 5961 part.
3170 5907 3230 5960 ll,
3275 5889 3554 5964 ρυείιιτ.

281 5896 339 5964 (b
418 5896 515 5944 ιιι.
557 5896 690 5944 Dial.
718 5907 795 5953 Ill,
826 5906 951 5962 cap.
980 5896 1070 5958 17,
1101 5896 1232 5946 ibid.
1259 5907 1395 5963 page
1424 5896 1547 5947 H6.
1962 5896 2105 5947 Hist.
2141 5896 2241 5945 litt.
2285 5896 2346 5945 de
2376 5896 2425 5946 la
2459 5896 2692 5960 France,
2729 5904 2860 5946 tom.
2897 5896 2952 5956 l,
2988 5911 3024 5961 νη

281 5896 368 6042 (εἶ
415 5961 695 6020 Combef.
743 5963 887 6019 Bibl.
941 5963 1112 6019 Cone.
1174 5974 1307 6020 tom.
1355 5962 1492 6032 Vlll,
1542 5979 1666 6037 pag.
1709 5963 1849 6031 470,
2033 5961 2106 6036 (e)
2145 5963 2349 6019 Beaux.
2381 5963 2590 6034 praefat.
2625 5979 2746 6036 pag.
2774 5965 2874 6022 251
2907 5981 3024 6035 seq.

527 6054 814 6118 ΡΑτιιοι..
878 6055 1090 6119 XVIII
1097 6099 1112 6116 .

3046 6057 3076 6119 1
