4032 6502
481 382 543 452 tt
981 395 1043 455 s.
1083 394 1368 457 nam-tut
1406 395 1792 458 cournssm
1830 397 2067 456 TRINA!
2109 397 2434 458 UNtTA’l'iS
2476 397 2564 455 er
2610 378 2817 458 nutus
2852 392 3279 459 summus.
3719 402 3785 458 te

476 509 798 565 testimonio
827 508 994 566 habiti
1024 520 1174 569 sunt.
1208 514 1375 571 Porro
1405 514 1581 571 tribus
1613 515 1764 571 hisee
1790 514 2086 577 volumini-
2113 518 2156 580 A
2189 515 2493 572 edisserere
2510 531 2762 587 pergens.
2782 518 3095 589 complures
3129 518 3367 575 hmreses
3388 516 3492 574 hac
3523 531 3617 572 sna
3646 516 3786 575 Con-

477 600 580 658 bus
627 602 1019 672 emendicatis,
1072 606 1272 678 triplex
1331 609 1519 666 Severi
1565 606 1797 680 Sulpicii
1848 607 2082 664 historia

477 698 971 756 eontexebatur....
1002 699 1200 759 Verum
1230 717 1352 758 cum
1380 703 1560 774 primo
1583 702 1636 758 in
1663 703 1792 779 libri
1824 702 2083 775 cujusque

478 792 710 863 veSIigio
752 795 1113 866 compendium
1136 807 1329 855 nostrae
1358 800 1482 866 fidei
1506 816 1534 855 a
1575 801 1637 855 ι).
1668 801 1917 856 Mantuae
1946 814 2080 856 eon-

472 886 738 957 scriptum
802 891 1191 960 agnovissent;
1252 895 1510 963 obstupui
1574 912 1740 965 sane,
1808 912 1907 952 cur
1956 912 2079 952 cum

471 979 639 1039 teties
687 980 927 1039 Severus
957 999 989 1041 e
1033 985 1202 1056 prelis
1244 986 1527 1060 prodiret,
1570 986 1721 1044 illius
1765 1003 1833 1044 ne
1877 989 2082 1045 mentio

475 1073 697 1143 quidem
727 1074 867 1131 facta
912 1077 1003 1132 sit.
1040 1078 1147 1138 Sed
1170 1122 1185 1149 ,
1219 1088 1278 1139 ut
1320 1082 1581 1147 arbitror.
1612 1091 1816 1153 pratter
1858 1084 2084 1141 charac-

474 1178 654 1224 terum
689 1170 1070 1241 antiquitatem
1091 1217 1104 1238 ,
1134 1176 1212 1231 rei
1246 1178 1417 1245 ipsius
1452 1194 1551 1235 eos
1580 1177 1873 1235 difﬁcultas
1902 1178 2084 1236 deter-

475 1262 653 1317 rebat.
688 1262 798 1319 Nec
841 1266 986 1321 enim
1032 1267 1146 1323 suis
1196 1269 1475 1339 periodis,
1526 1272 1752 1340 virgulis
1795 1274 2081 1331 czeterisve

473 1354 681 1410 notulis
724 1366 1016 1414 contextus
1056 1360 1417 1418 deﬁniebatur
1446 1381 1460 1417 :
1492 1364 1629 1421 adeo
1666 1373 1726 1421 ut
1756 1366 2077 1437 quibusdam

471 1448 761 1520 ambiguus
785 1491 802 1518 ,
843 1451 968 1507 aliis
998 1469 1249 1521 mancus,
1282 1458 1534 1513 omnibus
1572 1458 1879 1516 abstrusior
1912 1476 2083 1533 appa-

464 1550 639 1596 reret.
693 1540 827 1599 Nam
901 1560 1023 1600 cum
1069 1563 1285 1603 summa
1329 1550 1607 1607 brevitate
1669 1567 1787 1607 rem
1833 1554 2076 1609 omnium

465 1632 850 1691 difﬁcillimam
892 1639 1321 1709 complectatur;
1360 1643 1483 1714 quis
1513 1643 1657 1701 inter
1692 1644 1964 1701 dictiones
1998 1646 2082 1702 in-

464 1730 912 1803 circumscriptas
960 1734 1100 1790 adeo
1146 1737 1468 1807 perplexas,
1515 1738 1648 1810 quid
1692 1740 1831 1796 certi
1875 1740 2079 1799 elicere

463 1822 1054 1897 potuisset?...0per:e
1080 1830 1332 1897 praetium
1357 1830 1521 1901 igitur
1543 1833 1669 1887 duxi
1694 1833 1806 1888 suis
1836 1836 2072 1903 punctis,

2186 609 2425 666 fessione
2463 610 2526 667 Β.
2580 612 2867 669 Martinam
2916 624 3169 671 evertere
3212 612 3447 670 ostendit
3472 655 3487 680 ,
3520 610 3784 684 Ebionis,

2184 702 2427 760 Cerinthi
2456 747 2470 772 ,
2520 705 2839 773 Marcionis,
2899 707 3166 777 Manetis,
3214 707 3539 778 Apollinarii
3568 751 3581 776 ,
3632 710 3785 777 Arii,

2186 796 2482 854 Macedonii
2507 815 2569 855 ac
2601 799 2878 857 Eunomii.
2910 802 3118 871 Quibus
3143 804 3441 867 enarratis,
3471 803 3544 858 ita
3572 806 3789 862 conclu-

2185 890 2304 946 dit:
2362 912 2379 944 ί
2411 891 2615 959 Vides,
2670 892 2977 949 Christiane
3023 896 3196 951 lector
3224 938 3238 961 ,
3293 905 3352 951 ut
3398 896 3787 965 compendiose

2185 985 2382 1039 multas
2410 984 2654 1042 hrereses
2680 996 2868 1043 uester
2893 986 3160 1043 Martinus
3187 990 3423 1043 enecet?
3448 986 3562 1043 Illis
3587 989 3788 1061 quippe

2184 1079 2522 1150 temporibus
2549 1079 2756 1137 exstitit
2784 1122 2800 1148 ,
2828 1081 3028 1152 quibus
3056 1091 3149 1136 aut
3177 1082 3271 1152 qui
3299 1082 3623 1139 Trinitatem
3649 1126 3664 1150 ,
3697 1092 3788 1139 aut

2185 1174 2273 1246 qui
2304 1174 2519 1230 unicam
2550 1173 2888 1230 divinitatem
2918 1188 3167 1232 evertere
3193 1175 3529 1241 nitebantur,
3560 1177 3787 1248 pullula-

2184 1276 2402 1327 runt....
2456 1269 2715 1339 Expende
2747 1285 2877 1326 vero
2919 1278 3051 1341 quot
3078 1270 3409 1336 schismata,
3444 1271 3705 1328 factiones
3733 1281 3787 1328 et

2185 1372 2381 1430 sectae,
2411 1380 2519 1435 quo
2549 1372 2797 1435 tempore
2826 1364 3009 1420 ﬂoruit
3034 1408 3047 1430 ,
3076 1366 3404 1420 emerserint
3430 1384 3443 1419 :
3477 1375 3588 1420 tum
3625 1365 3786 1422 facile

2181 1472 2451 1529 agnosces
2476 1473 2585 1512 non
2615 1458 2710 1513 abs
2731 1474 2789 1513 re
2816 1457 2951 1512 hanc
2980 1458 3047 1513 de
3071 1457 3358 1513 Trinitatis
3384 1467 3437 1513 et
3466 1462 3623 1514 unius
3647 1459 3782 1515 divi-

2184 1554 2372 1608 nitatis
2405 1553 2509 1609 ﬁde
2535 1552 2736 1607 editam
2766 1553 3118 1608 sententiam.
3153 1572 3171 1605 ι
3208 1552 3334 1608 Hcce
3361 1552 3470 1608 ille.
3501 1553 3633 1623 Quae
3662 1556 3815 1624 qni-.

2183 1644 2306 1700 dem
2335 1645 2515 1702 omnia
2537 1646 2581 1700 si
2610 1646 2729 1716 quis
2753 1655 3014 1701 accurate
3041 1646 3366 1717 perpendat,
3394 1656 3586 1719 arguet
3611 1648 3787 1703 enim-

2182 1752 2316 1792 vero
2342 1779 2355 1803 ,
2388 1752 2506 1793 mea
2534 1736 2753 1807 quidem
2785 1738 3055 1793 sententia
3077 1778 3093 1805 ,
3140 1738 3437 1794 nonnullos
3482 1740 3626 1795 viros
3662 1756 3787 1795 eru-

2183 1828 2327 1883 ditos
2357 1828 2623 1898 ejusmodi
2647 1826 3058 1885 Confessiouem
3090 1830 3270 1885 minus
3300 1841 3447 1887 recte
3474 1841 3783 1902 suspectam

463 1916 619 1985 quasi
647 1917 873 1985 vinclis,
918 1918 1210 1977 efﬂuentes
1236 1922 1501 1982 dictiones
1542 1924 1844 1992 cohibere,
1886 1927 2075 1997 sicque
2107 1934 2154 1996 Β
2183 1922 2480 1989 habuisse;
2522 1939 2644 1994 qua:
2691 1924 2947 1980 nimirum
2988 1926 3039 1979 in
3074 1924 3265 1997 primis
3288 1926 3783 1985 vetustissimorum

456 2003 619 2062 facile
656 2008 720 2064 D.
752 2010 988 2066 MARTINI
1017 2009 1409 2077 Confessionem
1437 2017 1697 2074 reddere.
1747 2020 1815 2073 Et
1843 2035 1911 2074 ne
1938 2018 2068 2089 quid

458 2097 709 2169 deesset,
740 2105 1219 2163 annotatiunculas
1242 2108 1463 2176 addidi,
1495 2127 1562 2166 ue
1604 2110 1759 2183 cujus
1787 2111 1936 2167 vocis
1973 2112 2072 2167 ob-

459 2191 695 2248 scuritas
736 2194 942 2252 diutius
992 2198 1253 2256 lectorem
1309 2204 1693 2274 suspenderet.
1728 2223 1746 2256 i
1802 2204 2067 2276 Deinceps

452 2299 584 2343 vero
609 2298 800 2346 noster
838 2290 1019 2349 editor
1062 2293 1384 2353 I’arisiensis
1450 2297 1622 2354 libelli
1694 2299 2065 2369 praestantiam

524 2424 604 2496 (η)
645 2425 769 2483 Vid.
804 2438 977 2485 nostr.
1014 2430 1157 2488 Bibl.
1192 2411 1307 2489 PP.
1336 2442 1449 2490 tom
1472 2433 1572 2501 Ill,
1602 2447 1727 2505 pag‘.
1756 2431 1889 2489 585.

2180 2017 2429 2073 codicum
2478 2016 2584 2071 ﬁde
2626 2026 2681 2071 et
2726 2018 3051 2074 auctoritate
3098 2019 3387 2074 munitur:
3433 2019 3592 2091 digna
3622 2022 3784 2092 plane

2179 2124 2300 2180 qum
2344 2125 2469 2165 cum
2517 2107 2858 2180 Expositione
2903 2111 3027 2181 ﬁdei
3081 2112 3331 2184 Gregorii
3391 2112 3784 2187 Thaumaturgi

2180 2201 2494 2258 conferatur
2516 2202 2592 2274 (α)
2618 2244 2633 2269 ,
2666 2203 2709 2258 si
2740 2219 2941 2275 paucas
2970 2204 3154 2261 demas
3193 2204 3540 2263 duriusculas
3572 2222 3737 2265 voces
3763 2250 3777 2275 ,

2177 2298 2417 2355 librariis
2449 2298 2593 2355 forte
2618 2298 2755 2357 vitio
2786 2299 3098 2357 vertendas.
3514 2308 3517 2309 '

459 2576 3730 2605 ww

1315 2724 2005 2842 SANGTI
2080 2728 2925 2843 MABTINI

892 2958 1282 3046 TRINZE
1357 2955 1902 3045 UNITATIS
1979 2956 2130 3044 ET
2203 2958 2572 3045 UNIUS
2647 2958 3321 3052 TRINITATIS

1515 3154 2706 3311 CONFESSIO.

1878 3390 2351 3447 -ο-ἓῦεζῐὶίὲπεθο

525 3571 779 3631 Clemens
806 3568 1046 3627 Trinitas
1072 3573 1159 3623 est
1185 3580 1289 3621 una
1331 3563 1621 3629 divinitas,
1654 3569 1714 3618 ut
1743 3569 1924 3618 autem
1960 3573 2059 3630 per
2086 3560 2131 3622 C
2164 3555 2356 3629 genuit
2382 3574 2394 3610 :
2430 3565 2485 3613 et
2513 3572 2673 3614 nemo
2701 3559 2971 3631 comperit
2997 3568 3213 3615 secreta
3241 3557 3441 3631 patris,
3473 3559 3575 3618 nisi
3607 3560 3651 3615 is
3680 3562 3785 3631 qui

447 3672 852 3721 sacramentum
881 3670 1242 3734 cognoscatur
1269 3675 1281 3714 :
1314 3658 1496 3714 unitas
1521 3664 1607 3714 est
1627 3664 1651 3692 α
1675 3655 1744 3712 ab
1772 3670 1838 3711 eo
1863 3653 1953 3724 qui
1979 3662 2064 3708 est

456 3768 680 3815 sanctus
700 3799 713 3826 ,
744 3766 803 3813 et
832 3755 1056 3829 spiritus
1085 3771 1099 3809 :
1143 3769 1172 3809 a
1202 3768 1347 3826 quo,
1378 3753 1470 3824 qui
1502 3760 1588 3809 est
1610 3791 1624 3816 ,
1658 3758 1712 3806 et
1750 3747 2065 3820 unigenitus

455 3853 534 3909 sic
562 3851 837 3907 exsistens
863 3849 1063 3905 divina:
1093 3857 1343 3916 naturae,
1376 3846 1511 3903 lucis
1532 3888 1547 3913 ,
1591 3843 1815 3915 spiritus
1840 3885 1856 3910 ,
1897 3857 1925 3896 a
1968 3855 2061 3905 se,

455 3961 516 4003 se
544 3960 643 4019 per
670 3952 917 4002 naturam
947 3984 960 4007 .
990 3957 1088 4013 per
1122 3940 1484 3997 substantiam
1517 3936 1848 4009 maiestatis,
1885 3946 2063 4004 petes~

455 4037 612 4104 tatis,
640 4036 891 4103 virtutis,
921 4033 1118 4090 divina:
1140 4032 1297 4089 lucis.
1328 4030 1563 4102 Spiritus
1587 4044 1729 4085 unus
1753 4030 1803 4083 in
1824 4025 2060 4092 duobus,

454 4142 511 4189 et
538 4142 767 4204 uterque
793 4130 844 4187 in
875 4129 1135 4197 itl’ipsum
1164 4145 1175 4182 :
1205 4134 1361 4200 pater
1389 4125 1444 4182 in
1469 4124 1603 4189 ﬁlio,
1633 4121 1775 4180 illius
1803 4122 1855 4176 in
1886 4126 2060 4190 patre,

453 4226 506 4281 in
567 4232 763 4282 sancto
801 4221 1033 4295 Spiritu.
1077 4220 1169 4278 Sic
1191 4220 1366 4278 tribus
1410 4216 1693 4289 personis,
1735 4211 2064 4269 conﬁtemur

454 4316 481 4356 ι)
504 4332 703 4391 corpus
757 4313 1116 4387 prmseientite
1146 4332 1157 4371 :
1196 4311 1340 4385 quod
1390 4326 1559 4383 super
1592 4308 1772 4365 omnia
1803 4349 1817 4373 ,
1866 4314 2061 4362 cuncta

457 4410 759 4469 concludit.
786 4409 845 4464 In
873 4407 978 4465 hoc
1006 4406 1323 4480 mysterium
1349 4419 1481 4477 ergo
1509 4402 1784 4462 credimus
1805 4444 1819 4467 ,
1847 4414 1968 4456 esse
1995 4413 2063 4455 ex

459 4502 627 4560 nullis
650 4499 994 4559 exstantibus
1016 4507 1207 4557 cuncta
1233 4509 1375 4565 orta,
1398 4497 1541 4570 quod
1567 4497 1883 4569 mysterium
1908 4508 2063 4549 mens

461 4598 694 4652 humana
740 4591 1035 4663 concipere
1075 4608 1184 4649 non
1215 4600 1430 4666 potest,
1475 4607 1579 4648 nec
1602 4589 1844 4645 oratoria
1876 4586 2062 4660 lingua

458 4705 718 4747 enarrare
739 4731 755 4757 ,
783 4703 961 4761 neque
988 4685 1166 4744 diﬁ‘usi
1194 4685 1468 4744 sermonis
1491 4681 1939 4741 bibliothecarum
1969 4696 2065 4738 vo-

458 4786 697 4851 lumina,
745 4784 789 4841 si
841 4790 1015 4839 totum
1066 4780 1325 4837 mundum
1375 4779 1494 4835 libri
1546 4777 1831 4849 repleant,
1881 4775 2062 4831 divina

458 4879 691 4938 scientia
736 4893 843 4934 non
885 4876 1060 4948 possit
1106 4874 1488 4934 inenarrabilis
1526 4872 1767 4927 enarrari
1803 4889 1816 4926 :
1850 4870 1939 4943 qui
1980 4879 2064 4925 est

457 4971 754 5029 iudicibilis
782 5013 796 5038 ,
831 4970 983 5025 nullo
1014 4968 1174 5025 modo
1216 4968 1389 5036 possit
1420 4964 1688 5032 describi,
1717 4979 1897 5034 neque
1927 4976 2061 5018 con-

2171 3668 2269 3723 per
2304 3661 2555 3707 naturam
2577 3694 2591 3720 ,
2636 3652 2895 3709 nascendi
2928 3652 3141 3708 initium
3173 3652 3371 3709 amisit.
3416 3652 3603 3710 Omnis
3641 3669 3788 3725 ergo

2171 3743 2531 3801 mansuetudo
2559 3755 2614 3802 et
2645 3746 2913 3802 modestia
2944 3746 3278 3818 peritorum,
3320 3755 3676 3803 convertatur
3703 3746 3787 3803 ad

2168 3841 2491 3911 prophetam
2525 3863 2537 3899 :
2575 3849 2629 3896 et
2655 3841 2928 3899 dominica
2958 3843 3293 3899 auctoritate
3322 3851 3653 3911 praesumat,
3688 3841 3786 3898 di-

2168 3933 2345 3989 cendo
2372 3951 2385 3987 :
2414 3933 2656 4003 Credidi,
2688 3945 2899 4008 propter
2926 3936 3066 4007 quod
3090 3937 3295 3992 locutus
3315 3953 3427 3991 sum
3447 3934 3619 4007 (Psal.
3642 3951 3785 4005 CXV,

2172 4028 2279 4100 i0).
2303 4028 2457 4097 Quod
2481 4040 2663 4086 autem
2682 4045 2779 4101 per
2793 4032 3114 4104 mysterium
3139 4031 3370 4100 simplex
3387 4031 3457 4087 sit
3477 4029 3788 4104 professio,

2171 4133 2228 4181 ut
2256 4123 2671 4183 fundamentum
2706 4126 2996 4194 Ecclesim,
3027 4126 3274 4183 solidata:
3303 4125 3620 4196 Apostolica
3645 4140 3793 4182 auc-

2170 4216 2422 4283 toritate,
2453 4216 2870 4288 praidestinatio
2894 4233 3131 4288 sequens
3160 4227 3481 4290 praesumat,
3513 4216 3789 4273 dicendo.

2170 4309 2251 4366 De
2280 4319 2481 4367 stetere
2525 4326 2688 4368 nemo
2734 4310 2867 4366 mihi
2916 4311 3181 4367 molestus
3229 4310 3334 4377 sit,
3376 4325 3479 4383 ego
3520 4309 3689 4366 credo
3723 4310 3790 4369 in

2167 4404 2447 4462 Christum
2469 4448 2483 4473 ,
2517 4414 2571 4463 et
2602 4406 2748 4463 hunc
2776 4405 3122 4462 cruciﬁxum.
3156 4405 3293 4472 Quia
3324 4418 3446 4460 cum
3484 4403 3800 4463 conﬁtetur

2171 4498 2341 4556 ﬁlium
2395 4500 2670 4570 hominis,
2725 4502 3016 4558 conﬁtetur
3063 4512 3116 4557 et
3166 4509 3416 4557 sanctum
3467 4500 3738 4570 Spiritum
3774 4518 3795 4558 :

2169 4594 2298 4664 quia
2343 4608 2374 4649 e
2420 4603 2612 4648 saneto
2655 4594 2894 4664 Spiritu,
2939 4593 3200 4660 et,Maria
3252 4593 3461 4662 virgine
3508 4592 3803 4650 mediator

2172 4688 2416 4743 nascitur
2441 4704 2455 4743 :
2480 4702 2603 4742 cum
2634 4687 2929 4743 conﬁtetur
2954 4686 3380 4763 primogenitum
3400 4726 3413 4749 .
3439 4699 3668 4741 necesse
3693 4697 3805 4743 est

2170 4781 2240 4835 de
2271 4780 2551 4851 unigenito
2572 4819 2585 4843 ,
2616 4781 2705 4851 qui
2734 4781 3107 4837 testimonium
3130 4778 3306 4845 dicat,
3332 4793 3499 4833 unum
3524 4786 3576 4832 et
3600 4778 3803 4836 solum

2171 4873 2293 4930 sine
2321 4875 2532 4946 origine
2560 4890 2723 4931 esse:
2761 4886 2783 4914 ο
2815 4873 3034 4931 tertiam
3078 4887 3366 4945 personam
3403 4881 3611 4943 patrem
3642 4888 3809 4931 con-

2171 4964 2378 5033 fitetur,
2421 4965 2775 5023 exsistentem
2804 4966 3006 5023 divina:
3053 4976 3301 5032 natura),
3344 4963 3500 5020 lucis.
3539 4962 3808 5034 Spiritus

456 5064 601 5122 cludi
632 5074 727 5120 aut
753 5062 980 5118 verbum
1018 5070 1110 5117 aut
1148 5060 1455 5117 substantia
1510 5060 1726 5131 propria
1759 5057 2062 5115 divinitatis
2089 5042 2143 5103 D
2170 5068 2231 5113 ut
2260 5059 2406 5129 dixi,
2445 5060 2536 5131 qui
2580 5061 2877 5117 secundum
2911 5061 3149 5116 divinam
3196 5069 3479 5123 naturam,
3514 5068 3569 5112 ut
3609 5074 3811 5130 supra

460 5176 594 5218 suae.
629 5159 731 5228 Qui
773 5166 860 5213 est
892 5156 1013 5212 fons
1039 5155 1236 5211 divinae
1267 5155 1437 5221 lucis,
1471 5153 1728 5221 luminis,
1773 5168 1885 5209 suae
1924 5152 2057 5208 sub-

461 5251 678 5308 stantiac
701 5292 715 5313 ,
750 5260 979 5305 naturae.
1014 5247 1179 5305 Sileat
1208 5249 1384 5320 lingua
1414 5248 1687 5315 oratoria,
1721 5248 1844 5319 quia
1875 5246 2062 5302 deﬁcit

459 5356 641 5398 sermo
682 5341 751 5396 de
781 5338 1043 5397 indicibili
1071 5357 1085 5394 :
1116 5354 1238 5395 cum
1272 5339 1734 5394 consummaverit
1772 5354 1922 5393 mens
1953 5337 2055 5392 hu-

456 5452 616 5495 mana
642 5434 708 5491 de
733 5434 909 5491 divina
933 5433 1215 5506 majestate
1235 5431 1440 5500 dicere,
1466 5443 1594 5493 tunc
1615 5432 1824 5505 incipit.
1848 5432 2058 5501 Quanta

453 5531 526 5586 sit
564 5537 743 5585 autem
799 5526 979 5583 divina
1030 5526 1356 5593 clementia,
1415 5542 1577 5590 nemo
1627 5526 1765 5593 scit,
1820 5526 1923 5581 nisi
1966 5526 2061 5599 qui

523 5673 551 5702 ι
591 5664 667 5718 Ab
696 5679 787 5729 eo,
828 5672 935 5719 etc.
968 5662 1057 5717 Al.
1102 5662 1165 5717 ab
1197 5679 1257 5717 eo
1294 5664 1382 5734 qui
1411 5672 1483 5718 est
1534 5665 1767 5738 Spiritus
1811 5674 2055 5729 sanctus,

455 5757 486 5793 α
513 5745 787 5881 τιὲοοῗὲ
812 5806 1174 5881 γρηεσξικιὶω.
1208 5806 1265 5862 id
1286 5815 1422 5881 est,
1454 5807 1573 5877 ipse
1599 5808 1695 5881 qui
1736 5810 1956 5881 prmscit
1983 5807 2053 5863 ab

446 5890 655 6009 imago
678 5877 858 5936 omnia
877 5920 891 5946 ,
918 5877 1077 5949 cujus
1104 5878 1451 5950 praecisum
1485 5889 1569 5936 eat
1594 5877 1765 5951 ipsius
1791 5877 2042 5938 substan-

473 5966 547 6010 ta.
628 5965 793 6009 nux.

2168 5151 2316 5222 dixi,
2360 5162 2445 5210 est
2476 5169 2615 5213 unus
2654 5155 2710 5211 in
2753 5154 2997 5220 duobus,
3028 5164 3084 5210 et
3116 5163 3344 5224 uterque
3374 5154 3425 5208 in
3459 5152 3511 5208 id
3556 5153 3754 5223 ipsum
3784 5171 3809 5225 ;

2170 5263 2228 5317 p2
2244 5256 2327 5305 ter
2358 5248 2413 5303 in
2447 5247 2591 5313 ﬁlio,
2625 5249 2768 5306 ﬁlius
2796 5249 2854 5306 in
2886 5257 3077 5324 patre,
3110 5252 3163 5304 in
3203 5256 3399 5304 saneto
3428 5246 3634 5318 Spiritu
3664 5244 3693 5283 (³
3736 5249 3817 5308 in

2168 5349 2355 5396 saneta
2379 5340 2649 5400 Ecclesia.
2675 5341 2829 5399 Nunc
2852 5352 2907 5399 ct
2932 5342 2986 5397 in
3016 5340 3356 5401 immortalia
3374 5340 3575 5399 smoula
3598 5355 3814 5399 sa‘cu-

2168 5434 2371 5492 lorutn.
2404 5441 2595 5493 Amen.

2246 5678 2267 5704 ο
2308 5664 2539 5751 Tertiam
2572 5682 2853 5751 personam
2893 5677 3111 5751 patrem.
3143 5665 3306 5751 Pater
3337 5666 3498 5721 tertia
3531 5673 3615 5751 est
3644 5679 3818 5751 ηεν-

2164 5752 2333 5805 sena,
2365 5740 2488 5810 quia
2516 5737 2681 5794 trium
2712 5754 2818 5796 una
2850 5737 2954 5794 est.
2983 5738 3063 5795 In.
3090 5766 3163 5779 ——
3187 5737 3275 5792 Al.
3304 5752 3470 5793 unum
3510 5745 3557 5791 et
3602 5739 3821 5796 solum

2162 5813 2277 5884 sine
2305 5812 2504 5884 origine
2534 5828 2644 5867 esse
2670 5812 2725 5867 in
2751 5813 2955 5884 tertium
2982 5824 3253 5884 personam
3282 5820 3503 5881 patrem.

2232 5880 2259 5921 ἀ
2299 5882 2369 5938 ιη
2387 5880 2574 5939 sancta
2602 5884 2837 5942 ecclesia.
2867 5882 2955 5938 Al.
2980 5880 3145 5941 unum
3169 5882 3222 5938 in
3252 5880 3433 5938 sancta
3460 5880 3714 5937 ecclesia.
