4032 6472
479 360 549 418 15
932 357 940 391 ’

1858 310 2344 444 rtcuomiar‘m
3712 355 3784 415 ιθ

470 477 524 532 iu
559 475 943 545 compendium
988 475 1240 531 redactas
1279 472 1394 529 suis
1421 471 1716 529 iutexuerit
1765 471 2072 530 Seutentia-
2097 479 2145 539 Α
2176 477 2425 528 exactum
2466 471 2740 543 evulgavit
2778 483 2927 527 anno
2967 471 3110 529 1622
3147 469 3396 528 Andreas
3430 471 3690 530 Schottus
3723 473 3782 529 in

473 585 591 625 ruru
625 569 780 626 libris
822 568 920 643 (a),
953 584 1248 640 carumque
1288 576 1566 624 auctorem
1613 567 1754 622 inter
1801 566 2073 637 Sapientes

471 664 741 719 retulerit.

540 758 630 815 IV.
664 759 818 825 Quod
851 768 1120 829 superest,
1155 758 1403 814 Tielionii
1434 758 1574 813 liber
1601 755 1928 827 Regularum
1963 754 2070 824 pri-

468 869 616 909 mutu
659 853 864 924 prodiit
905 854 1130 910 Basilete
1174 870 1318 909 anno
1361 852 1502 909 1569
1544 853 1595 906 in
1626 850 2068 919 Ortliodoamgra-

468 945 590 1016 phis
612 946 850 1019 Gryuzei.
886 947 1238 1002 Postmodltm
1269 961 1400 1002 vero
1430 946 1482 1000 in
1520 946 1690 1016 prima
1716 943 2069 998 Bibliotheca:

467 1039 686 1096 Patrum
736 1040 1069 1096 Parisieusis
1117 1039 1358 1096 editione
1389 1040 1678 1110 Biguaeana
1715 1051 1860 1091 anno
1903 1036 2064 1091 1575.

467 1135 741 1192 Praeterea
788 1135 932 1192 idem
963 1150 1099 1206 opus
1129 1134 1524 1192 Tichonianum
1556 1132 1624 1188 ad
1669 1147 1800 1188 mss.
1849 1129 2069 1186 codices

535 1274 611 1350 (a)
653 1275 784 1332 lsid.
818 1275 974 1346 Hisp.
1003 1274 1259 1332 Sentent.
1285 1272 1384 1329 lib.
1413 1289 1452 1342 t,
1478 1287 1598 1343 cap.
1624 1270 1712 1327 l9.

2183 569 2574 639 Supplemento
2605 583 2702 625 seu
2746 569 3004 624 Auctario
3041 569 3387 624 bibliotheca":
3427 569 3646 625 Patrum
3675 569 3780 624 Co-

2177 665 2442 721 loniensis
2475 683 2487 718 :
2521 674 2684 736 atque
2724 664 2798 719 ita
2827 665 3158 720 recensituni
3188 664 3532 735 Lugdunensi
3565 676 3777 734 postre-

2175 775 2321 814 mum
2353 759 2618 814 intextum
2662 757 2984 828 comparuit.
3025 758 3173 813 l’lanc
3203 767 3382 812 autem
3413 755 3623 813 Schotti
3667 756 3781 812 edi-

2175 853 2377 907 tionem
2403 854 2545 925 typis
2573 851 2978 921 expressimus;
3009 865 3180 906 sacrae
3201 851 3485 920 scripturae
3509 849 3625 904 loca
3655 848 3781 904 dili-

2171 945 2422 1014 gentibus
2483 944 2929 1009 subnotavimus;
2987 943 3185 998 menda
3242 943 3528 1012 complura
3582 942 3781 1012 quibus

2173 1045 2330 1092 antea
2377 1036 2626 1092 scatebat
2662 1036 2965 1106 exemplar,
2995 1035 3354 1100 sustulimus;
3389 1033 3778 1106 nonnullisque

2173 1131 2645 1188 observationibus
2673 1131 2941 1187 auximus.

1435 1550 2286 1666 TIGHONII
2368 1554 2834 1667 AFRI

1937 1760 2287 1844 LIBER

1036 1937 1307 2082 DE
1405 1936 2185 2085 SEPTEM
2287 1940 3206 2090 REGULIS.

1805 2216 2418 2254 Ἤ

536 2407 914 2466 Necessarium
944 2404 1072 2461 duxi
1105 2412 1232 2458 ante
1265 2401 1447 2456 omnia
1476 2414 1597 2470 qua:
1629 2395 1761 2452 mihi
1791 2393 2069 2462 videntur,
2102 2395 2150 2455 B
2177 2391 2395 2463 corpori
2426 2391 2581 2462 ejus?
2610 2393 2790 2463 Quare
2815 2395 3159 2453 manifestum
3190 2408 3294 2466 est,
3328 2400 3443 2455 sola
3466 2400 3680 2458 ratione
3701 2401 3795 2457 vi—

463 2505 704 2561 libellum
737 2501 1064 2573 Regularum
1107 2496 1350 2552 scribere
1393 2502 1447 2548 et
1487 2502 1825 2548 secretorum
1873 2489 2022 2560 leges
2047 2532 2062 2558 ,

462 2600 629 2656 veluti
660 2598 843 2653 claves
867 2607 921 2651 et
947 2592 1230 2648 luminaria
1256 2589 1548 2645 fabricare.
1578 2586 1718 2642 Sunt
1741 2584 1888 2639 enim
1917 2599 2066 2654 qua:-

462 2694 586 2748 dam
616 2692 816 2760 regulae
849 2689 1113 2761 mysticae,
1159 2700 1283 2758 quae
1334 2685 1601 2739 universa!
1643 2681 1776 2751 legis
1815 2694 2066 2735 recessus

463 2791 731 2854 obtinent,
765 2799 818 2843 et
850 2786 1096 2843 veritatis
1128 2783 1415 2838 thesauros
1459 2780 1733 2850 aliquibus
1765 2776 2068 2832 invisibiles

463 2884 684 2938 faciunt.
719 2881 958 2948 Quarum
991 2879 1036 2935 si
1082 2877 1220 2932 ratio
1264 2876 1573 2947 regularum
1606 2873 1723 2929 sine
1751 2872 1978 2935 invidia,
2013 2872 2071 2924 u't

464 2975 955 3038 couimuuicamus,
985 2980 1206 3041 accepta
1239 2970 1418 3034 fuerit,
1448 2968 1632 3024 clausa
1661 2982 1888 3038 qumque
1914 2973 2071 3035 pate-

465 3069 618 3134 ﬁent,
652 3078 707 3122 et
748 3067 982 3122 obscura
1013 3062 1476 3128 dilucidabuntur,
1517 3070 1574 3115 ut
1617 3062 1737 3131 quis
1774 3057 2071 3130 prophetia:

465 3159 777 3215 universam
810 3158 1003 3211 silvam
1033 3153 1437 3226 perambulans,
1467 3153 1551 3207 his
1577 3151 1782 3221 regulis
1808 3149 2073 3220 quodam-

465 3257 633 3313 modo
658 3256 796 3312 lucis
824 3252 1134 3310 tramitibus
1164 3251 1454 3315 deductus,
1485 3249 1556 3305 ab
1583 3261 1773 3304 errore
1811 3244 2075 3302 defenda-

471 3361 578 3407 tur.
605 3350 744 3405 Sunt
771 3358 952 3402 autem
982 3345 1186 3417 regula:
1210 3345 1350 3400 istae.

611 3445 655 3500 1.
699 3443 776 3498 De
815 3441 1042 3497 Domino
1074 3452 1120 3494 et
1147 3454 1361 3509 corpore
1399 3439 1529 3510 ejus.

588 3539 655 3594 ll.
700 3537 776 3591 De
806 3536 1020 3591 Domini
1042 3550 1257 3605 corpore
1277 3533 1540 3602 bipartito.

569 3633 658 3690 Ill.
701 3631 781 3687 De
810 3631 1076 3702 promissis
1113 3639 1160 3685 et
1184 3629 1314 3701 lege.

570 3725 662 3782 IV.
703 3725 783 3780 De
813 3725 981 3794 specie
1006 3734 1054 3779 et
1081 3737 1286 3793 genere.

591 3819 658 3876 ν.
706 3817 781 3874 De
807 3819 1141 3889 temporibus.

573 3909 660 3966 VI.
703 3907 783 3964 De
804 3908 1254 3981 recapitulatione.

551 4002 664 4060 VII.
706 4003 784 4058 De
813 4003 1021 4058 diabolo
1049 4011 1095 4057 et
1122 4003 1234 4073 ejus
1263 4019 1500 4072 corpore.

1100 4117 1385 4175 REGULA
1424 4117 1465 4172 Ι.

876 4232 957 4289 De
978 4231 1202 4288 Domino
1224 4241 1269 4287 et
1301 4247 1515 4304 corpore.
1536 4237 1666 4308 ejus.

554 4348 844 4403 Dominum
894 4345 1118 4416 ejusque
1162 4360 1397 4416 corpus.
1449 4345 1500 4400 id
1555 4354 1674 4412 est,
1733 4345 2077 4414 Ecclesiam,

483 4441 766 4512 Scriptura
799 4439 1037 4510 loquitur
1063 4439 1081 4511 (
1105 4438 1149 4494 ll
1182 4438 1314 4493 Tim.
1339 4455 1376 4506 ι,
1401 4439 1524 4511 20),
1560 4440 1677 4495 sola
1709 4440 1848 4495 ratio
1876 4440 2081 4496 discer-

484 4537 563 4592 nit
593 4555 608 4590 :
637 4536 765 4592 dum
817 4534 949 4606 quid
1002 4534 1197 4605 cuique
1243 4537 1559 4601 conveniat,
1607 4536 1936 4605 persuadet;
1986 4536 2083 4592 sed

483 4634 609 4703 quia
661 4641 810 4688 tanta
841 4641 927 4688 est
971 4632 1056 4686 vis
1087 4632 1333 4687 veritatis
1362 4672 1378 4698 ,
1419 4640 1727 4702 extorquet.
1775 4632 1924 4688 Alias
1975 4633 2083 4688 ulla

486 4744 723 4800 persona
749 4727 1074 4783 convenitur
1098 4731 1138 4792 ,'
1165 4741 1326 4796 quam
1359 4725 1633 4796 duplicem
1662 4741 1787 4782 esse
1807 4769 1820 4792 ,
1867 4727 2084 4783 diversa

490 4825 721 4880 duorum
763 4821 947 4879 ofticia
987 4819 1240 4877 edocent.
1291 4819 1383 4876 Sic
1412 4836 1509 4891 per
1549 4819 1744 4875 Isaiam
1778 4839 1789 4874 :
1824 4821 1930 4876 Hic
1955 4863 1969 4886 ,
2003 4823 2088 4878 in—

488 4924 626 4996 quit,
663 4931 870 4995 peccata
898 4929 1074 4975 nostra
1102 4923 1235 4988 fert,
1275 4927 1321 4972 et
1351 4934 1445 4990 pro
1485 4918 1631 4972 nobis
1660 4918 1836 4986 dolet,
1886 4930 1934 4974 et
1981 4922 2089 4993 ipse

489 5019 785 5074 vulneratus
829 5025 902 5071 est
950 5025 1160 5088 propter
1190 5013 1428 5084 facinora
1453 5023 1649 5068 nostra.
1691 5013 1834 5070 Deus
1874 5017 2089 5071 tradidit

488 5113 641 5166 illum
668 5128 762 5182 pro
803 5110 1026 5181 peccatis
1054 5110 1263 5174 nostris,
1298 5117 1404 5162 ctc.
1438 5109 1454 5177 (
1483 5106 1590 5162 lsa.
1621 5124 1712 5164 Llll
1741 5151 1755 5174 ,
1785 5108 1841 5175 4,
1871 5109 1904 5165 6
1929 5152 1944 5174 ,
1983 5127 2086 5165 sec.

493 5204 631 5261 LXX
658 5204 704 5276 ),
750 5219 872 5274 quae
900 5204 951 5256 iu
985 5202 1275 5256 Dominum
1305 5203 1601 5257 convenire
1628 5204 1805 5258 omnis
1833 5205 2090 5261 Ecclesia:

2176 2487 2294 2542 deri
2323 2503 2483 2558 posse
2513 2490 2732 2560 quando
2761 2507 2791 2546 a
2817 2493 2997 2564 capite
3041 2493 3109 2549 ad
3151 2510 3356 2567 corpus
3389 2497 3675 2553 transitum
3704 2496 3788 2552 fa-

2172 2583 2300 2637 ciat.
2352 2583 2540 2639 Daniel
2585 2600 2804 2655 quoque
2850 2588 3086 2658 lapidem
3137 2589 3206 2646 de
3252 2601 3440 2652 monte
3487 2593 3786 2663 pra-cisum

2172 2675 2467 2746 impegisse
2508 2679 2560 2731 in
2594 2693 2794 2749 corpus
2827 2695 3118 2752 regnorum
3152 2682 3339 2738 mundi
3369 2725 3383 2748 ,
3416 2693 3471 2738 et
3498 2686 3549 2738 in
3593 2684 3793 2755 pulve-

2172 2786 2287 2825 rem
2315 2771 2709 2828 comminuisse
2738 2772 3030 2829 Dominum
3058 2774 3212 2832 dicit.
3262 2776 3497 2832 Montem
3522 2793 3653 2832 vero
3693 2775 3787 2832 ef-

2174 2864 2394 2932 fectura,
2430 2877 2482 2920 et
2514 2867 2828 2936 implevisse
2852 2870 3158 2926 universam
3193 2882 3392 2927 terram
3416 2888 3618 2944 corpus
3639 2874 3788 2943 ejus.

2174 2956 2290 3012 Non
2320 2958 2466 3012 enim
2506 2960 2652 3015 sicut
2681 2961 2897 3030 quidam
2935 2961 3161 3030 dicunt,
3193 2963 3245 3018 in
3273 2964 3663 3021 contumeliam
3696 2979 3792 3021 re-

2174 3050 2263 3119 gni
2293 3050 2387 3105 Dei
2413 3091 2428 3117 ,
2461 3052 2783 3124 invictisque
2813 3055 3154 3111 limreditatis
3183 3053 3383 3111 Christi
3411 3099 3427 3124 ,
3475 3057 3620 3128 quod
3673 3075 3788 3114 IIOII

2175 3144 2296 3200 sine
2326 3145 2518 3202 dolore
2548 3145 2693 3202 dico.
2720 3148 2985 3204 Dominus
3016 3156 3187 3204 totum
3217 3150 3478 3206 mundum
3508 3161 3793 3222 potestate

2179 3239 2412 3312 (Matth.
2455 3257 2643 3308 xxvm,
2682 3242 2748 3299 18
2774 3242 2820 3314 ),
2872 3253 2928 3298 et
2970 3259 3077 3299 non
3129 3247 3212 3300 sui
3256 3246 3506 3318 corporis
3552 3247 3794 3316 pleuitu-

2178 3334 2305 3392 dine
2333 3339 2640 3407 occupavit.
2671 3338 2868 3394 Dicunt
2897 3341 3042 3395 enim
3067 3355 3135 3396 eo
3160 3351 3348 3398 monte
3379 3341 3638 3397 mundum
3684 3342 3796 3397 im-

2179 3430 2422 3500 pletum;
2457 3432 2601 3502 quod
2630 3433 2788 3489 liceat
2809 3433 3122 3490 ChriStiano
3155 3435 3209 3491 in
3257 3437 3409 3492 omni
3445 3437 3566 3492 loco
3593 3477 3607 3502 ,
3639 3437 3796 3507 quod

2179 3533 2335 3580 antea
2375 3541 2481 3580 non
2517 3526 2617 3580 nisi
2649 3527 2701 3581 in
2742 3527 2873 3583 Sion
2907 3529 3129 3594 licebat,
3163 3529 3382 3586 offerre.
3424 3528 3580 3598 Quod
3613 3527 3659 3583 si
3715 3528 3798 3584 ita

2179 3629 2286 3683 est,
2320 3637 2426 3675 non
2460 3636 2596 3691 opus
2642 3631 2765 3678 erat
2807 3623 3014 3688 dicere.
3046 3640 3114 3679 ex
3158 3624 3338 3696 lapide
3385 3635 3625 3680 montem
3657 3622 3802 3679 clle-

2179 3720 2361 3780 ctum,
2411 3722 2463 3768 et
2508 3713 2864 3770 incrementis
2904 3717 3169 3772 mundum
3219 3717 3472 3786 cmpisse.
3521 3715 3802 3772 Dominus

2181 3808 2327 3864 enim
2371 3816 2560 3864 uoster
2598 3809 2888 3878 Christus,
2941 3820 3070 3867 ante
3112 3812 3298 3868 mundi
3339 3810 3799 3868 conetitutiouem

2106 3920 2152 3982 ρ
2184 3900 2364 3973 (Joan.
2401 3917 2538 3968 xvii,
2568 3901 2652 3974 2),
2685 3903 2825 3958 hanc
2855 3902 3046 3960 habuit
3071 3904 3376 3960 claritatem
3411 3946 3426 3973 ,
3455 3915 3509 3960 et
3539 3919 3660 3959 cum
3692 3905 3807 3960 ho-

2182 4007 2274 4048 mo
2300 3993 2392 4048 illc
2414 4037 2428 4061 ,
2463 3993 2560 4050 Dei
2592 3994 2730 4050 lilius
2763 3994 2927 4052 fuerit
2951 4037 2966 4063 ,
3000 4010 3107 4052 non
3149 3996 3407 4067 paulatim
3441 4037 3455 4062 ,
3507 4004 3566 4051 ut
3613 3995 3759 4065 lapis
3783 4037 3804 4065 ,

2181 4085 2279 4141 sed
2310 4101 2418 4140 uno
2449 4095 2692 4157 tempore
2732 4088 2945 4160 accepit
2971 4105 3190 4145 omnem
3222 4099 3248 4126 ιι
3277 4089 3533 4160 pietatem
3566 4088 3618 4142 in
3646 4088 3808 4146 ctelo

2183 4185 2238 4232 et
2295 4177 2349 4233 in
2394 4186 2558 4234 terra.
2615 4179 2778 4250 Lapis
2827 4189 3007 4237 autem
3057 4181 3415 4238 incrementis
3475 4183 3648 4236 lactus
3707 4189 3808 4238 est

2185 4288 2382 4342 mons,
2413 4285 2468 4331 et
2493 4277 2794 4333 crescendo
2836 4287 3037 4334 terram
3065 4294 3282 4335 omnem
3322 4279 3487 4335 texit.
3540 4278 3698 4348 Quod
3752 4280 3810 4337 si

2185 4378 2454 4438 potestate
2485 4370 2768 4442 implesset
2793 4373 3100 4430 universam
3137 4383 3361 4440 terram,
3387 4390 3494 4430 non
3537 4389 3808 4445 corpore,

2182 4459 2349 4530 lapidi
2384 4479 2488 4517 non
2518 4477 2955 4535 compararetur.
2984 4466 3233 4523 Potestas
3257 4468 3402 4524 enim
3435 4482 3525 4523 res
3557 4478 3643 4523 est
3693 4469 3819 4525 im-

2185 4557 2495 4628 palpabilis,
2527 4560 2666 4631 lapis
2691 4577 2826 4618 vero
2852 4578 3052 4636 corpus
3077 4564 3369 4636 palpabile.
3416 4563 3530 4619 Nec
3560 4563 3675 4619 sola
3707 4581 3812 4621 ra-

2189 4654 2336 4707 tione
2366 4662 2703 4711 monstratur
2731 4671 2954 4728 corpus,
2990 4673 3098 4714 non
3130 4668 3293 4729 caput
3333 4671 3587 4715 crescere
3632 4675 3647 4710 :
3697 4659 3814 4716 sed

2189 4746 2354 4800 etiam
2403 4746 2721 4816 Apostolica
2768 4750 3098 4807 auctoritate
3136 4751 3386 4806 ﬁrmatur
3439 4768 3452 4804 :
3496 4748 3814 4822 Crescatis,

2190 4839 2388 4910 inquit,
2417 4859 2508 4912 per
2537 4844 2712 4898 omnia
2739 4847 2798 4899 in
2827 4862 2988 4914 eum,
3013 4847 3104 4918 qui
3130 4855 3203 4902 est
3228 4856 3387 4915 caput
3421 4844 3657 4900 Christus
3679 4889 3696 4914 ,
3740 4864 3822 4903 ea:

2189 4950 2292 5005 qllO
2317 4952 2464 4990 omne
2501 4953 2689 5010 corpus
2724 4949 3076 4995 constructum
3107 4951 3154 4994 et
3179 4957 3467 4995 connexum
3498 4980 3515 5007 ,
3562 4955 3655 5010 per
3685 4957 3823 4996 om-

2192 5048 2308 5084 nem
2331 5042 2525 5086 tactum
2546 5035 3034 5092 subministrationis
3062 5039 3116 5092 in
3138 5054 3434 5092 mensuram
3461 5038 3829 5111 uniuscujus-

2190 5140 2287 5194 que
2333 5127 2518 5195 partis,
2551 5128 2917 5185 incrementum
2946 5133 3181 5202 corporis
3213 5131 3376 5200 facit,
3407 5132 3462 5185 in
3487 5131 3827 5202 a‘tliﬁcatio-

2193 5231 2308 5269 nem
2337 5218 2422 5270 sui
2453 5217 2694 5290 (Ep/res.
2728 5237 2800 5288 tv,
2831 5223 2922 5286 15,
2958 5222 3024 5277 16
3051 5221 3095 5295 ).
3130 5223 3196 5278 Et
3222 5223 3418 5278 iterum
3453 5239 3466 5275 ε
3502 5221 3628 5278 Νοη
3652 5233 3828 5280 tene-

492 5313 590 5353 ore
617 5298 951 5353 celebratur.
989 5295 1244 5367 Sequitur
1272 5304 1450 5350 autem
1483 5306 1536 5351 et
1577 5296 1710 5352 dicit
1749 5297 1817 5353 de
1853 5299 2042 5355 eodem
2073 5317 2086 5353 :
2119 5318 2166 5378 ι)
2194 5313 2259 5366 τίς
2301 5324 2454 5386 σαρκί
2475 5359 2490 5380 ,
2537 5332 2602 5372 επ
2624 5335 2725 5388 quo
2756 5335 2904 5374 omne
2922 5335 3114 5388 corpus
3146 5336 3238 5385 per
3276 5327 3470 5374 tactum
3497 5329 3546 5372 εί
3575 5323 3830 5394 cm,qu

495 5391 564 5445 Et
595 5393 730 5445 Deus
759 5390 867 5445 vult
889 5407 1003 5444 eum
1033 5407 1257 5463 purgare
1285 5406 1316 5443 a
1344 5391 1518 5461 plaga.
1543 5400 1591 5446 et
1621 5393 1725 5446 vult
1757 5390 1898 5446 Deus
1937 5411 1969 5446 a
1999 5395 2091 5448 do-

491 5485 603 5538 lore
651 5485 855 5553 auferre
897 5482 980 5537 illi
1025 5481 1230 5549 lucem,
1277 5493 1322 5537 et
1371 5487 1597 5553 formare
1639 5487 1789 5539 illan:
1817 5486 2092 5557 prudentia

493 5575 802 5648 (Ibid.,10,
839 5575 947 5648 ll).
981 5574 1252 5646 Numquid
1286 5576 1362 5643 ei,
1392 5593 1551 5648 quem
1588 5578 1812 5634 tradidit
1839 5596 1936 5651 pro
1969 5597 2092 5651 pec-

2191 5406 2359 5460 ctione
2385 5418 2734 5464 constructum
2763 5420 2810 5466 et
2831 5412 3297 5479 subministratnm,
3324 5412 3506 5468 crescit
3543 5414 3598 5466 in
3625 5413 3827 5470 incre-

2194 5507 2421 5553 mentum
2444 5499 2542 5556 Dei
2568 5502 2791 5571 (Coloss.
2829 5520 2887 5567 tt.
2920 5502 3038 5577 29).
3072 5505 3190 5561 Non
3219 5521 3350 5576 ergo
3367 5515 3530 5575 caput
3555 5505 3700 5576 quod
3738 5523 3828 5566 ex

2192 5591 2404 5661 origine
2432 5592 2574 5648 idem
2613 5605 2732 5663 est,
2766 5597 2860 5652 sed
2890 5612 3090 5667 corpus
3120 5599 3320 5654 crescit
3349 5611 3415 5652 ex
3461 5599 3658 5667 capite.
3716 5599 3827 5656 Ad

493 5670 633 5726 catis
665 5671 890 5738 nostris,
925 5671 1042 5725 vult
1073 5673 1365 5726 ostendere
1395 5673 1592 5736 lucem,
1627 5682 1682 5729 et
1708 5689 1830 5729 eum
1861 5675 2096 5733 formare
2193 5687 2532 5755 propositum
2567 5689 2876 5746 redeamus.
2927 5693 3202 5764 Scriptum
3241 5702 3326 5748 est
3368 5692 3435 5747 de
3466 5693 3698 5748 Domino
3758 5706 3831 5752 et

489 5766 802 5837 prudentia,
831 5781 954 5823 cum
985 5763 1104 5837 ipse
1127 5768 1199 5822 sit
1225 5766 1320 5821 lux
1350 5773 1406 5822 et
1430 5767 1695 5837 sapientia
1725 5768 1858 5825 Dei?
1890 5780 1945 5826 et
1984 5787 2092 5830 non

564 5922 588 5950 τι
614 5912 970 5970 Potestatem.

2192 5778 2308 5850 ejus
2340 5795 2605 5850 corpore;
2650 5785 2778 5855 quid
2825 5786 2912 5843 cui
2949 5786 3279 5855 conveniat,
3329 5785 3540 5844 ratione
3583 5785 3831 5846 discer-
