4032 6492
503 408 571 468 19
1911 404 2075 466 τιαιι

2180 403 2213 461 τι
2238 403 2398 463 AFRI
3731 401 3801 459 9.0

499 526 635 581 tiens
660 525 926 590 virtutum,
959 532 1288 581 convertere:
1309 524 1506 598 respice
1532 523 1596 579 ds
1620 522 1769 590 calo,
1801 534 1850 580 et
1879 526 2017 591 uide,
2042 532 2091 583 et
2117 524 2174 586 Α
2196 534 2388 577 omnes
2424 518 2735 589 Scripturas
2779 525 2908 573 ante
2951 517 3142 574 oculos
3192 516 3445 574 habenda
3497 525 3604 574 est.
3653 516 3804 576 Sicut

496 617 649 673 visita
690 617 891 672 riuum
916 617 1069 671 istan:
1094 650 1111 684 ,
1144 627 1193 672 st
1221 618 1411 689 perﬁce
1446 633 1561 672 sane
1584 657 1600 684 ,
1634 633 1793 689 quam
1852 617 2104 689 plantavit
2201 616 2349 672 enim
2372 655 2388 683 ,
2423 623 2483 671 ut
2511 629 2678 684 supra
2722 614 2927 670 dictum
2969 623 3086 682 est,
3112 629 3143 670 a
3174 615 3353 685 capite
3381 612 3448 669 ad
3483 626 3685 686 corpus
3711 627 3802 669 ra-

502 712 841 779 declaratus,
869 720 917 768 et
945 726 1103 785 super
1131 712 1303 783 ﬁliuni
1330 712 1574 779 hominis,
1605 729 1756 782 quem
1781 715 2104 785 conﬁrmasti
2203 710 2352 765 tione
2375 708 2491 765 sola
2521 707 2855 765 videturzita
2884 723 2914 761 ιι
2946 714 3100 777 parte
3128 707 3378 779 corporis
3404 707 3472 761 ad
3498 714 3710 778 partem
3732 747 3750 775 ,
3772 720 3805 762 ιι

499 806 593 861 tibi
621 805 796 880 (Psal.
826 822 1010 874 LISIX,
1039 806 1147 878 15).
1192 806 1260 863 Et
1288 809 1584 877 Apostolus
1615 807 1788 863 lilium
1815 810 1912 864 Dei
1942 809 2099 878 dicit,
2198 804 2394 862 dextra
2416 803 2482 860 od
2506 804 2810 869 sinistram,
2837 801 2975 857 vela
2997 802 3217 858 sinistra
3242 801 3308 857 ad
3325 800 3572 857 dextram
3597 798 3805 858 reditus

499 899 590 971 qui
623 900 735 954 tilio
765 900 858 955 Dei
884 899 1092 956 mixtus
1117 910 1200 956 est
1233 918 1247 955 :
1281 898 1485 956 Paulus
1511 917 1687 957 serens
1723 899 1852 958 Iesu
1881 901 2096 969 Christi,
2200 900 2255 955 in
2278 898 2596 969 supradicto
2623 895 2803 967 capite
2831 896 3022 952 claret.
3054 896 3184 951 Dum
3235 895 3379 952 enim
3410 895 3543 952 dicit
3565 895 3656 952 uni
3682 909 3805 952 cor-

498 1004 707 1048 voentus
728 993 1028 1064 Apostolus,
1053 1006 1352 1069 segregatus
1375 996 1429 1050 in
1460 993 1802 1066 Eeangelium
1821 994 1939 1062 Dei,
1961 999 2099 1069 quod
2202 992 2319 1064 pori
2339 1011 2353 1048 :
2371 992 2663 1047 Thesauros
2689 990 2928 1061 aperiam
2955 989 3047 1045 tibi
3074 989 3380 1058 invisibiles,
3403 1000 3459 1048 ut
3487 991 3622 1047 scias
3642 1030 3657 1057 ,
3677 1006 3806 1064 que-

501 1097 624 1141 ante
646 1088 952 1159 promiserat
988 1105 1078 1157 per
1103 1088 1385 1161 prophetas
1415 1103 1556 1152 suos,
1588 1088 1649 1143 in
1675 1089 1945 1162 scripturis
1976 1102 2099 1146 san-
2199 1086 2339 1139 niam
2368 1098 2585 1156 egosnm
2610 1082 2771 1149 Deus,
2799 1091 2847 1137 et
2874 1097 3137 1138 assumant
3163 1093 3211 1137 te
3228 1074 3366 1153 (Isa.
3397 1080 3805 1155 va,3):ctad-

494 1180 592 1235 etis
622 1179 685 1233 de
704 1179 816 1249 filio
842 1192 959 1244 suo,
988 1182 1080 1251 qui
1103 1180 1273 1250 (actus
1296 1192 1370 1236 est
1395 1182 1462 1245 ei,
1494 1198 1557 1237 ea:
1589 1181 1782 1237 semine
1813 1181 1981 1238 David
2009 1198 2096 1238 se.
2193 1178 2324 1250 jecit
2359 1195 2372 1231 :
2401 1177 2483 1233 Tu
2506 1187 2676 1232 autem
2697 1193 2778 1231 me
2806 1194 2909 1233 non
2938 1176 3253 1251 cognovisti,
3285 1177 3531 1248 quoniam
3558 1193 3655 1251 ego
3684 1193 3801 1233 sum

496 1271 722 1327 cundum
762 1288 989 1329 carnem.
1044 1274 1146 1341 Qui
1195 1273 1595 1344 prodestith
1635 1284 1711 1330 est
1742 1273 1884 1345 ﬁlius
1915 1275 2007 1330 Dei
2042 1277 2097 1331 iu
2197 1271 2369 1337 Deus,
2394 1280 2442 1327 et
2466 1288 2569 1327 non
2593 1280 2669 1325 est
2689 1270 2828 1326 alius
2847 1271 3039 1340 absque
3059 1286 3140 1324 me
3173 1269 3335 1341 Deus,
3364 1278 3414 1325 et
3440 1270 3801 1327 nesciebasme

494 1365 683 1418 virtuts
704 1405 719 1431 ,
766 1346 1049 1421 secundum
1073 1364 1331 1436 Spiritum
1359 1366 1786 1437 sanctiﬁcationis
1828 1383 1894 1423 es;
1922 1381 2096 1424 resur-

495 1457 720 1514 rectione
749 1467 1069 1514 mortuorum
1094 1459 1221 1515 .Iestt
1246 1460 1439 1516 Christi
1462 1458 1676 1516 Domini
1704 1462 1866 1517 nostri
1895 1459 2092 1535 (Rom.

495 1570 536 1621 ι,
565 1554 657 1610 1-4
678 1553 721 1626 ).
751 1552 812 1610 Si
836 1554 1046 1611 diceret
1071 1555 1140 1611 de
1163 1556 1279 1611 lilio
1305 1571 1405 1611 suo
1425 1594 1441 1622 ,
1473 1566 1532 1611 ut
1577 1571 1642 1612 ex
1686 1556 2093 1613 resurrectione

497 1661 863 1717 mortuorum,
897 1665 1063 1706 unum
1093 1649 1264 1706 ﬁlium
1293 1651 1613 1707 ostenderet
1643 1669 1658 1717 ;
1716 1667 1860 1708 ttunc
1885 1664 2091 1718 autem,

494 1743 558 1798 de
589 1745 719 1811 ﬁlio,
746 1745 945 1816 inquit,
973 1761 1090 1811 suo,
1118 1758 1184 1800 ea:
1209 1746 1580 1802 resurrectione
1610 1754 1932 1800 mortuorum
1960 1744 2091 1801 Jesu

492 1836 685 1893 Christi
710 1837 923 1896 Domini
953 1842 1139 1896 nostri.
1165 1840 1272 1898 Sed
1303 1841 1397 1912 qui
1425 1841 1598 1898 lactus
1624 1843 1694 1897 sit
1719 1841 1864 1898 ﬁlius
1897 1842 1991 1898 Dei
2021 1858 2089 1898 ex

2197 1363 2391 1438 (lbid.,
2419 1363 2476 1433 ι,
2497 1364 2577 1434 5).
2595 1363 2891 1434 Numquid,
2919 1362 3050 1420 licet
3070 1379 3238 1419 nomn
3260 1378 3463 1435 corpus
3480 1362 3800 1435 alloquitur,

2198 1460 2251 1516 in
2280 1474 2440 1515 unum
2465 1468 2707 1515 mentem
2752 1458 3050 1526 convenit,
3079 1456 3351 1514 thesauros
3371 1456 3651 1513 invisibiles
3672 1473 3799 1529 ape-

2193 1553 2330 1610 riam
2357 1554 2471 1620 tibi,
2487 1561 2543 1606 ut
2564 1568 2865 1626 cegnoscas,
2887 1552 3131 1622 quoniam
3152 1568 3246 1627 ego
3270 1568 3382 1607 sum
3400 1549 3566 1619 Deus,
3591 1561 3803 1627 propter

2192 1662 2411 1719 puerum
2429 1662 2593 1701 meum
2618 1644 2780 1700 Jacob
2807 1661 2827 1700 :
2854 1644 2921 1700 Et
2955 1655 3012 1700 tu
3037 1654 3208 1701 autem
3229 1661 3434 1701 menon
3475 1643 3760 1720 cegnovisti
3775 1643 3803 1700 ἲ

2196 1740 2254 1797 1η
2282 1743 2474 1799 eadem
2499 1751 2586 1799 :et
2609 1758 2716 1798 non
2744 1740 3155 1813 acccpitlscob,
3186 1742 3328 1814 quod
3353 1742 3496 1798 Deus
3524 1741 3800 1815 promisit.

2193 1842 2302 1899 Aet
2339 1842 2393 1898 in
2444 1856 2610 1899 unam
2658 1852 2900 1898 mentem
2932 1856 3041 1896 non
3071 1840 3369 1896 convenit:
3406 1838 3484 1895 Tu
3519 1848 3693 1895 autent
3719 1854 3803 1896 me

488 1935 896 1991 resurrectione
935 1934 1161 2003 Christi,
1196 1937 1442 2005 apertius
1467 1936 1704 1992 ostendit
1734 1936 1802 1992 de
1824 1936 1938 1992 lilio
1962 1948 2085 2003 suo,
2123 1925 2166 1985 Β
2193 1954 2299 1993 non
2311 1937 2613 2009 cognouisti,
2634 1946 2681 1992 et
2701 1934 2962 1992 nesciebas
2982 1951 3062 1990 me
3085 1952 3104 1991 :
3131 1934 3412 1990 Nesciebas
3423 1935 3569 1991 enim
3594 1948 3704 1991 non
3716 1933 3802 1991 di-

488 2028 612 2099 quia
642 2031 815 2084 luctus
841 2039 926 2085 est
955 2030 1004 2086 ei
1028 2068 1043 2096 ,
1073 2045 1139 2086 ex
1168 2030 1377 2085 sctninc
1414 2029 1585 2086 David
1633 2029 1933 2086 secundum
1966 2042 2089 2087 cor-

489 2135 637 2188 nem,
664 2122 759 2193 qui
785 2123 1200 2193 praedestinatus
1224 2135 1307 2179 est
1332 2122 1477 2179 {illus
1512 2123 1632 2179 Dei.
1680 2123 1945 2180 Dominus
1975 2133 2093 2181 cto-

490 2216 603 2271 nim
641 2225 863 2281 noster,
909 2232 1017 2273 non
1043 2225 1129 2274 est
1166 2217 1585 2289 prtedestinatus
1615 2217 1761 2275 ﬁlius
1800 2219 1930 2289 Dei,
1964 2221 2089 2291 quia

488 2313 635 2369 Deus
665 2323 769 2379 eet,
796 2318 852 2369 et
873 2314 1170 2386 comqualis
1198 2321 1286 2370 est
1310 2313 1482 2381 Patri,
1506 2313 1600 2384 qui
1645 2330 1713 2371 ex
1743 2330 1854 2386 quo
1874 2327 2091 2372 creatus

485 2415 591 2473 est,
620 2406 722 2462 hoc
748 2412 855 2463 est.
893 2407 998 2463 Sed
1029 2407 1143 2473 ille,
1178 2408 1266 2463 cui
1305 2406 1606 2463 secundum
1636 2406 1831 2463 Lucam
1861 2407 1995 2463 dicit
2031 2407 2088 2464 in

490 2496 760 2569 baptismo
795 2516 808 2555 :
858 2498 1035 2555 Filius
1076 2517 1220 2556 meus
1257 2516 1320 2555 es
1360 2509 1416 2555 tu
1445 2542 1462 2568 ,
1512 2517 1608 2574 ego
1649 2501 1802 2556 hodie
1840 2501 1995 2574 genui
2039 2509 2091 2558 ts

488 2590 662 2665 (Psel.
698 2607 757 2653 tt.
783 2593 860 2664 7).
888 2591 990 2661 Qui
1019 2602 1086 2649 ex
1108 2592 1319 2649 semine
1348 2592 1518 2648 David
1543 2634 1559 2659 ,
1600 2592 1802 2648 mixtus
1823 2602 1907 2649 est
1940 2593 2089 2663 print-

486 2683 645 2754 cipali
677 2684 925 2754 Spiritui.
957 2694 1012 2740 et
1034 2683 1209 2740 iactus
1230 2695 1316 2740 est
1341 2685 1460 2755 ipse
1487 2684 1630 2741 lilius
1661 2684 1780 2750 Dei.
1826 2698 1891 2741 ea:
1916 2701 2089 2741 resur-

484 2778 713 2831 rectione
742 2775 953 2833 Domini
986 2778 1151 2833 nostri
1188 2776 1319 2833 Iesu
1342 2775 1532 2833 Christi
1563 2792 1583 2832 :
1616 2776 1666 2832 id
1695 2786 1779 2833 est
1798 2815 1813 2844 ,
1843 2778 1971 2833 dum
2001 2792 2088 2834 τοι

484 2873 656 2942 surgit
688 2874 739 2926 in
765 2870 983 2928 Christo
1008 2882 1196 2929 semen
1224 2872 1394 2929 David
1427 2892 1440 2928 ι
1475 2888 1581 2928 non
1624 2871 1737 2936 illo,
1781 2870 1852 2928 de
1878 2886 1987 2943 quo
2010 2874 2088 2928 uit

482 2966 600 3035 ipse
637 2966 801 3021 David
833 2982 846 3019 :
893 2964 986 3021 Sic
1015 2965 1137 3020 dicit
1169 2965 1424 3023 Dominus
1460 2965 1679 3020 Domino
1722 2981 1834 3020 meo
1885 2963 2081 3037 (Psal.

480 3074 590 3128 cu,
616 3058 693 3132 i).
726 3060 913 3130 Itaque
939 3060 1061 3117 facti
1092 3073 1217 3117 sunt
1239 3060 1370 3125 duo,
1402 3075 1507 3117 una
1528 3076 1679 3126 caro,
1716 3059 1936 3115 Verbum
1961 3076 2085 3115 caro

484 3154 677 3221 factum
706 3162 781 3207 est
808 3152 1007 3225 (Joan.
1039 3170 1079 3220 ι,
1108 3152 1224 3226 li).
1257 3164 1313 3210 et
1342 3166 1471 3209 curo
1500 3154 1642 3209 Deus
1674 3172 1686 3207 :
1714 3154 1839 3223 quin
1869 3169 1976 3208 non
2015 3169 2081 3208 cx

480 3244 767 3316 sanguine,
805 3246 900 3301 sed
931 3261 1000 3301 ex
1040 3246 1153 3302 Deo
1196 3247 1541 3302 natisumus.
1574 3246 1869 3316 Apostolus
1904 3246 2078 3301 dicit:

2194 2031 2362 2098 citur,
2390 2031 2495 2087 nisi
2525 2031 2575 2087 ei
2596 2070 2613 2098 ,
2641 2030 2731 2100 qui
2755 2030 2867 2101 jam
2894 2032 3017 2087 scit.
3052 2028 3177 2084 Non
3206 2028 3487 2102 cognovisti
3504 2037 3690 2084 autem
3720 2026 3803 2085 illi

2195 2124 2415 2191 dicitur,
2446 2124 2540 2196 qui
2570 2124 2694 2181 licet
2725 2124 2791 2181 ad
2819 2124 2924 2181 hoc
2955 2134 3182 2181 vocatus
3203 2124 3307 2190 sit,
3335 2133 3393 2179 ut
3416 2132 3799 2195 cognosceret,

2195 2228 2251 2276 et
2280 2219 2525 2292 ejusdem
2554 2221 2804 2290 corporis
2829 2220 2902 2276 sit
2925 2218 3237 2286 visibiliter,
3265 2227 3320 2273 et
3355 2218 3465 2275 Deo
3491 2215 3653 2272 labiis
3676 2217 3803 2288 qui-

2194 2316 2318 2372 dem
2351 2316 2783 2387 appropiuqnet;
2817 2315 2984 2371 corde
3014 2324 3200 2370 tamen
3222 2324 3510 2384 separatus
3537 2313 3630 2367 sit.
3661 2311 3801 2370 Huic

2192 2408 2347 2476 dicit,
2371 2418 2426 2465 tu
2436 2418 2610 2465 autem
2622 2422 2815 2463 menon
2828 2409 3134 2479 cognovisti.
3155 2407 3354 2464 lterum
3373 2424 3386 2460 :
3417 2404 3618 2461 Ducunt
3631 2421 3797 2461 ctecos

2190 2503 2246 2556 in
2272 2502 2433 2569 viam,
2464 2512 2621 2572 nam
2639 2518 2740 2557 non
2775 2510 3055 2569 noverunt,
3078 2511 3128 2555 et
3160 2501 3370 2556 semitas
3392 2515 3519 2572 quas
3558 2516 3665 2554 non
3706 2515 3799 2554 co-

2190 2606 2477 2668 gnoverunt
2496 2634 2513 2665 ,
2539 2595 2812 2651 calcabunt
2830 2612 2848 2650 :
2876 2605 2923 2649 et
2937 2595 3128 2668 faciam
3144 2594 3252 2650 illis
3267 2593 3501 2649 tenebras
3514 2592 3569 2647 in
3592 2592 3758 2649 lucem
3772 2630 3795 2663 ,

2191 2699 2239 2746 et
2260 2678 2420 2761 prosa
2440 2691 2493 2745 in
2514 2690 2785 2745 directum.
2817 2687 2941 2746 Illuc
2958 2688 3110 2744 verba
3122 2688 3335 2761 faciam,
3360 2697 3408 2741 et
3430 2702 3533 2742 non
3564 2684 3797 2740 derelin-

2189 2801 2345 2855 quam
2368 2800 2474 2840 eos.
2502 2784 2526 2838 Ι
2535 2801 2625 2858 pse
2656 2793 2828 2840 autem
2852 2786 3085 2840 conversi
3126 2792 3245 2839 sunt
3286 2794 3424 2838 retro
3449 2781 3602 2855 (Isa.
3637 2796 3748 2837 xui
3773 2818 3794 2851 ,

2193 2878 2282 2947 l6,
2308 2878 2418 2949 l7).
2440 2877 2706 2949 Numquid
2731 2920 2746 2945 ,
2774 2891 2912 2949 quos
2933 2878 3069 2934 dixit
3089 2895 3189 2934 non
3213 2876 3565 2946 derelinquam
3582 2914 3598 2941 ,
3625 2872 3794 2930 iidem

2188 2976 2442 3031 conversi
2469 2984 2591 3030 sunt
2625 2983 2809 3042 retro,
2834 2981 2891 3030 ct
2925 2990 3033 3030 non
3064 2988 3192 3044 pars
3219 2971 3443 3028 eorum?
3474 2970 3675 3026 iterum
3706 2968 3800 3025 tli-

2188 3069 2267 3123 cit
2298 3067 2562 3123 Dominus
2590 3066 2658 3122 od
2681 3066 2855 3123 laeui)
2877 3083 2891 3122 :
2912 3065 3042 3123 Noli
3064 3067 3270 3129 timere,
3298 3064 3420 3136 quia
3452 3071 3623 3119 tecum
3644 3076 3792 3116 sutn.

2188 3160 2266 3216 Ab
2296 3160 2509 3216 Oriente
2528 3160 2784 3215 adducant
2812 3175 2985 3214 semen
3009 3169 3150 3214 tuum
3167 3197 3182 3226 ,
3208 3167 3255 3212 et
3280 3155 3343 3210 ob
3372 3154 3650 3211 Occidente
3674 3154 3797 3211 col-

2186 3254 2350 3324 ligant
2378 3264 2444 3308 te.
2473 3253 2657 3309 Dicam
2687 3253 2964 3326 Aquiloni,
2994 3253 3062 3307 da
3082 3270 3101 3319 δ
3122 3261 3168 3307 et
3194 3251 3376 3324 Africo
3394 3291 3409 3318 ,
3442 3250 3548 3306 noli
3591 3258 3797 3307 vetare.

484 3340 652 3397 Erunt
690 3343 797 3397 duo
827 3341 882 3396 in
908 3357 1063 3397 carne
1092 3352 1215 3398 una.
1272 3341 1671 3396 Sacramentum
1704 3342 1802 3395 hoc
1840 3356 2081 3411 magnum
2110 3329 2156 3393 C
2188 3345 2373 3401 Adduc
2400 3345 2539 3416 ﬁlios
2564 3361 2700 3400 meos
2730 3345 2792 3399 de
2812 3355 2950 3401 terra
2973 3342 3285 3416 longinqua,
3326 3350 3376 3398 et
3405 3342 3542 3416 ﬁlias
3570 3355 3710 3395 meas
3760 3355 3803 3395 ts

477 3446 550 3490 est
584 3452 716 3509 :ego
736 3448 910 3492 autem
940 3437 1078 3505 dico,
1106 3437 1160 3492 in
1179 3434 1387 3499 Christo
1409 3446 1458 3493 et
1493 3438 1546 3492 in
1577 3436 1809 3493 Ecclesia
1838 3437 1855 3507 (
1879 3435 2077 3509 Ephes.

478 3548 530 3599 ν,
585 3533 676 3597 3i,
719 3531 832 3601 5i).
868 3530 1047 3588 Unum
1101 3547 1335 3602 namque
1395 3546 1580 3587 semen
1627 3530 1881 3600 promisit
1936 3532 2080 3587 Deus

477 3624 740 3691 Alrralw;
765 3633 822 3679 ut
841 3627 1261 3695 quanticumque
1289 3625 1388 3681 Clu
1406 3626 1494 3680 isti
1515 3627 1900 3691 miscerentur,
1934 3641 2077 3680 unus

474 3724 621 3774 esset
648 3721 701 3774 in
736 3720 981 3783 Christo.
1013 3720 1157 3776 sicut
1183 3719 1475 3790 Apostolus
1514 3719 1650 3775 dicit
1682 3737 1694 3774 :
1726 3719 1916 3773 Omnes
1963 3735 2074 3784 vos,

476 3831 634 3868 unum
655 3817 774 3870 estis
804 3816 857 3870 in
888 3813 1093 3871 Christo
1113 3813 1258 3871 Iesu.
1290 3816 1350 3872 Si
1382 3824 1552 3871 autent
1579 3830 1665 3872 vos
1697 3832 1855 3871 unum
1878 3814 1998 3869 estis
2020 3815 2075 3869 in

474 3905 679 3961 Christo
706 3904 829 3961 Iesu
857 3924 876 3962 :
901 3924 1022 3980 ergo
1053 3907 1271 3963 Abrahae
1305 3924 1476 3963 semen
1502 3909 1625 3964 estis
1651 3944 1665 3974 .
1706 3917 1754 3964 et
1793 3906 2075 3963 secundum

471 3999 867 4070 promissionem
904 3999 1134 4057 heeredes
1176 4000 1320 4072 (Gal.
1355 4018 1430 4069 nt,
1458 4001 1554 4069 28,
1576 4002 1692 4073 29).

545 4093 722 4150 Distat
747 4103 951 4159 autem,
981 4094 1123 4149 inter
1146 4110 1307 4148 unum
1325 4095 1445 4149 estis
1474 4111 1493 4149 :
1515 4102 1572 4150 et
1598 4110 1731 4148 unus
1756 4093 1900 4149 estis.
1927 4092 2072 4162 Quo-

471 4184 808 4257 tiescumque
830 4187 968 4242 alter
987 4186 1143 4242 alteri
1169 4185 1452 4244 voluntate
1479 4188 1737 4243 miscetur
1762 4187 1876 4253 uni,
1906 4202 2072 4244 unum

467 4291 615 4335 sunt.
644 4280 795 4338 Sicut
820 4281 1081 4337 Dominus
1104 4281 1236 4337 dicit
1269 4281 1422 4355 :Ego
1462 4292 1509 4336 et
1561 4281 1722 4339 Pater
1747 4324 1762 4349 ,
1795 4298 1954 4338 unum
1981 4299 2073 4336 au-

466 4388 578 4427 mus
604 4372 785 4445 (Joan.
814 4390 869 4441 ιι,
899 4372 980 4447 ὅ).
1011 4375 1471 4446 Quotiescumque
1499 4384 1681 4431 autem
1721 4385 1779 4433 et
1806 4389 2071 4445 corpora-

464 4466 593 4522 liter
620 4469 941 4534 miscentur,
974 4479 1028 4525 ut
1054 4470 1111 4524 in
1143 4482 1304 4525 unam
1330 4484 1553 4527 carnem
1578 4471 1689 4526 duo
1713 4471 2021 4528 solidantur
2050 4489 2066 4528 :

466 4577 631 4616 unum
661 4574 787 4618 sunt
814 4572 1037 4634 corpus.
1087 4564 1275 4635 Itaque
1317 4565 1373 4620 in
1420 4565 1600 4633 capite
1643 4563 1746 4620 tino
1792 4564 1938 4621 illius
1983 4573 2069 4622 est

461 4647 596 4723 Dei;
628 4663 683 4712 et
708 4655 850 4713 Deus
878 4656 933 4712 in
955 4672 1189 4727 corpore
1215 4670 1337 4726 suo,
1373 4656 1517 4714 illius
1549 4666 1633 4715 est
1662 4659 1900 4715 nominis
1925 4700 1941 4728 ,
1967 4661 2062 4731 qui

460 4748 707 4817 quotidie
737 4749 1013 4805 nascendo
1043 4750 1216 4816 venit,
1241 4759 1297 4807 et
1320 4751 1521 4807 crescit
1547 4750 1602 4807 in
1641 4752 1903 4820 templum
1935 4764 2062 4808 san-

458 4850 606 4896 ctum
638 4841 758 4897 Dei.
787 4841 1073 4915 Templum
1099 4844 1244 4899 enim
1274 4843 1588 4915 bipertitum
1619 4843 1908 4917 cst.Cujus
1935 4858 2060 4916 pars

452 4936 624 4990 altera
648 4974 665 5003 ,
715 4938 966 5007 quamvis
1004 4937 1280 5009 lapidibus
1311 4938 1522 5009 magnis
1562 4949 1879 4996 exstruatur
1904 4978 1920 5007 ,
1964 4939 2061 4996 deo

454 5031 687 5086 struitur
719 5046 732 5086 t
757 5046 934 5103 neque
960 5033 1015 5088 in
1043 5050 1110 5088 co
1139 5033 1281 5103 lapis
1308 5046 1475 5104 super
1504 5033 1742 5104 lapidem
1782 5035 2059 5106 relinque-

455 5130 566 5177 tur.
599 5122 758 5182 istius
788 5124 945 5181 nobis
966 5125 1113 5198 jugis
1135 5126 1407 5182 adventus
1435 5126 1715 5184 cavendus
1742 5138 1851 5195 est,
1881 5127 2056 5187 donec

454 5216 525 5270 de
548 5215 731 5273 medio
758 5219 878 5289 ejus
897 5217 1145 5275 discedat
1170 5218 1437 5276 Ecclesia.

1054 5346 1342 5413 REGULA
1380 5352 1448 5411 li.

825 5468 906 5526 De
934 5468 1146 5529 Domini
1174 5489 1391 5547 corpore
1419 5471 1678 5545 bipartito.

522 5581 727 5655 Regula
758 5583 1001 5655 bipertiti
1029 5585 1281 5656 corporis
1314 5585 1530 5641 Domini
1574 5584 1748 5641 multo
1794 5599 2053 5643 accessa-

443 5676 560 5733 rior
589 5685 696 5735 ets
728 5678 888 5735 nobis
916 5686 1068 5735 tanto
1089 5678 1411 5750 diligentius
1432 5677 1811 5750 perspicienda
1829 5718 1846 5748 ,
1872 5690 1926 5736 ot
1952 5694 2050 5751 per

517 5881 853 5978 11:53.13?
888 5888 1134 5978 τιςέτξξλε
1154 5888 1585 5978 eiimmin-
1605 5888 1766 5978 ,Νοη
1794 5889 1992 5978 “tu”!
2017 5930 2032 5957 ν

439 5968 603 6037 neque
631 5958 883 6041 angelus:
918 5958 985 6021 Et
1010 5961 1193 6019 statim
1229 5978 1240 6017 :
1270 5961 1371 6020 ἀλλ’
1397 5958 1555 6028 ante:
1598 5960 1792 6023 ἴσωσεν
1820 5958 2027 6030 oti-iratis.

2185 3454 2384 3494 summa
2410 3448 2588 3501 terras,
2618 3448 2665 3493 et
2696 3455 2870 3494 omnes
2911 3439 2967 3493 in
3005 3438 3193 3511 quibus
3222 3446 3459 3491 vocatum
3496 3444 3570 3489 est
3599 3448 3801 3490 nomen

2185 3551 2374 3591 meum.
2402 3532 2473 3590 In
2497 3534 2720 3607 gloriam
2749 3534 2883 3588 estin:
2915 3550 3079 3589 meant
3125 3532 3306 3605 paravi
3338 3532 3522 3598 illum,
3563 3537 3610 3584 et
3651 3528 3802 3598 ﬁnxi

2181 3626 2363 3695 illum,
2389 3636 2439 3683 et
2471 3626 2693 3697 produxi
2724 3628 2920 3697 plebem
2950 3642 3174 3692 ciccum,
3203 3634 3250 3679 et
3281 3624 3422 3681 oculi
3449 3639 3622 3678 eorum
3661 3631 3801 3681 sunt

2178 3720 2415 3776 similiter
2430 3722 2556 3776 eieci
2570 3761 2586 3788 ,
2615 3730 2662 3776 et
2680 3721 2866 3776 surdas
2892 3737 3044 3776 aures
3062 3719 3248 3775 [tabent
3266 3712 3405 3791 (Isa.
3428 3733 3557 3774 mn
3575 3758 3590 3785 ,
3614 3715 3670 3786 5,
3698 3717 3800 3790 8).

2182 3817 2455 3889 Numquid
2475 3857 2491 3884 ,
2519 3833 2655 3889 quos
2679 3818 2731 3872 in
2754 3818 2985 3888 gloriam
3011 3832 3163 3872 suam
3187 3816 3429 3887 paravit.
3465 3811 3627 3871 iidem
3650 3821 3801 3871 sunt

2178 3911 2307 3966 caeci
2360 3918 2416 3966 et
2461 3909 2649 3965 surdi?
2682 3910 2878 3965 iterum
2906 3926 2920 3964 :
2951 3907 3141 3964 Patres
3180 3908 3256 3962 tui
3281 3906 3485 3980 primo;
3514 3905 3800 3978 principes

2177 4018 2354 4058 eorum
2379 4004 2577 4076 [acinus
2600 4003 2922 4059 admiserunt
2945 4002 2999 4057 in
3022 4018 3124 4066 me,
3142 4012 3191 4057 et
3218 4002 3615 4072 inquinavcrunt
3628 4000 3797 4072 prin-

2176 4095 2313 4166 cipes
2334 4096 2407 4150 tui
2433 4106 2610 4150 sancta
2631 4111 2775 4162 mea,
2800 4104 2846 4149 et
2869 4095 2990 4149 dedi
3017 4095 3185 4168 perire
3212 4086 3380 4149 Iacob
3396 4133 3411 4161 ,
3434 4101 3483 4148 et
3509 4090 3685 4149 Israel
3727 4095 3798 4151 in

2176 4187 2501 4243 maledictum
2520 4187 2683 4261 (Ibid.
2710 4183 2828 4258 ‘35).
2857 4185 3011 4241 Nunc
3031 4188 3152 4242 audi
3169 4203 3270 4256 me,
3289 4201 3415 4258 puer
3434 4201 3573 4240 meus
3587 4181 3794 4254 Iacob,

2174 4289 2221 4335 et
2246 4278 2416 4335 Israel
2448 4296 2596 4352 quem
2618 4281 2749 4353 elegi
2771 4279 2903 4354 (Isa.
2929 4297 3077 4347 κων,
3113 4279 3191 4350 1).
3223 4279 3474 4337 Ostendit
3503 4278 3578 4334 illi
3604 4277 3799 4338 lacob

2172 4373 2393 4430 dedisse
2433 4373 2642 4445 perire,
2670 4383 2728 4430 ct
2751 4373 2921 4430 isracl
2955 4377 3008 4429 in
3037 4374 3385 4430 maledictum
3407 4416 3423 4441 ,
3456 4389 3618 4446 quem
3660 4389 3797 4433 non

2170 4466 2428 4538 elegerat.
2458 4465 2661 4522 iterum
2685 4485 2700 4523 :
2737 4465 2898 4522 Finan
2920 4476 2967 4521 te
2990 4483 3203 4540 puerum
3228 4482 3416 4532 meum,
3440 4483 3579 4521 meus
3610 4482 3663 4521 es
3699 4478 3798 4537 tu,

2171 4557 2373 4626 Israel,
2401 4560 2508 4615 noli
2547 4559 2775 4616 oblivisci
2803 4560 2923 4616 mei.
2952 4558 3089 4615 Ecce
3124 4560 3260 4616 enim
3291 4560 3451 4615 delevi
3496 4560 3633 4614 velut
3676 4576 3802 4616 nu-

2170 4652 2283 4707 bem
2306 4654 2667 4725 facinora‘tua,
2694 4664 2742 4713 et
2769 4655 2897 4710 sicut
2923 4654 3152 4710 nimbum
3173 4665 3385 4727 peccata
3404 4653 3511 4710 tua.
3544 4653 3801 4711 Conver-

2087 4732 2140 4793 D
2166 4754 2269 4800 tere
2295 4746 2363 4800 ad
2382 4763 2481 4815 me,
2511 4756 2562 4802 et
2582 4747 2832 4803 redimam
2856 4758 2903 4802 te
2931 4745 3122 4821 (Ibid.,
3146 4747 3264 4819 Si).
3289 4746 3586 4819 Numquid,
3612 4748 3800 4820 cujus

2168 4849 2389 4911 peccata
2414 4841 2611 4898 delevit
2632 4881 2649 4910 ,
2682 4840 2765 4897 cui
2797 4840 2965 4910 dicit,
3003 4858 3145 4897 meus
3176 4857 3230 4896 es
3270 4850 3327 4895 tu
3355 4857 3374 4897 :
3402 4842 3500 4907 Et,
3529 4856 3592 4895 ne
3637 4841 3806 4897 obli-

2164 4934 2389 4989 viscatur
2416 4935 2538 4991 sui:
2561 4942 2957 4995 commemorat
2982 4934 3162 4995 cidem
3184 4975 3200 5002 ,
3239 4944 3297 4991 et
3331 4934 3501 5003 dicit,
3548 4951 3802 4994 conser-

2165 5037 2269 5085 tere
2293 5028 2364 5083 ad
2398 5044 2507 5097 me,
2530 5038 2624 5085 aut
2645 5028 2880 5100 alicujus
2907 5036 3198 5101 antequam
3230 5040 3601 5096 convertatur,
3635 5045 3804 5100 pec-

2163 5131 2284 5179 cata
2338 5123 2629 5180 delentur?
2682 5123 2928 5180 iterum:
2975 5123 3099 5180 Scio
3152 5125 3396 5195 quoniam
3456 5123 3805 5193 reprobatsts

2160 5216 2512 5287 reprobaberis
2561 5232 2581 5272 :
2626 5227 2835 5289 propter
2892 5232 3082 5273 nomen
3130 5227 3309 5287 tuum,
3366 5215 3639 5273 ostendam
3679 5219 3808 5277 tibi

2163 5312 2466 5383 dignitatem
2515 5328 2719 5380 meam,
2758 5320 2805 5367 et
2844 5311 3099 5382 prteclara
3145 5328 3258 5366 mea
3293 5311 3632 5385 superducam
3678 5314 3808 5371 tibi

2161 5403 2311 5479 (Isa.
2363 5422 2559 5475 XLt'til,
2610 5408 2674 5473 8,
2722 5407 2820 5477 9}.
2861 5404 3130 5477 Numquid
3183 5406 3475 5477 reprobate
3515 5406 3807 5468 ostendit

2156 5498 2473 5571 dignitatem
2496 5515 2675 5569 suam,
2699 5508 2753 5557 et
2770 5499 3033 5572 pra-clara
3061 5514 3156 5556 sua
3185 5499 3387 5555 inducit
3412 5497 3500 5557 ei?
3522 5497 3755 5558 iterum
3777 5521 3799 5561 :

2160 5590 2284 5648 Non
2314 5601 2339 5631 α
2365 5595 2557 5657 senior,
2588 5611 2693 5650 non
2721 5592 2948 5667 Angelus
2979 5596 3113 5652 :setl
3151 5595 3263 5667 ipse
3300 5593 3652 5651 consideravit
3681 5613 3803 5655 eos

2153 5693 2362 5757 prepter
2380 5686 2520 5757 quod
2545 5684 2783 5758 diligeret
2807 5701 2896 5743 eos
2916 5725 2932 5755 ,
2962 5696 3009 5744 st
3034 5696 3269 5759 parceret
3300 5686 3425 5745 illis.
3444 5685 3566 5762 Ipse
3585 5688 3804 5746 rede—

2146 5887 2256 5948 Sed
2279 5889 2387 5967 ipse
2411 5886 2629 5946 salvavit
2657 5903 2762 5951 eos.
