4032 6464
1456 367 1663 426 LIBER
1702 366 1795 425 DE
1830 365 2109 425 SEPTEM
2138 367 2455 427 REGULIS.

304 486 398 540 mit
422 484 565 549 illos,
595 492 641 538 et
667 483 941 556 assumpsit
962 482 1106 549 illos,
1131 493 1178 537 et
1198 482 1574 539 exaltam'tillos
1600 500 1774 539 omnes
1802 483 1910 539 dies
1936 485 1983 547 Α
2014 482 2187 554 genda
2244 493 2425 551 esset;
2483 485 2675 543 eodem
2737 501 2940 558 genere
2995 488 3282 545 locutionis
3340 487 3614 557 ostendit,

300 576 504 632 seaculi.
538 576 647 648 Ipsi
678 586 845 632 autem
885 588 1207 633 contumaces
1243 580 1452 650 fuerunt
1481 588 1527 633 et
1564 578 1900 635 exacerbave-

298 680 420 727 runt
449 669 709 743 Spiritum
754 680 990 725 sanctum
1020 669 1154 743 (Isa.
1195 687 1353 740 thtt,
1378 671 1433 733 9,
1466 672 1550 737 10,
1579 688 1679 727 sec.
1710 670 1897 737 LXX).

298 762 448 832 Quos
481 779 675 819 omnes
704 764 823 820 dies
851 764 1037 820 saeculi
1059 765 1318 822 exaltavit
1340 809 1356 832 ,
1379 782 1484 837 quo
1513 780 1758 840 tempore
1789 770 1901 823 lue-

296 868 421 913 runt
441 866 794 914 contumaces
809 901 826 926 ,
853 868 947 914 aut
973 861 1436 916 exacerbaverunt
1457 861 1716 932 Spiritum
1744 876 1900 917 sanc-

292 954 452 1008 tum?
498 953 698 1011 lterum
731 965 919 1024 aperte
958 954 1099 1009 Deus
1148 954 1236 1010 uni
1285 956 1503 1027 corpori
1553 959 1895 1027 lirmitatem,

284 1056 350 1105 et
379 1050 660 1105 interitum
692 1049 981 1119 promittit,
1009 1049 1194 1105 dicens
1225 1068 1238 1103 :
1270 1049 1593 1107 Hierusalem
1612 1054 1795 1108 civitas
1817 1054 1899 1108 di-

285 1157 375 1195 ces
392 1183 407 1206 ,
439 1140 773 1196 tabernacula
793 1158 908 1213 qui:
933 1159 1034 1197 non
1050 1159 1297 1198 commota
1311 1142 1520 1211 bttntur,
1547 1162 1707 1217 neque
1727 1149 1894 1220 agita—

282 1236 484 1291 buntur
509 1237 619 1308 pali
655 1235 974 1292 tabernaculi
1003 1239 1077 1291 tui
1104 1238 1158 1292 in
1184 1246 1431 1292 (sternunt
1473 1248 1672 1312 tempus
1690 1282 1704 1307 ,
1735 1258 1896 1310 neque

283 1335 441 1402 funes
466 1335 584 1404 ejus
603 1342 908 1402 rumpentur
926 1330 1061 1403 (Isa.
1093 1349 1289 1399 χχχιιι,
1321 1333 1415 1402 9.0,
1440 1334 1531 1399 ili,
1559 1351 1664 1392 sec.
1696 1335 1889 1410 LXX).

285 1424 358 1479 Et
382 1423 586 1493 adjecit
616 1440 628 1478 :
652 1426 793 1492 rupti
816 1434 937 1479 sunt
959 1429 1109 1497 funes
1132 1427 1207 1481 tui
1229 1467 1247 1495 ,
1275 1428 1395 1499 quia
1424 1444 1525 1482 non
1552 1428 1712 1483 raluit
1740 1430 1894 1486 arbor

282 1516 434 1570 naris
464 1526 591 1583 tute,
620 1517 992 1573 inclinaverunt
1017 1528 1105 1573 tua
1125 1519 1235 1574 vela
1262 1530 1308 1575 et
1333 1536 1438 1575 non
1476 1522 1619 1577 tollet
1643 1524 1844 1597 signtun
1873 1567 1889 1594 ,

281 1612 447 1666 donec
492 1612 731 1667 tradatur
776 1613 829 1667 in
867 1613 1201 1682 perditionem
1235 1613 1400 1688 (Ibid.
1428 1614 1543 1688 25).
1570 1618 1769 1673 lterum
1801 1634 1885 1675 os-

282 1707 461 1762 tendit
491 1707 731 1763 breviter
749 1707 1065 1779 bipartitum
1089 1708 1291 1765 Christi
1314 1726 1514 1781 corpus
1539 1729 1553 1766 :
1583 1709 1761 1769 Fusco
1778 1730 1891 1768 sum

276 1811 326 1855 et
352 1800 543 1857 decora
573 1799 746 1873 (Cant.
781 1803 834 1868 1,
864 1802 945 1872 4).
969 1801 1128 1859 Absit
1171 1803 1315 1858 enim
1337 1844 1353 1869 ,
1385 1811 1442 1858 ιιι
1463 1804 1701 1860 Ecclesia
1727 1847 1743 1872 ,
1769 1821 1890 1877 qua:

2010 593 2174 633 unum
2228 592 2429 647 corpus
2476 587 2531 635 et
2572 579 2774 635 bonum
2827 595 2948 636 esse
3000 592 3054 636 et
3096 582 3336 645 malum.
3392 582 3614 639 dicens:

2007 668 2304 726 Secundum
2327 670 2670 744 Evangelium
2693 673 2904 744 quidem
2930 674 3132 730 inimici
3151 686 3358 747 propter
3377 691 3464 729 ros
3487 690 3506 730 :
3527 690 3609 730 se-

2004 764 2227 817 cundum
2243 765 2539 819 electionem
2561 775 2752 830 autent,
2770 768 2940 821 dilecti
2953 777 3160 838 propter
3173 777 3344 839 patres
3367 766 3475 838 (Ib.
3490 767 3610 838 28).

2002 853 2270 927 Numquid
2302 857 2442 914 idem
2462 859 2670 926 dilecti,
2687 861 2775 931 qui
2798 861 3027 928 inimici,
3045 872 3135 916 aut
3159 870 3339 933 potest
3359 862 3413 918 in
3436 877 3606 919 causa

2004 959 2300 1021 utrumque
2323 951 2651 1008 convenire?
2677 953 2750 1008 lla
2787 954 3046 1010 Dominus
3067 953 3122 1009 in
3150 955 3406 1011 omnibus
3421 955 3612 1027 Scrip-

2002 1041 2159 1095 turis.
2194 1041 2374 1099 Unum
2427 1060 2629 1117 corpus
2686 1047 2911 1102 seminis
2954 1047 3193 1103 Abrahae
3243 1050 3295 1103 in
3346 1048 3605 1105 omnibus

2002 1134 2260 1206 gentibus
2283 1152 2534 1193 crescere
2558 1146 2613 1193 et
2639 1138 2838 1195 ﬂorere
2861 1147 3023 1210 atque
3046 1141 3224 1212 perire
3257 1149 3505 1197 testatur.

2589 1238 2873 1297 REGULA
2912 1241 3000 1297 111.

2451 1331 2528 1387 De
2561 1333 2846 1403 promissis
2878 1343 2934 1389 et
2963 1333 3126 1406 Lege.

1998 1425 2292 1499 Exponitur
2315 1425 2519 1483 Paulus
2541 1427 2606 1483 ad
2627 1427 2784 1483 Rom.
2802 1427 2937 1484 etad
2954 1429 3098 1497 Cal.,
3113 1439 3162 1484 et
3177 1427 3310 1485 Isai.
3330 1443 3382 1485 c.
3404 1444 3593 1487 vaut.

2064 1520 2378 1576 Auctoritas
2403 1521 2584 1576 divina
2612 1531 2718 1588 est,
2743 1522 3015 1577 neminem
3036 1524 3329 1595 aliquando
3355 1539 3421 1580 ex
3453 1539 3588 1596 ope-

1994 1614 2294 1686 ribuslegis
2317 1615 2611 1686 justil‘tcari
2640 1617 2908 1687 potuisse.
2930 1616 3133 1673 Eadem
3157 1620 3486 1676 auctoritate
3508 1618 3602 1676 lir-

1991 1712 2294 1767 missimum
2334 1721 2448 1778 est,
2501 1726 2609 1767 non
2652 1710 2931 1780 defuisse,
2964 1713 3057 1785 qui
3090 1712 3269 1785 legem
3313 1713 3600 1782 iacerent,

1992 1814 2046 1861 et
2072 1804 2529 1876 justiﬁcarentur.

279 1912 384 1950 non
409 1894 565 1949 habet
594 1894 876 1961 maculam,
912 1905 1003 1950 aut
1031 1913 1211 1969 rugam
1244 1895 1465 1969 (Ephes.
1501 1912 1554 1965 v,
1576 1896 1693 1969 27),
1724 1915 1880 1968 quam
1911 1897 1960 1959 B
2063 1900 2337 1972 Scriptum
2363 1908 2448 1955 est
2477 1918 2490 1953 :
2526 1899 2871 1973 Quacumque
2909 1901 2993 1956 lea:
3037 1900 3297 1973 loquitur,
3341 1899 3423 1955 his
3469 1899 3599 1955 dicit

280 1987 542 2043 Dominus
564 2003 665 2043 suo
680 1989 944 2058 Sanguine
968 1990 1266 2058 ttilitltlaVll,
1287 1990 1463 2061 aliqua
1488 2006 1552 2045 ex
1572 1999 1725 2062 parte
1740 1992 1886 2048 lusca

270 2078 369 2147 sit,
393 2079 500 2134 nisi
518 2079 575 2135 in
602 2090 757 2151 parte
778 2080 1030 2148 sinistra,
1058 2097 1155 2152 per
1181 2097 1340 2153 quant
1383 2097 1581 2139 nomen
1616 2083 1708 2139 Dei
1740 2084 1889 2141 blas-

279 2172 567 2243 phematur
598 2172 651 2228 iu
695 2173 974 2243 gentibus;
1013 2173 1178 2241 alios,
1216 2184 1320 2230 tota
1341 2175 1574 2246 speciosa
1602 2186 1699 2245 est,
1744 2175 1887 2232 sicut

282 2264 427 2320 dicit.
472 2263 603 2320 Tota
631 2267 863 2339 speciosa
901 2282 976 2335 es,
1012 2268 1247 2337 proxima
1286 2286 1398 2323 mea
1434 2280 1528 2324 :et
1556 2270 1884 2341 reprehensio

272 2356 420 2413 nulla
438 2367 514 2413 est
539 2359 596 2413 in
615 2368 665 2414 te
680 2358 850 2430 (Cant.
884 2374 958 2426 tv,
984 2359 1301 2431 7).,Eteuitn
1333 2360 1465 2417 dicit
1493 2377 1598 2434 qua
1621 2362 1689 2419 de
1717 2380 1879 2422 causa

271 2452 344 2508 sit
363 2453 513 2509 lusca
538 2464 596 2510 et
619 2455 860 2524 speciosa
884 2472 897 2508 :
917 2465 971 2509 ut
988 2454 1315 2511 tabernacula
1330 2456 1517 2524 Cedar,
1536 2466 1583 2511 et
1606 2457 1763 2526 pelles
1780 2458 1880 2516 Sa-

274 2546 520 2603 lomonis.
542 2547 657 2604 Duo
684 2548 1026 2605 tabernacula
1049 2549 1287 2605 ostendit
1304 2568 1317 2605 :
1333 2550 1557 2621 Regium
1589 2553 1875 2609 etservile.

274 2643 578 2716 Utrumque
592 2654 771 2702 tamen
793 2661 979 2703 semen
995 2645 1250 2704 Abrahat.
1270 2646 1438 2703 Cedar
1452 2650 1594 2705 enim
1615 2650 1757 2705 lilius
1794 2658 1877 2705 est

269 2739 484 2796 Ismael.
522 2742 642 2798 Alio
671 2741 909 2813 denique
946 2743 1067 2799 loco
1091 2785 1107 2810 ,
1138 2759 1260 2799 cum
1297 2744 1403 2799 isto
1431 2741 1627 2811 Cedar,
1671 2744 1723 2798 id
1753 2752 1870 2810 est,

268 2847 395 2888 cum
424 2847 587 2890 servo
617 2849 680 2889 ex
712 2834 986 2890 Abraham
1008 2878 1022 2903 ,
1054 2835 1366 2892 diuturnam
1413 2836 1755 2893 mansionem
1794 2835 1873 2892 sic

268 2928 538 2999 ingemuit
564 2927 808 2986 Ecclesia
837 2930 1021 2986 dicens
1054 2948 1066 2983 :
1096 2930 1215 2987 Heu
1243 2948 1321 2986 me
1336 2933 1355 2986 .’
1381 2932 1503 2998 quia
1524 2933 1871 3005 peregrinatio

266 3038 381 3076 mea
400 3024 681 3095 longinqua
695 3028 833 3097 facta
855 3034 930 3081 est
949 3042 968 3081 .'
987 3024 1040 3081 II
1045 3025 1235 3083 abitatti
1260 3044 1376 3081 cum
1404 3028 1746 3084 tabernaculis
1775 3026 1870 3084 Ce-

272 3115 390 3181 der,
433 3117 653 3172 multum
685 3119 1012 3190 peregrinata
1053 3129 1127 3176 est
1164 3121 1338 3176 anima
1373 3137 1503 3174 utea.
1538 3121 1663 3175 Cum
1690 3122 1869 3176 adien-

275 3210 404 3264 tibus
430 3227 640 3283 pacem,
659 3228 800 3266 eram
825 3213 1071 3283 paciﬁcus
1094 3230 1112 3269 :
1132 3226 1249 3269 cum
1272 3216 1505 3283 loquerer
1526 3214 1631 3269 illis
1650 3255 1667 3282 ,
1689 3214 1862 3271 debel-

1991 1995 2079 2067 qui
2129 1995 2183 2049 in
2224 1995 2334 2067 lege
2362 2002 2484 2049 sunt
2508 2010 2526 2049 :
2549 2003 2603 2049 ut
2630 2010 2781 2049 omne
2816 2010 2870 2049 os
2914 1993 3229 2061 obstruatur,
3261 2001 3310 2047 et
3335 1991 3595 2067 subjectus

1990 2090 2082 2159 fiat
2115 2090 2280 2144 omnis
2305 2089 2530 2144 mundus
2561 2088 2693 2145 Deo.
2732 2089 2867 2155 Quia
2896 2106 2999 2144 non
3022 2089 3345 2164 justiﬁcatur
3388 2104 3455 2144 ea:
3481 2088 3595 2160 lege

1990 2184 2156 2238 omnis
2190 2200 2312 2237 caro
2352 2185 2405 2237 itt
2431 2192 2706 2253 conspectu
2734 2183 2868 2255 ejus.
2900 2180 3005 2236 Per
3049 2182 3212 2256 legem
3231 2182 3369 2235 enim
3395 2181 3594 2253 agnitio

1987 2278 2183 2349 peccati
2214 2277 2393 2350 (Rom.
2418 2293 2511 2346 ιιι,
2564 2276 2652 2345 19,
2689 2275 2809 2348 ⁸20).
2840 2276 3043 2332 lterum
3072 2295 3084 2331 :
3115 2273 3395 2329 Peccatum
3441 2275 3596 2330 restri

1986 2389 2089 2426 non
2118 2370 2485 2427 dominabitur.
2513 2369 2635 2425 Non
2658 2371 2793 2425 enim
2822 2371 2944 2425 estis
2969 2369 3059 2425 sub
3082 2370 3194 2443 lege
3223 2367 3589 2442 (Rom.\tt,4).

1983 2466 2181 2522 lterum
2208 2485 2221 2521 :
2248 2466 2313 2522 Et
2345 2484 2436 2522 nos
2467 2468 2521 2522 in
2545 2465 2805 2521 Christum
2834 2465 3094 2520 credimus
3125 2482 3144 2521 :
3174 2475 3229 2520 ut
3237 2465 3589 2541 justiﬁcemur

1982 2578 2046 2616 ea:
2063 2560 2200 2632 ﬁde,
2229 2570 2276 2615 et
2295 2578 2395 2614 non
2424 2576 2488 2615 ex
2513 2559 2750 2628 operibus
2773 2560 2898 2632 legis
2921 2557 3066 2633 (Gal.
3092 2574 3130 2614 ιι
3157 2599 3171 2624 ,
3198 2558 3308 2630 16).
3331 2557 3532 2614 Iterum
3564 2574 3583 2612 :

1982 2655 2043 2710 Si
2075 2655 2209 2708 enim
2250 2653 2374 2709 data
2414 2662 2543 2709 esset
2583 2654 2688 2720 lex,
2731 2668 2845 2725 qua:
2885 2662 3055 2726 posset
3096 2650 3376 2723 viri/icore,
3422 2650 3590 2706 omni—

1977 2744 2130 2800 modo
2169 2762 2233 2800 ex
2277 2746 2386 2820 lege
2422 2752 2550 2800 esset
2580 2744 2813 2819 justitia.
2852 2742 2960 2801 Sed
3002 2742 3256 2801 conclusit
3306 2741 3585 2816 Scriptura

1976 2839 2149 2895 omnia
2170 2836 2263 2895 sub
2290 2848 2497 2911 peccato
2517 2847 2605 2893 :ut
2624 2837 2899 2912 promissio
2918 2853 2983 2893 ea:
3006 2835 3250 2907 ﬁdelesu
3281 2834 3472 2892 Christi
3496 2836 3590 2890 da-

1974 2943 2117 2988 retur
2145 2931 2466 2988 credentibus
2493 2931 2639 3003 (Gal.
2667 2930 3010 3003 "1,21,2'2).
3044 2930 3153 2988 Sed
3182 2930 3330 2986 dicet
3364 2928 3524 3002 quis:
3557 2945 3587 2984 a

1974 3024 2437 3090 Christo,etinlra
2463 3039 2568 3079 non
2593 3023 2857 3095 justiﬁeat
2885 3024 3004 3089 lex,
3028 3038 3129 3079 suo
3158 3031 3338 3080 tamen
3372 3033 3581 3093 tempo-

1972 3133 2031 3174 re
2048 3117 2382 3188 justiﬁeavit.
2407 3117 2543 3173 Huic
2563 3117 2802 3174 occurrit
2825 3115 3121 3173 auctoritas
3140 3114 3375 3188 apostoli
3397 3115 3545 3173 Petri
3570 3158 3586 3185 ,

1971 3214 2097 3284 qui,
2128 3229 2249 3268 cum
2276 3219 2465 3284 gentes
2491 3228 2519 3266 a
2551 3211 2808 3268 fratribus
2845 3219 3171 3284 cogerentur
3200 3210 3302 3265 sub
3332 3209 3461 3282 jugo
3498 3208 3577 3267 le-

267 3302 444 3357 labant
488 3316 569 3359 me
611 3305 773 3377 gratis
801 3303 973 3375 (Psal.
1005 3320 1126 3362 cur
1147 3348 1161 3373 ,
1206 3307 1322 3372 5-7,
1367 3324 1469 3361 sec.
1514 3306 1705 3379 LXX).
1749 3308 1867 3365 Non
1896 3298 1940 3359 C
1974 3311 2078 3384 gis,
2111 3313 2191 3368 sic
2220 3312 2323 3366 ait:
2349 3310 2487 3380 Quid
2515 3311 2724 3367 tentatis
2755 3305 3040 3364 Dominum
3061 3307 3327 3381 imponere
3354 3306 3581 3361 volentes

268 3411 495 3467 possum
543 3409 723 3455 autem
772 3400 985 3467 dicere,
1018 3401 1405 3457 tabernaculum
1451 3403 1635 3470 Cedar,
1672 3416 1869 3476 praeter

268 3488 569 3547 Ecclesium
586 3508 731 3550 esse.
758 3495 772 3547 l
782 3509 877 3564 pse
898 3496 1040 3551 enim
1069 3496 1229 3553 dicit:
1246 3496 1680 3555 Tabernaculum
1703 3499 1869 3555 Cedar

271 3593 322 3638 et
372 3584 667 3642 Salomonis
697 3604 717 3643 :
743 3588 896 3645 Unde
946 3592 1095 3660 fusca
1135 3607 1284 3658 sum,
1318 3591 1519 3662 inquit,
1563 3603 1612 3646 et
1652 3592 1862 3648 decora.

265 3677 390 3733 Non
418 3680 558 3737 enim
598 3680 839 3738 Ecclesia
873 3682 928 3738 in
954 3683 1039 3737 his
1084 3684 1175 3754 qui
1207 3682 1340 3741 foris
1369 3695 1535 3752 sunt,
1584 3686 1730 3741 lusca
1759 3695 1862 3742 est.

264 3772 387 3830 Hoc
415 3777 671 3847 mysterio
691 3776 955 3832 Dominus
984 3777 1037 3832 in
1062 3777 1386 3849 Apocalypsi
1408 3785 1614 3849 septem
1645 3780 1865 3850 angelos

261 3865 432 3931 dicit,
464 3866 515 3923 id
545 3877 663 3936 est,
695 3868 994 3926 Ecclesium
1037 3870 1441 3940 setttil‘ormctu,
1476 3888 1617 3927 nunc
1645 3881 1865 3929 sanctos

260 3971 325 4018 et
368 3974 764 4034 prmceptorum
808 3966 1062 4022 custodes
1096 3985 1110 4021 :
1144 3983 1286 4023 nunc
1314 3968 1532 4024 eosdem
1567 3977 1621 4024 et
1661 3968 1863 4024 multo-

261 4074 387 4113 rum
418 4058 704 4116 criminum
738 4076 896 4125 reos,
922 4071 975 4116 et
1017 4063 1333 4130 renitentia
1370 4062 1562 4131 dignos
1600 4063 1858 4119 ostendit.

258 4153 336 4207 Et
362 4153 417 4207 in
445 4153 738 4224 Evangelia
766 4170 929 4210 unum
973 4157 1379 4225 pra‘positorutu
1408 4170 1635 4227 corpus,
1662 4156 1858 4212 diversi

259 4247 445 4302 meriti
491 4248 831 4314 manifestat,
866 4247 1054 4304 dicens
1078 4246 1295 4303 :Beatus
1333 4249 1425 4303 ille
1469 4265 1643 4304 servus
1667 4288 1682 4313 ,
1713 4265 1860 4319 quem

256 4344 541 4399 adueniens
570 4345 809 4399 dominus
836 4345 1011 4412 illius,
1041 4346 1289 4401 inuenerit
1315 4346 1389 4399 ita
1415 4345 1853 4417 facientent(Luc.

261 4452 344 4491 xu
367 4480 382 4499 ,
410 4437 531 4508 43.)
570 4437 637 4493 Et
664 4438 732 4493 de
757 4438 951 4493 eodem
985 4456 997 4494 ς
1025 4438 1070 4493 si
1096 4449 1267 4494 autem
1296 4455 1511 4508 nequam
1533 4439 1621 4494 ille
1647 4456 1854 4507 servus,

254 4546 408 4602 quem
434 4530 688 4587 Dominus
739 4531 920 4587 diuidit
952 4534 1004 4587 in
1040 4536 1168 4587 duas
1205 4546 1374 4605 partes
1396 4532 1549 4603 (Luc.
1584 4551 1706 4602 six,
1739 4535 1854 4608 21).

258 4626 390 4680 Dico
410 4644 424 4680 :
443 4626 701 4698 numquid
725 4642 938 4683 omnem
953 4627 1179 4694 dividet,
1199 4638 1291 4685 aut
1307 4628 1496 4684 findet?
1514 4629 1754 4701 Denique
1774 4638 1858 4686 to-

1964 3409 2156 3479 jugum
2200 3421 2357 3477 super
2394 3404 2587 3463 collum
2634 3401 2978 3470 discentium,
3018 3400 3158 3475 quod
3208 3416 3373 3473 neque
3402 3408 3578 3473 patres

1972 3500 2167 3565 nostri,
2200 3514 2359 3570 neque
2389 3515 2482 3552 nos
2525 3498 2785 3567 potuimus
2814 3505 3022 3570 portare
3056 3495 3195 3568 (Act.
3239 3511 3330 3561 xv,
3365 3493 3479 3567 10).
3511 3493 3579 3551 Et

1969 3594 2247 3666 apostolus
2280 3593 2478 3649 Paulus
2510 3611 2522 3646 :
2557 3591 2688 3648 Cum
2733 3607 2991 3658 essemus,
3046 3590 3251 3661 inquit,
3282 3589 3338 3644 in
3370 3604 3562 3656 carne,-

1969 3689 2230 3759 passiones
2253 3697 2578 3758 peccatorum
2601 3701 2717 3758 qua:
2735 3702 2825 3758 per
2848 3683 3011 3755 legem
3039 3692 3196 3751 sunt,
3220 3682 3567 3755 operabantttr

1968 3781 2022 3834 in
2060 3781 2296 3835 membris
2331 3781 2522 3834 nostris
2548 3820 2563 3846 ,
2594 3789 2649 3835 ut
2674 3782 2902 3852 fructum
2928 3776 3176 3843 aﬂ'errent
3202 3775 3360 3830 morti
3389 3775 3570 3848 (Rom.

1969 3891 2076 3943 vn,
2117 3872 2196 3949 5).
2247 3875 2315 3930 Ει
2360 3885 2584 3938 contra,
2627 3875 2766 3931 idem
2797 3873 3091 3945 Apostolus
3130 3869 3571 3938 dicit:Justitia,

1964 3985 2081 4040 qua:
2101 3986 2163 4025 ea:
2185 3970 2294 4044 lege
2322 3978 2415 4036 est,
2446 3979 2774 4024 conservatus
2801 3969 2913 4024 sine
2949 3966 3158 4040 querela
3183 3964 3449 4041 (Philipp.
3472 3980 3531 4020 ιιι
3554 4006 3570 4031 ,

1966 4060 2040 4133 6).
2090 4062 2242 4128 Quod
2282 4062 2326 4116 si
2361 4062 2491 4117 tanti
2529 4059 2774 4131 Apostoli
2813 4059 3106 4115 auctoritas
3147 4057 3362 4114 deesset
3396 4057 3567 4128 :quid

1963 4154 2067 4210 dici
2098 4154 2468 4224 potuitcoutra
2489 4151 2854 4209 testimonium
2884 4150 3093 4208 Domini
3110 4149 3339 4206 dicentis
3361 4167 3374 4204 :
3397 4146 3568 4203 Ecce!

1964 4265 2077 4303 rere
2130 4247 2374 4304 Israelita
2414 4249 2466 4302 in
2508 4264 2609 4318 quo
2655 4246 2806 4301 dolus
2850 4264 2953 4301 non
2980 4255 3055 4301 est
3104 4242 3284 4319 (Joan.
3336 4260 3395 4310 t,
3438 4243 3558 4316 47).

1962 4340 2117 4409 Quod
2140 4349 2193 4395 et
2218 4340 2263 4394 si
2293 4339 2552 4395 Dominus
2577 4337 2679 4393 hoc
2704 4337 3073 4393 testimoniqu
3118 4353 3223 4391 non
3246 4334 3565 4408 dignaretur

1962 4432 2295 4506 perhibere:
2328 4432 2450 4504 quis
2509 4439 2615 4486 tam
2663 4430 2980 4501 sacrilegus,
3032 4430 3153 4501 quis
3202 4439 3307 4485 tam
3353 4438 3567 4485 tumore

1962 4527 2203 4598 stuporis
2247 4527 2424 4583 elatus
2471 4525 2719 4594 diceret,
2752 4526 2973 4600 Moysen
3006 4536 3059 4583 et
3111 4522 3445 4596 Prophetas,
3477 4525 3562 4581 vel

1961 4637 2153 4678 omnes
2196 4622 2427 4678 Sanctos
2465 4618 2731 4690 justitiam
2774 4636 2880 4677 non
2912 4618 3113 4677 fecisse
3139 4662 3154 4687 ,
3187 4630 3280 4674 aut
3300 4616 3569 4692 justiﬁes-

259 4732 375 4776 tum
399 4736 507 4777 non
533 4728 704 4785 totum
730 4740 744 4776 :
769 4722 863 4777 sed
898 4733 1097 4794 partem
1117 4724 1229 4793 ejus
1250 4740 1368 4779 cum
1391 4724 1675 4796 hypocrisis
1702 4737 1856 4797 ροηει
1884 4709 1936 4770 1)
1965 4730 2046 4773 tos
2078 4733 2185 4773 non
2219 4717 2385 4774 esse?
2429 4732 2551 4773 cum
2583 4716 2865 4787 Scriptura
2896 4714 3041 4772 dicat
3092 4714 3160 4773 de
3208 4712 3474 4770 Zacharia
3505 4722 3562 4769 et

255 4813 477 4881 (Matth.
509 4830 659 4881 utr,
688 4815 800 4885 5i).
833 4814 889 4871 in
914 4831 1022 4871 uno
1051 4817 1195 4871 enim
1223 4833 1419 4888 corpus
1446 4820 1703 4875 ostendit.
1747 4820 1856 4876 lloc

255 4907 438 4977 itaque
482 4923 684 4978 corpus
704 4909 1077 4978 accipiendum
1097 4920 1182 4965 est
1203 4927 1298 4981 per
1318 4928 1509 4968 omnes
1536 4914 1854 4982 scripturas,

254 5001 426 5056 sicubi
468 5001 615 5057 Deus
633 5001 791 5068 dicit,
822 5002 892 5057 ob
922 5004 1172 5059 meritum
1208 5003 1371 5060 Israel
1406 5006 1733 5076 periturum,
1762 5016 1856 5064 aut

258 5092 633 5150 hatreditatem
656 5110 809 5150 suam
837 5096 1251 5151 exsecrabilem.
1274 5096 1565 5169 Apostolus
1594 5100 1736 5155 enim
1763 5116 1855 5156 co-

258 5184 410 5255 pioso
448 5187 520 5241 ita
573 5185 847 5258 disputat,
898 5190 1133 5243 maxime
1174 5189 1240 5244 ad
1282 5190 1586 5259 Romanos,
1616 5193 1669 5248 iu
1705 5202 1855 5262 parte

259 5279 659 5350 accipiendum,
706 5280 1067 5353 quidquidme
1098 5291 1209 5338 toto
1247 5299 1475 5354 corpore
1519 5285 1722 5342 dictum
1748 5297 1852 5344 est.

258 5370 334 5424 Ad
364 5370 532 5427 Israel
553 5413 568 5439 ,
593 5372 764 5444 inquit
783 5410 799 5440 ,
818 5374 976 5429 dicit:
998 5372 1129 5429 Tota
1150 5376 1233 5430 die
1249 5377 1475 5444 curandi
1504 5393 1688 5433 manus
1716 5396 1854 5436 meas

255 5463 322 5516 ad
333 5464 527 5536 plebem
556 5466 1189 5539 contradicentemUlont.
1212 5484 1265 5535 κ,
1294 5468 1411 5535 2|).
1440 5471 1502 5524 lit
1526 5472 1854 5529 utosteude-

256 5566 334 5611 ret
359 5558 431 5614 de
466 5569 622 5628 parte
647 5559 849 5614 dictum
882 5575 897 5613 :
929 5558 1059 5614 Dico
1080 5598 1096 5625 ,
1132 5559 1334 5630 inquit,
1373 5560 1643 5632 Numquid
1663 5566 1855 5634 repulit

256 5648 396 5707 Deus
419 5651 616 5721 plebem
636 5653 822 5707 suam?
840 5653 999 5708 Absit.
1027 5651 1164 5709 Nam
1187 5663 1233 5707 ct
1263 5671 1354 5727 ego
1378 5653 1621 5711 Israelita
1648 5674 1763 5711 sunt
1788 5675 1854 5715 eo:

254 5744 444 5798 terniue
468 5742 690 5799 Abrahta
710 5782 726 5811 ,
749 5743 884 5798 tribu
903 5742 1202 5817 Benjantin.
1230 5744 1351 5801 Non
1372 5749 1557 5817 repulit
1584 5746 1724 5805 Deus
1746 5750 1856 5820 pls-

256 5838 363 5892 bem
389 5855 539 5892 suam
563 5879 579 5905 ,
613 5854 772 5911 quam
802 5839 1051 5907 prtescivit
1082 5837 1268 5911 (Rom.
1303 5856 1392 5913 st,
1429 5842 1578 5912 1,2).
1619 5845 1852 5915 EtpOSt-

262 5946 422 6005 quam
476 5932 692 6000 docuit,
750 5931 1207 6007 quemadmodum
1256 5932 1372 5990 ιιωο
1421 5936 1623 5992 locutio
1651 5936 1852 5994 intelli-

1964 4824 2136 4865 uxore
2157 4810 2275 4880 eius
2296 4826 2311 4866 :
2334 4807 2505 4863 Erant
2514 4808 2646 4883 justi
2673 4807 2822 4863 ambo
2845 4807 2897 4863 in
2920 4816 3196 4877 conspectu
3228 4803 3353 4873 Dei,
3381 4800 3561 4859 ambu-

1962 4902 2127 4957 lantes
2149 4902 2202 4956 in
2227 4900 2463 4958 omnibus
2487 4901 2748 4957 mandatis
2773 4911 2819 4955 et
2842 4899 3304 4972 justiﬁcationibus
3332 4894 3431 4954 Dei
3450 4898 3562 4954 sine

1959 4998 2166 5068 querela
2192 4997 2341 5071 (Luc.
2371 5015 2424 5066 ι,
2458 4998 2536 5069 6).
2573 4999 2638 5053 Et
2664 4998 2926 5054 Dominus
2953 5004 3078 5065 ,non
3122 4996 3332 5052 venerit
3378 5009 3563 5050 vocare

1948 5095 2150 5164 justas,
2191 5091 2284 5147 sed
2310 5100 2599 5164 peccatores
2629 5090 2843 5165 (Matth.
2890 5108 2979 5159 ιχ,
3030 5090 3147 5163 i3).
3187 5088 3301 5146 Lex
3340 5099 3558 5157 autem,

1961 5185 2234 5256 quomodo
2280 5184 2563 5256 justiﬁcari
2610 5184 2784 5258 potuit
2815 5201 2845 5241 a
2878 5192 3136 5257 peccato,
3170 5197 3291 5254 qua:
3334 5179 3403 5248 ad
3452 5178 3560 5237 hoc

1957 5279 2080 5335 data
2129 5288 2211 5334 est
2246 5296 2259 5332 :
2290 5276 2401 5334 Lca:
2428 5289 2600 5334 autem
2640 5277 2945 5334 subintravit
2970 5318 2986 5345 ,
3018 5286 3073 5333 ut
3121 5271 3560 5346 multiplicantur

1954 5382 2218 5446 peccatum
2253 5372 2432 5443 (Rom,
2476 5389 2532 5440 ν,
2560 5371 2678 5445 20).
2711 5372 2844 5431 lllud
2890 5383 3074 5427 autem
3114 5370 3256 5426 scire
3293 5368 3557 5424 debemus

1953 5474 2009 5519 et
2038 5476 2223 5521 tenere
2256 5483 2269 5520 :
2301 5479 2593 5536 numquam
2623 5465 2847 5521 omnino
2896 5464 3259 5535 interceptum
3309 5476 3432 5518 esse
3463 5474 3555 5516 se-

1957 5573 2081 5613 men
2108 5556 2344 5613 Abrabzu
2363 5598 2377 5625 ,
2404 5559 2472 5612 ah
2496 5557 2645 5614 Isaac
2671 5572 2844 5629 usque
2865 5555 2932 5612 ad
2960 5555 3307 5611 hodiernum.
3349 5551 3549 5610 Semen

1955 5660 2134 5704 autem
2167 5649 2397 5705 Abrahae
2425 5667 2530 5706 non
2548 5650 2766 5706 carnale
2788 5690 2803 5718 ,
2829 5648 2921 5704 sed
2951 5647 3255 5721 Spirituale,
3278 5644 3420 5719 quod
3444 5663 3551 5702 nou

1955 5762 2024 5801 ex
2051 5745 2168 5816 lege
2191 5754 2297 5814 est,
2321 5746 2416 5801 sed
2444 5762 2512 5802 ex
2539 5746 2966 5816 repromi-sioue
2997 5758 3099 5801 est.
3123 5742 3373 5801 Alterum
3401 5741 3547 5797 enim

1955 5858 2142 5899 semen
2175 5842 2396 5897 carnale
2427 5852 2541 5907 est,
2575 5842 2720 5911 quod
2760 5860 2824 5899 ex
2850 5844 2967 5914 lege
2996 5851 3077 5897 est
3108 5856 3137 5895 a
3169 5851 3354 5895 monte
3382 5837 3510 5894 Sina
3534 5877 3551 5902 ,

1959 5934 2110 6007 Quod
2139 5943 2213 5990 est
2238 5935 2378 6008 Agar
2402 5935 2455 5988 in
2485 5936 2727 5991 servitute
2759 5952 3027 6011 generous.
3069 5932 3170 5989 Ille
3196 5930 3401 6015 quidem
3422 5972 3439 6000 ,
3463 5929 3555 6006 qui
