4032 6454
468 352 541 410 25
1898 365 2199 428 TICHONII
2227 369 2391 427 AFRI
3697 382 3770 441 εει

468 492 536 531 ex
559 477 751 533 ancilla
781 480 1058 535 carnaliter
1098 490 1251 541 natus
1292 494 1387 539 est.
1434 462 1538 554 Qui
1566 496 1735 541 autem
1763 503 1829 543 ea;
1854 487 2019 543 libera
2040 529 2056 556 ,
2087 495 2139 554 Α
2165 488 2332 546 Deum
2358 507 2379 547 :
2389 495 2566 566 justus
2593 503 2766 549 autem
2809 510 2874 550 ex
2900 495 3006 566 ﬁde
3046 495 3166 552 vivit
3198 495 3340 569 (Gal.
3369 514 3429 555 ιιι
3456 540 3472 567 ,
3509 498 3621 573 Η).
3669 500 3772 558 Os‘

471 588 535 627 ea:
562 575 903 645 promissione
928 573 1072 647 (Gal.
1104 593 1178 643 tv,
1202 577 1295 645 25,
1325 578 1438 649 24).
1474 579 1591 636 Non
1625 596 1745 637 esse
1774 593 1952 638 autem
1982 597 2068 638 se-

473 680 595 720 men
618 665 871 734 Abralnc,
907 669 1009 723 nisi
1039 671 1180 741 quod
1213 688 1279 726 cx
1308 671 1412 727 ﬁde
1441 683 1555 741 est,
1584 674 1876 745 Apostolus
1906 675 2065 730 dicit:

475 758 792 832 Cognoscitis
814 780 955 835 ergo,
981 766 1227 836 quoniam
1251 768 1340 838 qui
1358 784 1424 823 ea:
1441 767 1545 838 ﬁde
1570 780 1719 835 sunt,
1751 770 1805 823 hi
1835 777 1955 823 sunt
1972 768 2072 840 ﬁlii

475 852 697 908 Abralue
728 853 872 927 (Gal.
906 872 999 924 ιιι,
1034 858 1090 930 7)
1111 858 1135 911 ?
1155 858 1224 913 Et
1274 860 1468 916 iterum
1501 878 1514 917 :
1553 860 1652 917 Vos
1672 873 1861 929 autem,
1887 867 2071 934 fratres

475 950 758 1005 secundum
781 950 932 1008 Isaac
956 996 969 1021 ,
1001 956 1355 1023 promissionis
1379 957 1480 1027 ﬁlii
1506 961 1628 1014 estis
1656 958 1799 1028 (Cal.
1847 976 1921 1027 tv,
1950 958 2070 1033 28).

474 1043 673 1099 Semen
719 1062 850 1117 ergo
883 1048 1135 1116 Ahrahm,
1168 1065 1274 1106 non
1321 1068 1389 1108 ex
1416 1054 1533 1125 lege
1556 1095 1570 1119 ,
1600 1055 1695 1109 sed
1744 1070 1808 1111 ex
1840 1057 2075 1124 promis-

476 1138 632 1194 sione
668 1150 748 1195 est
777 1183 791 1207 ,
826 1142 1067 1211 quodex
1096 1143 1241 1200 Isaac
1280 1145 1481 1218 jugitrr
1527 1149 1738 1205 transit.
1790 1149 1850 1205 Si
1895 1160 2075 1206 autem

477 1242 691 1287 constat
733 1250 920 1291 semen
977 1237 1251 1303 Abrahae,
1311 1240 1453 1310 quod
1501 1256 1567 1296 ex
1615 1242 1718 1299 lide
1764 1255 1887 1308 est,
1939 1260 2075 1301 con-

477 1336 620 1392 stat,
645 1328 772 1397 quia
813 1344 1107 1399 numquam
1137 1333 1235 1386 fuit
1283 1348 1351 1388 ex
1403 1334 1541 1403 lnge.
1569 1334 1687 1391 Non
1738 1337 1879 1393 enim
1906 1341 2080 1409 potuit

478 1435 542 1474 ex
574 1418 692 1489 lege
712 1436 853 1489 esse,
885 1431 938 1479 et
981 1439 1045 1479 ex
1090 1423 1215 1481 ﬁde.
1242 1426 1355 1483 Lex
1389 1428 1531 1484 enim
1580 1440 1633 1486 et
1675 1432 1826 1497 ﬁdes,
1862 1433 2076 1489 diversa

478 1529 565 1568 res
593 1525 694 1570 est.
728 1516 860 1585 Quia
892 1519 975 1574 lex
1011 1536 1116 1575 non
1162 1532 1244 1576 est
1292 1521 1414 1579 ﬁdei
1443 1565 1458 1589 ,
1505 1524 1600 1580 sed
1632 1540 1879 1597 opermn.
1928 1527 2080 1584 Sicut

478 1607 737 1677 scriptum
765 1621 847 1663 est
871 1627 883 1662 :
913 1610 1017 1665 Lex
1041 1629 1144 1667 non
1170 1624 1245 1668 est
1273 1631 1337 1669 ex
1361 1614 1466 1685 ﬁde
1491 1658 1506 1683 ,
1535 1616 1626 1672 sed
1655 1620 1744 1690 qui
1772 1622 1949 1691 fecerit
1976 1638 2035 1675 ea
2059 1667 2072 1689 ,

477 1701 606 1755 vivet
635 1707 688 1756 in
718 1704 789 1758 eis
823 1702 965 1769 (Gal.
998 1722 1076 1772 ιιι,
1104 1706 1216 1780 [2).
1247 1708 1522 1767 Abraham
1553 1728 1684 1783 ergo
1714 1713 1821 1769 lidc
1861 1730 2079 1785 semper

480 1792 618 1847 ﬁlios
645 1794 859 1859 habuit.
888 1798 1006 1867 lege
1045 1816 1361 1873 numquam.
1395 1804 1509 1859 Non
1535 1807 1680 1862 enim
1714 1824 1776 1862 ex
1808 1809 1925 1879 lege
1953 1826 2077 1879 pro-

2173 587 2345 642 tendit
2388 597 2684 657 praaterea,
2737 588 2942 646 diotum
2974 606 3097 647 esse
3143 606 3241 663 per
3282 593 3611 665 Prophetam
3636 638 3652 662 ,
3689 594 3772 651 Ea:

2172 682 2279 753 ﬁde
2304 684 2425 738 vivit
2452 700 2471 739 :
2501 693 2561 740 ut
2590 684 2935 741 manifestum
2971 685 3158 752 ﬁeret,
3200 688 3659 758 quemadmodum
3692 691 3773 745 vi-

2172 785 2399 842 verent,
2429 776 2517 846 qui
2550 776 2721 847 legem
2769 776 2952 833 facere
3000 794 3105 833 non
3139 789 3381 845 possent.
3427 779 3535 836 Sed
3589 783 3772 839 minus

2175 866 2354 935 lucet,
2391 868 2519 938 quid
2548 868 2654 923 sit:
2683 867 2872 924 Justus
2901 886 2969 924 ea:
3009 869 3113 939 ﬁde
3155 871 3275 925 vivit
3313 870 3543 945 (llabac.
3573 890 3650 941 ιι,
3691 875 3771 948 4).

2176 964 2291 1020 Non
2322 966 2466 1022 enim
2501 969 2672 1038 potuit
2697 970 2979 1041 quisquam
3004 971 3180 1041 justus
3215 972 3265 1027 in
3297 972 3415 1045 lege
3447 974 3653 1045 positus
3693 972 3777 1029 vi-

2180 1075 2328 1125 vere,
2375 1061 2476 1115 nisi
2505 1075 2667 1131 opera
2700 1063 2835 1132 lcgis
2869 1061 3127 1131 fecisset,
3159 1073 3215 1120 et
3245 1065 3425 1121 omnia
3458 1080 3624 1137 Opera
3652 1065 3773 1121 :sin

2178 1153 2376 1222 minus,
2405 1154 2726 1211 maledictus
2753 1164 2921 1212 esset.
2950 1156 3104 1212 Dedit
3128 1158 3269 1213 Deus
3290 1158 3465 1230 legem
3491 1202 3507 1226 ,
3532 1169 3586 1215 et
3611 1158 3775 1215 dixit:

2184 1247 2305 1303 Non
2336 1251 2662 1323 concupisces
2684 1249 2877 1323 (Exod.
2911 1267 3002 1314 xx.
3028 1252 3132 1319 i7;
3166 1250 3322 1308 Deut.
3353 1269 3410 1318 v,
3431 1251 3549 1325 2t).
3581 1253 3776 1310 Statim

2181 1343 2468 1399 occasione
2498 1353 2715 1415 accepta
2738 1385 2754 1411 ,
2782 1353 3086 1413 peccatum,
3122 1360 3216 1413 per
3246 1345 3561 1402 mandatum
3584 1361 3780 1416 opera-

2183 1446 2291 1492 ttun
2323 1446 2407 1494 est.
2434 1453 2649 1493 omnem
2688 1438 3211 1507 concupiscentiam.
3244 1438 3484 1495 Necesse
3525 1448 3610 1496 est
3631 1439 3779 1496 enim

2183 1530 2461 1601 passiones
2485 1540 2830 1599 peccatorum
2857 1572 2872 1597 ,
2896 1545 3016 1601 quas
3044 1546 3140 1600 per
3163 1531 3336 1601 legem
3366 1541 3533 1597 sunt,
3563 1531 3782 1603 operari

2182 1622 2234 1677 in
2256 1622 2516 1677 membris
2529 1621 2669 1691 ejus.
2683 1621 2774 1693 qui
2797 1620 2851 1675 iu
2872 1621 2995 1693 lege
3008 1629 3111 1676 est.
3131 1621 3425 1692 Propterea
3444 1637 3507 1679 ea
3525 1623 3645 1678 data
3666 1633 3782 1679 est:

2180 1727 2235 1771 ut
2256 1715 2540 1771 abundaret
2554 1725 2815 1787 peccatum
2830 1714 3007 1786 (Rom.
3023 1732 3077 1781 v,
3097 1713 3215 1786 ΩΟ),
3239 1718 3367 1786 quia
3387 1716 3561 1773 virtus
3588 1732 3784 1788 pecca-

2183 1811 2240 1877 ti,
2269 1811 2375 1866 lex.
2404 1810 2762 1865 Venundatus
2780 1819 2961 1866 autem
2985 1810 3087 1866 sub
3104 1822 3347 1882 peccato,
3367 1812 3479 1882 jam
3504 1826 3610 1867 non
3636 1812 3784 1883 quod

482 1886 669 1943 missio
699 1898 782 1945 est
809 1891 1042 1948 Abrahae
1068 1937 1083 1961 ,
1114 1905 1206 1950 aut
1233 1898 1428 1952 semini
1466 1899 1603 1968 ejus,
1650 1909 1707 1956 ut
1733 1900 1908 1958 bzrres
1934 1912 2077 1959 esset
2108 1898 2157 1960 B
2186 1902 2297 1957 vult
2334 1913 2597 1973 operatur
2640 1902 2881 1966 bonum,
2938 1903 3032 1959 sed
3061 1904 3204 1974 quod
3249 1918 3355 1959 non
3389 1903 3505 1959 vult
3532 1905 3731 1960 malum
3766 1921 3782 1961 :

480 1982 689 2048 mundi,
721 1983 817 2039 sed
850 2001 947 2055 per
966 1986 1230 2056 justitiam
1262 1989 1404 2045 ﬁdei.
1429 1990 1489 2047 Si
1512 1992 1655 2049 enim
1676 1993 1766 2066 qui
1790 2010 1888 2066 per
1910 1995 2081 2068 legem

480 2076 582 2142 ipsi
626 2089 754 2132 sunt
797 2078 1081 2149 haeredes,
1116 2098 1289 2139 vacua
1337 2094 1422 2141 est
1474 2085 1638 2152 ﬁdes,
1683 2097 1737 2144 et
1790 2105 1953 2146 vacua
2002 2101 2086 2147 est

480 2170 789 2239 promissio.
825 2174 936 2231 Lex
967 2178 1109 2232 enim
1166 2180 1300 2234 iram
1332 2190 1610 2252 operatur.
1637 2181 1692 2238 Si
1723 2198 1985 2255 ergonec
2017 2185 2083 2239 ﬁ-

479 2264 599 2331 des,
628 2282 728 2322 nec
757 2270 1045 2337 promissio
1088 2272 1320 2329 Abrahae
1363 2274 1572 2331 destrui
1601 2286 1818 2347 potest,
1847 2277 1916 2332 ab
1959 2287 2083 2334 ortu

476 2358 560 2413 sui
597 2360 802 2431 jugiter
845 2365 1062 2420 mansit.
1090 2365 1240 2435 Nec,
1292 2368 1413 2423 data
1462 2373 1613 2441 lege,
1662 2370 1915 2437 impedita
1958 2380 2081 2427 est:

480 2454 774 2523 quominus
802 2455 1036 2511 Abraha:
1074 2458 1168 2513 ﬁlii
1190 2459 1488 2515 secundum
1516 2461 1933 2531 promissionem
1961 2462 2085 2519 lidei

481 2556 831 2617 generentur.
858 2549 997 2605 Dicit
1018 2552 1161 2607 enim
1181 2555 1493 2624 Apostolus,
1519 2564 1641 2626 post
1662 2555 2085 2626 quadringentos

483 2653 538 2699 et
585 2643 803 2714 triginta
849 2660 1022 2702 annos
1065 2645 1244 2702 datam
1283 2648 1456 2720 legem
1508 2666 1617 2705 non
1661 2650 1941 2717 obfuisse,
1986 2668 2087 2708 nec

483 2736 817 2794 destruxisse
857 2740 1275 2810 promissionem
1309 2761 1322 2799 :
1357 2742 1420 2799 Si
1460 2744 1594 2798 enim
1636 2761 1699 2799 ex
1747 2745 1857 2817 lege
1888 2756 1945 2812 α,
1968 2747 2085 2815 jam

486 2848 588 2886 non
617 2846 679 2885 ea:
708 2833 1066 2907 promissione.
1097 2835 1317 2890 Abralta:
1344 2847 1514 2891 autem
1539 2878 1554 2900 .
1585 2853 1676 2910 per
1721 2839 2083 2911 repromissio-

484 2940 600 2978 nem
626 2923 833 2980 donavit
862 2927 1000 2983 Deus
1027 2927 1193 2999 (Ibid.
1218 2970 1235 2996 ,
1262 2928 1374 3001 [8).
1406 2930 1473 2984 Et
1492 2931 1600 2985 alio
1630 2931 1752 2987 loco
1780 2949 1795 2985 :
1828 2930 1938 2987 Lex
1966 2949 2087 3005 ergo

482 3015 729 3073 adversus
754 3022 1008 3093 promissa
1028 3019 1172 3077 Dei?
1199 3022 1344 3077 Absit
1373 3022 1565 3095 (lbid.,
1588 3025 1649 3080 2|
1666 3030 1703 3096 ).
1729 3025 1989 3083 Videmus
2011 3026 2089 3083 le-

482 3123 605 3178 gem
637 3111 703 3166 ad
735 3115 997 3181 promissa
1023 3129 1129 3170 non
1164 3114 1457 3185 pertinere,
1492 3132 1593 3172 nec
1631 3118 1921 3190 aliquando
1952 3120 2088 3175 alte-

484 3219 598 3259 ram
628 3205 681 3260 in
722 3205 952 3261 alteram
1004 3208 1333 3281 impegisse,
1380 3211 1476 3266 sed
1520 3222 1808 3284 utramque
1837 3214 2085 3270 ordinem

2184 1996 2457 2052 consentit
2485 1996 2630 2051 enim
2660 1994 3100 2068 legi,st-.cundum
3134 1997 3450 2053 interiorem
3478 1995 3783 2055 hominem.

2186 2092 2538 2163 Expugnatur
2564 2100 2743 2148 autem
2772 2092 2929 2147 aliter
2955 2093 3073 2163 lege
3098 2092 3494 2159 membrorum,
3521 2091 3790 2149 trahitur-

2185 2201 2291 2259 que
2337 2186 2607 2256 captivus,
2640 2201 2818 2256 neque
2861 2185 3155 2255 aliquando
3185 2185 3404 2241 liberari
3438 2186 3647 2255 potuit,
3680 2186 3788 2243 nisi

2185 2281 2300 2337 sola
2328 2280 2500 2352 gratia
2533 2296 2629 2351 per
2660 2279 2842 2336 ﬁdem.
2895 2279 2998 2336 Est
3043 2289 3223 2336 autem
3272 2296 3524 2353 magnum
3574 2281 3789 2338 crimen

2189 2374 2467 2446 perﬁdiae,
2515 2390 2621 2429 non
2673 2372 2980 2430 attendisse
3026 2390 3197 2445 genus
3244 2388 3560 2442 armorum,
3588 2374 3791 2446 quibus

2190 2470 2451 2526 violentia
2482 2469 2689 2541 peccati
2718 2478 3153 2539 expugnaretur,
3185 2476 3242 2523 ct
3271 2483 3303 2524 e
3330 2476 3541 2534 contra,
3577 2468 3793 2538 magni-

2186 2561 2302 2620 ﬁcae
2328 2562 2454 2619 ﬁdei
2480 2572 2563 2619 est
2594 2562 2893 2634 inquisisse
2918 2571 2973 2617 et
2996 2560 3219 2616 vidisse.
3251 2561 3345 2616 Est
3369 2575 3502 2632 ergo
3525 2560 3791 2631 sacrilega

2189 2672 2367 2725 mens,
2404 2666 2460 2712 et
2492 2657 2634 2712 male
2678 2656 2748 2712 de
2792 2655 2907 2712 Deo
2958 2654 3240 2721 sentiens,
3273 2669 3395 2725 quae
3439 2668 3562 2710 cum
3608 2653 3790 2725 legem

2190 2751 2341 2806 nullo
2391 2750 2551 2806 modo
2601 2749 2914 2806 humanitus
2961 2764 3124 2819 posse
3152 2748 3298 2815 ﬁeri,
3328 2758 3383 2803 et
3412 2746 3479 2802 ad
3520 2747 3796 2803 ulciscen-

2188 2843 2317 2899 dum
2352 2850 2593 2914 paratam
2628 2842 2868 2907 videret;
2908 2855 3017 2897 non
3050 2839 3386 2896 intellexerit
3416 2852 3540 2895 esse
3569 2838 3793 2908 aliquod

2190 2934 2490 2991 remedium
2518 2935 2641 2989 vita:
2669 2951 2683 2989 :
2710 2948 2810 2989 nec
2847 2932 2965 2988 ﬁeri
3010 2932 3271 3003 potuisse,
3303 2943 3362 2986 ut
3392 2931 3575 2987 bonus
3615 2931 3790 2998 Deus,

2189 3027 2281 3100 qui
2313 3027 2521 3083 sciebat
2569 3026 2742 3097 legem
2776 3040 2887 3081 non
2933 3026 3182 3096 potuisse
3209 3025 3350 3093 ﬁeri,
3383 3025 3618 3081 alterum
3664 3025 3795 3081 vitae

2191 3119 2395 3175 aditum
2428 3135 2535 3174 non
2569 3117 2889 3190 reliquisset
2912 3134 2926 3171 :
2948 3125 3004 3172 et
3031 3116 3321 3172 adversum
3350 3116 3625 3183 homines,
3654 3132 3797 3190 quos

2191 3215 2257 3271 ad
2308 3216 2473 3270 vitam
2524 3216 2758 3281 iecerat,
2794 3212 3257 3283 undiqueversum
3303 3212 3431 3269 vita:
3487 3210 3607 3267 vias
3631 3212 3795 3268 clau-

484 3310 641 3351 suum
674 3298 936 3355 tenuisse.
960 3299 1097 3367 Quia
1120 3302 1262 3358 sicut
1292 3303 1376 3359 lex
1404 3319 1696 3374 numquam
1723 3304 1847 3360 lidei
1872 3305 2081 3374 obluit,
2114 3304 2159 3367 C
2191 3310 2376 3367 sisset.
2423 3311 2536 3364 lloc
2577 3309 2712 3366 ﬁdes
2750 3326 2858 3367 non
2902 3308 3060 3374 tulit,
3092 3322 3200 3363 non
3244 3306 3487 3364 admisit.
3523 3305 3634 3364 Sed
3662 3322 3795 3363 cum

486 3389 558 3444 ita
588 3406 688 3446 nec
719 3391 851 3448 lides
873 3394 1046 3465 legem
1073 3396 1360 3452 destruxit.
1387 3396 1539 3452 Sicut
1559 3399 1819 3468 scriptum
1852 3399 2084 3455 εδιτιο-

486 3502 603 3556 gem
624 3503 745 3559 ergo
766 3488 1074 3545 destruimus
1094 3509 1184 3565 per
1205 3491 1407 3563 ﬁdem?
1426 3492 1579 3560 absit,
1604 3493 1696 3548 sed
1717 3494 1880 3565 legem
1906 3497 2089 3549 statui-

486 3594 598 3633 mus
618 3579 797 3651 (ltom.
824 3598 902 3648 tu.
924 3584 1041 3653 51),
1066 3586 1116 3639 id
1138 3596 1245 3651 est,
1272 3587 1576 3642 ﬁrmamus:
1593 3586 1828 3643 invicem
1852 3602 2088 3659 namque

488 3671 729 3729 ﬁrmant.
759 3675 903 3747 Ergo
945 3677 1041 3733 lilii
1066 3677 1302 3736 Abrahae
1324 3695 1432 3736 non
1463 3696 1529 3738 ex
1562 3680 1683 3753 lege
1708 3690 1835 3736 sunt
1860 3723 1874 3747 ,
1898 3681 1994 3739 sed
2021 3699 2088 3738 ex

490 3774 598 3832 ﬁde
637 3792 733 3849 per
754 3781 1259 3849 rcpromissionem.
1291 3781 1654 3850 Quarendum
1684 3791 1869 3838 autem
1898 3796 2092 3852 quem-

488 3869 779 3927 admodum
839 3871 943 3940 hi,
1014 3874 1105 3945 qui
1160 3890 1226 3929 ex
1303 3875 1559 3945 operibus
1621 3875 1757 3945 legis
1825 3883 2090 3945 negantur

489 3966 734 4038 potuisse
754 3967 1064 4038 justiﬁcari,
1099 3969 1151 4023 in
1201 3969 1320 4041 lege
1376 3968 1577 4039 positi,
1629 3979 1682 4025 et
1726 3969 1902 4040 legem
1958 3982 2090 4038 ope-

489 4072 714 4129 rantes,
761 4056 1041 4133 jusliﬁcati
1092 4061 1312 4117 fuerint.
1359 4061 1725 4131 Quaerendum
1776 4071 2084 4131 prmterea,

489 4171 588 4213 cur
627 4166 751 4227 post
788 4154 1209 4227 promissionem
1256 4155 1408 4223 ﬁdei,
1433 4172 1554 4227 quae
1581 4155 1734 4211 nullo
1785 4154 1951 4210 modo
1993 4152 2091 4209 de-

485 4251 621 4305 strui
652 4259 872 4321 potest,
900 4249 1025 4306 data
1054 4258 1139 4306 est
1168 4249 1277 4318 lex,
1323 4265 1443 4319 qtae
1471 4266 1577 4304 non
1608 4260 1691 4306 est
1729 4266 1794 4305 ex
1837 4249 1943 4307 ﬁde
1977 4270 1989 4305 :
2021 4265 2087 4306 ex

487 4343 644 4414 cujus
674 4343 935 4413 operibus
966 4358 1128 4398 nemo
1168 4341 1580 4413 justiﬁCaretur,
1628 4344 1753 4415 quia
1780 4384 1796 4411 ,
1832 4343 2091 4416 Quotquot

487 4454 553 4493 ea:
573 4439 812 4508 aperibus
841 4439 968 4509 legis
996 4447 1150 4503 sunt,
1194 4438 1288 4491 sub
1332 4437 1606 4492 maledicto
1648 4447 1792 4492 sunt.
1822 4437 2091 4511 Scriptum

487 4540 563 4585 est
608 4532 787 4585 enim:
815 4529 1126 4585 Maledictus
1154 4530 1242 4602 qui
1282 4546 1386 4584 non
1438 4530 1775 4603 permanserit
1818 4530 1874 4585 in
1916 4529 2087 4583 omni-

486 4625 612 4691 bus,
664 4640 782 4696 qua.’
824 4625 1016 4697 scripta
1062 4633 1182 4680 sunt
1228 4626 1283 4679 in
1336 4623 1467 4678 libro
1516 4623 1669 4695 legis,
1726 4635 1782 4679 ut
1820 4623 1980 4693 faciat
2030 4642 2089 4678 ca

2191 3406 2515 3462 inﬁrmitate
2563 3406 2787 3471 carnis,
2837 3415 2892 3461 et
2936 3405 3140 3461 virtute
3192 3405 3402 3477 peccati
3454 3413 3792 3476 urgeretur:

2194 3500 2338 3556 Deus
2382 3500 2534 3557 dedit
2578 3497 2907 3554 claritatem.
2943 3496 3138 3554 Sciens
3176 3496 3462 3552 Dominum
3504 3497 3709 3553 bonum
3735 3505 3796 3554 et

2186 3593 2431 3664 justum,
2486 3602 2541 3649 et
2567 3593 2783 3648 viscera
2830 3606 2944 3647 sua:
2989 3589 3360 3646 miserationis
3399 3600 3589 3645 contra
3618 3604 3792 3661 opera

2192 3701 2449 3741 manuum
2493 3700 2712 3742 suarum
2747 3699 2853 3741 non
2892 3684 3197 3739 clausisse:
3226 3682 3492 3738 intellexit
3521 3697 3645 3739 esse
3680 3684 3794 3741 iter

2192 3781 2258 3836 ad
2293 3782 2489 3849 vitam,
2522 3791 2577 3837 et
2609 3778 2873 3836 faciendas
2922 3778 3057 3849 legis
3102 3776 3406 3833 remedium
3456 3775 3612 3831 vidit.
3638 3775 3793 3834 Deus

2191 3877 2336 3932 enim
2368 3890 2490 3932 cum
2522 3874 2769 3931 diceret:
2793 3871 2921 3927 Non
2950 3872 3304 3944 concupisces;
3335 3884 3445 3926 non
3468 3870 3793 3941 denudavit,

2191 3968 2652 4043 quemadmodum
2680 3968 2731 4024 id
2763 3966 3052 4039 provenire
3081 3974 3305 4038 posset,
3335 3965 3433 4022 sed
3466 3980 3593 4021 vere
3620 3973 3795 4036 atque

2191 4067 2377 4124 decise
2421 4065 2563 4121 dixit
2603 4082 2617 4119 :
2660 4064 2783 4119 Non
2809 4063 3175 4132 concupisces;
3222 4060 3481 4131 quoniam
3527 4058 3580 4115 id
3625 4073 3796 4130 repe-

2193 4160 2439 4217 riendum
2470 4157 2711 4229 reliquit.
2745 4156 2800 4214 Si
2830 4157 2977 4213 enim
3006 4154 3290 4210 mandaret
3315 4168 3344 4208 a
3373 4167 3432 4208 se
3456 4160 3796 4224 proventum

2195 4253 2482 4325 postulari,
2515 4251 2685 4324 legem
2718 4250 3069 4306 destruxerat
3090 4258 3144 4304 et
3164 4246 3347 4304 ﬁdem.
3380 4246 3452 4303 Ut
3476 4244 3604 4318 quid
3633 4246 3795 4303 enim

2192 4348 2367 4420 legem
2398 4346 2578 4412 daret,
2608 4347 2651 4401 si
2685 4345 2859 4416 legem
2889 4345 2941 4399 in
2974 4342 3225 4399 omnibus
3256 4341 3523 4398 laetorum
3550 4341 3797 4411 pollice-

2193 4441 2381 4497 retur?
2407 4440 2512 4497 Aut
2559 4439 2687 4510 quid
2720 4439 2841 4494 lidei
2872 4438 3293 4509 relinqueretur,
3322 4437 3368 4492 si
3400 4435 3586 4503 ﬁdem,
3619 4436 3795 4492 auxi-

2192 4536 2321 4591 lium
2347 4534 2674 4605 pollicendo,
2700 4531 3066 4603 praeveniret?
3095 4529 3251 4587 Nunc
3276 4540 3461 4585 autem
3486 4531 3630 4586 bono
3658 4529 3796 4587 ﬁdei

2190 4628 2344 4684 dedit
2392 4628 2593 4698 legem,
2629 4625 2936 4681 ministram
2968 4625 3163 4681 mortis
3192 4633 3288 4679 :ut
3314 4632 3593 4680 amatores
3633 4624 3794 4693 vitae,

485 4716 634 4793 (Gal.
680 4733 741 4773 ιιι
762 4760 778 4786 ,
829 4716 939 4789 l0).
991 4717 1287 4789 Apostolus
1332 4716 1571 4788 denique
1622 4716 1747 4771 huic
1794 4716 2084 4787 quaestioni
2115 4701 2168 4762 Ῐ)
2195 4723 2298 4779 ﬁde
2325 4724 2490 4776 vitam
2523 4721 2793 4786 viderent,
2824 4729 2881 4776 et
2905 4720 3061 4787 justi,
3091 4718 3201 4773 ﬁde
3227 4720 3497 4784 viverent,
3524 4718 3617 4788 qui
3646 4731 3799 4790 opus

487 4811 858 4883 prospiciens,
904 4825 1027 4866 cum
1070 4818 1283 4867 asserat
1310 4809 1628 4864 omnimodo
1668 4808 1810 4863 lilios
1852 4808 2087 4865 Abrahae

484 4908 629 4964 dono
654 4908 748 4964 Dei
772 4920 991 4976 semper
1013 4902 1181 4959 fuisse
1196 4917 1289 4974 per
1303 4901 1489 4967 ﬁdem,
1516 4916 1626 4956 non
1657 4901 1940 4973 perlegem
1970 4900 2084 4958 lac—

488 5016 669 5061 torum
696 5045 712 5069 ,
744 5018 810 5058 ex
840 4999 1066 5057 alterius
1095 5011 1326 5069 persona
1360 4996 1648 5067 respondit
1674 4996 1775 5051 sibi
1801 5037 1816 5063 ,
1842 4996 2033 5051 dicens
2068 5014 2080 5050 :

488 5098 627 5168 Quid
668 5113 789 5169 ergo
827 5096 911 5150 lex
958 5096 1219 5167 [actorum
1260 5089 1436 5165 (Rom.
1472 5106 1571 5160 ιιι,
1618 5089 1748 5162 27)?
1780 5089 1835 5147 ld
1866 5099 1952 5147 est
1983 5109 1996 5146 :
2025 5090 2084 5147 Si

483 5207 552 5248 ex
594 5190 697 5245 ﬁde
726 5189 821 5244 lilii
849 5230 865 5256 ,
893 5203 990 5244 cur
1017 5185 1147 5242 data
1175 5194 1262 5241 est
1284 5186 1369 5241 lex
1397 5185 1662 5240 factorum
1690 5226 1705 5253 ,
1753 5201 1875 5241 cum
1924 5184 2080 5240 sufﬁ-

480 5292 631 5340 ceret
658 5279 955 5351 promissio
980 5276 1315 5349 generandis
1342 5275 1468 5332 ﬁliis
1493 5276 1758 5341 Abrahse,
1777 5286 1831 5333 et
1863 5276 1968 5332 ﬁde
1997 5292 2085 5333 es-

483 5385 607 5433 sent
630 5372 901 5429 nutriendi
925 5374 949 5426 'l
974 5371 1109 5440 Quia
1125 5371 1304 5443 justus
1326 5386 1389 5425 ea:
1416 5370 1519 5439 ﬁde
1562 5371 1679 5424 vivit
1706 5370 1882 5441 (liam.
1910 5385 1959 5439 ι,
1992 5371 2079 5437 [7;

485 5466 606 5522 Gal.
632 5481 724 5531 ιιι,
757 5466 855 5532 ll;
890 5464 1024 5520 Heb.
1059 5481 1114 5529 ιι,
1144 5463 1258 5534 50).
1290 5464 1599 5534 Antequam
1650 5462 1796 5519 enim
1827 5480 1887 5519 se
1916 5464 2083 5519 inter-

483 5567 733 5631 rogasset
763 5576 778 5613 :
812 5557 952 5625 Quid
980 5573 1103 5631 ergo
1132 5558 1219 5613 lea:
1258 5558 1552 5629 factorum?
1597 5556 1709 5628 jam
1740 5556 1993 5624 dixerat,
2025 5566 2084 5612 ut

483 5657 761 5723 viverent,
816 5657 907 5725 qui
956 5670 1024 5710 ex
1072 5654 1180 5709 ﬁde
1205 5653 1498 5724 justiﬁcari
1529 5667 1641 5708 non
1684 5661 1949 5723 possent,
1979 5650 2084 5709 hoc

484 5749 649 5806 modo
680 5767 693 5803 :
727 5748 987 5815 Quoniam
1007 5756 1178 5805 autem
1206 5763 1271 5805 ex
1292 5747 1404 5820 lege
1422 5762 1570 5803 nemo
1595 5746 1916 5817 iustiﬁcetur
1940 5748 2081 5820 apud

487 5936 491 5940 ’
554 5945 581 5975 ι
621 5916 938 5995 "auditas.

2191 4816 2325 4887 legis
2356 4830 2464 4870 non
2496 4829 2564 4870 ex
2593 4829 2689 4868 sua
2722 4813 2946 4880 virtute,
2973 4810 3070 4867 sed
3096 4826 3167 4868 ex
3193 4811 3289 4868 Dei
3319 4810 3466 4867 dono
3484 4809 3600 4865 ﬁeri
3624 4823 3799 4880 posse

2185 4910 2494 4967 crederent.
2530 4908 2645 4964 Lex
2671 4908 2817 4963 enim
2847 4922 2877 4960 a
2907 4921 3073 4962 carne
3104 4906 3222 4961 ﬁeri
3269 4918 3376 4960 non
3407 4912 3591 4976 potest
3617 4920 3631 4957 :
3661 4918 3800 4973 qua:

2186 5018 2309 5059 cum
2345 5003 2481 5057 facta
2526 5016 2633 5056 non
2660 4999 2857 5066 fuerit,
2890 4998 3071 5070 punit.
3103 4998 3237 5065 Quae
3263 5013 3395 5068 ergo
3421 5012 3547 5066 spes
3576 4995 3799 5054 homini

2187 5093 2449 5151 facienda:
2483 5094 2641 5164 legis,
2672 5103 2727 5149 et
2756 5092 3027 5164 fugienda:
3055 5090 3288 5147 mortis:
3313 5090 3416 5145 nisi
3446 5089 3569 5161 Opis
3594 5100 3649 5145 et
3678 5090 3801 5145 mi-

2190 5186 2508 5243 sericordia:
2555 5185 2676 5253 Dei,
2720 5200 2882 5257 quam
2924 5184 3058 5239 ﬁdes
3106 5182 3346 5239 invenit?
3372 5181 3507 5238 Caro
3554 5181 3657 5255 legi
3684 5179 3800 5238 Dei

2189 5279 2425 5352 subjecta
2472 5296 2577 5334 non
2610 5288 2717 5344 est;
2759 5294 2922 5350 neque
2967 5278 3105 5332 enim
3144 5287 3330 5347 potest.
3375 5275 3478 5342 Qui
3515 5286 3690 5330 autem
3733 5278 3802 5333 in

2189 5390 2346 5429 carne
2378 5382 2516 5435 sunt,
2552 5370 2663 5427 Deo
2692 5374 2896 5443 placere
2925 5387 3031 5425 non
3060 5380 3294 5442 possunt.
3348 5368 3451 5425 Vos
3480 5378 3655 5424 autem
3682 5385 3800 5425 non

2187 5469 2310 5522 estis
2336 5469 2391 5522 in
2421 5484 2603 5533 carne,
2636 5466 2727 5521 sed
2771 5468 2823 5520 in
2865 5465 3088 5532 spiritu;
3117 5464 3379 5537 siquidem
3423 5463 3654 5533 Spiritus
3688 5461 3803 5521 Dei

2185 5562 2240 5615 in
2270 5560 2409 5616 vobis
2442 5570 2537 5615 est.
2591 5559 2652 5615 Si
2677 5565 2793 5631 quis
2835 5567 3007 5613 autent
3046 5558 3307 5629 Spiritum
3333 5556 3524 5612 Christi
3555 5573 3655 5611 non
3684 5552 3802 5611 Ita—

2186 5654 2289 5721 bet,
2316 5653 2399 5708 hic
2440 5670 2542 5708 non
2569 5663 2643 5709 est
2682 5654 2795 5725 ejus
2821 5651 3001 5726 (Rom.
3026 5669 3142 5721 vut,
3176 5653 3228 5721 7,
3255 5650 3336 5723 9).
3367 5648 3629 5707 Ostendit
3652 5648 3797 5720 Spl-

2186 5748 2349 5805 rilum
2373 5747 2470 5805 Dei
2503 5756 2559 5805 et
2584 5744 2809 5817 Christi,
2843 5748 2989 5806 idem
3031 5762 3177 5805 esse.
3209 5746 3462 5805 Ostendit
3491 5754 3798 5819 praeterea,
