4032 6436
256 367 328 428 25
1405 382 1611 443 LIBER
1652 386 1743 445 DE
1782 388 2060 454 SEPTEM
2090 397 2404 459 BEGULIS.
3487 421 3564 479 ‘26

255 486 352 560 (ιιιί
395 487 661 559 δρίτῖιυπι
708 488 834 606 Πξί,
854 490 1130 606 “filiiﬁlii
1168 496 1429 606 ίηηξεεξηιξ
1469 517 1577 558 ιιοη
1619 518 1766 562 0588-
1798 505 1856 564 Si
1885 511 1932 574 A
1962 512 2089 570 ﬁde.
2120 515 2251 586 Qua:
2294 521 2698 593 multiplicatio.
2728 529 2951 587 evenire
2978 547 3083 588 non
3113 535 3287 606 possit
3314 537 3435 595 sine
3464 538 3563 595 ad-

255 598 391 654 ergo
422 600 564 639 untts
613 593 699 640 est
740 585 983 655 Spiritus
1015 589 1109 645 Dei
1139 599 1196 646 et
1221 589 1458 661 Christi;
1494 597 1776 668 propheta:
1805 611 1859 657 et

255 676 436 732 sancti
472 677 599 747 quia
628 676 889 748 Spiritum
922 679 1015 736 Dei
1045 679 1375 751 habuerunt,
1407 686 1668 758 Spiritum
1696 687 1857 747 Chri-

255 769 331 825 sti
357 772 688 826 habuerunt.
729 770 786 828 Si
829 773 1081 843 spiritum
1113 775 1210 832 Dei
1241 774 1573 847 habuerunt,
1610 783 1665 837 in
1693 799 1859 841 carne

254 876 372 916 non
417 860 671 930 fuerunt,
702 874 757 919 et
796 863 974 937 legem
1014 865 1259 923 fecerunt
1287 887 1297 923 :
1324 869 1448 940 quia
1483 887 1613 928 caro
1642 885 1722 929 est
1756 875 1860 930 ini-

253 957 401 1011 mica
449 957 501 1011 in
556 957 759 1022 Deum.
791 968 845 1015 et
878 960 983 1032 legi
1014 961 1136 1032 ejus
1178 964 1422 1034 subjecta
1473 982 1579 1023 non
1622 978 1725 1025 est.
1757 972 1857 1040 Qui

250 1065 390 1122 ergo
419 1050 487 1106 ad
521 1051 689 1108 Deum
716 1052 996 1126 confugit,
1027 1058 1242 1128 accepit
1283 1059 1548 1130 Spiritum
1594 1062 1715 1130 Dei,
1748 1081 1858 1137 quo

247 1155 511 1216 accepto,
544 1147 867 1204 mortiﬁcata
918 1159 1003 1205 est
1049 1165 1207 1219 caro;
1242 1169 1348 1224 qua
1381 1157 1729 1226 mortiﬁcata,
1762 1176 1861 1232 po-

249 1242 365 1294 tuit
396 1240 578 1297 facere
616 1240 792 1314 legem
834 1245 1137 1314 Spiritualis
1163 1288 1178 1312 ,
1211 1248 1476 1305 liberatus
1508 1266 1537 1306 a
1566 1252 1706 1324 lege,
1731 1255 1857 1326 quia

244 1333 407 1404 ju~to
441 1349 548 1389 non
576 1345 661 1391 est
692 1338 886 1406 posita.
930 1339 995 1394 Et
1026 1339 1221 1395 iterum
1248 1359 1261 1395 :
1288 1340 1347 1397 Si
1380 1341 1589 1413 Spiritu
1614 1346 1715 1402 Dei
1742 1350 1859 1422 agi-

249 1429 409 1494 mim',
438 1446 545 1484 non
571 1431 694 1485 estis
718 1431 813 1486 sub
850 1432 961 1505 lege
992 1432 1137 1497 (Gal.
1168 1452 1221 1501 v,
1254 1436 1364 1509 18).
1397 1439 1509 1505 Qua
1544 1456 1603 1496 re
1636 1441 1860 1499 manife-

246 1531 419 1587 stum,
448 1524 574 1594 quia
599 1535 780 1594 patres
800 1529 992 1592 thSlt‘i,
1011 1528 1103 1598 qui
1122 1528 1382 1598 Spiritum
1411 1532 1505 1589 Dei
1528 1532 1855 1604 habuerunt,

250 1629 370 1670 non
400 1615 625 1671 fuerunt
662 1617 765 1671 sub
793 1617 931 1690 lege.
963 1619 1233 1687 Quamdiu
1278 1624 1424 1679 enim
1453 1626 1577 1697 quis
1610 1628 1661 1682 in
1693 1642 1858 1686 carne

248 1718 363 1775 est,
391 1708 445 1764 id
492 1721 598 1778 est,
626 1711 888 1782 Spiritum
938 1714 1034 1769 Dei
1084 1731 1194 1771 non
1240 1716 1436 1785 habet,
1469 1719 1779 1778 dominatur
1806 1725 1857 1781 ei

249 1804 365 1861 lex.
398 1802 458 1861 Si
485 1814 665 1860 autem
719 1806 1005 1863 tradiderit
1030 1824 1090 1866 se
1118 1811 1307 1881 gratia:
1328 1854 1343 1879 ,
1374 1815 1609 1871 moritur
1648 1816 1773 1886 legi,
1805 1826 1859 1874 et

1955 605 2165 678 jutorio
2212 611 2346 685 legis
2391 617 2799 689 multiplicatae,
2847 633 2901 680 et
2952 605 3244 685 multitudo
3291 629 3344 685 in
3397 631 3558 689 ﬁdem

1963 703 2190 759 necdum
2219 708 2536 773 revelatam.
2570 713 2712 770 sicut
2731 716 2844 786 jam
2870 718 3075 776 dictum
3107 733 3211 791 est,
3246 724 3334 781 vel
3368 741 3560 783 neces-

1961 798 2120 852 sitate
2149 798 2533 860 deduceretur.
2563 806 2915 867 Providentia
2946 812 3131 885 itaque
3156 814 3276 882 Dei.
3308 826 3558 875 sanetum

1961 906 2026 946 ex
2054 893 2299 963 augendo
2320 896 2786 973 gubernandoque
2806 918 2995 961 semen
3024 907 3284 977 Abrahae,
3315 918 3374 966 ut
3401 926 3563 969 seve—

1961 985 2125 1045 ritate
2155 996 2211 1043 et
2236 1000 2381 1046 metu
2414 991 2586 1064 legis,
2617 998 2765 1052 multi
2805 1001 3267 1071 compellerentur
3289 1004 3340 1060 in
3375 1003 3563 1075 ﬁdem,

1960 1088 2017 1134 et
2058 1095 2246 1137 semen
2292 1081 2579 1142 fulciretttr
2622 1105 2795 1158 usque
2844 1092 2911 1148 ad
2963 1093 3089 1150 ﬁdei
3143 1097 3560 1154 revelationem;

1960 1171 2071 1229 Lex
2111 1184 2283 1230 autem
2318 1178 2624 1237 subintravit
2648 1226 2663 1249 ,
2696 1194 2751 1238 ut
2779 1186 3225 1257 multiplicaretur
3267 1202 3557 1260 peccatum.

1965 1266 2094 1335 Ubi,
2132 1269 2336 1341 inquit,
2368 1274 2771 1346 ntultiplicatum
2805 1290 2881 1335 est
2920 1292 3209 1354 peccatum,
3242 1285 3564 1355 superabun-

1960 1364 2100 1418 davit
2127 1368 2298 1438 gratia
2328 1368 2509 1441 (Rom.
2539 1387 2589 1437 ν,
2620 1374 2740 1443 20).
2780 1373 2897 1430 Non
2945 1376 3115 1442 dixit,
3161 1388 3302 1443 nata,
3349 1380 3445 1437 sed
3475 1398 3563 1436 su-

1959 1459 2351 1528 perabundavit.
2398 1460 2482 1517 Ab
2526 1462 2684 1519 initio
2728 1467 2873 1522 enim
2918 1468 3044 1524 data
3094 1479 3180 1525 est
3225 1470 3561 1542 fugientibus

1961 1550 2099 1622 legis
2130 1555 2412 1611 molestias
2454 1565 2620 1629 atque
2664 1560 2994 1618 dominium.
3037 1563 3350 1621 Abundavit
3377 1576 3558 1622 autem

1960 1646 2313 1718 multiplicata
2364 1649 2518 1721 lege,
2552 1655 3020 1723 superabundavit
3064 1671 3196 1713 vero
3238 1658 3293 1714 in
3340 1672 3561 1715 omnem

1959 1753 2213 1809 Carnem,
2245 1743 2479 1799 revelata
2509 1744 2562 1800 in
2594 1745 2896 1804 Christum.
2943 1748 3043 1818 Qui
3092 1750 3322 1806 veniens
3349 1758 3564 1807 restau—

1960 1847 2103 1901 rare,
2117 1850 2240 1904 quze
2265 1836 2317 1890 in
2333 1837 2497 1904 cmlo,
2515 1847 2569 1893 et
2583 1855 2703 1907 qua:
2723 1840 2778 1895 in
2800 1848 2964 1907 terra,
2983 1841 3380 1913 evangelizavit
3400 1842 3561 1899 ﬁdem

251 1899 388 1955 facit
421 1900 478 1955 in
522 1900 617 1955 illo
647 1902 819 1973 legem
852 1904 1103 1974 spiritus,
1136 1916 1350 1964 mortua
1391 1924 1579 1977 carne,
1606 1927 1726 1983 quae
1754 1912 1856 1983 legi

1965 1923 2071 1991 his,
2091 1899 2191 1995 qui
2232 1899 2551 1998 promineret
2599 1899 2689 2001 qui
2733 1935 2885 2003 longe
2913 1899 3018 2001 (is.
3050 1899 3162 1989 uit
3189 1977 3203 2001 ,
3231 1934 3330 1998 i9;
3362 1932 3561 2006 Ephcs.

252 1991 352 2046 Dei
384 1992 627 2064 subjecta
659 2010 784 2050 esse
815 2012 920 2051 non
951 2006 1147 2068 potest.
1178 1999 1334 2067 Quod
1365 2002 1509 2057 enim
1542 2005 1855 2075 gerebatur,

251 2084 305 2141 id
335 2086 503 2142 etiam
535 2103 681 2143 nunc
707 2091 921 2160 geritur
942 2133 957 2158 ,
991 2108 1098 2147 non
1128 2095 1274 2149 enim
1313 2096 1438 2166 quia
1471 2099 1575 2153 sub
1603 2098 1720 2170 lege
1748 2116 1856 2156 non

257 2193 469 2247 sumus,
499 2182 736 2239 cessavit
787 2184 1099 2241 interdictio
1151 2187 1240 2242 illa
1286 2192 1772 2262 concupiscentiae,
1805 2203 1860 2250 et

262 2289 371 2329 non
394 2274 562 2345 magis
602 2288 759 2332 aucta
788 2289 900 2345 est;
930 2280 1025 2336 sed
1059 2296 1158 2338 nos
1199 2282 1252 2338 in
1297 2286 1590 2342 revelatam
1618 2288 1851 2358 gratiam

253 2367 639 2423 concurrimus
667 2385 763 2439 per
790 2370 976 2439 ﬁdem,
1009 2373 1191 2448 edocti
1222 2393 1250 2430 a
1287 2378 1532 2447 Domino,
1561 2396 1696 2450 Opus
1727 2383 1859 2454 legis

252 2460 322 2516 de
371 2461 492 2531 ejus
539 2462 917 2520 misericordia
963 2470 1243 2537 postulare
1271 2482 1327 2525 ct
1356 2471 1539 2528 dicere
1568 2494 1580 2529 :
1611 2474 1727 2530 Fiat
1771 2493 1858 2531 vo-

253 2556 430 2610 luntas
454 2566 547 2612 tua
573 2574 593 2613 :
615 2558 708 2626 Et,
731 2558 919 2615 Libera
943 2578 1036 2617 nos
1055 2580 1085 2617 a
1111 2565 1249 2619 malo
1273 2563 1490 2637 (Matth.
1523 2584 1595 2636 v1,
1630 2570 1717 2634 10,
1743 2570 1855 2638 15).

256 2646 341 2704 illi
398 2661 584 2706 autent
628 2652 682 2708 in
725 2669 833 2709 non
887 2656 1181 2712 revelatam
1237 2674 1336 2729 per
1388 2660 1635 2717 eamdem
1691 2662 1855 2719 ﬁdem

251 2747 433 2801 coacti
464 2756 617 2804 metu
638 2749 853 2819 mortis,
880 2767 1040 2823 quam
1058 2752 1304 2808 ministra
1331 2754 1449 2827 lege
1468 2764 1657 2826 parato
1673 2758 1856 2829 gladio

252 2841 516 2897 intentari
564 2843 841 2900 videbant.
883 2846 995 2902 Lex
1026 2852 1150 2903 data
1184 2859 1286 2915 cst,
1320 2850 1495 2907 donec
1525 2851 1733 2909 veniret
1763 2868 1854 2909 se-

254 2951 407 3002 men,
429 2937 520 2992 cui
543 2938 872 3009 promissum
898 2950 981 2997 est
1004 2948 1059 2997 et
1073 2944 1450 3013 evangelizare
1472 2943 1657 3001 ﬁdem.
1684 2951 1854 3003 Antea

1960 2032 2019 2083 ll,
2054 2016 2167 2091 l7),
2197 2018 2249 2073 id
2280 2028 2382 2089 est,
2417 2024 2794 2091 peccatoribus
2838 2024 3005 2080 Israel
3038 2035 3093 2081 et
3117 2025 3391 2097 gentibus.
3423 2026 3564 2083 Justi

1959 2112 2105 2165 enim
2145 2110 2308 2167 Israel
2358 2128 2426 2169 ex
2475 2112 2612 2183 ﬁde,
2645 2116 2698 2171 in
2729 2118 2978 2173 eamdem
3009 2117 3168 2174 ﬁdem
3203 2119 3380 2174 vocati
3412 2128 3560 2175 sunt.

1960 2202 2106 2259 idem
2141 2220 2375 2277 namque
2418 2207 2644 2279 spiritus
2669 2251 2683 2275 ,
2716 2210 2909 2266 eadem
2960 2210 3122 2278 ﬁdes,
3150 2211 3343 2268 eadem
3391 2213 3566 2283 gratia

1960 2310 2058 2366 per
2100 2297 2380 2353 Christum
2428 2314 2651 2371 semper
2677 2302 2801 2358 data
2832 2313 2936 2359 est.
2970 2304 3214 2371 Quorum
3264 2306 3566 2376 plenitudi-

1960 2408 2083 2449 nem
2134 2397 2393 2463 veniens,
2427 2409 2642 2455 remoto
2690 2400 2826 2473 legis
2874 2402 3188 2471 velamine,
3228 2405 3376 2459 omni
3415 2402 3563 2475 genti
3630 2429 3633 2431 ί

1958 2487 2187 2561 largitus
2226 2500 2330 2558 est,
2357 2509 2479 2564 qua:
2523 2494 2708 2561 modo,
2736 2511 2842 2551 non
2879 2511 3081 2568 genere
3108 2513 3138 2553 a
3169 2496 3364 2555 futuris
3401 2498 3566 2555 diffe-

1958 2583 2173 2638 rebant.
2221 2584 2395 2641 Aliter
2421 2586 2564 2641 enim
2599 2603 2889 2658 numquam
2935 2589 3033 2645 fuit
3076 2605 3266 2648 semen
3300 2591 3559 2648 Abrahae.

1956 2674 2111 2742 Quod
2135 2676 2184 2733 si
2206 2679 2489 2750 quisquam
2515 2689 2714 2751 pra-ter
2737 2682 3243 2753 ﬁdemjustiﬁcatus
3260 2693 3348 2741 est
3371 2703 3384 2740 :
3411 2685 3558 2741 ﬁlius

1956 2771 2194 2827 Abrahae
2240 2789 2347 2829 non
2396 2774 2515 2830 fuit.
2544 2774 2813 2844 Quoniam
2858 2775 3002 2831 [ilius
3046 2777 3281 2834 Abrahae
3312 2777 3420 2834 dici
3450 2792 3561 2835 non

1958 2876 2157 2935 potest,
2184 2868 2228 2922 si
2276 2883 2340 2923 ex
2371 2868 2516 2940 lege,
2548 2876 2605 2925 et
2651 2866 2953 2926 non’sicut
2998 2871 3271 2927 Abraham
3295 2913 3310 2939 ,
3338 2888 3404 2927 ex
3454 2872 3562 2929 ﬁde

1951 2959 2286 3031 justiﬁeatus
2315 2971 2419 3018 est.
2466 2964 2548 3017 Ab
2592 2963 2782 3018 eadem
2817 2979 3054 3035 namque
3090 2965 3327 3037 imagine
3372 2968 3563 3038 gratim

253 3044 411 3097 vero,
442 3032 532 3087 lex
558 3034 789 3105 cogebat
814 3036 866 3090 in
904 3035 1036 3102 ﬁde;
1070 3039 1223 3107 quasi
1253 3039 1372 3096 sine
1402 3039 1521 3111 lege
1550 3056 1655 3096 non
1686 3044 1857 3112 possit

1960 3060 2011 3107 et
2041 3052 2295 3123 spiritus,
2331 3053 2382 3107 in
2426 3053 2677 3110 eamdem
2725 3032 2993 3112 transisse
3037 3032 3569 3125 Ecclesiam:docet

260 3124 491 3193 exprimi
520 3122 676 3191 ﬁdes,
707 3126 774 3182 ad
806 3129 1194 3199 exquirendum
1222 3130 1320 3187 Dei
1349 3134 1603 3202 gratiam,
1622 3149 1688 3190 eo
1710 3134 1853 3205 quod

1960 3122 2279 3217 Apostolus,
2308 3146 2499 3204 dicens
2526 3164 2542 3203 :
2568 3146 2684 3204 Nos
2712 3159 2886 3205 autem
2934 3166 3143 3219 omnes,
3173 3153 3397 3207 revelata
3429 3154 3566 3225 facie

264 3227 545 3287 peccatum
593 3219 848 3276 virtutem
896 3237 1005 3278 non
1049 3222 1296 3279 haberet.
1348 3225 1478 3280 Data
1524 3242 1655 3281 vero
1702 3227 1849 3297 lege',

1960 3240 2175 3311 gloriam
2201 3241 2301 3295 Dei
2328 3242 2669 3315 speculantes,
2697 3244 2751 3298 in
2773 3244 3006 3299 eamdem
3031 3244 3310 3317 imaginem
3331 3261 3568 3301 commu-

257 3311 543 3382 passioues
568 3328 689 3383 quze
720 3330 815 3385 per
843 3315 1016 3387 legem
1041 3327 1193 3384 sunt,
1213 3320 1582 3388 cpernhantur
1608 3322 1659 3377 in
1685 3338 1854 3379 mem-

1962 3344 2151 3399 tamur,
2182 3352 2214 3389 a
2238 3311 2478 3390 claritate
2503 3335 2558 3389 in
2588 3336 2877 3390 claritatem
2909 3336 2976 3409 (ll
3003 3311 3237 3403 Corsi",
3276 3336 3386 3409 l8).
3424 3338 3564 3394 Dicit

256 3406 371 3461 bris
404 3408 627 3473 nostris,
659 3415 918 3480 urgentes
947 3411 997 3465 in
1028 3422 1311 3480 peccatum
1334 3455 1350 3479 ,
1381 3425 1432 3467 ut
1482 3416 1563 3470 vel
1608 3416 1855 3472 necessi-

259 3510 404 3569 tate,
440 3513 767 3573 urgerentur
813 3503 864 3558 in
918 3503 1060 3572 llde,
1093 3522 1214 3576 qua)
1259 3506 1575 3578 imploraret
1624 3509 1854 3579 gratiam

262 3595 364 3650 Dei
390 3595 442 3650 in
471 3596 679 3651 auxilio
711 3596 1039 3654 tolerantiae.
1090 3599 1403 3657 Custodiam
1435 3602 1675 3658 carceris
1711 3604 1857 3674 passi

260 3703 473 3754 smnus,
521 3690 642 3761 lege
686 3691 932 3747 minante
976 3703 1239 3758 mortem,
1292 3704 1347 3749 et
1393 3695 1854 3767 undiqueversum

257 3781 615 3853 insuperabili
662 3800 820 3840 muro
861 3785 1196 3843 ambientem
1224 3829 1241 3856 ,
1274 3790 1428 3859 cujus
1458 3791 1697 3847 ambitus
1739 3793 1856 3849 sola

255 3891 364 3933 una
392 3876 561 3945 janua
585 3877 684 3932 fuit
708 3879 908 3949 gratia.
942 3878 1079 3934 lluic
1109 3880 1285 3949 ianua:
1316 3895 1524 3951 cusms,
1553 3882 1691 3939 ﬁdes
1720 3900 1859 3955 prae-

253 3968 475 4025 sidebat
496 3984 515 4024 :
540 3978 598 4025 ut
625 3986 787 4027 nemo
823 3971 973 4027 illum
1016 3987 1295 4030 carcerem
1324 3974 1606 4046 eﬁ‘ngeret,
1640 3978 1741 4033 nisi
1769 3977 1857 4035 cui

255 4061 398 4118 ﬁdes
423 4064 769 4134 aperuisset;
802 4074 858 4121 et
896 4067 984 4137 qui
1016 4064 1154 4122 hanc
1191 4067 1410 4137 jauuam
1441 4085 1547 4124 nou
1576 4071 1855 4141 pulsaret,

253 4156 401 4210 intra
430 4164 581 4226 septa
606 4155 739 4225 legis
759 4169 1092 4215 moreretur.
1113 4158 1309 4230 Legem
1337 4161 1685 4235 paedagogum
1713 4166 1854 4234 passi

255 4266 481 4317 sumus,
514 4252 604 4320 qui
634 4267 736 4307 nos
762 4264 982 4324 cogeret
1009 4253 1232 4310 studere
1261 4254 1420 4322 ﬁdei,
1446 4255 1538 4327 qui
1569 4273 1668 4313 nos
1693 4273 1855 4330 coge-

256 4356 347 4403 ret
371 4346 425 4401 in
452 4346 695 4403 Christo.
733 4346 871 4403 Dicit
900 4347 1047 4404 enim
1092 4348 1408 4419 Apostolus,
1443 4360 1730 4421 propterea
1761 4352 1858 4408 da-

258 4448 370 4495 tam
394 4438 594 4509 legem,
621 4451 679 4494 ut
700 4454 800 4495 nos
819 4440 1064 4496 custodia
1086 4457 1182 4496 sua
1211 4441 1566 4498 concluderet
1593 4444 1645 4498 in
1670 4443 1853 4510 ﬁdem,

256 4544 523 4606 quantum
570 4533 818 4590 futurum
866 4544 987 4592 erat
1034 4535 1266 4591 revelari
1294 4535 1348 4590 in
1377 4534 1623 4602 Christo,
1655 4536 1745 4607 qui
1774 4546 1856 4593 est

258 4628 384 4683 linis
427 4627 599 4697 legis,
633 4642 741 4698 quo
788 4630 1044 4683 vixerunt
1072 4643 1286 4692 omnes,
1316 4628 1407 4700 qui
1459 4628 1617 4684 fidem
1665 4630 1856 4701 gratia:

1960 3437 2016 3483 et
2043 3437 2168 3482 ante
2215 3429 2526 3498 passionem
2573 3427 2789 3484 Domini
2832 3430 3060 3499 gloriam
3094 3428 3285 3497 fuisse,
3316 3439 3369 3485 et
3402 3440 3568 3502 negat

1960 3536 2029 3578 ex
2065 3522 2183 3593 lege
2222 3520 2462 3588 excludi,
2495 3519 2547 3576 id
2577 3530 2684 3590 est,
2713 3520 2970 3593 exprimi,
3002 3521 3251 3592 produci,
3290 3520 3435 3578 efﬁci
3468 3538 3567 3592 po-

1961 3614 2151 3669 tuisse.
2202 3612 2392 3677 llnde,
2429 3613 2777 3668 manifestum
2816 3622 2921 3680 est,
2973 3628 3039 3669 ex
3091 3612 3195 3668 ﬁde
3226 3612 3415 3670 fuisse.
3468 3612 3571 3669 Ubi

1960 3723 2101 3779 ergo,
2133 3707 2330 3779 inquit,
2353 3706 2635 3778 gloriatio?
2664 3706 2893 3761 Exclusa
2920 3714 3010 3760 est.
3050 3704 3155 3759 Per
3181 3721 3338 3775 quam
3364 3706 3569 3775 legem?

1962 3799 2031 3855 Et
2059 3800 2309 3872 numquid
2340 3800 2600 3874 cperam?
2628 3798 2788 3864 Non;
2814 3804 2905 3853 sed
2929 3815 3022 3868 per
3048 3797 3211 3869 legem
3235 3797 3362 3868 ﬁdei
3382 3796 3565 3871 (Rom.

1963 3912 2057 3964 III,
2107 3896 2213 3962 27,
2257 3896 2376 3967 ι28).
2434 3895 2575 3964 Quid
2621 3896 2753 3949 enim
2802 3894 3079 3967 Scriptura
3127 3893 3298 3948 dicit?
3336 3892 3568 3947 Credidit

1965 3988 2226 4044 Abraham
2256 3988 2383 4056 Deo,
2414 4000 2462 4043 et
2489 3995 2783 4059 reputatum
2808 3996 2885 4041 est
2913 3985 2961 4039 ei
2997 3985 3055 4040 in
3101 3984 3353 4056 iustitiam
3376 3984 3395 4058 (
3416 3983 3565 4041 Rout.

1964 4100 2037 4151 tv,
2072 4084 2145 4157 5).
2196 4083 2275 4139 Ad
2305 4082 2537 4153 gloriam
2590 4098 2662 4137 ex
2707 4080 2898 4137 eadem
2947 4079 3119 4150 gloria
3174 4078 3566 4135 transivimus:

1961 4192 2087 4249 qua:
2136 4192 2243 4233 non
2288 4176 2390 4231 fuit
2434 4191 2503 4232 ex
2551 4176 2692 4245 lege.
2721 4175 2775 4229 Si
2828 4189 2897 4228 ex
2944 4173 3203 4243 operibus
3231 4170 3353 4237 fuit,
3404 4171 3571 4229 habet

1962 4269 2214 4341 gloriam,
2246 4268 2341 4324 sed
2376 4283 2482 4324 non
2514 4266 2579 4322 ad
2611 4266 2803 4322 Deum.
2843 4263 3056 4319 Etenim
3091 4262 3432 4334 impossibile
3459 4273 3570 4327 est,

1961 4363 2082 4419 sine
2122 4362 2295 4433 gratia
2344 4359 2694 4427 Dei,habere
2735 4357 2969 4427 aliquam
3016 4356 3268 4427 gloriam.
3316 4354 3433 4413 Una
3482 4365 3570 4412 est

1960 4457 2105 4512 enim
2132 4454 2330 4527 gloria,
2359 4462 2415 4510 et
2439 4470 2546 4508 uno
2588 4468 2788 4523 genere
2819 4466 3039 4521 semper
3070 4450 3192 4506 fuit.
3222 4449 3395 4507 Nemo
3422 4450 3567 4506 enim

1959 4549 2112 4615 vicit,
2144 4548 2245 4602 nisi
2290 4547 2378 4602 cui
2414 4547 2556 4602 Deus
2591 4545 2784 4600 vicerit
2809 4586 2825 4607 ,
2852 4545 2999 4615 quod
3030 4561 3140 4600 nott
3172 4555 3257 4600 est
3295 4558 3362 4600 ex
3404 4544 3563 4614 lege:

1961 4641 2054 4698 sed
2087 4641 2175 4713 qui
2207 4640 2419 4696 fecerit.
2451 4639 2507 4694 lu
2538 4638 2698 4695 ﬁdem
2728 4639 3111 4704 autem,-Deus
3143 4637 3419 4693 inﬁrmum
3445 4635 3573 4692 facit

259 4720 355 4778 Dei
386 4721 789 4791 exquisierunt.
821 4720 980 4777 Prius
1001 4763 1015 4787 ,
1042 4722 1237 4792 inquit,
1269 4739 1428 4793 quam
1467 4723 1659 4777 ueniret
1686 4723 1815 4793 ﬁdes
1841 4765 1854 4789 ,

1963 4736 2337 4793 adversarium
2381 4744 2649 4791 nostrum.
2695 4734 2996 4803 Pr0ptcrea
3019 4775 3033 4799 ,
3070 4733 3160 4804 qui
3190 4731 3484 4805 gloriatur,
3514 4732 3567 4786 in

260 4817 363 4869 sub
407 4814 531 4886 lege
580 4813 1054 4877 custodiebamur,
1084 4814 1327 4870 conclusi
1368 4815 1423 4870 in
1476 4816 1657 4880 ﬁdem,
1691 4831 1855 4885 quam

262 4905 500 4963 futurum
529 4918 650 4964 erat
680 4907 938 4964 revelari.
967 4905 1078 4963 Lex
1114 4909 1290 4978 itaque
1332 4908 1648 4982 pmdagogus
1686 4919 1861 4963 noster

262 5004 358 5075 fuit
382 5004 437 5058 in
468 5001 677 5058 Christo
717 4999 862 5074 (Gal.
890 5017 972 5070 ιιι,
998 5001 1093 5072 24)
1118 5018 1134 5055 :
1162 5012 1219 5055 ut
1248 5016 1316 5056 ex
1344 5001 1451 5057 ﬁde
1470 4999 1871 5071 justiﬁcemure

263 5098 397 5165 Lex,
430 5099 652 5168 inquam
676 5140 689 5164 ,
718 5107 744 5135 ι·
769 5098 901 5168 ﬁdes
929 5106 1049 5153 erat
1076 5094 1526 5152 demonstratrix.
1575 5095 1682 5152 Sed
1714 5094 1860 5151 dicet

262 5191 385 5261 quis
413 5209 426 5245 :
451 5192 498 5246 si
531 5192 585 5245 in
628 5190 860 5245 utilitate
889 5189 1016 5247 ﬁdei
1046 5189 1171 5244 data
1202 5198 1288 5244 est
1325 5188 1409 5244 lex
1438 5229 1453 5255 ,
1497 5203 1595 5244 cur
1639 5204 1746 5243 non
1789 5187 1857 5244 ab

263 5286 475 5356 origine
522 5284 749 5354 seminis
797 5283 1068 5349 Abrahae,
1099 5279 1367 5353 siquidem
1411 5280 1539 5352 juge
1581 5280 1717 5336 fuit?
1744 5280 1856 5338 Re-

264 5395 391 5436 vera
416 5423 432 5446 ,
478 5380 609 5451 juge
656 5379 778 5434 luit.
828 5378 978 5451 Jugis
1018 5388 1075 5434 et
1109 5376 1282 5445 ﬁdes,
1345 5386 1402 5432 ut
1432 5376 1676 5446 genitrix
1717 5375 1863 5431 ﬁlio-

264 5494 386 5533 rum
441 5475 696 5532 Abrahae.
771 5474 925 5546 Jugis
977 5482 1033 5530 et
1088 5473 1210 5537 lex,
1273 5488 1367 5543 per
1423 5469 1857 5542 dignoscentiam

263 5572 393 5627 boni
448 5579 505 5626 et
566 5569 718 5625 mali.
781 5566 892 5625 Sed
952 5576 1074 5638 post
1131 5566 1556 5638 promissionem
1623 5565 1858 5621 ﬁliorum

267 5668 522 5732 Abrahae,
549 5664 926 5737 multiplicatis
955 5666 1035 5721 eis
1061 5662 1364 5721 secundum
1395 5678 1643 5734 carnem,
1674 5664 1859 5720 mulli-

264 5759 578 5833 plicandum
605 5766 725 5818 erat
748 5767 803 5816 et
831 5774 1017 5818 semen
1064 5756 1297 5815 Abrahae
1323 5800 1337 5827 ,
1368 5757 1512 5831 quod
1542 5772 1650 5817 non
1676 5767 1762 5817 est
1788 5773 1859 5815 ex

334 5956 364 5987 ει
394 5940 573 6007 Fidei.

1965 4827 2185 4884 Domino
2215 4827 2467 4902 glorietur
2494 4826 2541 4898 (l
2570 4825 2692 4882 Cor.
2725 4843 2765 4893 t,
2793 4826 2906 4899 51).
2940 4825 2994 4882 Si
3041 4827 3186 4881 enim
3219 4824 3366 4897 quod
3393 4824 3570 4879 vinei-

1963 4938 2108 4987 mus,
2142 4931 2386 4977 nostrum
2417 4936 2524 4976 non
2554 4929 2638 4976 est
2663 4937 2676 4975 :
2704 4936 2811 4975 non
2841 4928 2924 4975 est
2952 4934 3016 4974 ex
3046 4918 3339 4989 operibus,
3368 4917 3466 4974 sed
3498 4933 3566 4973 cx

1961 5013 2089 5069 ﬁde.
2123 5012 2267 5069 Nihil
2299 5021 2385 5068 est
2424 5012 2591 5083 igitur
2618 5011 2762 5082 quod
2786 5027 2851 5068 ex
2887 5011 3045 5066 nobis
3068 5011 3386 5082 gloriemur.
3421 5008 3567 5065 Nihil

1961 5108 2105 5164 enim
2138 5107 2439 5170 habemus,
2475 5106 2620 5177 quod
2651 5122 2758 5161 nun
2803 5106 3134 5177 accepimus.
3169 5104 3224 5161 Si
3256 5118 3469 5170 sumus,
3498 5120 3565 5160 cx

1964 5199 2078 5256 Deo
2122 5214 2314 5256 sumus
2354 5216 2369 5254 :
2412 5207 2469 5253 ut
2501 5197 2818 5269 magnitudo
2842 5199 3059 5253 virtutis
3104 5197 3176 5253 sit
3207 5197 3325 5266 Dei,
3365 5206 3422 5252 et
3452 5211 3561 5253 non

1964 5306 2031 5348 ex
2057 5292 2234 5349 nobis.
2258 5293 2432 5348 Omtte
2457 5306 2594 5361 Opus
2618 5303 2893 5358 nosmtm,
2919 5291 3057 5347 ﬁdes
3080 5296 3184 5346 est.
3209 5289 3340 5359 Qua:
3360 5299 3563 5362 quanta

1963 5385 2149 5453 fuerit,
2182 5395 2388 5442 tantum
2439 5386 2578 5442 Deus
2622 5395 2879 5455 operatur
2906 5386 2960 5440 in
2990 5385 3166 5440 nobis.
3207 5383 3340 5440 Cum
3374 5386 3428 5440 in
3460 5385 3563 5440 hoc

1965 5480 2225 5551 gloriatur
2275 5480 2535 5537 Salomon
2590 5479 2759 5536 fuisse
2808 5494 2914 5534 non
2957 5494 3022 5533 ex
3072 5477 3328 5543 homine;
3360 5477 3458 5535 sed
3493 5493 3560 5533 ex

1966 5572 2063 5629 Dei
2112 5572 2258 5628 dono
2306 5588 2427 5629 esse
2472 5572 2709 5629 hominis
2744 5571 3080 5629 continentia
3110 5588 3123 5625 :
3148 5569 3278 5626 Cum
3307 5571 3564 5635 sciri,iu-

1969 5667 2111 5738 quit,
2142 5667 2267 5738 quia
2293 5666 2446 5722 aliter
2470 5684 2573 5723 non
2595 5682 2805 5741 possum
2839 5682 2946 5723 esse
2972 5666 3267 5733 continens,
3298 5665 3403 5721 nisi
3430 5662 3567 5719 Deus

1966 5758 2184 5817 dederit.
2224 5756 2295 5815 Et
2319 5758 2419 5818 hoc
2444 5761 2616 5833 ipsum
2648 5769 2761 5816 erat
2798 5762 3088 5834 sapientia,
3111 5761 3265 5830 scire,
3288 5758 3439 5832 cujus
3469 5756 3569 5815 hoc
