4032 6446
473 380 542 435 27
1863 381 2068 440 TICHO

2203 380 2362 440 ΛΕΜ
3703 374 3775 435 28

472 505 664 558 donum
687 515 835 563 esset.
868 506 992 563 Adii
1025 507 1329 572 Dominum,
1358 516 1408 563 et
1437 507 1745 576 deprecatus
1771 518 1883 561 sunt
1914 505 2069 574 (Sep.
2102 505 2155 564 Α
2177 505 2317 574 quod
2342 503 2546 559 locutus
2581 514 2696 557 sum
2722 503 2793 575 (ll
2821 503 2938 559 Car.
2966 518 3038 569 tv,
3076 502 3188 575 13).
3227 502 3493 560 Eumdem
3523 500 3775 575 spiritum

476 612 592 664 vut,
624 600 685 653 2t
704 601 741 670 ).
776 600 994 658 indicia
1022 603 1334 659 Salomonis
1362 600 1695 657 credendum
1726 609 1838 664 est,
1868 614 1974 654 non
2003 613 2070 655 ex

474 692 755 761 Operibus,
787 694 882 749 St'd
910 711 977 750 ex
1006 696 1182 766 gratia
1235 694 1352 758 Dei,
1384 708 1576 748 omnes
1599 693 1953 762 justilicatos,
1980 691 2070 761 qui

472 782 715 841 scierunt
759 801 898 857 opus
950 788 1084 857 legis
1109 802 1140 843 a
1170 788 1278 842 Deo
1308 786 1643 855 implendum
1671 827 1686 854 ,
1714 798 1822 855 quo
1863 784 2073 855 possint

472 876 712 947 gloriari.
749 879 890 936 Dicit
931 892 1114 939 autem
1151 882 1486 952 Apostolus:
1514 879 1583 937 Ut
1607 880 1774 935 omnis
1816 895 1937 933 caro
1967 895 2071 933 non

472 968 724 1045 glorietur
751 974 807 1028 in
836 986 1109 1045 conspectu
1141 975 1239 1030 Dei
1269 976 1311 1047 (Ι
1353 972 1473 1030 Cor.
1507 986 1548 1041 ι,
1589 971 1704 1045 29).
1739 972 1864 1028 Itali
1894 972 2073 1029 omni.

472 1065 659 1134 modo,
706 1069 854 1139 quod
904 1070 1073 1126 Deum
1121 1085 1230 1127 non
1283 1077 1662 1141 cognoverunt
1700 1067 1894 1138 zjusti,
1929 1066 2070 1139 quod

473 1171 580 1212 non
610 1174 791 1229 suum,
823 1160 919 1216 sed
949 1160 1045 1218 Dei
1076 1161 1185 1217 sint
1212 1177 1370 1232 opus.
1403 1160 1647 1226 Inutilia,
1678 1159 1877 1230 inquit,
1907 1168 1955 1215 et
1975 1159 2069 1213 ab-

471 1251 605 1315 iecta
653 1253 806 1328 elegit
851 1252 1017 1323 Deus,
1044 1273 1162 1326 quia
1206 1273 1311 1311 non
1355 1265 1476 1312 sunt
1506 1266 1526 1311 :
1551 1264 1607 1308 ut
1635 1271 1729 1320 ea,
1769 1268 1886 1323 qua
1908 1258 2028 1307 sunt
2051 1288 2067 1319 ,

472 1358 873 1416 concitarentur,
906 1360 961 1403 ut
987 1366 1089 1405 non
1117 1350 1369 1425 glorietur
1388 1351 1444 1406 in
1474 1357 1752 1419 conspectu
1782 1347 1881 1402 Dei
1906 1347 2071 1402 onmls

471 1455 615 1493 cara.
642 1439 723 1495 Ex
745 1442 860 1513 ipsa
888 1452 1061 1498 autem
1076 1460 1162 1498 uas
1192 1446 1313 1498 estis
1333 1444 1385 1498 in
1409 1441 1616 1498 Christo
1630 1439 1879 1511 Jesu,qiti
1903 1443 2072 1511 [actis

471 1543 545 1586 es:
584 1534 723 1589 vobis
764 1536 1019 1605 sapientia
1048 1554 1079 1589 a
1107 1534 1247 1601 Deo,
1279 1544 1329 1589 et
1350 1536 1582 1609 justitia,
1615 1543 1663 1589 et
1704 1532 2068 1597 sanctimonia,

468 1635 518 1681 et
564 1627 853 1697 redemptio
890 1644 909 1683 :
937 1638 992 1683 ut
1030 1628 1314 1685 secundum
1348 1626 1485 1699 quod
1528 1628 1776 1695 scriptum
1818 1635 1893 1680 est
1923 1642 1943 1679 :
1972 1626 2071 1691 Qui

471 1717 751 1790 gloriatur,
779 1721 834 1775 in
876 1720 1098 1776 Domino
1126 1721 1372 1793 glorietur
1396 1719 1563 1791 (Ibid.
1585 1758 1600 1786 ,
1632 1719 1845 1789 €8-50).
1879 1719 1945 1775 Et
1972 1718 2072 1773 ite-

472 1828 592 1870 rutn
625 1830 637 1867 :
670 1812 851 1870 Gratia
873 1816 998 1871 estis
1022 1816 1207 1870 saluati
1237 1831 1326 1885 per
1348 1816 1503 1886 ﬁdem
1527 1857 1541 1882 ,
1570 1824 1618 1869 et
1647 1814 1744 1869 liae
1777 1831 1877 1869 non
1897 1831 1963 1869 ex
1983 1829 2072 1867 vo—

2177 595 2299 650 lidel
2327 637 2341 659 ,
2386 596 2527 651 dixit
2571 595 2826 651 habuisse
2877 595 3170 662 eumdem,
3222 598 3313 666 qui
3357 596 3534 652 dixit:
3567 595 3778 653 Credidi

2174 698 2383 761 prapter
2404 689 2542 761 quod
2561 688 2767 743 locutus
2789 706 2902 744 sum
2923 688 3045 760 (Ps.
3063 704 3188 756 cxv,
3208 687 3262 761 1)
3283 708 3294 744 :
3317 700 3369 745 et
3389 690 3441 744 id
3466 690 3774 759 conllrmat,

2174 786 2392 842 dicens:
2414 785 2476 840 Et
2491 803 2582 842 nos
2598 786 2853 841 credimus
2869 800 2887 853 ;
2902 785 3116 858 ideoque
3134 793 3183 841 et
3200 784 3480 857 loquimur.
3498 784 3773 842 Dicendo:

2175 875 2244 931 Et
2261 894 2372 943 nos,
2394 879 2632 933 ostendit
2648 888 2704 933 et
2724 878 2846 933 illos
2870 878 3063 934 eodem
3087 878 3278 949 spiritu
3304 877 3427 933 lidei
3450 879 3774 936 credidisse.

2177 972 2328 1029 Unde
2370 972 2715 1029 manifestum
2748 981 2869 1039 est,
2900 971 3021 1044 quia
3072 971 3187 1027 ltmc
3229 973 3360 1043 justi
3396 988 3501 1028 non
3533 987 3598 1027 ex
3632 972 3775 1044 lege,

2173 1068 2269 1124 sed
2318 1069 2509 1138 spiritu
2559 1067 2683 1125 lldei
2733 1083 2952 1138 semper
3003 1067 3332 1122 habuerunt.
3378 1062 3647 1138 Quidquid
3685 1082 3779 1137 per

2179 1162 2465 1216 Dominum
2514 1161 2680 1225 venit,
2709 1159 2992 1232 plenitudo
3022 1167 3140 1225 est,
3175 1156 3330 1229 cujus
3374 1172 3497 1229 pars
3539 1158 3640 1212 luit
3682 1173 3779 1228 per

2173 1252 2447 1308 eutudem.
2474 1254 2629 1309 Sicut
2651 1253 2931 1322 parvulus,
2955 1252 3048 1323 qui
3072 1264 3194 1308 cum
3223 1251 3358 1306 niltil
3382 1252 3560 1306 minus
3583 1250 3779 1309 habeat

2172 1364 2200 1404 a
2229 1352 2370 1412 viro.
2408 1360 2589 1405 tamen
2627 1347 2716 1403 vir
2757 1364 2863 1403 non
2906 1355 3013 1412 est,
3046 1350 3102 1402 et
3141 1362 3237 1417 per
3281 1348 3617 1403 incrementa
3664 1360 3776 1403 non

2175 1454 2461 1507 novorum.
2496 1443 2592 1499 sed
2624 1441 2942 1498 earumdem
2970 1440 3371 1505 membrorum,
3400 1443 3453 1496 in
3481 1457 3603 1497 eum
3632 1443 3780 1499 venit

2177 1537 2455 1607 plenitudo
2484 1536 2753 1607 corporis,
2781 1546 2837 1591 ut
2866 1536 2935 1592 sit
2967 1534 3262 1605 perfectus,
3296 1535 3439 1592 idem
3472 1546 3653 1595 tamen
3686 1540 3776 1611 qui

2175 1628 2356 1685 fuerat
2386 1629 2663 1699 parvulus.
2695 1629 2903 1685 Revera
2945 1644 3050 1682 non
3082 1638 3201 1684 erat
3230 1628 3281 1684 in
3315 1630 3571 1686 omnibus
3602 1630 3779 1701 Spiri-

2175 1731 2259 1778 tus
2286 1730 2510 1780 sanctus
2535 1732 2661 1779 ante
2704 1724 3016 1795 passionem
3046 1720 3257 1779 Domini
3284 1739 3298 1791 ;
3330 1725 3423 1780 sed
3452 1726 3507 1780 in
3540 1725 3652 1781 illis
3685 1726 3776 1797 qui

2177 1828 2272 1885 per
2299 1817 2473 1886 ipsum
2509 1826 2830 1886 pra-sentem
2870 1816 3193 1884 credebant,
3222 1825 3279 1872 ut
3311 1819 3430 1889 ipso
3458 1814 3686 1887 victore,
3722 1830 3777 1876 et

471 1907 546 1960 bis
578 1906 798 1980 (Ep/tes.
834 1923 895 1973 tt,
925 1909 1002 1978 8).
1032 1908 1123 1964 Dei
1167 1909 1369 1965 denum
1399 1918 1481 1966 est
1503 1947 1519 1975 ,
1551 1924 1658 1965 non
1691 1924 1755 1965 es
1786 1908 2066 1979 operibus,
2101 1909 2149 1969 Β
2175 1917 2371 1966 cuncta
2396 1910 2734 1980 perﬁciente,
2768 1907 2966 1980 signati
2996 1909 3409 1981 perﬁcerentur.
3443 1908 3576 1965 Nam
3606 1910 3735 1981 justi
3756 1953 3772 1979 ,

471 2016 540 2056 ne
569 2002 709 2059 l‘orte
744 2003 867 2073 quis
906 2003 1210 2074 glorietur:
1235 2003 1408 2074 ipsius
1447 2003 1590 2060 enim
1622 2018 1809 2058 sumus
1837 2002 2069 2072 ﬁgmenc

473 2103 612 2159 tum,
642 2095 816 2150 creati
847 2095 900 2150 in
927 2094 1173 2152 Christo.
1203 2096 1297 2153 Sic
1329 2098 1474 2153 nulla
1516 2111 1646 2152 caro
1680 2096 1974 2167 aliquando
2001 2111 2068 2151 ex

469 2185 613 2258 lege,
647 2188 698 2244 id
728 2196 815 2245 est
841 2205 910 2246 ex
940 2190 1206 2260 operibus
1230 2190 1519 2262 justiticari
1561 2201 1762 2263 potest,
1797 2199 1857 2245 ut
1879 2190 2067 2268 omnis

466 2280 651 2350 justus
696 2296 764 2337 ex
817 2281 930 2338 Deo
974 2282 1205 2354 gloriam
1257 2283 1504 2339 haberet.
1562 2283 1655 2339 Est
1701 2282 1878 2347 aliud,
1919 2281 2065 2350 quod

470 2388 632 2429 nemo
677 2373 941 2444 glorietur
985 2376 1040 2430 in
1085 2386 1379 2446 conspectu
1411 2376 1557 2432 Dei:
1600 2375 1746 2431 Deus
1790 2375 1934 2431 enim
1983 2373 2067 2430 sic

469 2468 585 2523 suis
627 2477 917 2539 operatur,
950 2478 1007 2525 ut
1038 2472 1113 2526 sit
1157 2471 1298 2542 quod
1345 2482 1402 2528 et
1439 2469 1676 2526 dimittat
1721 2487 1735 2524 :
1781 2469 1949 2524 Nemo
1993 2476 2066 2524 est

468 2561 605 2615 enim
630 2560 856 2619 mundus
879 2580 914 2616 α
940 2563 1110 2628 sorde,
1137 2580 1229 2618 nec
1270 2564 1317 2619 si
1356 2565 1512 2619 unius
1557 2563 1665 2619 diei
1702 2564 1766 2618 sit
1815 2565 1916 2618 vita
1952 2566 2067 2636 ejus

468 2647 617 2721 (Job.
663 2667 771 2719 xtv,
805 2652 887 2725 4).
921 2652 992 2709 Et
1025 2654 1190 2710 David
1232 2654 1364 2710 dicit
1394 2673 1409 2710 :
1442 2652 1563 2709 Non
1591 2655 1815 2710 introeas
1844 2655 1896 2710 in
1915 2652 2070 2727 judi‘

463 2744 603 2799 cium
651 2761 766 2799 estut
812 2761 955 2800 servo
997 2756 1086 2801 tuo
1111 2787 1125 2813 ,
1173 2749 1418 2819 quoniam
1462 2763 1565 2801 nats
1592 2747 1972 2821 justiﬁcabitur
2010 2747 2065 2800 its

465 2850 743 2911 conspectu
767 2851 854 2896 tuo
874 2843 1036 2897 omnis
1065 2842 1377 2915 viveus'(Ps.
1410 2859 1572 2910 astu,
1603 2842 1684 2915 Ξ).
1719 2844 1783 2897 Et
1805 2843 2064 2899 Salomon

464 2932 522 2988 in
550 2932 897 2992 dedicatione
924 2937 1111 3006 templi
1136 2954 1150 2991 :
1179 2936 1303 2993 Non
1329 2948 1429 3005 est,
1460 2937 1654 3009 inquit,
1684 2939 1835 2993 homo
1853 2939 1941 3009 qui
1960 2954 2066 2994 nats

463 3028 691 3098 peccavit
722 3027 812 3099 (Ill
844 3026 977 3102 Reg.
1017 3045 1132 3095 vui,
1158 3028 1278 3102 46).
1309 3031 1374 3086 Et
1403 3031 1601 3087 iterum
1630 3050 1642 3086 :
1670 3030 1783 3087 Tibi
1811 3030 1909 3087 sali
1929 3030 2067 3086 deli-

464 3120 555 3190 qui
586 3118 704 3191 (Ps.
738 3138 793 3185 ι.
824 3120 905 3191 6).
934 3123 1069 3191 Quis
1104 3125 1253 3179 enim
1284 3124 1607 3195 gloriabitur
1637 3133 1844 3181 castum
1877 3141 1939 3182 se
1970 3126 2065 3181 ha-

467 3212 599 3269 bere
647 3213 780 3269 cor?
827 3214 938 3271 Aut
981 3216 1102 3286 quis
1147 3216 1509 3287 gloriabitur,
1557 3218 1817 3274 mundum
1863 3233 1989 3275 esse
2032 3235 2063 3276 tt

2173 2021 2312 2076 quos
2345 2004 2431 2060 hic
2477 2005 2689 2060 invenit
2711 2046 2726 2071 ,
2773 2004 3081 2059 habuerunt
3108 2003 3375 2075 Spiritum
3409 2013 3689 2071 sanctum,
3718 2014 3777 2060 ut

2172 2099 2395 2155 Simeon
2428 2108 2477 2153 et
2509 2097 2829 2165 Nathauael,
2860 2110 2913 2153 et
2941 2097 3235 2152 Zacharias
3255 2139 3269 2163 ,
3300 2106 3355 2152 et
3385 2092 3687 2163 Elisabeth,
3723 2106 3777 2153 et

2173 2197 2325 2248 Anna
2358 2193 2518 2248 vidua
2549 2193 2658 2247 lilia
2687 2192 2950 2247 Phanuel.
2982 2186 3284 2246 Promissio
3313 2206 3339 2243 a
3375 2191 3495 2261 lege
3524 2196 3775 2262 separata

2170 2297 2287 2353 est;
2323 2300 2496 2357 neque
2536 2298 2658 2340 cum
2706 2286 2778 2339 sit
2817 2285 3032 2340 diversa
3054 2323 3070 2352 ,
3103 2282 3397 2337 immisceri
3430 2291 3627 2353 potest.
3659 2282 3773 2338 Non

2169 2380 2414 2435 conditio
2438 2380 2674 2434 inllrtuat
2705 2378 3159 2449 promissionem;
3191 2377 3440 2449 cogimur
3465 2386 3644 2432 autem
3674 2390 3773 2433 nos
3836 2448 3842 2455 δ

2172 2477 2314 2547 loqui
2344 2490 2430 2539 ea,
2459 2490 2581 2546 qua:
2628 2474 2747 2529 sine
2801 2475 2925 2545 igne
2968 2472 3176 2528 doloris
3216 2470 3407 2528 audire
3444 2488 3550 2529 non
3583 2486 3773 2543 pussu-

2170 2583 2312 2626 mus.
2345 2570 2539 2625 Dicunt
2569 2569 2713 2623 ettim
2741 2567 2985 2638 quidam,
3019 2568 3107 2638 qui
3148 2565 3571 2637 promissionum
3599 2566 3771 2623 litmi-

2171 2673 2358 2727 ttttettt,
2384 2673 2437 2717 ct
2458 2676 2579 2734 qua:
2601 2678 2671 2717 ex
2699 2662 2812 2732 lege
2837 2672 2940 2728 est,
2960 2660 3453 2732 transgressionem
3479 2662 3764 2718 nesciunt:

2171 2755 2485 2826 promisisse
2505 2754 2726 2825 quidem
2755 2754 2919 2808 Deum
2946 2753 3198 2820 Abrahae,
3223 2769 3413 2809 omnes
3437 2758 3626 2824 gettlrs
3647 2753 3766 2826 (sed

2169 2848 2321 2903 salva
2353 2847 2527 2901 libero
2571 2846 2843 2918 arbitrio),
2883 2847 2927 2901 si
2960 2847 3137 2916 legem
3180 2845 3570 2902 custodissent.
3605 2845 3673 2901 Et
3715 2847 3766 2903 si

2170 2940 2410 3010 pericula
2450 2938 2739 3009 imperitia:
2767 2940 3126 3011 quorumdam
3150 2938 3421 3009 jusmrum
3460 2939 3636 2995 salute
3667 2955 3765 3011 pa-

2172 3034 2408 3088 tefacere
2426 3032 2640 3102 prodest
2662 3046 2677 3099 ;
2701 3031 2797 3086 sed
2817 3046 2938 3086 eum
2962 3033 3029 3086 de
3052 3031 3162 3085 Deo
3184 3034 3561 3102 omnipotente
3581 3048 3767 3090 sermo

2170 3136 2272 3193 est,
2294 3127 2562 3182 moderari
2590 3124 2818 3180 dicenda
2839 3124 3120 3190 debemus,
3147 3138 3213 3179 ne
3236 3125 3443 3181 silenda
3466 3124 3768 3197 reputando

2170 3234 2559 3286 memoremus,
2591 3231 2646 3277 et
2679 3238 2744 3274 cx
2774 3234 2869 3275 ore
2895 3231 3117 3287 nostra,
3153 3221 3332 3276 aliena
3366 3221 3509 3287 licet,
3538 3221 3773 3277 audian-

468 3308 730 3377 peccato?
759 3308 956 3365 Parum
1006 3310 1105 3366 fuit
1140 3312 1207 3368 de
1249 3314 1415 3369 corde
1445 3323 1620 3380 casto,
1652 3313 1704 3369 id
1731 3324 1834 3379 est.
1860 3330 1886 3368 a
1914 3316 2064 3385 cogi-
2088 3316 2132 3377 (ζ
2168 3325 2275 3371 tur.
2298 3315 2477 3384 Quare
2506 3330 2629 3371 cum
2655 3325 2892 3371 tremore
2918 3315 3227 3384 loquentes,
3267 3328 3364 3369 sua
3393 3316 3590 3385 cuique
3620 3315 3771 3385 peri-

466 3402 787 3472 tationibus,
819 3406 928 3462 nisi
955 3416 1008 3463 et
1038 3422 1068 3463 a
1103 3418 1329 3478 peccato
1372 3424 1432 3466 se
1472 3409 1730 3465 mundum
1760 3424 1921 3468 nemo
1949 3411 2066 3481 gla-

467 3498 722 3554 riaretur.
770 3499 959 3556 Omnis
1002 3503 1227 3560 victoria
1278 3519 1385 3559 non
1428 3519 1497 3561 ex
1535 3505 1813 3576 aperihus,
1842 3504 1936 3560 sed
1968 3504 2064 3561 Dei

468 3593 824 3651 miseratione
864 3596 1220 3666 conceditur,
1257 3602 1397 3654 sicut
1443 3599 1704 3670 scriptum
1736 3606 1863 3655 est:
1891 3600 1993 3668 Qui
2018 3610 2068 3653 te

464 3696 678 3739 coronat
700 3686 753 3740 in
784 3688 1109 3744 miseratione
1136 3701 1181 3745 et
1208 3691 1561 3746 misericordia
1594 3691 1712 3761 (Ps.
1743 3708 1852 3759 cur,
1881 3692 1964 3762 ι).
1999 3693 2069 3749 Et

469 3786 644 3834 mater
674 3792 976 3854 martyrum
1023 3786 1136 3840 tilio
1169 3802 1268 3839 suo
1295 3786 1376 3840 sic
1401 3785 1536 3841 dicit
1567 3805 1578 3840 :
1613 3786 1681 3842 Ut
1723 3786 1817 3842 illa
1852 3790 2068 3844 misera-

467 3870 604 3926 tione
631 3888 748 3927 cum
788 3876 1037 3945 fratribus
1080 3878 1182 3932 luis
1222 3889 1270 3934 te
1307 3879 1555 3949 recipiam
1585 3879 1655 3953 (ll
1697 3879 1938 3937 Hac/tab.
1972 3898 2065 3949 vn,

466 3962 581 4036 29).
609 3965 748 4022 iusti
788 3979 972 4025 autem
1020 3970 1373 4040 perfecerunt
1414 3975 1750 4029 voluntatem
1803 3975 1897 4030 Dei
1941 3984 2068 4030 voto

469 4068 635 4131 atque
662 4072 884 4131 conatu,
914 4066 1005 4135 qui
1036 4066 1284 4121 nituntur
1309 4075 1362 4123 et
1398 4067 1792 4138 concupiscunt
1822 4070 1933 4125 Deo
1954 4085 2071 4126 ser.

471 4155 608 4218 vire,
642 4171 749 4210 non
785 4166 967 4212 tamen
993 4157 1044 4213 in
1079 4158 1213 4229 lege.
1247 4160 1379 4227 Quae
1408 4162 1452 4216 si
1477 4161 1854 4231 justilieasset,
1878 4177 2070 4220 omnes

463 4244 599 4315 justi
647 4248 807 4304 unius
857 4261 1042 4305 essent
1088 4252 1301 4319 meriti,
1333 4253 1459 4325 quia
1506 4270 1687 4324 parem
1717 4255 1784 4311 de
1811 4255 2070 4314 omnibus

472 4339 641 4410 exigit
684 4340 1119 4399 observationem
1149 4362 1163 4399 :
1193 4346 1278 4400 sin
1311 4347 1513 4415 minus,
1544 4354 1865 4419 apernretur
1895 4348 2069 4406 male-

472 4433 646 4489 dictio
676 4449 689 4488 :
717 4435 762 4489 si
811 4444 990 4492 autem
1054 4437 1297 4508 disparis
1343 4449 1463 4496 erat
1509 4442 1712 4508 meriti,
1745 4442 1867 4511 quis
1896 4458 2072 4514 quan-

474 4536 587 4583 tum
618 4529 855 4586 credidit
876 4531 980 4587 sibi
1007 4532 1148 4601 dari,
1174 4543 1379 4589 tantum
1410 4535 1604 4606 gratim
1633 4537 1726 4592 Dei
1756 4537 2070 4593 miserentis

474 4623 687 4692 accepit
714 4660 729 4689 ,
775 4624 1191 4682 trnnsformatus
1224 4645 1251 4680 a
1280 4628 1452 4699 gloria
1483 4629 1536 4683 lu
1564 4628 1791 4700 gloriam
1817 4667 1834 4697 ,
1873 4629 2016 4685 sicut
2040 4645 2071 4686 α

2168 3411 2290 3466 cula
2346 3410 2739 3466 consideranda
2801 3410 3200 3480 relinquamus.
3252 3408 3593 3466 Manifestum
3647 3419 3772 3477 est,

2170 3505 2454 3577 praescisse
2501 3505 2707 3571 Deum,
2759 3506 2971 3559 futuros
3016 3504 3085 3559 de
3135 3504 3309 3559 libero
3356 3504 3602 3569 arbitrio,
3630 3519 3774 3574 quos

2170 3595 2401 3653 Ahrshtn
2433 3595 2705 3667 promisit,
2735 3606 2830 3649 aut
2857 3608 2964 3649 non
2994 3594 3156 3650 futuri
3180 3610 3226 3650 s.
3257 3595 3499 3651 Alterum
3524 3604 3607 3650 est
3635 3596 3777 3651 duo-

2170 3708 2289 3748 rum
2318 3692 2399 3749 :sl
2434 3690 2645 3747 futurus
2668 3732 2682 3756 ,
2710 3691 2858 3745 llnita
2901 3689 3131 3761 qtuestio
3159 3700 3273 3755 est;
3305 3690 3349 3742 si
3379 3702 3487 3743 non
3539 3689 3771 3757 futuros,

2172 3784 2396 3840 “ﬁdelis
2422 3784 2574 3840 Deus
2617 3799 2721 3838 non
2764 3785 3128 3854 promitteret.
3174 3783 3280 3837 Aut
3310 3783 3355 3835 si
3391 3786 3491 3836 hoc
3528 3791 3613 3837 est
3652 3792 3775 3837 sta-

2172 3886 2344 3932 tutum
2368 3876 2511 3946 apud
2545 3877 2741 3942 Deum,
2774 3885 2901 3931 tttuc
2931 3876 3231 3946 promissos
3252 3875 3405 3940 dare,
3439 3875 3483 3930 si
3515 3874 3776 3946 promissl

2170 3970 2413 4026 vellent:
2441 3972 2683 4041 proiecto
2711 3968 2945 4035 diceret,
2972 3984 3038 4024 ne
3067 3980 3261 4023 servus
3289 3968 3408 4039 ejus
3430 3982 3495 4023 ac
3514 3967 3775 4036 credens,

2170 4066 2320 4135 quia,
2353 4063 2496 4135 quod
2525 4063 2810 4135 promisit,
2860 4072 3049 4133 potens
3078 4072 3163 4118 est
3196 4070 3250 4116 et
3280 4061 3464 4117 facere
3487 4103 3501 4127 ,
3540 4062 3779 4117 ludiﬁca-

2172 4168 2323 4212 retur
2351 4155 2648 4211 Abraham.
2678 4155 2979 4211 Pratuissio
3006 4163 3189 4209 autem
3222 4154 3308 4209 illa
3340 4162 3445 4221 est,
3486 4168 3607 4224 quze
3634 4151 3776 4209 nihil

2171 4249 2502 4306 conditionis
2547 4250 2793 4304 incurrit.
2837 4248 2937 4304 Sin
2983 4249 3190 4315 minus;
3224 4262 3323 4303 nec
3367 4248 3659 4318 promissio
3687 4257 3778 4303 est

2174 4344 2346 4407 lirtna,
2373 4358 2473 4398 nec
2501 4340 2635 4398 ﬁdes
2663 4342 2897 4412 integra.
2917 4340 3055 4410 Quid
3083 4343 3228 4396 enim
3249 4340 3446 4396 stabile
3471 4341 3780 4397 remanebit

2172 4436 2227 4491 in
2262 4436 2357 4491 Dei
2391 4436 2771 4506 promissione,
2818 4443 2912 4489 aut
2937 4435 2992 4488 itt
3020 4432 3259 4490 Abrahae
3291 4433 3416 4500 lide,
3450 4435 3493 4488 si
3524 4432 3599 4499 id,
3623 4432 3775 4504 quod

2173 4532 2504 4602 promissum
2531 4539 2585 4585 et
2610 4524 2878 4586 creditum
2907 4538 3026 4596 est,
3058 4530 3110 4584 in
3142 4544 3354 4595 eorum,
3384 4529 3474 4600 qui
3508 4529 3773 4599 promissi

2174 4632 2320 4689 sunt,
2356 4624 2623 4695 penderet
2655 4623 2921 4677 arbitrio?
2953 4622 3097 4692 Ergo
3128 4629 3185 4676 et
3213 4623 3356 4676 Dens
3377 4621 3616 4676 alienum
3647 4635 3778 4691 pro-

479 4714 574 4770 Dei
604 4716 824 4787 Spiritu,
856 4718 908 4774 id
949 4729 1052 4787 est,
1087 4737 1153 4777 ex
1184 4722 1377 4778 eodetn
1413 4723 1466 4777 in
1491 4723 1786 4779 eumdem?
1813 4724 1943 4781 Tale
1988 4733 2072 4781 est
2099 4709 2146 4771 D
2175 4721 2343 4786 misit,
2374 4730 2426 4775 et
2470 4719 2741 4774 Abraham
2782 4722 2997 4771 incaute
3039 4714 3293 4771 credidit.
3337 4714 3408 4770 Ut
3446 4714 3573 4786 quid
3607 4717 3775 4769 etiam

474 4812 659 4877 enim,
707 4816 833 4884 quia
887 4828 1009 4887 post
1055 4817 1332 4874 Christum
1383 4815 1522 4874 tides;
1572 4819 1696 4875 data
1741 4821 2072 4892 est:quale,

2173 4814 2287 4885 ipsa
2339 4815 2650 4885 promissio,
2685 4811 2927 4869 debitum
2980 4811 3326 4881 postmodum
3372 4809 3511 4864 facta
3556 4816 3661 4873 est,
3691 4808 3780 4862 dl-

472 4905 597 4976 quia
626 4905 868 4977 Spiritus
896 4919 1143 4979 sanctus,
1173 4928 1298 4967 cum
1327 4925 1544 4984 semper
1569 4927 1763 4968 omnes
1793 4915 2075 4984 propheta
2173 4917 2331 4964 cente
2359 4909 2467 4963 Deo
2492 4926 2504 4960 :
2532 4906 2910 4962 Benedicth
2939 4906 2989 4958 in
3016 4915 3063 4959 te
3085 4916 3258 4960 omnes
3287 4912 3458 4975 grnles
3484 4913 3651 4969 terrm,
3676 4918 3780 4975 pro

474 5006 531 5054 et
554 4998 685 5069 justi
716 5002 907 5059 eodem
936 5006 1127 5073 spiritu
1157 5006 1437 5061 leerunt.
1472 5005 1590 5061 Non
1630 5008 1775 5062 enim
1807 5007 1968 5063 aliter
1996 5008 2074 5063 vi-
2160 5012 2231 5055 ’ρο
2256 5001 2393 5070 quod
2420 4998 2611 5053 audisti
2631 5008 2800 5053 vocem
2827 5013 3009 5061 meum,
3036 5007 3082 5050 et
3111 5012 3215 5050 non
3242 4996 3509 5068 pepercisti
3532 4993 3646 5065 ﬁlio
3676 5005 3780 5069 μιο

471 5106 600 5147 vere
636 5103 948 5164 potuerunt,
977 5113 1138 5168 quam
1168 5099 1364 5169 spiritu
1410 5097 1556 5154 fidei.
1604 5099 1884 5172 Quotquot
1925 5100 2069 5158 enim

471 5186 576 5240 sub
608 5187 728 5258 lege
759 5187 1012 5258 fuerunt,
1039 5193 1204 5249 occisi
1250 5203 1399 5248 sunt.
1448 5194 1585 5263 Quia
1628 5195 1799 5251 littera
1841 5198 2066 5266 occidit,

470 5281 681 5352 spiritus
709 5291 883 5338 autem
913 5285 1133 5353 rivi/ira!
1157 5286 1222 5359 (ll
1251 5286 1372 5342 Car.
1404 5302 1487 5355 ιιι,
1522 5287 1601 5361 6).
1634 5290 1698 5343 Et
1727 5298 1905 5345 tamen
1935 5290 2067 5347 dicit

473 5372 735 5430 Dominus
764 5376 836 5433 de
864 5378 1055 5434 eodem
1088 5381 1294 5451 Spiritu
1323 5399 1334 5436 :
1361 5380 1478 5437 Nisi
1506 5398 1599 5454 ego
1623 5382 1817 5449 abiero,
1842 5382 1932 5438 ille
1964 5398 2067 5439 non

469 5467 633 5522 ueniet
665 5470 847 5540 (Joan.
881 5486 993 5539 XVI,
1025 5475 1078 5543 7)
1104 5516 1118 5540 ,
1147 5489 1269 5529 cum
1301 5485 1358 5531 et
1383 5477 1664 5546 Apostolis
1686 5477 1797 5548 jam
1827 5476 2071 5534 dedisset

470 5561 722 5617 eumdem
755 5565 1030 5635 spiritum.
1081 5566 1377 5638 Apostolus
1405 5581 1585 5626 autem
1613 5570 1779 5639 dicit,
1814 5571 2068 5626 eumdem

467 5654 720 5724 spiritum
752 5659 896 5729 apud
924 5663 1175 5734 antiquos
1204 5662 1373 5720 fuisse
1398 5682 1412 5719 :
1444 5663 1700 5718 Habentes
1726 5672 1897 5719 autem
1926 5674 2071 5718 eum-

463 5746 581 5805 dem
605 5750 847 5821 spiritum
876 5754 1019 5825 ﬁdei,
1047 5758 1180 5811 sicut
1201 5757 1448 5829 scriptum
1473 5765 1550 5811 est
1576 5771 1595 5814 :
1626 5754 1836 5811 Credidi
1862 5765 2071 5829 propter

532 5949 563 5983 ‘
603 5944 773 6021 Alias,
796 5946 994 6023 fideles.

2174 5091 2362 5147 dilecto
2394 5102 2601 5163 propter
2649 5104 2728 5145 me
2758 5090 2909 5163 (Gen.
2945 5105 3079 5158 χχιι,
3115 5088 3245 5158 id)?
3276 5088 3458 5159 Neque
3489 5098 3672 5143 autent
3703 5104 3777 5145 ex

2177 5186 2283 5254 his,
2316 5187 2510 5259 quibus
2533 5185 2689 5241 lacile
2719 5198 2822 5249 cst,
2856 5193 2913 5239 et
2934 5185 3219 5240 adversum
3256 5182 3489 5238 Abrahae
3515 5184 3774 5238 meritum

2173 5280 2329 5336 liberi
2376 5280 2585 5336 arbitrii
2625 5281 2893 5335 calumnia
2944 5292 3221 5349 strepere;
3256 5278 3419 5333 etiam
3467 5287 3586 5347 post
3624 5292 3777 5333 utor-

2174 5385 2282 5433 tem
2342 5377 2512 5448 ipsius
2574 5376 2842 5444 Abrahm,
2899 5373 3202 5430 debitorem
3255 5388 3314 5429 se
3359 5373 3527 5444 ipsius
3569 5373 3778 5428 conliro

2172 5479 2283 5526 mat
2338 5470 2523 5537 Deus,
2568 5481 2621 5525 ct
2671 5479 2896 5542 propter
2942 5484 3105 5535 cum,
3164 5480 3223 5523 se
3272 5466 3534 5522 laetorum
3562 5502 3577 5533 ,
3623 5468 3773 5537 quod

2170 5566 2288 5634 ejus
2346 5558 2459 5619 lilio
2520 5563 2908 5634 promittebat,
2976 5563 3218 5618 dicens:
3263 5559 3367 5614 Era
3438 5568 3602 5614 tecum
3636 5600 3651 5625 ,
3723 5564 3777 5613 et

2174 5658 2467 5713 benediram
2521 5667 2588 5711 te.
2647 5655 2760 5711 Tibi
2815 5656 2951 5710 enim
3005 5664 3056 5710 et
3105 5655 3287 5709 seruisti
3342 5662 3431 5706 tuo
3483 5651 3619 5705 dabo
3670 5662 3780 5707 teh-

2173 5769 2287 5809 ram
2317 5751 2495 5819 hanc,
2535 5759 2585 5805 et
2623 5761 2850 5805 statuam
2886 5751 3207 5825 juratianem
3257 5762 3453 5815 meam,
3497 5762 3653 5819 quam
3687 5747 3779 5815 is.
