4032 6442
292 337 366 395 29
1438 339 1645 397 LIBER
1687 339 1778 397 DE
1817 339 2096 401 SEPTEM
2128 341 2452 402 REGULIS.
3524 344 3598 403 '50

292 456 404 511 raui
438 454 658 512 Abrahaz
678 454 813 530 patri
834 463 947 522 tuo,
969 461 1017 508 et
1045 451 1400 526 multiplicabo
1424 470 1598 510 semen
1619 464 1764 510 tuum
1787 455 1891 511 sic-
1920 462 1974 526 Α
1999 459 2125 531 quia
2174 460 2416 518 animam
2462 476 2568 517 non
2617 461 2838 519 miscuit
2867 462 3139 519 voluntati
3186 462 3304 519 Dei.
3340 461 3609 533 Displicet

290 557 352 609 ut
381 550 560 609 stellas
588 550 728 622 caeli,
753 563 802 609 et
833 544 963 609 dabo
985 546 1077 608 tibi
1105 562 1153 605 et
1174 548 1355 607 semini
1385 562 1472 607 tuo
1502 568 1677 609 omnes
1719 562 1893 628 gentes

289 654 445 703 teme
463 689 477 711 ,
512 664 609 718 pro
629 662 689 703 eo
717 643 856 721 quod
885 642 1084 702 audivit
1119 642 1381 702 Abraham
1407 656 1551 717 pater
1576 657 1695 703 tuus
1723 664 1895 704 vocem

291 755 457 795 meam
484 736 642 813 (Cen.
674 756 838 810 xxvi,
860 736 1009 814 3-5).
1046 739 1186 797 Ecce
1226 740 1501 796 ﬁrmatum
1533 748 1619 798 est
1647 740 1893 798 debitum

288 830 552 889 Abrabaa.
586 830 706 889 Non
753 830 897 891 enim
939 828 1119 907 potuit
1152 848 1249 907 per
1277 833 1509 892 liberum
1567 834 1891 905 arbitrium,

288 935 417 998 post
462 932 697 984 mortem
728 926 1015 1001 amittere,
1048 922 1191 1000 quod
1230 927 1386 984 vivus
1432 936 1744 996 meruerat;
1794 944 1894 986 no-

286 1016 514 1077 luerunt
533 1031 716 1079 autem
746 1028 941 1092 gentes
963 1021 1210 1079 credere.
1236 1020 1377 1093 Quid
1407 1018 1569 1080 faciet
1594 1022 1891 1091 Abraham,

283 1112 378 1170 cui
408 1112 681 1171 debetur?
719 1110 1000 1188 quomodo
1048 1110 1287 1188 accipiet
1330 1113 1456 1171 fidei
1488 1126 1541 1173 et
1574 1115 1893 1172 tentationis

280 1223 403 1265 sum.
434 1207 719 1277 debitum,
753 1209 910 1281 cujus
941 1205 1145 1266 debere
1190 1206 1305 1266 Deo
1349 1224 1577 1266 securus
1608 1206 1747 1264 iuit?
1788 1202 1891 1265 Cui

286 1300 335 1359 si
366 1301 579 1361 dictum
622 1311 709 1361 est
741 1323 754 1359 :
800 1300 946 1359 Dabo
971 1303 1112 1378 quod
1139 1304 1354 1379 promisi
1386 1346 1401 1371 ,
1431 1313 1480 1359 et
1510 1300 1726 1359 reddam
1750 1304 1893 1377 quod

286 1397 460 1467 iuravi
481 1394 675 1472 (lbid.,
709 1392 768 1471 4)
801 1414 819 1453 :
849 1396 895 1454 si
926 1392 1198 1455 voluerint
1224 1406 1446 1472 gentes,
1472 1414 1579 1454 non
1598 1398 1887 1468 crederet,

284 1486 385 1548 sed
424 1499 771 1564 exspectaret
798 1488 1108 1550 fortuitum.
1141 1490 1199 1550 Si
1228 1486 1547 1550 conditione
1577 1506 1715 1567 opus
1757 1502 1888 1560 est,

283 1602 411 1643 eum
443 1584 697 1659 Operario
722 1603 846 1644 esse
872 1587 1076 1658 debet,
1106 1602 1214 1645 non
1236 1602 1360 1645 cum
1388 1586 1663 1644 mercede.
1686 1587 1892 1659 Opera-

284 1676 402 1735 rius
432 1675 580 1735 enim
611 1679 797 1752 potest
826 1680 966 1737 velle
991 1678 1243 1754 accipere
1273 1691 1365 1736 ant
1388 1676 1536 1738 nolle
1557 1723 1572 1751 ,
1603 1696 1711 1737 non
1742 1695 1890 1736 mer-

282 1787 378 1829 ces
429 1770 584 1829 reddi
631 1782 726 1829 aut
768 1789 875 1831 non
921 1773 1099 1832 reddi.
1152 1770 1354 1833 Omnes
1402 1777 1549 1833 enim
1597 1787 1793 1848 gentes
1832 1777 1886 1832 in

1998 552 2074 608 illi
2096 595 2112 622 ,
2145 554 2290 628 quod
2321 555 2466 613 Deus
2495 556 2685 613 voluit.
2716 556 2928 615 Etenim
2956 557 3242 614 voluntate
3274 557 3451 613 malus
3480 566 3598 624 est,

1997 649 2089 722 qui
2113 650 2440 708 necessitate
2468 651 2645 709 bonus
2672 660 2777 708 est.
2809 650 2916 708 Lex
2960 650 3113 723 Operi
3146 650 3597 724 impedimentum

1997 750 2111 807 est.
2144 759 2249 797 non
2279 743 2565 800 voluntati.
2597 742 2713 799 Non
2744 753 2830 800 est
2873 743 3199 815 coniunctus
3247 744 3394 814 Deo,
3426 745 3517 817 qui
3549 745 3596 803 si

1998 835 2126 891 mali
2147 850 2303 907 pinna
2330 852 2437 893 non
2462 848 2648 904 esset,
2674 837 2873 892 malum
2894 846 3236 908 sequeretur.
3265 836 3378 895 Nec
3406 839 3601 893 volun-

1999 937 2160 985 tatem
2192 924 2286 984 Dei
2328 927 2457 986 facit
2488 972 2504 998 ,
2554 931 2644 1001 qui
2695 929 2861 1002 gemit
2893 928 3036 998 quod
3068 945 3175 984 non
3205 944 3361 985 suam
3409 928 3596 986 faciat.

1995 1024 2112 1081 Non
2160 1034 2242 1081 est
2275 1023 2623 1092 misericors,
2673 1024 2767 1099 qui
2814 1025 2971 1081 timet
3013 1039 3136 1081 esse
3188 1024 3449 1081 crudelis.
3483 1023 3597 1082 Sub

1995 1120 2113 1192 lege
2143 1129 2256 1187 est,
2288 1134 2477 1176 servus
2507 1129 2608 1176 est.
2656 1120 2775 1176 Non
2807 1120 3007 1176 furtum
3046 1120 3161 1175 odit
3190 1161 3206 1188 ,
3236 1119 3333 1176 sed
3378 1134 3594 1190 pennam

1996 1215 2207 1271 metuit.
2255 1214 2491 1272 Furetur
2527 1225 2713 1270 autem
2758 1230 2987 1272 necesse
3026 1221 3140 1284 est,
3199 1230 3491 1286 persuasus
3539 1225 3598 1274 et

1995 1310 2192 1373 vietus.
2239 1308 2333 1379 qui
2372 1309 2614 1364 carnalis
2651 1317 2736 1365 est
2766 1309 2867 1364 sub
2911 1309 3115 1365 virtute
3153 1307 3387 1380 peccati,
3420 1307 3597 1378 Spiri-

1996 1411 2106 1457 tum
2139 1401 2233 1456 Dei
2263 1417 2369 1457 non
2393 1394 2624 1458 habens.
2649 1400 2751 1470 Qui
2777 1410 2958 1457 autem
2983 1410 3131 1456 amat
3161 1401 3388 1467 bonum,
3420 1398 3599 1472 imago

1995 1490 2089 1552 Dei
2110 1505 2193 1551 est
2218 1537 2231 1557 ,
2268 1493 2373 1550 fide
2414 1494 2693 1550 Dominica
2722 1495 2858 1549 vivit
2879 1536 2892 1558 .
2935 1502 2991 1550 et
3015 1496 3178 1550 haeres
3201 1536 3217 1561 ,
3240 1496 3359 1567 jam
3388 1509 3491 1548 non
3517 1503 3594 1549 est

1992 1589 2200 1644 ancillae
2230 1586 2535 1661 ﬁlius(Gal.
2560 1604 2613 1643 ιν
2640 1630 2654 1653 ,
2679 1586 2767 1654 50,
2796 1586 2887 1661 51)
2920 1629 2935 1654 ,
2974 1588 3067 1658 qui
3100 1589 3510 1660 accepitlegem
3537 1587 3625 1651 in_

1995 1678 2219 1747 timore;
2253 1681 2341 1736 sed
2372 1679 2568 1747 liberte,
2606 1676 2904 1736 secundum
2930 1677 3116 1749 Isaac,
3143 1681 3234 1752 qui
3266 1696 3367 1734 non
3396 1678 3597 1752 accepit

1994 1775 2254 1849 Spiritum
2293 1776 2550 1831 servitutis
2598 1776 2653 1829 in
2692 1775 2874 1829 timore
2902 1790 2921 1829 :
2949 1774 3038 1828 sed
3080 1773 3408 1846 adoptionem
3452 1774 3592 1844 ﬁlio-

283 1866 595 1923 mercedem
625 1862 748 1924 fidei
780 1867 923 1925 data:
950 1878 1077 1926 sunt
1099 1868 1363 1939 Abrahae,
1386 1872 1529 1929 sicut
1548 1870 1690 1928 Deus
1714 1871 1883 1928 dicit:
1918 1871 1963 1933 Β
1990 1888 2105 1927 rum
2133 1913 2149 1941 ,
2182 1874 2493 1927 clamantem
2521 1870 2657 1925 Abba
2683 1880 2831 1945 pater
2859 1868 3036 1943 (Rom.
3063 1885 3155 1924 vm
3175 1911 3190 1935 ,
3226 1869 3337 1939 l5).
3367 1868 3467 1937 Qui
3502 1869 3589 1924 di-

286 1954 490 2014 Merees
519 1969 609 2015 tua
636 1961 802 2017 multa
826 1970 901 2017 est
947 1956 1121 2038 (Gen.
1151 1976 1242 2034 xv,
1280 1960 1367 2038 l).
1397 1960 1516 2021 Non
1546 1966 1691 2021 enim
1722 1965 1766 2021 si
1802 1960 1884 2022 fu-

282 2054 392 2109 turi
441 2059 666 2122 esSent,
712 2064 767 2113 et
817 2071 925 2112 non
976 2050 1102 2131 quia
1156 2054 1321 2114 futuri
1372 2070 1562 2125 erant.
1615 2058 1884 2133 promisit.

286 2146 421 2216 Quia
453 2161 560 2204 non
586 2157 811 2221 prepter
835 2146 997 2206 tidem
1021 2144 1288 2219 Abrahae,
1316 2151 1518 2224 placuit
1543 2142 1687 2221 Deo,
1708 2152 1887 2208 salvas

296 2241 417 2299 fore
462 2258 653 2300 omnes
703 2255 942 2317 gentes:
989 2261 1125 2319 quas
1170 2264 1277 2303 non
1336 2247 1499 2303 modo
1547 2254 1676 2304 ante
1722 2245 1885 2303 ﬁdem

285 2336 544 2406 Abrahae,
562 2334 660 2396 sed
688 2349 819 2396 ante
835 2340 1019 2396 mundi
1033 2340 1483 2397 constitutionem
1500 2339 1763 2413 possedit.
1778 2338 1886 2397 Sed

281 2428 539 2504 quaesivit
566 2429 780 2491 ﬁdelem
804 2478 820 2502 ,
853 2434 943 2491 cui
970 2428 1023 2491 id
1050 2428 1315 2503 donaret,
1346 2451 1415 2491 ex
1455 2451 1565 2508 quo
1591 2444 1768 2499 esset,
1797 2435 1887 2490 cui

281 2520 335 2580 id
365 2520 608 2581 futurum
635 2536 920 2584 statuerat.
950 2520 1229 2584 Abraham
1258 2543 1394 2601 ergo
1420 2542 1528 2586 non
1562 2522 1615 2583 id
1640 2526 1842 2583 metuit
1865 2566 1883 2595 ,
1906 2567 1925 2583 .

283 2620 344 2675 ut
370 2627 597 2688 essent,
625 2616 719 2691 qui
749 2614 916 2676 futuri
945 2631 1142 2690 erant,
1170 2637 1309 2693 quos
1356 2618 1501 2679 Deus
1529 2616 1802 2693 elegerat,
1832 2627 1889 2677 et

281 2704 606 2771 conformes
638 2713 894 2788 imaginis
918 2708 1015 2770 lilii
1044 2715 1130 2771 sui
1152 2714 1361 2771 futuros
1384 2729 1507 2773 esse
1541 2704 1885 2788 praeviderat.

282 2809 342 2866 in
374 2806 580 2867 Genesi
610 2826 846 2884 namque
881 2810 950 2869 dc
982 2804 1323 2884 przescientia
1360 2810 1452 2868 Dei
1483 2827 1673 2868 omnes
1693 2818 1889 2884 gentes

282 2900 524 2960 Abrabm
578 2905 877 2977 promissas
910 2947 925 2972 ,
978 2904 1264 2977 Scriptura
1307 2913 1577 2974 testatur,
1630 2904 1817 2962 dicens
1869 2922 1884 2961 :

284 2992 551 3053 Abraham
582 3006 753 3053 autem
779 2996 909 3070 ﬁens
935 2994 1052 3068 ﬁet,
1085 3008 1134 3054 et
1152 3000 1250 3053 erit
1277 2995 1329 3054 in
1352 3009 1551 3073 gentem
1579 3014 1818 3070 magnam
1838 3006 1888 3053 et

283 3091 505 3146 multam
532 3101 578 3146 et
600 3089 963 3148 benedicentur
988 3093 1045 3147 in
1076 3109 1135 3148 eo
1163 3108 1337 3149 omnes
1358 3102 1533 3166 gentes
1565 3100 1712 3147 term-
1729 3088 1883 3166 (Gen.

289 3197 446 3247 xxvt,
484 3178 602 3257 lli).
632 3178 849 3240 Sciebat
878 3184 1044 3240 etiam
1091 3188 1215 3258 quia
1255 3184 1582 3256 disponebat
1606 3178 1884 3240 Abraham

1988 1966 2105 2039 ligit
2145 1964 2315 2022 Deum
2339 2006 2352 2030 ,
2383 1983 2490 2021 non
2522 1966 2678 2021 timet
2724 1964 3018 2020 serviliter.
3050 1962 3325 2034 Scriptum
3359 1971 3483 2028 est,
3519 1962 3588 2016 ti-

1988 2076 2114 2116 mor
2162 2061 2309 2117 enitn
2350 2058 2599 2128 servilis,
2636 2073 2760 2114 cum
2792 2058 2917 2115 odio
2966 2068 3049 2113 est
3093 2054 3415 2127 disciplinae.
3465 2052 3592 2111 Filii

1989 2165 2171 2211 autem
2199 2169 2322 2211 cum
2358 2154 2568 2210 honore
2599 2151 2785 2224 patris.
2819 2150 2977 2207 Aliud
3007 2150 3303 2208 esttimere
3330 2165 3399 2206 ex
3430 2148 3588 2220 lege,

1988 2248 2132 2306 aliud
2184 2265 2281 2320 pro
2336 2247 2689 2305 veneratione
2761 2247 3063 2302 tremenda:
3110 2244 3207 2300 Dei
3262 2241 3592 2315 majestatis.

1992 2343 2268 2418 Ejusmodi
2294 2342 2509 2401 similes
2533 2352 2661 2399 sunt
2691 2343 2828 2415 patri
2854 2358 2952 2399 suo
2971 2384 2984 2405 ,
3013 2341 3107 2412 qui
3137 2341 3189 2394 in
3218 2338 3373 2395 ctelis
3400 2356 3412 2391 :
3439 2351 3591 2392 com-

1989 2438 2273 2495 memorati
2313 2448 2369 2495 et
2399 2438 2545 2495 docti
2572 2446 2756 2493 amant
2782 2437 3029 2505 bonum,
3075 2434 3312 2491 oderunt
3358 2430 3585 2488 malum.

1988 2531 2119 2590 Sine
2142 2533 2262 2605 lege
2292 2543 2419 2588 sunt
2444 2571 2460 2596 .
2484 2531 2641 2587 liberi
2671 2542 2796 2587 sunt
2826 2573 2843 2599 ,
2873 2530 2974 2601 ipsi
2998 2528 3251 2601 promissi
3278 2534 3445 2583 sunt:
3477 2538 3588 2580 non

1992 2624 2096 2698 ipsi
2120 2626 2321 2683 dicitur
2349 2643 2362 2681 :
2397 2624 2458 2682 Si
2485 2642 2565 2681 me
2594 2625 2895 2691 audieritis,
2919 2629 3100 2696 potest
3124 2621 3325 2678 etenim
3355 2618 3545 2675 audire
3571 2633 3586 2674 :

1991 2719 2249 2793 numquid
2300 2719 2597 2776 conveniet
2645 2719 2699 2774 in
2742 2734 2900 2785 eum,
2948 2732 3109 2790 quem
3153 2715 3297 2771 Deus
3342 2712 3585 2769 nondum

1990 2812 2242 2886 prmvidit
2286 2814 2639 2870 auditurum?
2693 2811 2762 2868 Et
2805 2810 2938 2882 justi
2982 2809 3240 2881 quidem,
3276 2823 3401 2881 quos
3448 2804 3588 2863 Dens

1990 2907 2217 2980 prwsciit
2233 2905 2251 2977 (
2268 2905 2434 2971 lbid.,
2457 2906 2576 2973 29),
2595 2913 2725 2959 sunt
2748 2904 2799 2959 in
2827 2906 2926 2959 ista
2949 2903 3090 2974 lege.
3109 2896 3316 2954 Dicitur
3337 2907 3393 2953 et
3419 2897 3586 2969 ipsis:

1989 3002 2034 3057 si
2057 3017 2137 3055 me
2165 2982 2460 3064 andieritii;
2487 2999 2581 3053 sed
2605 2997 2705 3051 alia
2736 3012 2920 3060 causa,
2956 3010 3061 3050 non
3080 2994 3204 3066 quia
3229 3001 3453 3063 possunt
3478 3005 3588 3047 non

1989 3095 2181 3151 audire
2210 3110 2225 3147 :
2256 3093 2354 3149 sed
2386 3101 2445 3147 ut
2487 3106 2705 3163 semper
2747 3087 2968 3145 solliciti
2999 3087 3109 3143 sint
3130 3102 3240 3141 sum
3284 3085 3496 3148 salutis,
3531 3091 3587 3139 et

1990 3188 2128 3245 certi
2157 3187 2341 3245 exitus
2367 3186 2470 3242 sui.
2507 3185 2622 3240 Non
2652 3183 2797 3240 enim
2833 3196 3064 3238 securus
3099 3190 3183 3235 est
3215 3178 3593 3250 unusquisque

284 3276 411 3333 liliis
429 3276 548 3333 suis
570 3319 588 3345 ,
621 3286 676 3332 et
700 3277 884 3333 domui
915 3292 1030 3333 sua:
1056 3288 1173 3348 post
1205 3293 1265 3333 se
1289 3319 1305 3344 ,
1343 3288 1399 3334 nt
1430 3274 1739 3332 custodiant
1771 3272 1884 3332 vias
1911 3275 1955 3340 C
1989 3298 2054 3340 ex
2087 3297 2315 3338 numero
2335 3296 2395 3337 se
2425 3294 2547 3336 esse
2579 3277 2956 3350 [)I'JBSt'lUll‘um
2986 3319 3000 3342 ,
3034 3275 3300 3343 Apostolo
3331 3272 3587 3329 dicente:

282 3366 501 3426 Domini
524 3412 541 3439 ,
575 3371 751 3428 facere
776 3368 1042 3443 justitiam
1068 3369 1404 3440 etjudicium
1426 3413 1440 3437 ,
1465 3379 1527 3427 ut
1553 3366 1884 3443 superducat

283 3464 427 3523 Deus
458 3469 512 3523 in
547 3465 822 3523 Abraham
851 3482 1211 3539 quaecumque
1247 3460 1462 3523 locutus
1491 3476 1578 3522 est
1619 3465 1685 3521 ad
1730 3481 1875 3522 eum.

286 3556 589 3617 invenimus
616 3569 797 3616 autem
838 3571 893 3616 et
933 3554 1308 3630 conditiones,
1341 3570 1434 3617 ut:
1470 3556 1532 3617 Si
1576 3578 1655 3616 me
1696 3558 1881 3617 audie-

284 3654 400 3709 ritis
424 3697 439 3722 ,
471 3664 517 3710 et
544 3652 826 3712 volueritis.
856 3650 964 3712 Ubi
996 3652 1340 3728 praescientia
1371 3654 1465 3712 Dei
1493 3698 1506 3722 ,
1533 3654 1622 3712 tibi
1656 3650 1884 3713 lii-initas

279 3750 660 3823 promissionis
736 3753 787 3808 in
847 3742 1164 3824 hujusmodi
1220 3754 1670 3811 conditionibus?
1735 3752 1880 3810 Dixit

274 3850 444 3905 etiam
479 3851 797 3922 Apostolus.
835 3860 1125 3922 propterea
1153 3868 1218 3909 ex
1252 3850 1377 3919 lide,
1405 3862 1459 3909 et
1492 3867 1598 3906 non
1629 3867 1691 3906 ex
1722 3850 1875 3923 lege,

270 3941 459 3998 datam
491 3958 614 4000 esse
641 3943 1102 4015 promissionem,
1134 3955 1189 4000 ut
1232 3945 1388 4016 ﬁrma
1429 3955 1558 4001 esset
1601 3946 1877 4017 promissio

267 4033 450 4108 (liam.
478 4051 562 4102 tv,
590 4032 700 4108 16).
730 4034 859 4105 Lex,
893 4036 1096 4110 inquit,
1129 4038 1263 4091 iram
1292 4051 1577 4111 operatur;
1610 4037 1695 4091 ubi
1720 4037 1876 4092 etiam

265 4148 379 4185 non
397 4142 474 4187 est
494 4132 580 4188 lea:
599 4172 616 4200 ,
650 4148 811 4205 neque
838 4134 1178 4204 transgressio
1211 4128 1547 4204 (Ibid.,15).
1576 4131 1874 4203 Propterea

266 4240 342 4281 ex
372 4222 477 4280 tide
509 4233 567 4279 ut
597 4224 895 4282 secundum
940 4222 1175 4297 gratiam
1225 4227 1379 4295 ﬁrma
1421 4236 1555 4282 esset
1600 4226 1877 4299 promissio

264 4324 413 4378 omni
440 4323 642 4379 semini.
676 4323 844 4380 Recte
867 4360 885 4390 ,
909 4334 966 4377 ut
992 4322 1145 4394 ﬁrma
1172 4332 1302 4378 esset
1332 4322 1628 4393 promissio.
1659 4320 1877 4390 Adjecit

260 4417 417 4475 enim
441 4457 459 4485 ,
500 4417 794 4473 conditione
831 4432 932 4471 non
961 4424 1037 4469 est
1073 4415 1249 4487 ﬁrma.
1281 4413 1430 4473 Satis
1456 4417 1606 4471 enim
1650 4414 1873 4470 stultum

258 4521 356 4569 est
380 4510 635 4578 credere,
670 4512 725 4565 in
773 4518 944 4565 totum
989 4523 1191 4582 corpus
1239 4508 1563 4575 convenire,
1598 4505 1743 4579 quod
1788 4505 1874 4563 bi-

258 4604 469 4678 partito
496 4601 717 4675 corpori
743 4601 965 4659 dieitur.
1013 4601 1167 4657 Absit
1197 4610 1255 4657 ut
1283 4600 1370 4656 his
1400 4599 1546 4657 dicat
1587 4600 1729 4656 Deus
1760 4618 1774 4655 :
1808 4599 1872 4657 Si

1990 3377 2075 3433 Ne
2104 3378 2213 3448 ipse
2256 3370 2506 3445 reprobus
2526 3372 2651 3444 ﬁam
2682 3371 2728 3444 (Ι
2769 3368 2892 3426 Cor.
2936 3387 3021 3435 Ix,
3052 3366 3167 3442 27).
3202 3364 3316 3423 Non
3345 3376 3426 3421 est
3454 3378 3584 3435 ergo

1987 3471 2097 3526 illis
2124 3511 2138 3537 ,
2172 3469 2267 3525 irae
2297 3468 2571 3536 operatrix
2616 3465 2717 3523 ista
2748 3465 2864 3530 lex,
2897 3461 2994 3520 sed
3042 3456 3168 3517 fidei
3218 3458 3539 3517 exercitium
3568 3496 3588 3527 ,

1985 3583 2093 3638 quo
2116 3565 2322 3639 jugiter
2354 3563 2448 3620 Dei
2469 3565 2698 3634 gratiam
2723 3568 2969 3632 qua-rant
2992 3557 3302 3612 laborantes
3328 3594 3344 3621 ,
3370 3562 3430 3609 ut
3464 3567 3585 3623 per-

1985 3660 2195 3716 liciatur
2213 3658 2357 3733 quod
2394 3660 2447 3713 in
2481 3657 2590 3711 illis
2623 3656 2766 3710 Deus
2794 3650 3044 3723 praevidit
3071 3693 3085 3716 ,
3114 3660 3168 3705 et
3202 3649 3269 3704 de
3302 3646 3472 3704 libero
3495 3661 3585 3700 ar-

1985 3753 2147 3810 bitrio
2177 3753 2379 3810 fuerint
2404 3755 2456 3807 in
2482 3752 2649 3807 vitam
2668 3745 2942 3803 destinati.
2968 3738 3117 3800 Alias
3145 3738 3478 3812 impossibile
3501 3745 3588 3795 est

1983 3863 2089 3904 non
2119 3846 2308 3903 audire
2354 3861 2512 3911 eum,
2556 3858 2717 3913 quem
2752 3841 2897 3896 Deus
2944 3837 3254 3893 auditurum
3296 3831 3581 3908 praevidit,

1978 3943 2238 4018 promisit
2264 3986 2280 4011 ,
2305 3943 2529 4014 iuravit.
2559 3940 2618 3996 ιιι
2645 3954 2806 4010 quam
2837 3950 2968 3992 vero
3002 3943 3210 4006 partem
3246 3933 3329 3989 lex
3362 3930 3584 4001 proprie

1978 4039 2304 4104 conveniat,
2355 4036 2483 4092 licet
2532 4033 2622 4090 uni
2675 4032 2838 4088 detur
2889 4028 3145 4101 corpori,
3203 4025 3467 4081 Dominus
3524 4023 3579 4078 in

1980 4132 2270 4205 Evangelia
2299 4124 2546 4186 declarat
2571 4169 2586 4194 ,
2604 4126 2795 4183 dicens
2822 4121 3098 4195 Apostolis
3122 4137 3135 4175 :
3180 4120 3242 4175 Si
3264 4120 3372 4173 [uec
3399 4117 3542 4172 scitis
3560 4155 3578 4183 ,

1975 4229 2107 4284 beati
2135 4228 2257 4282 estis
2297 4225 2342 4282 si
2363 4225 2586 4295 feceritis
2615 4238 2692 4276 ea.
2740 4218 2863 4273 Non
2901 4218 2963 4272 de
2991 4217 3225 4272 omnibus
3248 4213 3363 4268 dico
3386 4211 3525 4268 vobis
3557 4225 3579 4266 :

1975 4320 2093 4395 Ego
2113 4322 2254 4388 scio,
2276 4336 2405 4392 quos
2426 4312 2555 4392 elegi
2577 4315 2764 4386 (Joan.
2794 4327 2922 4377 xm,
2954 4311 3043 4376 Π,
3087 4309 3201 4379 18).
3236 4307 3419 4378 Magna
3448 4305 3578 4361 bre-

1974 4416 2113 4473 vitas
2135 4413 2474 4471 ustendeutis
2500 4424 2665 4466 unum
2688 4420 2886 4474 corpus
2905 4414 2958 4461 et
2984 4401 3313 4473 separantis.
3341 4399 3398 4457 Si
3429 4398 3576 4454 enim

1973 4508 2182 4565 (liceret
2214 4524 2229 4564 :
2260 4504 2379 4563 Non
2428 4503 2497 4561 de
2539 4500 2793 4557 omnibus
2820 4496 2977 4553 vobis
3010 4496 3132 4552 dico
3163 4509 3179 4561 ;
3209 4501 3337 4558 aut.
3370 4506 3475 4547 non
3510 4482 3581 4545 de

1973 4599 2230 4658 omnibus
2260 4599 2384 4655 dico
2408 4639 2423 4662 ,
2472 4612 2579 4652 non
2622 4590 2941 4649 ostenderet
2970 4604 3135 4643 unum
3170 4600 3390 4659 corpus.
3421 4583 3579 4639 Nunc

263 4675 348 4753 me
363 4697 668 4763 audieritis,
690 4711 824 4768 quos
847 4695 1058 4754 sciebat
1077 4695 1358 4751 audituros
1377 4736 1392 4764 ,
1415 4709 1556 4767 quos
1576 4702 1868 4767 antequam
1896 4675 1952 4740 Ῑ)
1976 4704 2159 4751 autem
2187 4708 2289 4747 non
2316 4690 2381 4747 de
2408 4682 2644 4744 omnibus
2664 4685 2780 4740 dico
2825 4700 2842 4739 :
2883 4679 3122 4739 ostendit
3150 4680 3277 4752 quia
3310 4687 3365 4735 et
3393 4676 3438 4732 si
3468 4691 3579 4732 non

260 4789 505 4860 faceret,
553 4799 780 4847 noverat
839 4788 893 4846 in
942 4788 1183 4862 imagine
1241 4782 1338 4845 Dei
1391 4797 1871 4858 perseveraturos,

260 4903 400 4961 quos
426 4896 484 4945 et
513 4886 784 4958 promisit.
819 4882 936 4941 Non
966 4893 1053 4940 est
1079 4882 1202 4939 data
1233 4878 1513 4948 conditio.
1546 4881 1599 4938 id
1632 4892 1717 4938 est
1746 4882 1835 4938 lex
1855 4923 1871 4951 ,

261 4983 369 5041 nisi
398 4983 582 5056 impiis
610 4990 666 5038 et
696 4980 1079 5053 peccatoribus
1110 4996 1124 5035 :
1154 4989 1209 5036 ut
1239 4987 1335 5036 aut
1364 4978 1430 5036 ad
1461 4979 1696 5052 gratiam
1738 4994 1872 5048 con.

261 5078 471 5152 fugiant
498 5120 515 5148 ,
544 5086 637 5133 aut
670 5077 873 5149 justius
917 5075 1214 5149 puniantur
1237 5115 1252 5142 ,
1285 5075 1331 5130 si
1374 5075 1583 5132 irritam
1615 5073 1867 5133 fecerint.

266 5172 333 5231 [lt
357 5168 488 5245 quid
517 5171 603 5229 lex
630 5170 697 5226 ad
727 5170 939 5242 iustos,
970 5168 1169 5241 quibus
1187 5167 1274 5224 lex
1296 5183 1403 5223 non
1427 5175 1512 5223 est
1532 5167 1709 5240 posita
1736 5209 1752 5234 ,
1775 5168 1867 5240 qui

261 5266 502 5340 propitio
531 5265 645 5321 Deo
669 5264 844 5337 legem
887 5264 1010 5321 sine
1040 5262 1161 5335 lege
1184 5262 1397 5319 faciunt
1419 5304 1434 5330 ,
1466 5263 1556 5335 qui
1585 5263 1863 5334 serviunt,

260 5360 385 5432 quid
431 5356 502 5415 ad
553 5358 848 5430 imaginem
879 5367 936 5415 et
980 5350 1394 5414 similitudinem
1442 5351 1536 5415 Dei
1568 5365 1624 5413 et
1660 5357 1864 5416 Christi

260 5454 479 5523 vivunt,
510 5453 603 5528 qui
628 5452 875 5509 volentes
901 5493 917 5519 ,
946 5444 1076 5507 boni
1105 5449 1279 5506 sunt?
1307 5442 1410 5520 Qui
1438 5451 1582 5506 enim
1610 5451 1714 5507 sub
1744 5453 1864 5523 lege

263 5556 340 5602 est
366 5588 382 5613 ,
414 5555 563 5601 metu
591 5545 821 5610 mortis,
849 5557 957 5599 non
989 5551 1075 5598 est
1101 5540 1221 5597 talis
1239 5584 1254 5610 ,
1282 5541 1622 5610 misericors,
1651 5559 1757 5599 non
1780 5552 1867 5602 est

258 5638 435 5711 imago
460 5637 576 5693 Dei.
605 5630 876 5710 Displicet
896 5634 977 5692 illi
1007 5632 1095 5691 lex
1118 5628 1247 5692 :sed
1273 5634 1427 5691 timet
1447 5636 1695 5694 ultricem
1716 5679 1731 5704 ,
1763 5652 1864 5695 nec

262 5731 527 5805 perlicere
557 5738 763 5803 potest;
797 5720 943 5802 quod
974 5743 1082 5785 non
1115 5737 1266 5796 veto,
1292 5716 1389 5786 sed
1415 5730 1743 5786 necessitate
1784 5722 1864 5786 fa-

261 5822 513 5886 ciendum
545 5834 718 5900 putat.
748 5812 1024 5883 Tradatur
1063 5837 1291 5883 necesse
1329 5832 1451 5893 est,
1482 5814 1721 5900 promite
1763 5840 1860 5882 vo-

260 5919 489 5995 luntati;
550 5929 611 5981 ut
663 5918 918 6009 voluntas
968 5915 1212 5999 proiecto
1269 5918 1553 6005 premium
1593 5918 1861 5997 reclplst,

1974 4789 2043 4847 de
2072 4788 2346 4851 Omnibus,
2380 4784 2450 4843 de
2476 4783 2586 4840 illis
2633 4792 2816 4837 tamen
2866 4777 3024 4832 dixit.
3058 4776 3211 4831 Sicut
3235 4773 3358 4846 quis
3386 4772 3530 4829 dicat
3557 4812 3576 4841 ,

1972 4898 2082 4938 non
2110 4879 2179 4937 de
2210 4887 2324 4936 toto
2356 4886 2407 4933 te
2433 4875 2543 4933 disi
2569 4918 2585 4943 ,
2618 4873 2728 4930 duo
2761 4871 2904 4928 enim
2945 4883 3175 4940 corpora
3223 4865 3386 4922 mixta
3426 4873 3575 4935 sunt,

1972 4974 2118 5031 velut
2148 4987 2335 5038 unum,
2365 4980 2422 5028 et
2467 4970 2520 5024 in
2552 4979 2873 5030 commune,
2903 4978 3066 5018 unum
3097 4976 3296 5032 corpus
3324 4958 3579 5014 laudatur

1971 5078 2065 5127 aut
2090 5067 2422 5141 increpatur.
2456 5064 2611 5123 Sicut
2642 5063 2695 5117 in
2728 5060 2941 5126 Exodo,
2976 5073 3099 5113 cum
3134 5055 3350 5127 quidam
3383 5063 3578 5109 contra

1971 5164 2239 5228 vetitum,
2268 5157 2521 5216 Sabbatis
2565 5156 2769 5213 exisset
2798 5165 2855 5208 ut
2893 5165 3094 5208 manna
3147 5149 3472 5220 colligeret,
3503 5146 3580 5202 ait

1972 5258 2114 5315 Deus
2142 5255 2313 5329 Moysi
2342 5271 2359 5309 :
2394 5254 2675 5325 Quousque
2705 5267 2808 5306 non
2838 5248 2990 5304 vultis
3022 5245 3202 5300 audire
3227 5243 3386 5317 legem
3412 5257 3574 5296 meam

1975 5348 2171 5424 (Ea-od.
2207 5363 2319 5414 XVI,
2350 5345 2480 5414 “5.6)?
2506 5361 2629 5400 cuni
2662 5343 2881 5415 Moyses
2912 5353 3132 5409 semper
3162 5333 3579 5403 audierit.Quid

1970 5444 2037 5503 de
2066 5444 2157 5501 illa
2182 5443 2300 5516 lege
2321 5440 2575 5507 dicimus,
2607 5453 2729 5510 qum
2760 5446 2946 5509 aperte
2982 5431 3332 5504 promissioni
3362 5430 3579 5486 videtur

1967 5539 2224 5597 adversa?
2242 5537 2515 5607 Scriptum
2540 5545 2624 5593 est
2649 5534 2701 5588 in
2719 5530 2884 5588 Isaia:
2912 5530 2973 5585 Si
2990 5546 3069 5583 me
3096 5529 3348 5595 audisses,
3378 5525 3569 5594 Israel,

1969 5642 2100 5688 esset
2124 5632 2256 5687 sicut
2280 5647 2440 5685 arena
2470 5622 2631 5683 maris
2652 5642 2896 5682 numerus
2926 5634 3041 5679 tuus
3065 5616 3197 5697 (lsa.
3224 5638 3387 5678 xum
3413 5662 3427 5687 ,
3455 5612 3573 5692 i8).

1969 5726 2116 5784 Ecce
2162 5727 2478 5800 increpatur
2507 5713 2712 5789 lsrael,
2758 5718 2900 5792 quod
2931 5716 3062 5773 vitio
3104 5732 3204 5773 suo
3253 5732 3359 5772 non
3413 5710 3583 5800 fuerit

1970 5820 2148 5881 factus
2166 5796 2487 5880 sicutarena
2519 5812 2707 5875 maris.
2734 5808 2997 5890 SnpereSt
3022 5803 3324 5885 intelligere
3340 5852 3354 5877 ,
3382 5796 3507 5883 quia
3529 5805 3573 5866 si

1970 5932 2190 5998 semper
2241 5931 2349 5976 non
2378 5915 2613 5976 audierit
2637 5957 2653 5987 ,
2695 5928 2915 6001 semper
2950 5911 3179 5981 exiguus
3209 5909 3332 5970 erit.
3365 5905 3435 5974 Et
3477 5903 3568 5977 ubi
