4032 6450
434 376 501 433 51
928 368 935 373 ⁷
1454 371 1458 375 ⁴
1826 368 2065 428 TlCHOh'

2169 372 2324 429 AFRI
3665 378 3737 436 δέ

437 494 663 551 ﬁrmitas
691 492 1112 565 promissionum
1137 490 1162 543 ?
1184 489 1294 548 Sed
1323 488 1428 546 hoc
1459 489 1518 546 ﬁt
1544 531 1560 557 ,
1593 489 1720 563 quia
1751 490 1905 562 prius
1929 504 2032 546 vo-
2060 493 2114 554 Α
2136 489 2403 547 Iudicium
2452 491 2670 548 Domini
2719 493 2789 547 ad
2816 492 3042 561 ludam,
3098 502 3153 548 ut
3184 493 3403 550 vindicet
3448 496 3503 550 in
3531 494 3697 552 Jacob
3720 538 3739 569 ,

438 588 620 646 lumus
673 587 1018 659 intelligere,
1058 601 1219 658 quam
1269 584 1497 641 credere
1532 593 1590 641 et
1634 584 1794 642 ﬁdem
1840 585 2033 641 rationi

436 684 735 754 sitbjicere.
769 682 828 739 Si
872 690 1054 738 autem
1088 679 1379 737 credamus
1412 677 1730 759 omnimodo
1759 677 1832 733 ita
1877 678 1991 734 ﬁeri
2021 721 2037 746 ,

436 788 497 833 ut
528 778 666 834 Deus
700 776 938 847 juravit,
968 775 1119 831 dabit
1160 775 1426 831 rationem
1460 772 1619 829 ﬁdes.
1652 772 1827 840 Quam
1876 771 2038 843 perﬁ-

437 873 566 928 dum
589 881 673 928 est
704 872 915 926 ratione
941 884 1187 942 quzrrere
1207 912 1221 934 ,
1250 881 1303 924 et
1335 868 1692 938 intelligimus
1725 867 2039 923 ﬁrmitatem

433 964 705 1035 majorem
739 978 863 1018 esse
904 961 1371 1033 promissionum,
1407 976 1568 1029 quam
1611 969 1865 1033 putamus
1893 959 2042 1016 inﬁr-

438 1059 707 1115 mitatem.
738 1056 1010 1113 Hocenim
1040 1056 1245 1110 dictum
1280 1072 1293 1109 :
1320 1054 1381 1112 Si
1408 1055 1635 1110 audisset
1664 1052 1865 1121 Israel,
1893 1068 2045 1111 com-

438 1152 767 1210 memoratio
812 1163 898 1208 est
919 1150 1149 1223 justitiae
1178 1150 1308 1214 Dei,
1336 1158 1391 1205 et
1420 1149 1768 1205 conﬁrmatio
1815 1147 2044 1217 promis-

440 1245 1061 1315 sionum,dispositione
1093 1244 1184 1299 Dei
1208 1244 1470 1315 quosdam
1495 1241 1667 1298 factos
1688 1240 1756 1295 ad
1789 1249 2042 1308 mortem,

443 1342 707 1412 quosdam
760 1356 888 1395 vero
928 1339 995 1394 ad
1045 1339 1235 1394 vitam.
1297 1337 1630 1409 Propterea,
1677 1337 2047 1408 pra-sentibus

445 1435 612 1501 dixit,
662 1433 725 1490 Si
760 1451 839 1490 me
873 1432 1151 1489 audissetis
1182 1449 1201 1488 .·
1239 1442 1296 1487 ιιι
1322 1430 1673 1487 manifestum
1699 1430 1884 1497 ﬁeret,
1921 1430 2047 1501 quia

444 1544 583 1602 quos
610 1528 904 1600 promisit,
939 1537 1000 1584 ut
1043 1542 1264 1583 arenam
1297 1525 1547 1591 futuros,
1589 1525 1714 1581 ideo
1754 1524 2046 1596 promisit,

402 1644 411 1651 ο
446 1626 570 1695 quia
604 1624 852 1694 praevidit
883 1624 1189 1679 audituros.
1216 1622 1361 1678 Ante
1386 1621 1675 1677 Dominum
1692 1621 1837 1677 enim
1863 1619 2051 1676 Chris-

448 1726 585 1782 tum,
617 1733 739 1774 cum
773 1718 878 1773 hoc
917 1718 1121 1773 dictum
1176 1727 1290 1780 est,
1320 1725 1347 1754 α
1401 1733 1681 1788 numquam
1732 1715 1830 1771 fuit
1879 1731 2049 1771 semen

446 1808 687 1873 Abraltte,
721 1812 849 1864 sicut
875 1826 1036 1866 arena
1066 1810 1271 1864 maris?
1308 1808 1462 1878 Quod
1492 1807 1728 1881 probare
1753 1807 1910 1863 facile
1940 1815 2046 1863 est.

2138 586 2420 640 secundum
2450 587 2558 640 uias
2585 589 2718 660 ejus,
2752 596 2799 640 et
2823 587 3106 642 secundum
3144 587 3321 642 studia
3349 591 3461 663 ejus
3493 590 3745 646 retribuet

2140 679 2187 731 ei
2210 676 2358 749 (Ore.
2394 693 2488 740 stt,
2524 676 2586 748 2)
2620 696 2633 729 :
2668 678 2790 749 quia
2823 679 2874 733 in
2907 688 3064 734 utero
3103 680 3476 749 supplantavit
3518 681 3741 739 fratrem

2142 785 2340 838 suum,
2389 779 2445 828 et
2488 771 2540 827 in
2575 772 2853 828 laboribus
2885 773 3001 828 suis
3046 773 3282 828 invaluit
3319 773 3386 828 ad
3429 774 3600 831 Deum
3625 820 3641 846 ,
3689 784 3746 832 et

2144 868 2369 923 invaluit
2397 883 2517 922 cum
2559 867 2759 937 angelo
2789 908 2805 930 ,
2842 878 3035 938 potens
3066 866 3243 923 l‘actus
3275 879 3359 924 est
3402 866 3555 939 (Gen.
3595 886 3703 927 xxv
3726 911 3746 941 ,

2143 961 2249 1029 23;
2282 961 2431 1016 Rom.
2462 977 2515 1017 ιι
2543 1004 2558 1028 ,
2586 960 2696 1034 10).
2731 960 2788 1017 Si
2819 970 2997 1018 autem
3020 970 3261 1025 constat,
3297 961 3351 1019 in
3382 962 3554 1020 Jacob
3578 964 3748 1021 dilec-

2145 1062 2259 1109 tum
2290 1068 2707 1109 consummasse
2734 1096 2750 1121 ,
2784 1069 2891 1110 non
2939 1065 3024 1112 est
3054 1056 3197 1113 idem
3241 1058 3331 1130 qui
3375 1058 3428 1113 in
3461 1058 3748 1115 laboribus

2148 1150 2374 1207 invaluit
2404 1149 2469 1205 ad
2498 1148 2666 1203 Drutn
2701 1159 2756 1205 et
2805 1152 3185 1222 supplantalor
3209 1194 3224 1222 ,
3272 1151 3366 1207 sed
3400 1152 3510 1208 duo
3539 1152 3594 1208 in
3641 1168 3749 1208 uno

2148 1260 2400 1316 corpore.
2444 1243 2637 1313 Figura
2677 1252 2761 1298 est
2791 1246 2934 1300 enim
2965 1245 3201 1314 duplicis
3231 1248 3459 1301 seminis
3488 1244 3747 1313 Abrahae,

2149 1337 2201 1393 id
2249 1345 2334 1393 est
2376 1336 2606 1393 duorum
2645 1337 2966 1409 populorum
3000 1338 3052 1393 in
3088 1354 3196 1394 uno
3237 1348 3394 1395 utero
3424 1338 3615 1395 matris
3647 1339 3754 1395 Ec-

2149 1431 2328 1488 clesia:
2358 1433 2702 1489 luctantium.
2752 1431 2903 1489 Unus
2940 1442 3063 1497 est,
3094 1432 3391 1489 secundum
3424 1432 3749 1489 electionem

2150 1524 2218 1580 de
2260 1527 2602 1593 prmscieutia
2634 1525 2865 1581 dilectus
2919 1543 2934 1582 :
2981 1525 3138 1582 Alter
3175 1527 3444 1582 electione
3492 1540 3607 1582 suae
3650 1541 3749 1580 vo-

2153 1617 2404 1683 luntatis,
2437 1619 2675 1692 iniquus.
2707 1617 2878 1675 Jacob
2899 1628 3080 1674 autem
3113 1629 3167 1675 ct
3196 1620 3341 1674 Esau
3365 1661 3380 1686 ,
3409 1619 3464 1674 in
3494 1633 3604 1675 uno
3626 1627 3754 1675 sunt

2152 1725 2415 1784 corpore,
2462 1729 2528 1768 ex
2573 1728 2678 1769 uno
2721 1714 2948 1770 semine.
3005 1713 3113 1770 Sed
3154 1714 3299 1785 quod
3332 1715 3615 1786 perSpicue
3643 1713 3755 1770 duo

2156 1807 2423 1876 procreati
2456 1818 2582 1864 sunt
2612 1827 2624 1862 :
2657 1809 2908 1865 ostensio
2938 1817 3023 1865 est
3051 1809 3279 1864 duorum
3311 1809 3653 1882 populorum.
3683 1809 3755 1864 Et

445 1902 696 1959 Primum
721 1946 736 1971 ,
770 1906 896 1976 quia
944 1906 997 1960 in
1031 1903 1247 1960 Christo
1276 1905 1526 1976 promisit
1573 1904 1716 1960 hanc
1742 1901 2051 1957 multitudi-
2084 1899 2130 1959 Β
2158 1916 2226 1956 ne
2256 1902 2377 1972 quis
2422 1912 2674 1976 putaret,
2707 1904 2783 1959 ita
2819 1906 3104 1975 perSpicue
3154 1904 3271 1960 fore
3302 1914 3587 1975 separatos
3617 1903 3757 1960 duos

450 2014 575 2054 nem
602 2016 616 2052 :
652 1998 775 2053 Non
794 2000 849 2054 in
886 1998 1166 2054 seminibus
1193 2000 1342 2071 quasi
1357 1999 1411 2053 in
1442 1998 1619 2053 multis
1652 2042 1667 2061 ,
1696 1998 1788 2053 sed
1816 1997 1966 2070 quasi
2000 1998 2057 2051 in

453 2110 555 2148 uno
577 2135 592 2161 ,
629 2102 677 2147 et
722 2093 903 2149 semini
943 2103 1059 2159 tuo,
1087 2092 1227 2165 quod
1252 2101 1329 2146 est
1356 2090 1590 2147 Christus
1632 2087 1776 2162 (Gal.
1809 2104 1867 2144 ιιι
1894 2130 1908 2154 ,
1940 2086 2053 2158 16).

442 2186 663 2243 ‘Deiude
690 2227 708 2254 ,
762 2186 888 2257 quia
940 2201 1134 2242 omnes
1171 2196 1365 2257 gentes
1414 2183 1713 2255 promisit,
1755 2181 1900 2251 quod
1933 2191 2059 2236 ante

457 2277 721 2335 Christum
769 2280 886 2336 ﬁeri
914 2295 1022 2335 non
1072 2280 1264 2350 potuit.
1297 2278 1367 2333 Et
1392 2279 1436 2333 si
1479 2277 1580 2333 fuit
1611 2286 1738 2332 ante
1766 2274 2060 2331 Dominum

458 2389 722 2430 numerus
748 2375 977 2430 ﬁliorum
1009 2374 1178 2430 Israel
1208 2374 1352 2429 sicut
1377 2386 1540 2428 arena
1574 2371 1743 2427 maris
1771 2387 1784 2424 :
1817 2368 1912 2426 sed
1939 2384 2060 2424 cum

460 2466 611 2523 falsis
642 2468 930 2535 fratribus,
960 2466 1055 2539 qui
1076 2482 1185 2524 non
1208 2478 1335 2522 sunt
1357 2466 1453 2521 ﬁlii
1475 2465 1733 2522 Abrahze.
1751 2463 1869 2519 Non
1891 2464 2060 2531 enim,

459 2563 584 2634 quia
616 2577 807 2618 omnes
849 2578 915 2618 ex
955 2561 1232 2618 Abraham
1266 2604 1283 2630 ,
1322 2575 1517 2617 omnes
1554 2557 1651 2615 lilii
1675 2557 1940 2624 Abrahae;
1971 2567 2064 2613 aut

459 2656 586 2728 quia
619 2655 784 2711 Israel
809 2697 823 2721 ,
858 2670 1051 2711 omnes
1078 2655 1268 2711 lsrael.
1301 2654 1454 2713 Sicut
1482 2652 1816 2723 Apostolus,
1850 2666 1971 2706 cum
2003 2666 2064 2707 se

464 2747 749 2803 Anathema
775 2758 973 2820 optaret
991 2764 1103 2804 esse
1122 2766 1216 2822 pro
1233 2746 1400 2802 Israel
1416 2746 1591 2819 (Rom.
1617 2760 1693 2811 Ix,
1721 2744 1804 2813 ὅ),
1833 2759 2063 2814 quorum

464 2853 610 2898 esset
636 2843 870 2898 ﬁliorum
902 2843 1131 2912 adoptio
1168 2852 1224 2898 et
1257 2851 1581 2897 testamenta
1611 2881 1624 2904 ,
1656 2837 1933 2906 ostendit,
1958 2851 2063 2891 non

463 2953 587 2994 esse
614 2937 921 3008 eujnsmodi
952 2938 1096 2993 ﬁlios
1120 2936 1358 2993 Abrahae
1378 2978 1394 3003 ,
1424 2936 1518 2992 sed
1555 2936 1623 2992 de
1651 2937 1848 2993 affectu
1875 2947 2067 2989 carna-

466 3031 534 3087 lis
564 3029 986 3087 necessitudinis
1011 3030 1230 3098 dolere,
1263 3029 1409 3101 quud
1443 3046 1507 3087 ex
1538 3032 1657 3102 ipso
1690 3044 1924 3086 numero
1944 3044 2065 3107 non

466 3135 670 3181 essent.
707 3124 822 3180 Non
848 3126 989 3194 quod
1019 3126 1315 3196 promissio
1350 3124 1444 3181 Dei
1471 3125 1809 3191 excidisset,
1843 3100 2065 3179 dicens”:

471 3219 595 3275 Non
628 3234 795 3275 tamen
827 3221 1016 3276 excidit
1045 3237 1212 3275 sermo
1247 3219 1377 3287 Dei,
1428 3237 1529 3274 non
1559 3219 1696 3273 enim
1732 3234 1908 3272 omnes
1931 3258 1947 3284 ,
1980 3218 2068 3288 qui

2162 1993 2391 2062 populos
2422 2012 2435 2046 :
2467 2005 2747 2052 ostensum
2779 2007 2861 2052 est
2889 2038 2905 2063 ,
2947 1995 3139 2051 ambos
3172 1997 3223 2050 in
3251 2011 3360 2051 uno
3401 2010 3632 2065 corpore
3674 1993 3758 2050 fu-

2163 2094 2309 2141 turos
2370 2087 2425 2142 in
2453 2086 2627 2144 .lacob
2648 2131 2663 2155 ,
2694 2090 2785 2161 qui
2817 2098 2871 2144 et
2899 2088 3132 2145 dilectus
3164 2097 3388 2145 vocatus
3414 2097 3500 2145 est
3523 2131 3536 2151 .
3566 2097 3621 2144 et
3651 2086 3763 2143 fra-

2159 2181 2262 2236 tris
2287 2182 2664 2253 supplantator
2700 2197 3016 2254 expressus.
3052 2182 3239 2254 Itaque
3268 2183 3320 2237 iu
3352 2181 3563 2237 duobus
3589 2194 3763 2251 quan-

2164 2276 2296 2331 titas
2358 2293 2618 2348 expressa
2703 2288 2828 2346 est,
2894 2293 3000 2334 non
3074 2277 3307 2345 qualitas
3377 2276 3761 2348 separationis.

2166 2371 2443 2427 Catterum
2468 2414 2481 2437 ,
2510 2374 2671 2429 ambo
2704 2375 2796 2445 qui
2846 2374 3084 2444 separati
3134 2382 3262 2428 sunt
3308 2374 3360 2428 itt
3418 2386 3525 2427 uno
3555 2370 3762 2437 futuri,

2166 2473 2454 2537 antequam
2484 2466 2830 2533 dividuntur,
2859 2467 3067 2522 osteusi
3095 2474 3243 2522 sunt.
3279 2466 3345 2520 Et
3373 2464 3557 2533 Isaac,
3583 2464 3721 2519 venit
3746 2504 3762 2529 ,

2164 2560 2377 2631 inquit,
2405 2564 2567 2633 frater
2592 2569 2711 2615 tuus
2737 2577 2853 2615 cum
2882 2560 3001 2616 dolo
3022 2603 3036 2625 ,
3064 2569 3113 2615 et
3138 2560 3335 2631 accepit
3366 2558 3767 2613 benedictionem

2168 2663 2308 2709 tuam
2337 2653 2490 2728 (Gen.
2529 2672 2670 2711 χχιιι
2692 2698 2706 2722 ,
2736 2656 2852 2726 55).
2896 2656 3010 2711 Nisi
3044 2656 3115 2711 ita
3158 2654 3359 2710 locutio
3393 2655 3619 2727 mystica
3651 2653 3769 2722 sit,

2168 2748 2404 2803 breviter
2448 2750 2789 2805 ostendentis
2838 2749 2947 2805 duo
2997 2749 3052 2804 in
3084 2764 3193 2803 uno
3240 2763 3469 2819 corpore
3521 2766 3535 2804 :
3588 2762 3773 2803 nonne

2168 2854 2356 2898 contra
2385 2846 2648 2899 rationem
2674 2855 2795 2911 est,
2829 2853 2887 2899 ut
2916 2843 3352 2899 benedictionem
3378 2843 3431 2897 in
3456 2841 3773 2913 proximum

2170 2941 2361 2999 dolose
2391 2943 2709 3011 acceperit,
2742 2941 3029 3014 Scriptura
3054 2943 3274 2997 dicente
3315 2959 3329 2996 :
3367 2941 3470 3008 Qui
3498 2957 3600 2996 non
3621 2944 3777 3011 jura-

2169 3036 2239 3090 vit
2263 3037 2499 3109 proximo
2528 3036 2580 3091 in
2626 3035 2788 3105 dolo;
2817 3037 2915 3091 iste
2944 3037 3159 3109 accipiet
3187 3034 3592 3090 benedictionem
3616 3031 3779 3089 aDo—

2171 3130 2310 3184 mino
2340 3128 2514 3198 (Psnl.
2563 3146 2734 3197 χλιιι,
2783 3130 2886 3202 4)1
2930 3129 3231 3199 Numquam
3277 3137 3459 3185 autem
3486 3127 3686 3193 Jacob,
3719 3128 3774 3184 id

2171 3232 2257 3277 est
2286 3221 2528 3276 Ecclesia
2559 3223 2703 3276 venit
2733 3219 2801 3275 ad
2834 3220 3268 3277 benedictionem
3295 3262 3309 3287 ,
3341 3234 3446 3274 non
3476 3221 3779 3276 comitante

469 3326 589 3370 sunt
620 3332 683 3370 ea:
709 3315 912 3383 Israel,
940 3315 993 3369 hi
1025 3325 1141 3371 sunt
1165 3314 1370 3381 Israel,
1398 3330 1560 3386 neque
1605 3314 1730 3386 quia
1758 3322 1877 3367 sunt
1904 3328 2074 3367 semen
2101 3305 2147 3369 C
2179 3313 2308 3370 dolo
2330 3356 2345 3377 ,
2396 3313 2449 3369 id
2481 3323 2567 3370 est
2589 3355 2603 3381 ,
2635 3313 2790 3369 falsis
2830 3313 3108 3369 fratribus.
3141 3312 3247 3369 Sed
3281 3329 3389 3367 non
3411 3354 3427 3380 ,
3459 3313 3587 3384 quia
3618 3312 3782 3369 inno-

473 3407 715 3470 Abrnltte,
742 3424 917 3463 ontnes
958 3408 1059 3476 ﬁlii
1082 3418 1201 3462 sunt
1227 3424 1245 3462 :
1272 3407 1362 3463 sed
1404 3408 1455 3461 in
1499 3404 1653 3460 Isaac
1692 3405 1954 3460 vocabitur
1984 3404 2075 3458 tibi

472 3517 642 3556 semen
675 3518 694 3556 :
719 3501 775 3554 id
801 3511 877 3555 est
904 3543 920 3569 ,
947 3518 1051 3555 non
1076 3503 1165 3573 qui
1209 3511 1327 3555 sunt
1368 3501 1466 3569 lilii
1492 3501 1661 3555 carnis
1682 3540 1697 3566 ,
1726 3500 1782 3555 bi
1821 3508 1935 3553 sunt
1977 3498 2076 3569 filii

451 3582 572 3647 'I)ei
605 3609 624 3648 :
649 3594 741 3647 sed
761 3594 856 3661 ﬁlii
886 3594 1242 3663 promissionis
1269 3593 1583 3666 deputantur
1600 3592 1653 3645 in
1682 3607 1855 3646 semen
1883 3589 2072 3663 (Ibid.,

475 3684 617 3757 6-8).
653 3687 793 3757 Ergo
823 3688 874 3740 in
906 3687 1125 3756 antiqua
1159 3686 1505 3742 multitudine
1562 3700 1670 3740 non
1714 3684 1814 3740 fuit
1843 3683 2074 3740 Abrahae

478 3793 667 3835 semen
700 3794 711 3831 :
740 3778 839 3833 nisi
871 3778 1008 3844 illis,
1042 3780 1132 3849 qui
1165 3778 1464 3835 secundum
1509 3778 1662 3834 Isaac
1691 3778 1815 3833 ﬁdei
1858 3787 1914 3833 et
1944 3792 2073 3848 pro-

464 3870 756 3927 missionis
786 3870 878 3925 ﬁlii
912 3882 1089 3927 erant.
1139 3872 1313 3927 Etiam
1344 3870 1448 3927 hoc
1475 3871 1790 3941 exemplum
1824 3870 2026 3926 inducit
2058 3885 2072 3923 :

479 3965 539 4021 Si
565 3967 721 4037 fuerit
750 3982 993 4021 numerus
1019 3966 1247 4037 ﬁliorum
1279 3964 1483 4030 Israel,
1517 3966 1651 4020 sicut
1683 3981 1841 4020 arena
1870 3966 2028 4019 maris
2057 3981 2076 4019 :

476 4059 712 4131 reliqulw
743 4058 1128 4126 liberabuntur,
1176 4058 1228 4113 id
1268 4068 1374 4124 est,
1407 4059 1670 4129 exiguum
1700 4055 1831 4127 (Isa.
1865 4072 1925 4123 χ,
1966 4056 2074 4113 12ξ

481 4152 599 4209 Ose.
632 4168 671 4220 ι,
709 4152 820 4224 10).
864 4153 935 4208 Ει
958 4195 971 4218 ,
1002 4154 1105 4207 nisi
1133 4151 1386 4206 Dominus
1428 4149 1643 4205 sabaolh
1671 4148 1959 4222 reliquisset
1987 4167 2079 4204 no-

477 4247 554 4302 bis
581 4264 791 4312 semen,
827 4248 961 4302 sicut
1009 4246 1241 4304 Sodoma
1283 4262 1509 4300 essemus
1557 4242 1696 4318 (Isa.
1729 4260 1777 4309 ι,
1819 4243 1900 4316 9).
1941 4242 2078 4313 Ipsm

480 4340 723 4411 reliquia:
774 4340 998 4397 fuerunt
1028 4355 1215 4395 semen
1246 4339 1482 4396 Abrahae
1511 4354 1527 4394 :
1555 4353 1625 4394 ne
1650 4338 1830 4394 omnis
1854 4336 2039 4394 Judma
2060 4383 2074 4407 ,

482 4444 542 4492 ut
572 4433 808 4490 Sodoma
834 4443 1002 4491 esset.
1036 4434 1242 4489 Iterum
1287 4450 1407 4490 cum
1438 4442 1753 4501 assereret,
1785 4447 2076 4504 numquam

486 4529 650 4585 Deum
676 4527 1050 4584 hasreditalem
1079 4543 1232 4583 suam
1258 4527 1555 4599 reliquisse
1582 4545 1597 4581 :
1628 4526 1727 4583 sed
1749 4527 1891 4581 sicut
1917 4526 1969 4580 in
1981 4525 2080 4579 ad-

483 4637 646 4682 ventu
687 4624 921 4691 Domini,
976 4642 1095 4695 pars
1123 4621 1291 4679 Israel
1317 4621 1461 4679 salra
1490 4625 1630 4696 [acta
1661 4631 1735 4677 est
1776 4636 1796 4677 :
1826 4620 1903 4675 ita
1939 4634 2083 4675 sem-

2177 3412 2355 3466 centia
2389 3418 2443 3466 et
2471 3409 2629 3465 dolus
2652 3410 2813 3465 simul
2846 3409 3072 3465 veniunt
3101 3411 3165 3463 ad
3196 3409 3631 3465 benedictionem
3658 3450 3675 3477 ,
3705 3410 3783 3466 si-

2180 3505 2289 3559 mul
2343 3503 2741 3559 benedicuntur
2791 3519 2805 3556 :
2859 3501 2988 3573 quia
3035 3501 3125 3573 qui
3170 3510 3334 3576 potest
3363 3518 3576 3574 capere,
3604 3502 3782 3575 capiat

2179 3596 2394 3668 (Matth.
2426 3613 2516 3652 χιιι
2536 3638 2550 3663 ,
2579 3596 2692 3667 12).
2716 3605 2771 3652 et
2791 3611 2955 3649 unum
2970 3610 3157 3651 semen
3184 3611 3282 3665 pro
3303 3594 3568 3666 qualitate
3592 3605 3778 3660 terra}.

2180 3689 2446 3760 provenit.
2483 3688 2599 3745 Non
2653 3697 2740 3744 est
2774 3695 2954 3745 autem
2985 3687 3360 3755 contrarium,
3401 3685 3544 3758 quod
3575 3686 3781 3741 malum

2178 3784 2407 3841 fratrum
2456 3783 2677 3840 videtur
2728 3784 3115 3853 supplantasse
3138 3825 3152 3848 ,
3203 3781 3325 3851 quia
3359 3796 3464 3835 non
3496 3779 3630 3835 dixit
3663 3796 3676 3832 :
3710 3777 3783 3835 In

2180 3890 2324 3933 utero
2345 3877 2703 3948 supplantavit
2733 3874 2897 3941 Esau,
2929 3875 3027 3931 sed
3069 3874 3283 3946 fratrem
3300 3890 3471 3927 suum.
3503 3872 3644 3928 Esau
3676 3887 3782 3926 au-

2180 3982 2288 4027 tem
2319 4014 2334 4038 ,
2369 3971 2566 4041 ubique
2597 3971 2810 4040 signum
2852 3978 2968 4036 est,
2999 3978 3053 4024 et
3083 3982 3283 4022 nomen
3316 3966 3584 4021 malorum
3621 3981 3634 4018 :
3681 3962 3783 4019 Ja-

2181 4068 2284 4123 θυι)
2336 4077 2517 4121 autem
2544 4109 2558 4132 ,
2594 4074 2947 4134 utrorumque
2994 4081 3008 4117 :
3056 4062 3147 4118 illa
3183 4061 3395 4117 ratione
3421 4103 3437 4128 ,
3468 4060 3611 4132 quod
3651 4075 3784 4130 pars

2182 4160 2324 4217 mala
2346 4160 2570 4213 simulet
2594 4173 2654 4213 se
2683 4157 2851 4212 Jacob
2879 4199 2891 4219 .
2919 4165 2975 4213 et
3000 4158 3119 4212 sine
3144 4156 3310 4213 dubio
3336 4198 3351 4222 ,
3379 4170 3488 4210 uno
3520 4155 3783 4210 nomine:

2183 4270 2307 4327 pars
2337 4266 2517 4308 autem
2550 4254 2685 4307 bona
2709 4295 2721 4314 ,
2753 4268 2859 4307 non
2887 4262 3069 4321 potest
3096 4267 3155 4306 se
3193 4249 3453 4305 simulare
3484 4250 3648 4306 Esau.
3685 4249 3789 4304 Est

2184 4348 2290 4404 hoc
2320 4362 2515 4403 nomen
2546 4345 2811 4400 malorum
2844 4354 3050 4399 tantum
3079 4362 3092 4398 ι
3125 4343 3256 4400 illud
3279 4357 3411 4398 vero
3441 4342 3781 4413 bipartitum.

2183 4440 2454 4498 Czrterum
2485 4439 2551 4494 de
2580 4439 2753 4494 libero
2782 4437 3011 4493 arbitrio
3032 4478 3046 4501 ,
3087 4452 3187 4493 nec
3212 4436 3380 4493 Jacob
3405 4450 3571 4491 omne
3596 4449 3786 4490 semen

2182 4533 2386 4590 bonum
2413 4575 2427 4598 ,
2461 4547 2560 4588 nec
2607 4531 2751 4587 Esau
2809 4546 2972 4585 omne
3014 4532 3212 4586 malum
3248 4572 3261 4594 ,
3309 4528 3405 4585 sed
3454 4544 3520 4583 ex
3553 4538 3788 4599 utroque

2186 4635 2500 4696 utrumque.
2528 4625 2605 4680 Ex
2639 4623 2909 4679 Abraham
2935 4625 3007 4678 ita
3036 4623 3356 4693 bipartitum
3383 4638 3568 4678 semen
3596 4632 3790 4677 osten-

485 4736 582 4791 l‘er
611 4720 800 4774 ll'iSie-
835 4719 995 4787 Ωκίάι
1044 4719 1259 4790 inquit.
1301 4719 1426 4773 dic"
1472 4732 1782 4784 τειροηεωη
1812 4712 2084 4768 divinat"?
2111 4707 2160 4767 Ι)
2188 4737 2307 4776 sum
2341 4729 2446 4777 est.
2477 4719 2670 4776 Natum
2713 4728 2800 4775 est
2839 4734 3002 4775 unum
3033 4734 3095 4775 ex
3121 4719 3316 4775 ancilla
3346 4719 3397 4774 in
3438 4718 3606 4789 ﬁgura
3631 4716 3787 4789 (Gal.

486 4812 694 4885 Reliqui
726 4813 849 4867 mihi
875 4821 1068 4882 septem
1112 4811 1281 4866 millia
1310 4813 1561 4877 vivorum,
1598 4810 1686 4882 qui
1713 4826 1815 4863 non
1841 4823 2084 4862 curvave-

481 4915 605 4960 runt
630 4922 762 4979 genu
807 4916 926 4960 ante
957 4904 1125 4960 Bahal
1181 4906 1272 4977 (lli
1300 4904 1435 4978 Reg.
1470 4920 1605 4962 XVIII
1631 4946 1647 4971 ,
1680 4902 1784 4970 l9;
1815 4901 1966 4957 Rom.
1995 4917 2047 4955 ιιι
2070 4943 2085 4968 ,

484 5000 565 5071 tl).
599 5001 691 5056 Sic
721 5016 863 5055 nunc
899 4999 1145 5069 reliquis:
1190 5000 1494 5055 secundum
1541 4998 1870 5053 electionem
1922 4997 2086 5052 salva:

484 5096 641 5151 factze
688 5105 854 5161 sunt,
902 5093 1136 5150 dicendo
1180 5109 1193 5147 :
1238 5092 1297 5149 Si
1348 5107 1491 5148 nunc
1538 5093 1592 5147 in
1640 5092 1745 5146 hoc
1793 5100 2079 5159 tempore:

484 5180 725 5243 ostendit
751 5197 807 5242 et
834 5199 961 5243 ante
986 5189 1067 5241 sic
1096 5186 1294 5242 factum
1324 5186 1377 5241 in
1402 5186 1602 5251 Israel,
1636 5194 1696 5240 ut
1725 5183 1999 5254 reliquim,
2033 5186 2082 5240 id

488 5292 607 5346 est,
638 5281 908 5336 modicum
938 5280 1149 5335 salvum
1194 5281 1369 5336 fieret.
1402 5278 1473 5335 Si'
1504 5289 1682 5335 autem
1709 5320 1725 5346 ,
1773 5293 1873 5334 nec
1902 5278 2038 5336 lidcs
2067 5322 2082 5347 ,

489 5389 590 5431 nec
610 5376 748 5430 ratio
776 5377 1068 5444 persuadet
1098 5377 1250 5438 fidei.
1286 5378 1378 5448 qui
1412 5378 1716 5446 promissus
1740 5373 1953 5440 fuerat,
1973 5375 2087 5430 dic-

488 5477 600 5523 tum
633 5482 756 5524 esse
812 5485 825 5522 :
876 5468 936 5523 Si
976 5484 1055 5522 tne
1074 5469 1331 5537 audisses,
1377 5467 1579 5535 Israel;
1612 5478 1741 5525 esset
1769 5469 1900 5523 sicut
1929 5484 2088 5522 arena

490 5569 650 5624 maris
697 5585 941 5624 numerus
966 5579 1084 5625 tuus
1131 5568 1267 5642 (Isa.
1297 5586 1458 5628 XLVIII
1484 5613 1499 5638 ,
1527 5569 1639 5642 l8).
1673 5569 1926 5627 EtJacob
1950 5612 1963 5634 ,
1994 5570 2085 5639 qui

490 5671 785 5733 antequam
826 5672 1144 5720 nasceretur
1172 5706 1187 5731 ,
1219 5664 1377 5720 datus
1403 5673 1491 5720 est
1522 5683 1535 5720 :
1566 5664 1709 5720 idem
1744 5664 1920 5720 libero
1947 5663 2092 5719 arbi-

489 5757 596 5815 trio
625 5758 971 5831 postmodum
1018 5760 1342 5834 reprobatus
1383 5767 1488 5820 est.
1534 5759 1858 5819 SicutOsec
1906 5758 2088 5819 dicit:

554 5945 587 5993 λ
638 5943 929 6028 Numqum;

2187 4831 2241 4870 tv
2265 4860 2280 4884 ,
2314 4813 2409 4887 τε)
2525 4824 2581 4869 ιιι
2611 4814 2991 4870 ostenderetur
3032 4813 3195 4868 etiam
3237 4827 3425 4869 servos
3468 4810 3676 4868 futuros
3714 4829 3789 4870 ex

2185 4909 2458 4963 Abraham
2488 4952 2502 4976 ,
2522 4909 2818 4964 ctrecessit
2844 4923 2965 4963 cum
2985 4921 3082 4961 sua
3113 4918 3307 4963 matre.
3334 4905 3629 4978 Postquam
3654 4922 3790 4964 vero

2181 5002 2412 5057 recessit
2438 5044 2452 5068 ,
2488 5003 2769 5057 inventum
2802 5012 2884 5057 eSt
2916 5001 2969 5055 in
2997 4999 3223 5055 alterius
3253 5001 3464 5057 semine
3488 5042 3502 5066 ,
3532 5003 3673 5069 quod
3701 5011 3792 5057 est

2186 5110 2252 5151 ex
2292 5096 2493 5162 libera,
2533 5096 2674 5168 quod
2704 5104 2874 5151 estex
2921 5093 3234 5164 Israel,qui
3259 5095 3465 5165 accepit
3513 5094 3685 5165 legem
3730 5095 3788 5151 in

2192 5203 2377 5250 monte
2398 5193 2552 5261 Sina,
2571 5192 2712 5261 quod
2728 5189 2968 5260 estAgar
2990 5189 3044 5244 in
3068 5191 3333 5244 servitute
3354 5202 3646 5260 generans.
3668 5187 3790 5247 lllic

2189 5293 2247 5348 in
2281 5292 2471 5348 eodem
2501 5292 2707 5363 populo
2736 5289 3033 5346 secundum
3066 5287 3218 5344 Isaac
3252 5304 3318 5343 ex
3352 5288 3521 5343 libera
3553 5290 3792 5358 promis-

2192 5387 2360 5441 sionis
2393 5386 2507 5448 ﬁlii,
2540 5386 2592 5440 id
2623 5395 2729 5451 est,
2767 5384 2942 5439 sancti
2976 5394 3031 5437 et
3080 5381 3272 5437 ﬁdeles
3317 5382 3470 5436 multi
3517 5383 3791 5452 procreati

2191 5488 2339 5534 sunt.
2371 5477 2652 5548 Separatis
2680 5477 2864 5545 itaque
2893 5492 2924 5532 a
2954 5475 3308 5532 credentibus
3340 5475 3523 5545 ﬁguris
3552 5474 3791 5531 Israelct

2194 5575 2379 5643 Esau,
2432 5576 2485 5629 in
2518 5590 2625 5627 uno
2676 5574 2875 5643 populo
2921 5579 3089 5627 totunt
3142 5569 3483 5640 postmodum
3514 5568 3785 5639 provenit.

2195 5666 2311 5723 Illic
2337 5667 2405 5722 ab
2431 5665 2644 5737 origine
2663 5672 2949 5736 utrumque
2965 5672 3349 5719 testamentum
3377 5667 3523 5734 Agar
3541 5670 3597 5717 et
3618 5661 3786 5725 Isaac;

2193 5759 2291 5819 sed
2312 5776 2410 5833 pro
2440 5771 2684 5833 tempore
2704 5757 2939 5816 alterum
2966 5758 3067 5816 sub
3086 5756 3313 5815 alterius
3334 5756 3555 5814 nomine
3578 5752 3794 5813 delituit

3650 5922 3692 5947 τ’
3737 5904 3785 5958 :i

3662 5973 3785 6002 ..λ
