4032 6512
249 396 324 457 ss

1375 397 1601 455 'LlBER
1642 397 1731 457 DE
1770 397 2041 458 SEPTEM
2081 399 2404 459 REGULIS.

3483 403 3559 461 34

246 520 303 567 et
325 508 632 576 delitescit,
662 509 787 580 quia
819 523 996 580 neque
1029 511 1433 567 revelatonovo
1450 514 1855 585 quiescitvettts
1882 524 1930 584 Α
1963 534 2105 574 nunc
2145 529 2226 575 est
2279 534 2375 590 per
2428 517 2620 574 urbem
2651 516 2951 573 Ecclesiam
3003 525 3327 583 assumeret,
3375 526 3470 573 aut
3497 518 3551 573 in

246 606 591 678 generando.
621 604 739 660 Non
772 620 900 675 ergo
923 606 1061 661 dixit
1088 648 1101 673 ,
1134 606 1303 678 Agar,
1336 625 1453 681 qua:
1479 611 1531 662 in
1559 612 1853 664 servitutem

247 717 522 774 generum.
576 699 804 770 Oportet
833 712 1016 756 autem
1048 700 1215 758 simul
1261 703 1450 759 ambos
1495 720 1750 761 crescere
1778 720 1860 761 us-

246 808 359 865 que
388 793 457 847 ad
486 809 741 850 messem.
774 793 926 852 Sicut
953 810 1089 868 ergo
1116 806 1242 852 tunc
1272 797 1374 853 sub
1397 796 1734 869 professione
1764 815 1857 853 ve-

249 886 385 943 teris
414 886 756 943 Testamenti
802 887 959 944 latuit
988 904 1187 943 novum
1219 932 1235 956 ,
1268 888 1323 945 id
1354 900 1459 958 est,
1490 893 1684 962 gratia,
1709 891 1856 963 quod

247 978 548 1036 secundum
578 978 730 1036 Isaac
771 980 1154 1050 promissionis
1185 980 1332 1037 ﬁlios
1379 991 1668 1053 generaret
1699 998 1765 1039 ex
1793 981 1860 1037 li-

247 1073 407 1138 bera,
453 1075 597 1146 quod
630 1074 689 1129 in
742 1074 961 1132 Christo
1002 1076 1305 1130 revelatum
1338 1085 1467 1131 est:
1517 1076 1589 1131 ita
1619 1086 1675 1131 et
1714 1089 1861 1131 nunc

246 1167 532 1224 obtinente
561 1182 699 1224 nova
724 1211 739 1236 ,
777 1183 884 1225 non
912 1169 1113 1226 desunt
1138 1169 1416 1226 servitutis
1444 1171 1540 1225 lilii
1562 1180 1862 1244 generante

249 1264 426 1339 Agar,
464 1265 689 1338 quodin
720 1264 943 1323 Christo
978 1267 1337 1323 revelabitur.
1377 1266 1682 1323 Confirmat
1708 1264 1860 1338 Apo-

249 1359 428 1415 8tolus
449 1398 467 1425 ,
500 1357 553 1413 id
584 1372 727 1414 nunc
750 1372 965 1431 quoque
997 1359 1140 1415 inter
1167 1358 1365 1415 fratres
1397 1364 1534 1430 geri,
1558 1359 1703 1431 quod
1735 1368 1864 1415 tunc

251 1453 401 1509 inter
440 1450 567 1508 illos
592 1450 905 1523 gerebatur,
931 1451 1121 1509 dicens
1152 1470 1165 1507 :
1200 1452 1305 1508 Vos
1334 1462 1527 1516 autem,
1563 1456 1752 1523 fratres
1784 1467 1865 1505 se-

248 1548 482 1605 cundum
510 1545 684 1612 Isaac,
708 1546 1067 1617 promissionis
1093 1546 1193 1618 ﬁlii
1222 1547 1365 1602 estis.
1394 1546 1515 1604 Sed
1538 1547 1671 1601 sicut
1698 1556 1821 1602 tunc
1847 1588 1862 1614 ,

252 1642 345 1714 qui
372 1641 657 1696 secundum
701 1656 909 1696 carnem
947 1650 1101 1695 natus
1153 1649 1262 1707 est,
1296 1638 1694 1712 persequebatur
1720 1637 1869 1712 spiri-

255 1736 493 1805 tualem,
544 1737 616 1789 ita
659 1744 706 1790 et
750 1753 891 1789 nunc
937 1733 1102 1809 (Ibid.
1144 1732 1236 1797 28,
1268 1731 1388 1807 29).
1438 1733 1504 1788 Et
1551 1733 1869 1790 necessario

255 1831 503 1899 addidit,
540 1829 632 1884 sed
666 1829 793 1902 quid
834 1830 959 1884 dicit
997 1827 1315 1903 Scriptura?
1355 1825 1576 1901 Expelle
1621 1824 1870 1881 ancillam

1956 628 2122 667 unum
2177 613 2508 681 membrum,
2561 620 2731 667 tomm
2774 627 2997 683 corpus,
3049 612 3186 667 utin
3238 612 3554 669 Salomone.

1955 707 2061 765 Sed
2088 709 2190 765 hoc
2218 726 2324 765 non
2351 710 2535 765 minus
2556 709 2832 765 occultum
2858 718 2969 777 est,
2999 724 3165 779 quam
3195 719 3415 771 caetera.
3437 722 3559 779 qua:

1960 818 2065 859 non
2100 804 2276 859 solum
2310 803 2497 875 specie
2525 804 2702 871 verbi,
2739 803 2835 860 sed
2877 805 3042 860 etiam
3074 802 3398 859 multiformi
3426 817 3557 858 nar-

1958 897 2173 952 ratione
2222 896 2591 954 occultantur.
2648 895 3055 966 Quamobrem,
3114 897 3214 954 Dei
3267 896 3443 968 gratia
3503 895 3558 951 in

1958 990 2218 1045 auxilium
2251 990 2557 1061 postulata;
2598 990 2995 1047 elaborandum
3028 990 3186 1046 nobis
3215 1000 3323 1056 est,
3360 998 3419 1046 ut
3441 988 3558 1058 Spi-

1961 1085 2100 1139 ritus
2157 1084 2487 1154 multiplicet
2537 1084 2823 1157 ingressus
2874 1085 3114 1158 legendi,
3177 1084 3564 1157 eloquiumque

1962 1179 2183 1247 subtile,
2212 1178 2357 1250 quod
2389 1179 2454 1235 ad
2504 1180 2954 1250 impedimentum
2993 1178 3334 1246 intellectus,
3363 1176 3565 1249 Speciei

1963 1287 2160 1343 genus,
2190 1283 2286 1327 aut
2312 1272 2502 1345 generi
2524 1274 2764 1343 speciem
2792 1273 2989 1329 inserit
3020 1290 3033 1327 :
3065 1286 3242 1344 genus
3262 1270 3478 1343 species
3501 1284 3571 1327 ne

1965 1366 2058 1430 sit,
2084 1366 2244 1422 facile
2271 1366 2447 1436 possit
2484 1365 2685 1423 videri.
2718 1366 2857 1422 Dum
2896 1365 3042 1422 enim
3082 1367 3322 1438 Speciem
3357 1374 3568 1435 narrat,

1968 1457 2042 1515 ita
2070 1459 2122 1514 in
2152 1474 2327 1530 genus
2358 1459 2578 1527 transit,
2612 1470 2671 1515 ut
2705 1460 2973 1516 transitus
2997 1475 3104 1517 non
3151 1461 3335 1515 statim
3367 1457 3575 1530 liquido

1967 1560 2272 1622 appareat:
2324 1551 2422 1607 sed
2472 1552 2598 1607 talia
2648 1552 2927 1609 transiens
2965 1553 3122 1624 ponit
3151 1553 3338 1620 verba,
3366 1569 3487 1624 qua:
3514 1551 3570 1610 in

1971 1655 2266 1715 utrumque
2281 1646 2632 1712 conveniant,
2650 1645 2826 1702 donec
2848 1646 3106 1718 paulatim
3131 1645 3572 1717 spccieimodum

1972 1738 2223 1804 excedat,
2258 1749 2311 1796 et
2356 1740 2620 1796 transitus
2664 1740 2955 1809 dilucidet,
2988 1756 3139 1810 cum,
3162 1757 3284 1814 qua:
3329 1756 3358 1796 a
3390 1741 3578 1813 specie

1974 1843 2279 1906 coeperant,
2325 1835 2539 1891 nonnisi
2569 1838 2625 1892 in
2669 1851 2843 1908 genus
2871 1837 3254 1904 convenerint,
3287 1844 3343 1892 et
3379 1835 3574 1892 eodem

254 1938 305 1983 et
335 1927 510 1998 ﬁlium
538 1930 654 2001 ejus
683 1941 702 1980 :
745 1942 850 1981 non
892 1925 1025 1980 enim
1064 1925 1291 1980 cohaere:
1329 1924 1425 1978 erit
1447 1921 1589 1993 ﬁlius
1616 1920 1828 1977 ancilla!
1852 1965 1866 1988 ,
1898 1921 1944 1982 Β
1976 1930 2138 1986 modo
2155 1946 2333 2001 genus
2356 1932 2636 2003 relinquit,
2657 1932 2711 1988 in
2735 1934 2976 2003 speciem
3006 1932 3247 1989 rediens.
3270 1932 3579 2005 Aliquando

257 2018 374 2093 filio
394 2018 572 2074 liberm
595 2016 788 2092 (lbid.,
820 2016 937 2090 50).
965 2015 1120 2084 Quod
1156 2025 1337 2072 autem
1382 2014 1551 2081 dixit,
1580 2015 1714 2069 sicut
1737 2016 1871 2073 itunc

260 2112 711 2187 persequebatur;
740 2111 814 2165 ita
835 2121 883 2164 et
926 2125 1063 2164 nunc
1088 2151 1103 2175 ,
1146 2123 1252 2164 non
1296 2116 1381 2163 est
1419 2106 1604 2163 inane.
1634 2105 1874 2177 Aposto-

265 2208 353 2265 lus
379 2211 523 2265 euim
557 2209 955 2279 interpretatus
968 2214 1052 2261 est
1079 2203 1499 2277 persequebatur.
1529 2201 1663 2257 Nam
1689 2201 1874 2272 Scrip-

275 2309 393 2358 tura
418 2301 542 2358 dicit
573 2320 588 2356 :
634 2299 868 2355 Ludebat
894 2297 1088 2354 Ismael
1116 2315 1232 2353 cum
1261 2295 1415 2351 Isaac
1438 2293 1593 2369 (Gen.
1643 2309 1762 2361 nt,
1792 2291 1869 2368 9).

263 2397 542 2467 Numquid
569 2396 795 2463 fratres,
827 2394 920 2465 qui
950 2392 1398 2450 circumcisiones
1442 2390 1650 2447 Calatis
1677 2387 1877 2460 praadi-

265 2492 428 2549 cebat
455 2534 472 2559 ,
504 2502 695 2562 aperte
737 2488 894 2555 illos,
928 2497 984 2545 et
1013 2503 1121 2542 non
1154 2502 1249 2558 per
1276 2486 1453 2540 lusum
1476 2526 1490 2551 ,
1522 2482 1573 2538 id
1620 2494 1724 2548 est,
1755 2482 1878 2538 sine

266 2583 483 2641 indicio
530 2584 928 2654 persecutionis
974 2577 1404 2652 insequebatur?
1445 2576 1598 2634 Sicut
1635 2592 1763 2647 ergo
1811 2575 1880 2632 de

266 2694 475 2751 genere
504 2676 722 2732 ludendi
756 2682 1167 2747 persecutorem
1194 2672 1368 2728 dixit:
1403 2672 1474 2726 ita
1508 2679 1563 2726 et
1593 2670 1728 2726 istos
1751 2669 1878 2741 ,qui

268 2773 443 2830 Filios
473 2773 611 2842 Dei,
642 2774 789 2828 velut
812 2787 908 2843 per
938 2783 1284 2826 communem
1312 2767 1627 2835 utilitatem,
1659 2764 1711 2819 id
1755 2772 1839 2820 est
1862 2803 1880 2832 ,

270 2869 628 2940 disciplinam
676 2866 845 2939 legis,
878 2881 906 2921 a
935 2865 1156 2921 Christo
1183 2877 1475 2935 separare,
1509 2869 1564 2917 et
1589 2858 1751 2915 matri
1773 2873 1885 2913 sua:

271 2964 423 3039 Agar
447 3008 463 3031 ,
491 2964 637 3020 filios
666 2961 920 3018 militant.
968 2958 1086 3016 Alia
1116 2960 1261 3015 enim
1294 2966 1509 3012 nonest
1537 2968 1733 3019 causa,
1778 2966 1884 3023 qua

272 3061 373 3117 filii
422 3058 632 3115 diaboli
683 3059 959 3127 irrepant,
1015 3055 1081 3111 ad
1129 3051 1520 3125 explorandam
1577 3049 1886 3104 libertatem

277 3164 527 3211 nostram
549 3193 566 3218 ,
595 3161 649 3207 et
674 3151 932 3207 simulent
955 3164 1015 3205 se
1044 3147 1239 3204 fratres
1263 3186 1281 3212 ,
1312 3154 1367 3201 et
1398 3147 1448 3198 in
1474 3141 1737 3198 Paradiso
1764 3153 1891 3194 nos-

287 3256 368 3304 tro
397 3246 556 3302 velut
586 3246 676 3300 Dei
709 3244 854 3299 filios
897 3243 1091 3299 ludere
1125 3259 1138 3296 :
1174 3254 1336 3311 quam
1376 3236 1445 3293 de
1473 3235 1697 3291 subacta
1730 3233 1893 3288 lihcr-

1973 2030 2157 2077 autem
2185 2038 2215 2078 a
2264 2024 2448 2091 specie
2480 2024 2533 2079 in
2569 2039 2746 2096 genus
2788 2041 2896 2082 nou
2924 2025 3246 2097 supradicto
3295 2025 3461 2082 modo
3492 2041 3580 2083 re-

1974 2114 2227 2170 vertitur.
2264 2114 2576 2187 Aliquando
2610 2116 2926 2187 supradicto
2949 2117 3112 2175 modo
3136 2119 3355 2187 transit,
3385 2129 3440 2175 et
3464 2119 3582 2176 evi-

1975 2204 2170 2262 denter
2221 2208 2516 2265 revertitur
2564 2206 2728 2264 simili
2779 2208 2986 2265 ordinis
3031 2208 3299 2266 varietate
3346 2227 3362 2265 :
3413 2221 3506 2267 aut
3548 2225 3580 2267 a

1977 2299 2162 2368 specie
2188 2298 2241 2354 in
2267 2315 2463 2370 genus,
2491 2309 2582 2356 aut
2604 2316 2634 2356 a
2658 2316 2858 2374 genere
2879 2302 2931 2357 in
2959 2301 3222 2373 speciem,
3253 2301 3369 2358 fiuit
3395 2318 3585 2359 narra-

1980 2393 2212 2451 tionem.
2247 2394 2558 2466 Aliquando
2584 2395 2727 2451 redit
2751 2410 2822 2451 ex
2852 2394 2956 2452 hoc
2985 2397 3038 2452 in
3071 2396 3207 2451 illud
3237 2411 3345 2453 non
3373 2396 3581 2453 semel:

1981 2497 2038 2544 et
2075 2489 2259 2544 omnis
2287 2488 2528 2545 narratio
2574 2504 2677 2545 nec
2714 2489 2952 2561 speciem
2984 2489 3225 2558 excedit,
3268 2504 3370 2545 nec
3412 2502 3585 2561 genus

1982 2583 2262 2656 praeterit.
2308 2585 2361 2639 in
2412 2592 2702 2655 utrumque
2749 2584 3107 2641 conveniens.
3173 2583 3300 2640 Ha'c
3344 2584 3583 2640 varietas

1983 2676 2359 2733 translationis
2385 2686 2441 2733 et
2456 2676 2667 2734 ordinis
2679 2677 2843 2749 exigit
2866 2676 3050 2745 fidem,
3067 2691 3190 2749 qua:
3214 2676 3451 2749 gratiam
3487 2674 3583 2732 Dei

1985 2784 2214 2845 quaerat.
2246 2772 2337 2830 Sic
2366 2773 2630 2829 Dominus
2658 2789 2755 2844 per
2773 2772 3111 2829 Ezechielem
3138 2773 3398 2842 loquitur,
3423 2781 3476 2827 et
3497 2786 3587 2827 re-

1986 2869 2149 2939 gibus
2183 2884 2370 2925 eorum
2398 2911 2412 2937 ,
2461 2869 2553 2938 qui
2585 2869 2654 2924 ab
2704 2866 3044 2923 Hierusalem
3091 2864 3317 2937 captiet
3351 2864 3589 2936 dispersi

1989 2963 2232 3031 fuerant,
2261 2966 2500 3036 gentium
2528 2963 2706 3035 jungit
2728 2964 3046 3029 adventum,
3071 2970 3128 3019 et
3152 2961 3204 3017 in
3229 2968 3397 3027 terra,
3425 2974 3586 3031 quam

1991 3057 2182 3116 Patres
2201 3060 2372 3113 nosui
2394 3057 2778 3129 possederunt,
2792 3056 3051 3127 exprimit
3068 3058 3352 3111 mundum.
3368 3051 3593 3123 Septem

1993 3152 2142 3207 enim
2166 3159 2356 3222 gentes
2386 3149 2619 3206 Abrahae
2648 3151 2955 3221 promissae,
2984 3150 3153 3221 figura
3183 3158 3313 3204 sunt
3351 3147 3594 3203 omnium

1995 3244 2261 3315 gentium.
2315 3240 2511 3297 Factus
2568 3250 2664 3309 est,
2718 3243 2916 3313 inquit,
2947 3240 3015 3295 ad
3045 3257 3124 3295 me
3161 3256 3327 3296 sermo
3358 3238 3595 3306 Domini,

283 3352 398 3400 tate
432 3340 670 3395 liliorum
689 3338 783 3394 Dei
806 3337 1140 3410 glorientur,
1168 3338 1257 3403 qui
1282 3332 1577 3405 portabunt
1601 3328 1887 3400 judicium,

1998 3339 2171 3393 dicens
2204 3353 2223 3392 :
2267 3333 2375 3391 Fili
2403 3337 2658 3403 hominis,
2690 3336 2873 3391 domus
2913 3332 3083 3390 Israel
3133 3333 3488 3389 habitaverunt
3540 3333 3597 3387 in

277 3434 717 3506 qualescumque
747 3430 822 3485 illi
854 3427 1092 3495 fuerint,
1125 3426 1216 3498 qui
1249 3440 1466 3481 omnem
1490 3428 1735 3479 sanctum
1767 3435 1892 3492 per-

280 3528 466 3585 secuti
494 3534 659 3590 sunt,
699 3524 790 3597 qui
833 3521 1128 3595 prOphetas
1158 3518 1510 3589 occiderunt,
1557 3516 1649 3587 qui
1677 3529 1895 3585 semper

285 3620 521 3693 Spiritui
550 3627 739 3673 sancto
771 3616 1131 3680 restiterunt;
1188 3612 1388 3668 inimici
1434 3608 1613 3667 crucis
1654 3606 1894 3673 Christi,

290 3724 563 3787 negantes
601 3713 882 3772 Christum
931 3711 983 3766 in
1037 3725 1242 3775 carne,
1305 3707 1433 3763 dum
1484 3705 1603 3777 ejus
1656 3702 1897 3759 membra

285 3809 568 3877 oderunt,
598 3823 798 3877 corpus
841 3806 1090 3878 peccati,
1130 3803 1226 3858 ﬁlii
1271 3797 1578 3858 exterminii
1604 3841 1619 3866 ,
1652 3796 1901 3853 ministe-

281 3909 443 3966 rium
474 3903 727 3961 facinoris
747 3944 762 3970 ,
794 3901 886 3973 qui
934 3899 1161 3957 veniunt
1190 3894 1490 3954 secundum
1526 3892 1899 3965 operationem

282 4002 517 4059 Satanae
548 3998 602 4053 in
628 3995 777 4052 omni
806 3997 1008 4051 virtute
1036 4035 1054 4062 ,
1092 3991 1261 4065 signis
1301 3999 1360 4046 et
1386 3987 1652 4061 prodigiis
1679 4028 1694 4052 ,
1740 3982 1905 4055 spiri-

270 4094 471 4152 "tualia
502 4090 758 4163 nequitia:
786 4089 840 4144 in
885 4086 1203 4143 cmlcstibus
1236 4098 1412 4156 :quos
1429 4081 1694 4137 Dominus
1719 4076 1906 4134 Chris-

286 4199 396 4248 tus
420 4230 436 4256 ,
465 4203 625 4260 quem
657 4185 711 4242 in
748 4199 911 4242 carne
942 4187 1364 4255 persequuntur,
1397 4175 1686 4233 interliciet
1711 4173 1906 4244 spiritu

286 4284 422 4343 oris
466 4281 582 4347 sui,
626 4290 680 4336 et
728 4278 976 4335 destruet
1005 4272 1441 4331 manifestatione
1487 4267 1753 4323 adventus
1800 4262 1904 4320 sui.

286 4377 549 4447 Tempus
570 4385 655 4432 est
691 4375 835 4430 enim
871 4415 883 4439 ,
916 4370 1060 4444 quod
1092 4369 1208 4424 hmc
1234 4383 1341 4422 non
1376 4374 1401 4402 α
1435 4362 1735 4417 ministeriis
1762 4402 1777 4427 ,
1811 4358 1909 4414 sed

286 4480 500 4544 aperte
537 4469 789 4524 dicantur
812 4511 826 4535 ,
885 4465 1207 4521 imminente
1246 4458 1615 4523 discessione,
1649 4453 1795 4526 quod
1828 4462 1912 4510 est

288 4564 575 4627 revelatio
606 4562 840 4619 hominis
863 4558 1090 4630 peccati,
1109 4555 1426 4613 discedente
1453 4551 1554 4609 Lot
1582 4565 1613 4606 a
1633 4548 1912 4608 Sodomis.

893 4646 1180 4708 REGULA
1205 4647 1298 4704 IV.

804 4746 883 4801 De
904 4744 1089 4815 specie
1116 4750 1171 4799 et
1199 4756 1425 4814 genere.

294 4846 439 4903 Lua:
473 4842 636 4899 allata
668 4838 933 4905 Ezechiel,
982 4851 1143 4909 capp.
1189 4852 1341 4892 xxvu
1392 4843 1449 4891 et
1479 4848 1626 4889 χχιιι
1665 4840 1721 4889 et
1755 4846 1917 4888 xxxvi

486 4947 543 4996 et
566 4951 771 5002 xxxvn,
800 4932 932 4990 Isai.
966 4947 1065 4989 xm
1095 4939 1151 4987 et
1179 4944 1327 4998 xxiv,
1356 4927 1588 4983 Hierem.
1616 4940 1747 4983 xxv.

1998 3442 2158 3499 terra,
2184 3441 2231 3487 et
2259 3429 2559 3504 polluerunt
2597 3430 2746 3485 illam
2778 3432 2833 3485 in
2873 3430 2955 3484 ria
2985 3446 3102 3492 sua,
3137 3438 3186 3483 et
3211 3429 3264 3483 in
3289 3426 3443 3483 idolis
3488 3427 3598 3482 suis

1998 3534 2045 3581 et
2084 3526 2306 3598 peccatis
2339 3539 2356 3579 :
2386 3523 2671 3578 secundum
2696 3523 3076 3577 immunditiam
3102 3530 3433 3577 menstruam
3458 3524 3599 3594 facta

2000 3627 2074 3672 est
2102 3617 2185 3671 uia
2206 3633 2381 3671 eorum
2408 3623 2529 3670 ante
2554 3615 2740 3687 faciem
2763 3630 2948 3669 meam.
2981 3613 3047 3669 Et
3075 3612 3239 3682 elfudi
3266 3614 3401 3668 iram
3429 3628 3601 3667 meam

2002 3725 2159 3779 super
2196 3724 2303 3776 eos,
2331 3717 2380 3764 et
2399 3708 2620 3781 dispersi
2647 3706 2769 3781 illos
2798 3707 2932 3762 inter
2952 3706 3206 3771 nationes,
3233 3723 3361 3778 quas
3381 3705 3602 3778 ingressi

2003 3812 2142 3871 sunt,
2177 3811 2225 3857 et
2248 3801 2545 3873 polluerunt
2592 3799 2703 3856 illic
2730 3818 2917 3856 nomen
2957 3818 3127 3856 meum
3154 3810 3394 3856 sanctum
3419 3817 3439 3857 :
3478 3801 3605 3856 dum

2006 3895 2186 3950 dicunt
2206 3895 2329 3966 ipsi,
2359 3894 2585 3967 populus
2613 3894 2827 3949 Domini
2853 3893 2930 3958 hi,
2977 3904 3023 3949 et
3051 3894 3116 3950 de
3144 3902 3281 3949 terra
3308 3904 3394 3949 tua
3415 3892 3609 3965 egressi

2004 3998 2124 4043 sunt
2154 4004 2173 4042 :
2206 3996 2255 4041 et
2282 3987 2486 4060 peperci
2529 3986 2654 4053 illis,
2697 3998 2910 4059 propter
2946 4002 3131 4042 nomen
3162 3994 3304 4042 tuum
3332 3997 3566 4042 sanctum
3590 4026 3610 4057 ,

2008 4080 2147 4154 quod
2168 4079 2463 4155 polluerunt
2496 4081 2679 4137 domus
2719 4079 2891 4135 Israel
2920 4080 2975 4135 in
3007 4080 3333 4150 nationibus,
3384 4080 3438 4135 in
3482 4096 3609 4152 quas

2008 4176 2227 4248 ingressi
2246 4188 2363 4232 sunt
2389 4176 2522 4231 illic.
2550 4174 2776 4245 PrOpter
2799 4173 2917 4242 hoc,
2947 4175 3031 4229 dic
3055 4173 3231 4229 domui
3255 4172 3457 4229 Israel:
3485 4171 3612 4228 Ha'c

2012 4270 2135 4324 dicit
2162 4269 2422 4324 Dominus
2456 4284 2474 4323 :
2502 4267 2627 4323 Non
2656 4269 2795 4323 vobis
2831 4284 2924 4340 ego
2953 4266 3091 4337 facio
3116 4308 3131 4334 ,
3169 4266 3351 4322 domus
3390 4264 3560 4321 Israel
3592 4282 3613 4322 :

2010 4362 2103 4418 sed
2140 4372 2351 4433 propter
2387 4378 2572 4417 nomen
2620 4372 2854 4416 sanctum
2893 4359 3035 4433 quod
3068 4358 3331 4433 polluistis
3360 4360 3417 4415 in
3444 4361 3614 4415 natio-

2014 4456 2182 4523 nibus,
2237 4456 2290 4511 in
2333 4456 2501 4511 medio
2544 4471 2766 4528 quarum
2821 4455 3041 4528 ingressi
3093 4457 3236 4511 estis.
3281 4454 3399 4513 lllic
3430 4456 3620 4527 incipit

2010 4553 2240 4625 jungerc
2267 4567 2442 4625 genus
2463 4568 2476 4606 :
2499 4550 2568 4606 Et
2598 4550 2935 4622 sanctiﬁcabo
2960 4567 3147 4607 nomen
3170 4563 3615 4618 meum,sanctum

2016 4651 2150 4707 illud
2176 4668 2440 4725 magnum,
2467 4649 2609 4723 quod
2637 4646 2897 4720 pollutum
2919 4657 2995 4703 est
3030 4649 3167 4704 inter
3195 4648 3449 4714 nationes,
3479 4646 3617 4720 quod

1937 4737 1992 4799 D
2016 4746 2275 4821 polluistis
2309 4748 2363 4800 in
2392 4742 2561 4800 medio
2598 4760 2806 4811 earum,
2848 4752 2897 4797 et
2943 4744 3104 4799 scient
3127 4752 3328 4815 gentes,
3372 4743 3619 4816 quoniam

2020 4856 2113 4914 ego
2142 4856 2257 4894 sum
2270 4835 2547 4905 Dominus,
2568 4837 2659 4910 qui
2686 4835 3113 4909 sanctiﬁcaborin
3134 4836 3274 4892 vobis
3298 4845 3419 4892 ante
3443 4836 3620 4892 oculos

2022 4949 2222 4998 eorum,
2250 4943 2294 4987 et
2317 4931 2576 5003 accipiam
2602 4945 2691 4986 vos
2720 4929 2785 4986 de
2813 4928 3072 5003 gentibus,
3103 4940 3149 4984 et
3181 4932 3502 5003 congregabo
3535 4946 3624 4984 ros

2023 5044 2086 5084 ea:
2106 5026 2342 5083 omnibus
2369 5026 2540 5094 terris,
2572 5035 2620 5081 et
2665 5024 2910 5081 inducam
2935 5040 3023 5081 vos
3068 5025 3124 5080 in
3168 5035 3358 5080 terram
3379 5034 3621 5079 uestram.

2026 5126 2064 5181 A
2075 5139 2160 5196 pet
2176 5132 2229 5181 te
2242 5121 2454 5180 excedit
2480 5120 2721 5193 speciem
2738 5137 2757 5177 :
2771 5118 2839 5176 Et
2853 5136 3134 5194 aspergunt
3151 5137 3237 5175 vos
3258 5135 3392 5192 aqua
3408 5120 3627 5188 munda,

2026 5229 2071 5274 et
2098 5216 2474 5273 mundabimini
2504 5215 2569 5270 ab
2597 5215 2830 5270 omnibus
2855 5214 3146 5269 simulacris
3174 5212 3377 5279 vestris,
3408 5223 3456 5267 et
3481 5229 3632 5270 mun-

2029 5314 2160 5368 dabo
2198 5330 2307 5380 vos,
2331 5322 2379 5367 et
2408 5313 2542 5366 dabo
2568 5310 2709 5365 vobis
2736 5325 2827 5364 cor
2854 5323 3061 5374 nouum,
3093 5317 3140 5362 et
3170 5307 3415 5377 spiritum
3442 5324 3632 5364 nouum

2030 5410 2165 5462 dabo
2196 5408 2249 5461 in
2272 5422 2381 5469 ros.
2413 5414 2462 5461 et
2489 5407 2727 5478 auferam
2749 5419 2837 5458 eor
2864 5402 3130 5474 lapideum
3157 5400 3220 5455 de
3246 5417 3402 5456 carne
3423 5413 3587 5458 vestra
3608 5418 3629 5459 :

2029 5512 2078 5558 et
2105 5501 2235 5557 dabo
2258 5502 2396 5557 vobis
2421 5516 2684 5567 corneum,
2713 5508 2761 5555 et
2784 5500 3021 5571 spiritum
3048 5511 3220 5551 meum
3249 5496 3380 5552 dabo
3428 5499 3484 5553 in
3520 5515 3629 5566 ros,

390 5059 471 5114 De
494 5056 677 5128 specie
700 5060 760 5109 et
786 5065 989 5122 genere
1013 5047 1313 5120 loquimur,
1345 5062 1453 5103 non
1478 5043 1778 5102 secundum
1808 5041 1924 5098 vir-

305 5163 498 5211 tutem
542 5146 893 5205 Rhetoricam
932 5142 1186 5199 humanae
1230 5140 1518 5212 sapientia:
1545 5180 1561 5207 ,
1617 5152 1781 5209 quam
1830 5136 1923 5208 qui

308 5244 501 5317 magis
526 5241 779 5298 onmibus
809 5237 1005 5310 potuit,
1044 5237 1260 5293 locutus
1294 5249 1404 5288 non
1433 5242 1543 5301 est,
1595 5247 1666 5288 ne
1695 5246 1917 5287 crucem

311 5338 529 5398 Christi
558 5336 780 5393 fecisset
806 5334 1049 5396 inanem,
1089 5329 1134 5384 si
1164 5326 1372 5383 auxilio
1402 5335 1567 5396 atque
1598 5330 1926 5380 ornamento

272 5494 285 5501 ,
316 5431 623 5495 sermonis,
654 5438 715 5484 ut
743 5426 974 5491 falsitas,
1005 5421 1349 5493 indiguisset.
1385 5418 1492 5476 Sed
1524 5418 1802 5490 loquimur
1840 5432 1931 5473 se-

321 5525 569 5585 cundum
592 5520 851 5595 mysteria
888 5515 1128 5576 caelestis
1156 5515 1432 5586 sapientia:
1468 5513 1784 5584 magisterio
1810 5510 1931 5583 Spi-

319 5626 470 5679 ritus
507 5593 703 5674 sancti.
736 5614 841 5684 Qui
883 5613 936 5668 in
988 5610 1132 5683 quod
1182 5607 1431 5664 veritatis
1481 5606 1718 5677 pretium
1761 5604 1928 5661 lident
2029 5611 2076 5657 et
2124 5603 2336 5673 faciam,
2367 5608 2421 5653 ut
2466 5598 2522 5653 in
2563 5595 2787 5670 justitiis
2844 5593 2969 5647 meis
3003 5594 3296 5659 ambuletis,
3346 5602 3396 5649 et
3425 5594 3634 5667 judicia

278 5684 287 5689 -
324 5712 681 5773 constituerit
704 5707 974 5784 mysterii,
1000 5704 1308 5762 narravitin
1338 5703 1577 5776 speciem
1604 5716 1779 5774 genus
1800 5700 1931 5757 abs-
2032 5713 2146 5754 mea
2209 5694 2513 5751 custodiatis
2544 5735 2560 5761 ,
2618 5701 2667 5747 et
2726 5688 3073 5784 operemini;
3094 5686 3163 5744 Et
3229 5688 3523 5746 habitabilis
3580 5691 3635 5745 in

330 5808 602 5876 condens,
649 5812 709 5860 ut
761 5781 818 5858 in
860 5812 1107 5858 veterem
1150 5795 1528 5865 Hierusalem,
1578 5803 1769 5864 totam,
1813 5809 1935 5867 quae
2035 5802 2173 5850 terra
2193 5806 2349 5865 quam
2375 5788 2499 5846 dedi
2524 5784 2757 5861 patribus
2787 5785 2990 5841 vestris.
3024 5781 3092 5840 Et
3116 5785 3260 5841 eritis
3291 5784 3419 5840 mihi
3450 5783 3506 5839 in
3544 5800 3640 5859 po-

411 5980 441 6012 ι
480 5964 767 6043 Mysteriis.
