4032 6454
483 383 553 452 35
1870 387 2085 454 mnu]

2207 394 2371 453 AFRI
2954 446 2959 451 .
3712 397 3781 456 36

481 514 685 586 pulum,
726 521 772 568 et
819 529 911 584 ego
939 529 1028 567 ero
1055 513 1195 568 vobis
1233 514 1286 568 in
1317 512 1504 578 Deum,
1537 522 1583 569 et
1611 513 1870 568 mundabo
1904 529 1992 568 vos
2019 529 2080 567 ea:
2107 514 2153 575 Α
2257 511 2514 568 Eremum
2567 514 2795 588 liguram
2852 513 3021 572 fuisse
3067 513 3253 588 populi
3303 513 3542 584 deserti,
3595 515 3649 572 iu
3674 533 3784 594 quo

484 607 724 662 omnibus
763 607 1105 662 immunditiis
1150 607 1328 662 vestris
1381 605 1598 678 (Ezech.
1627 621 1814 674 xxxvr,
1846 605 1931 672 l7,
1961 601 2078 675 28).

484 702 720 774 Attingit
747 703 1011 771 speciem,
1055 719 1163 758 non
1206 711 1389 758 tamen
1421 701 1735 774 relinquens
1766 716 1938 773 genus
1967 719 1978 755 :
2019 698 2082 753 Et

483 797 673 852 rocabo
697 797 945 864 triticum,
979 807 1025 852 et
1058 796 1416 869 multiplicabo
1444 796 1578 850 illud
1611 813 1630 850 :
1669 807 1714 850 et
1744 811 1846 850 non
1875 794 2006 848 dabo
2031 793 2084 848 in

484 908 571 947 vos
600 896 810 965 famem,
855 900 902 946 et
945 892 1308 963 multiplicabo
1337 895 1563 964 fructum
1603 890 1752 963 ligni,
1787 899 1832 945 et
1853 906 1968 961 (μίαν
1991 905 2085 942 na-

477 993 692 1039 scuntur
714 983 767 1038 in
809 1000 936 1055 agro
981 994 1086 1039 :ut
1134 1001 1234 1038 non
1262 983 1533 1053 accipiatis
1575 985 1714 1038 ultra
1749 981 2083 1056 opprobrium

483 1077 672 1149 famis,
717 1077 773 1131 in
819 1077 1141 1144 nationibus,
1194 1086 1239 1132 et
1289 1075 1688 1132 reminiscemini
1735 1075 1843 1129 vias
1894 1084 2085 1129 vestras

485 1172 760 1242 pessimos,
790 1172 1130 1246 cogitationes
1154 1182 1351 1228 vestras
1373 1189 1478 1227 non
1499 1171 1679 1240 bonas,
1708 1180 1758 1226 et
1779 1186 1881 1226 non
1904 1171 2086 1225 odietis

485 1283 570 1321 eas
602 1278 723 1321 ante
765 1268 954 1339 faciem
1004 1284 1185 1324 eorum
1234 1268 1286 1322 in
1326 1267 1682 1334 iniquitatibus
1705 1266 1906 1333 vestris,
1955 1275 2000 1320 et
2033 1267 2086 1319 in

483 1361 951 1418 abominationibus
994 1377 1195 1416 eorum.
1249 1359 1373 1416 Non
1405 1370 1618 1434 prapter
1648 1377 1756 1426 vos,
1802 1376 1894 1432 ego
1923 1358 2083 1430 facio,

489 1453 614 1508 dicit
639 1451 918 1509 Dominus.
958 1453 1157 1509 Notum
1203 1464 1276 1509 est
1316 1453 1478 1517 vobis,
1513 1452 1894 1525 confundimini
1921 1461 1966 1506 et
2005 1468 2087 1506 re-

484 1551 745 1606 vertimini
793 1550 857 1605 de
901 1551 996 1605 viis
1053 1551 1269 1615 vestris,
1317 1551 1500 1604 domus
1552 1547 1742 1603 Israel.
1786 1547 1912 1603 Iltec
1961 1546 2086 1600 dicit

485 1645 693 1700 Adonai
721 1642 977 1699 Dominus
1008 1661 1026 1697 :
1059 1643 1124 1697 In
1153 1644 1256 1710 die,
1287 1660 1390 1714 qua
1419 1641 1676 1697 mundabo
1705 1656 1792 1695 vos
1820 1640 1882 1694 ab
1917 1639 2084 1695 omni-

481 1739 575 1794 bus
613 1739 973 1805 iniquitatibus
998 1739 1200 1801 vestris.
1233 1747 1280 1793 et
1313 1737 1561 1792 inebriari
1591 1737 1783 1808 faciam
1807 1737 2041 1791 civitates
2067 1777 2082 1804 ,

481 1832 536 1887 in
560 1833 729 1907 figura
768 1843 918 1887 terra:
939 1831 1127 1898 Iudae,
1161 1847 1275 1905 qua:
1303 1830 1449 1885 bellis
1482 1840 1677 1884 vastata
1710 1830 1910 1895 fuerat,
1943 1829 2083 1883 cole-

2189 602 2440 662 Ecclesia
2496 621 2640 662 nunc
2684 621 2848 676 esse,
2884 605 3270 664 manifestatur
3303 623 3316 662 :
3348 616 3403 662 et
3441 605 3588 680 quod
3617 607 3781 664 iidem

2188 699 2314 754 mali
2349 699 2595 770 quamvis
2629 714 2733 756 una
2755 715 2876 756 cum
2904 699 3106 780 populo
3139 699 3231 755 Dei
3257 715 3322 756 ex
3345 699 3600 772 gentibus
3627 717 3786 760 revo-

2187 805 2380 850 centur
2427 794 2479 848 iu
2531 802 2731 850 terram
2769 794 2958 868 Israel,
3009 804 3190 852 tamen
3241 795 3296 851 in
3329 805 3474 852 terra
3508 812 3617 858 nou
3645 797 3780 858 sint.

2200 886 2323 944 Vivo
2340 905 2452 962 ego,
2471 889 2594 944 dicit
2609 889 2886 958 Dominus,
2910 891 2954 946 si
2968 892 3278 967 respondero
3301 891 3462 962 vobis,
3480 891 3586 950 et'si
3599 909 3786 952 ascen-

2189 982 2322 1037 derit
2370 983 2425 1037 in
2465 1002 2552 1040 cor
2590 994 2814 1042 vestrum
2843 985 2961 1052 hoc,
3004 996 3174 1042 etnon
3205 987 3322 1056 erit,
3352 987 3787 1066 quemadmodum

2190 1074 2359 1130 dicitis
2386 1093 2494 1131 vos.
2529 1075 2741 1135 Erimus
2779 1079 2911 1133 sicut
2941 1089 3137 1156 gentes,
3181 1090 3229 1138 et
3260 1081 3393 1142 sicut
3422 1080 3585 1142 tribus
3608 1089 3783 1152 εει-ηε,

2189 1180 2245 1226 ιιι
2288 1171 2572 1232 serviamus
2620 1170 2776 1250 lignis
2813 1183 2861 1229 et
2898 1172 3352 1248 lapidibus.‘,Vivo
3381 1191 3498 1248 ego,
3529 1175 3654 1230 dicit
3679 1174 3786 1234 Dov

2190 1262 2378 1334 minus,
2411 1264 2509 1320 nisi
2529 1265 2582 1318 in
2613 1281 2775 1319 manu
2807 1267 2930 1342 forti
2960 1275 3006 1321 et
3037 1266 3245 1323 brachio
3272 1267 3491 1336 excelso,
3523 1277 3568 1324 et
3607 1268 3662 1328 in
3703 1269 3787 1326 ira

2190 1357 2356 1430 effusa
2382 1360 2606 1436 regnabo
2635 1377 2790 1434 super
2819 1378 2924 1431 vos,
2959 1372 3007 1418 et
3029 1361 3251 1424 educam
3292 1379 3378 1420 vos
3407 1363 3474 1420 de
3505 1363 3715 1438 populis
3736 1373 3785 1421 et

2190 1454 2435 1528 recipiam
2467 1471 2554 1510 ros
2581 1455 2646 1515 de
2674 1456 2985 1530 regionibus,
3017 1458 3070 1514 in
3097 1457 3284 1532 quibus
3325 1459 3547 1534 dispersi
3586 1460 3705 1520 estis
3732 1459 3786 1522 in

2190 1563 2347 1602 manu
2364 1547 2495 1622 forti
2523 1557 2570 1603 et
2595 1547 2804 1605 brachio
2826 1551 3118 1621 excelso,“
3139 1552 3219 1607 ira
3236 1551 3422 1623 effusa,
3453 1562 3501 1610 et
3525 1553 3785 1613 adducam

2192 1657 2278 1698 vos
2305 1640 2359 1696 in
2389 1641 2643 1698 desertum
2676 1646 3008 1718 populorum,
3043 1654 3094 1702 et
3135 1643 3410 1717 disputabo
3439 1646 3508 1706 ad
3538 1662 3625 1708 vos
3652 1647 3786 1719 facie

2189 1733 2260 1787 ad
2283 1732 2468 1807 faciem
2501 1751 2519 1793 :
2546 1737 2980 1808 quemadmodum
3013 1739 3274 1814 disputavi
3295 1739 3365 1795 ad
3396 1749 3568 1813 patres
3595 1751 3786 1800 vestros

2190 1827 2243 1882 in.
2262 1828 2463 1886 deserto
2491 1839 2641 1887 terra:
2666 1829 2911 1904 AEggpti,
2941 1833 3016 1886 sic
3031 1833 3286 1909 judicabo
3314 1849 3422 1902 vos,
3457 1833 3582 1888 dicit
3603 1831 3786 1890 Domi-

487 1934 592 1991 tur,
635 1935 847 1998 propter
895 1927 1032 1996 quod
1077 1925 1175 1995 fuit
1216 1925 1559 1979 exterminata
1602 1923 1694 1977 sub
1725 1922 1890 1977 oculis
1917 1921 2083 1976 omnis
2113 1925 2162 1987 B
2189 1935 2308 1992 nus,
2337 1930 2386 1974 et
2408 1921 2638 1993 redigam
2671 1941 2756 1977 vos
2796 1923 2891 1978 sub
2922 1924 3064 1998 virga
3089 1942 3222 1992 mea.
3255 1934 3302 1980 et
3350 1924 3594 1984 inducam
3620 1943 3707 1982 vos
3732 1927 3785 1984 in

485 2018 866 2087 prtctereuntis.
891 2016 957 2070 Et
977 2017 1170 2081 dicent,
1191 2016 1353 2072 Terra
1373 2016 1490 2083 illa,
1511 2033 1624 2089 qua’
1650 2021 1818 2087 fuerat
1837 2015 2084 2070 extermi-

485 2124 629 2179 nata,
660 2117 799 2184 facta
821 2122 895 2167 est
911 2113 1045 2166 sicut
1076 2111 1253 2167 hortus
1283 2111 1621 2178 deliciarum,
1654 2120 1700 2164 et
1731 2109 1962 2164 civitates
1993 2107 2083 2162 de-

483 2217 635 2261 serta:
659 2216 704 2260 et
729 2207 1083 2260 exterminatis
1103 2215 1150 2259 et
1185 2205 1464 2272 demolitae,
1484 2204 1698 2259 munita:
1722 2203 2083 2257 consederunt.

482 2298 550 2356 Et
579 2303 738 2356 scient
765 2313 958 2374 gentes,
993 2317 1321 2372 qntccumque
1362 2300 1624 2355 derelictte
1656 2301 1850 2372 fuerint
1880 2300 1945 2371 .in
1986 2299 2089 2354 cir-

484 2399 622 2452 cuitu
674 2409 861 2465 vestro,
904 2399 1150 2468 quoniam
1196 2412 1289 2470 ego
1319 2413 1436 2450 sum
1484 2395 1759 2450 Dominus.
1797 2392 2087 2465 IEdiﬁcavi

484 2492 780 2557 demolitus,
805 2501 850 2546 et
875 2491 1109 2566 plantavi
1131 2490 1500 2546 exterminatas
1535 2507 1546 2543 :
1579 2490 1700 2563 quia
1720 2505 1810 2562 ego
1835 2485 2088 2544 Dominus

484 2586 686 2642 locutus
717 2605 833 2641 sum
861 2597 909 2641 et
940 2588 1040 2661 feci
1069 2585 1234 2660 (Ibid.
1265 2586 1357 2652 29,
1398 2585 1513 2657 58).

557 2681 855 2751 Apostolus
879 2697 1097 2752 quoque
1127 2682 1375 2749 ingressu
1403 2679 1575 2735 JaCob
1604 2678 1933 2750 promissum
1965 2691 2088 2732 esse

481 2774 769 2830 introitum
803 2776 1046 2846 gentium
1083 2817 1097 2840 ,
1131 2775 1213 2831 sic
1245 2779 1638 2846 interpretatur
1667 2774 1878 2838 dicens,
1913 2771 2088 2826 Donec

480 2867 749 2940 plenitudo
787 2869 1018 2938 gentium
1064 2869 1251 2938 intret,
1304 2880 1351 2924 et
1383 2875 1460 2922 sle
1497 2869 1666 2922 omnis
1715 2863 1885 2920 Israel
1916 2863 2088 2919 salva-

483 2961 642 3028 bitur,
677 2962 805 3017 sicut
836 2963 1089 3031 scriptum
1118 2973 1188 3018 est
1215 2979 1232 3017 :
1271 2961 1452 3019 Veniet
1479 2980 1511 3016 a
1537 2961 1692 3028 Sion,
1723 2960 1809 3032 qui
1833 2957 2011 3013 liberet
2039 2966 2086 3011 et

483 3059 687 3126 auferat
737 3055 1024 3128 impietates
1080 3056 1143 3111 ab
1193 3055 1358 3112 Iacob
1403 3055 1584 3131 (Rom.
1619 3071 1698 3121 χι,
1727 3053 1824 3120 25,
1854 3052 1971 3125 26).
2019 3049 2087 3105 Et

483 3147 677 3203 eodem
706 3163 909 3218 genere
955 3150 1251 3205 locutionis
1303 3150 1444 3206 redit
1474 3151 1527 3205 iu
1553 3148 1816 3218 Speciem,
1852 3147 2082 3201 dicens:

486 3241 786 3298 Secundum
830 3241 1171 3317 Evangelium
1213 3244 1421 3316 quidem
1471 3244 1672 3298 inimici
1725 3250 1935 3314 propter
1973 3255 2079 3294 ros.

2193 2020 2218 2048 ιι
2251 2029 2488 2082 numero,
2533 2026 2580 2070 et
2611 2015 2800 2092 eligam
2850 2017 3036 2087 impios
3086 2018 3150 2074 de
3189 2019 3332 2075 vobis
3361 2029 3409 2075 et
3448 2019 3736 2080 desertores
3768 2035 3786 2075 :

2189 2109 2433 2174 quoniam
2460 2124 2525 2168 ex
2557 2111 3013 2184 transmigratione
3035 2129 3210 2168 eorum
3239 2113 3455 2170 educam
3495 2131 3604 2186 eos,
3638 2125 3686 2170 et
3732 2117 3787 2172 in

2189 2208 2382 2258 terram
2426 2199 2597 2262 Israel
2628 2221 2730 2258 non
2770 2205 3057 2272 intrabunt,
3087 2217 3132 2261 et
3164 2207 3501 2282 cognoscetis,
3537 2208 3662 2281 quia
3694 2225 3785 2282 ego

2189 2309 2306 2350 sum
2334 2293 2590 2355 Dominus
2617 2295 2835 2367 (Ezech.
2871 2315 2965 2366 xx,
3001 2300 3213 2372 51,58).

2260 2387 2396 2444 Item
2429 2390 2508 2447 illi
2538 2391 2838 2466 captivitati
2863 2395 3130 2450 montium
3154 2395 3321 2455 Israel
3353 2395 3620 2470 promittit
3645 2397 3791 2456 Deus

2191 2482 2519 2554 ubertatem,
2552 2495 2607 2543 et
2634 2488 3142 2564 multiplicationcm
3175 2493 3501 2566 populorum
3533 2509 3705 2570 usque
3733 2496 3791 2558 iu

2189 2579 2352 2636 linem
2384 2600 2394 2635 :
2437 2581 2718 2652 Quoniam,
2776 2584 2975 2658 inquit,
3015 2587 3269 2646 dederunt
3301 2599 3488 2646 terram
3521 2601 3664 2646 tuam
3692 2590 3794 2647 sibi

2187 2673 2244 2729 in
2274 2678 2652 2750 possessionem
2681 2696 2797 2734 cum
2817 2682 3147 2758 jucunditate
3173 2684 3544 2743 inhonorantes
3562 2687 3792 2756 animas,

2189 2777 2346 2841 atque
2372 2773 2843 2829 exterminarerunt
2876 2777 2928 2832 in
2951 2779 3327 2836 vastationem:
3356 2791 3653 2856 prapterea,
3672 2798 3796 2852 pro-

2187 2861 2346 2934 pheta
2373 2881 2527 2936 super
2559 2876 2746 2921 terram
2775 2865 2964 2936 Israel,
2995 2880 3040 2926 et
3061 2871 3145 2930 dic
3180 2873 3435 2930 montibus
3461 2883 3512 2930 et
3551 2874 3792 2943 collibus,

2187 2963 2234 3008 et
2262 2956 2385 3010 rivis
2415 2967 2463 3011 et
2493 2957 2788 3014 nemoribus
2813 2977 2831 3018 :
2856 2960 2990 3017 Hinc
3036 2963 3162 3018 dicit
3188 2961 3446 3020 Dominus
3479 2982 3498 3021 :
3529 2965 3660 3024 Ecce
3697 2983 3795 3042 ego

2187 3051 2241 3104 in
2268 3050 2375 3104 zelo
2404 3067 2536 3122 meo,
2573 3062 2623 3108 et
2647 3053 2698 3108 in
2730 3054 2810 3109 ira
2831 3071 2944 3109 mea
2982 3057 3186 3118 locutus
3226 3076 3361 3132 sum,
3393 3070 3605 3130 propter
3651 3061 3796 3134 quod

2187 3145 2524 3217 Opprobrium
2553 3150 2783 3222 gentium
2822 3152 3062 3226 portatis.
3093 3151 3228 3211 Ecce
3247 3164 3340 3228 ego
3371 3155 3546 3214 levabo
3576 3173 3797 3214 manuni

2186 3254 2351 3292 meam
2376 3256 2535 3312 super
2563 3243 2820 3312 nationes,
2844 3260 2960 3316 quae
2984 3257 3101 3306 sunt
3135 3247 3188 3302 in
3235 3248 3456 3306 circuitu
3485 3259 3672 3305 vestro.
3718 3248 3798 3306 Hi

481 3338 618 3395 ltem
649 3339 704 3393 in
749 3338 1038 3396 Ezechiele
1069 3340 1260 3410 incipit
1285 3338 1354 3395 ab
1384 3338 1591 3410 Specie,
1625 3354 1746 3408 qua:
1790 3335 2084 3391 conveniat
2111 3333 2156 3398 C
2187 3335 2439 3409 injuriam
2457 3354 2606 3392 suam
2637 3340 2894 3414 accipient
2925 3343 3118 3399 :vestri
3144 3353 3312 3400 autem
3347 3354 3567 3414 montes,
3595 3343 3794 3416 Israel,

483 3441 539 3489 et
562 3435 616 3488 in
647 3449 842 3506 genus,
884 3443 940 3490 et
980 3434 1097 3488 linit
1123 3435 1176 3490 in
1207 3434 1324 3490 solo
1351 3449 1576 3505 genere,
1623 3430 1939 3498 OSIendens,
1975 3437 2085 3484 ter-

483 3547 599 3586 ram
649 3540 864 3602 patrum
914 3530 1106 3588 mundi
1151 3545 1275 3586 esse
1319 3526 1758 3600 possessionem:
1797 3525 1921 3581 Hcce
1959 3523 2084 3579 dicit

485 3621 744 3680 Dominus
771 3642 789 3680 :
819 3622 956 3680 Ecce
997 3641 1092 3698 ego
1124 3625 1379 3696 accipiam
1428 3639 1629 3678 omnem
1675 3622 1884 3676 domum
1913 3617 2086 3674 Israel

487 3719 553 3774 de
581 3721 745 3774 medio
779 3720 1030 3793 gentium,
1065 3719 1119 3773 in
1159 3735 1286 3788 quas
1318 3717 1533 3791 ingressi
1561 3726 1682 3770 sunt
1713 3715 1844 3783 illic,
1879 3725 1926 3770 et
1963 3729 2084 3768 con-

483 3811 708 3884 gregabo
736 3829 819 3867 eos
859 3813 920 3866 ab
970 3811 1206 3867 omnibus
1237 3811 1324 3884 qui
1347 3820 1463 3866 sunt
1491 3811 1545 3864 in
1574 3810 1795 3864 circuitu
1817 3825 2014 3876 eorum,
2039 3815 2086 3861 et

485 3903 730 3959 inducam
766 3923 850 3960 eos
882 3907 934 3960 in
973 3915 1161 3961 terram
1210 3905 1418 3973 Israel,
1462 3914 1507 3959 et
1549 3905 1787 3976 princeps
1834 3919 1967 3957 unus
1993 3901 2086 3955 erit

487 4017 683 4057 eorum.
718 3999 785 4056 Et
839 4019 942 4056 non
996 4012 1146 4056 erunt
1199 4001 1340 4056 ultra
1378 4005 1429 4054 in
1456 4000 1588 4054 duas
1613 4009 1810 4072 gentes,
1845 4014 1935 4052 nec
1960 3997 2088 4050 diri-

488 4095 673 4148 dentur
698 4095 838 4148 ultra
865 4094 916 4148 in
946 4095 1052 4149 duo
1081 4112 1239 4167 regna
1265 4111 1282 4149 :
1312 4110 1376 4149 ne
1394 4094 1806 4149 contaminentur
1833 4089 2006 4145 adhuc
2030 4090 2086 4144 in

487 4188 780 4244 simulacris
829 4189 955 4244 suis.
1014 4187 1080 4244 Et
1113 4188 1340 4244 liberabo
1369 4205 1454 4244 eos
1483 4186 1546 4242 ab
1579 4186 1814 4241 omnibus
1841 4184 2089 4256 iniquita-

489 4281 622 4336 tibus
652 4299 850 4352 eorum,
883 4282 1066 4354 quibus
1093 4291 1434 4356 peccaverunt
1471 4281 1523 4335 in
1566 4281 1659 4348 eis,
1705 4289 1752 4335 et
1791 4277 2086 4336 emundabo

487 4392 592 4441 eos,
621 4384 671 4430 et
693 4386 840 4430 erunt
860 4375 984 4428 mihi
1013 4376 1067 4429 in
1087 4377 1364 4446 papulum,
1394 4384 1440 4428 et
1470 4391 1562 4448 ego
1588 4373 1841 4430 Dominus
1861 4388 1952 4428 ero
1980 4371 2087 4428 illis

488 4471 541 4525 in
573 4468 742 4524 Deum
783 4470 1004 4543 (Ezech.
1037 4485 1242 4538 xxxv",
1271 4469 1486 4541 21,23).
1936 4531 1948 4542 η

563 4566 764 4635 Aperte
815 4566 1008 4621 transit
1057 4567 1109 4620 in
1141 4581 1362 4637 genus:
1405 4565 1471 4619 Et
1501 4581 1678 4620 servus
1726 4580 1865 4619 meus
1918 4563 2088 4622 David

491 4657 728 4730 princeps
757 4659 809 4712 in
841 4657 1010 4713 medio
1039 4674 1218 4712 eorum
1247 4658 1364 4726 erit,
1419 4656 1610 4714 Pastor
1656 4673 1790 4712 unus
1831 4657 2084 4724 omnium,

2186 3443 2336 3482 uvam
2376 3436 2426 3484 et
2457 3431 2684 3504 fructum
2725 3443 2945 3488 vestrum
2985 3435 3311 3492 manducabit
3351 3437 3580 3509 papulas
3627 3455 3795 3508 meus,

2187 3519 2276 3590 qui
2313 3521 2700 3595 apprOpinq'uat
2729 3525 2918 3580 venire.
2965 3525 3102 3596 Quia
3128 3543 3241 3584 ecce
3270 3544 3360 3600 ego
3401 3543 3556 3602 super
3583 3545 3693 3600 vos,
3746 3538 3799 3584 et

2187 3615 2446 3678 colemini,
2501 3626 2547 3670 et
2588 3617 2966 3673 seminabimini
2994 3636 3014 3674 :
3051 3631 3099 3675 et
3126 3621 3489 3697 multiplicabo
3521 3639 3678 3696 super
3702 3637 3798 3678 vos

2188 3718 2347 3762 totam
2386 3709 2596 3765 domum
2639 3707 2813 3766 Israel
2853 3729 3017 3784 usque
3052 3713 3106 3768 in
3133 3714 3316 3786 ﬁnem,
3347 3724 3394 3770 et
3425 3713 3799 3773 habitabantur

2188 3801 2440 3872 civitates,
2465 3811 2514 3857 et
2542 3819 2657 3873 quae
2677 3805 2926 3860 desolata:
2952 3816 3119 3876 erant,
3143 3807 3540 3876 cediﬁeabuntur
3569 3807 3793 3880 (Ezech.

2191 3911 2379 3964 xxxvn,
2417 3895 2594 3972 5,10).
2631 3897 2766 3955 Item
2799 3899 2912 3956 illic
2936 3902 3082 3957 velut
3103 3902 3157 3962 in
3184 3903 3477 3959 novissima
3509 3919 3800 3962 resurrec-

2191 3991 2361 4060 tione,
2383 3991 2556 4063 prima
2585 3991 2923 4062 signiﬁcatur
2952 4013 2962 4050 :
2997 3993 3223 4052 Locutus
3243 4006 3341 4066 est,
3371 3996 3566 4071 inquit,
3587 3996 3656 4052 ad
3686 4015 3795 4068 me,

2187 4084 2366 4140 dicens
2385 4100 2404 4139 :
2427 4082 2536 4142 Fili
2558 4085 2804 4152 hominis,
2824 4104 2941 4143 ossa
2958 4087 3088 4156 haec,
3115 4090 3278 4144 ontnis
3301 4090 3486 4145 domus
3508 4088 3679 4145 Israel
3690 4103 3795 4147 est.

2189 4176 2304 4249 Ipsi
2336 4178 2519 4232 dicunt
2546 4195 2564 4232 :
2591 4179 2754 4235 Arida
2781 4183 2924 4254 facta
2945 4191 3065 4238 sunt
3089 4199 3209 4238 ossa
3233 4192 3434 4252 nostra,
3453 4183 3645 4240 interiit
3671 4200 3798 4255 spes

2191 4288 2389 4346 nostra,
2421 4278 2817 4349 exspirarimus.
2850 4278 3138 4353 PrOpterea
3157 4280 3408 4355 propheta
3433 4289 3478 4336 et
3502 4280 3625 4335 dic:
3661 4278 3800 4342 Illac

2191 4373 2318 4429 dicit
2338 4371 2598 4430 Dominus
2623 4389 2642 4432 :
2689 4373 2820 4435 Ecce
2848 4393 2940 4453 ego
2967 4377 3201 4450 aperiam
3243 4386 3572 4434 monumenta
3596 4385 3794 4442 vestra,

2189 4476 2238 4526 et
2263 4467 2476 4524 educam
2501 4484 2587 4522 vos
2629 4467 2693 4524 de
2732 4471 3080 4528 monumentis
3105 4469 3284 4528 vestris
3306 4513 3321 4540 ,
3349 4482 3395 4526 et
3427 4471 3670 4526 inducam
3699 4485 3798 4526 vos

2189 4563 2244 4617 in
2289 4573 2478 4617 (errant
2527 4560 2717 4629 Israel,
2752 4574 2800 4618 et
2827 4565 3026 4633 scietis,
3057 4566 3180 4642 quia
3219 4583 3313 4637 ego
3351 4565 3628 4632 Dominus,
3671 4581 3799 4619 cum

2189 4660 2419 4729 aperiam
2445 4659 2684 4728 sepulcra
2712 4672 2899 4727 vestra,
2930 4670 2979 4718 et
3007 4663 3224 4718 educam
3251 4661 3318 4718 de
3339 4660 3678 4716 monumentis
3696 4677 3800 4732 pa-

488 4751 575 4820 qui
599 4751 652 4803 in
690 4751 958 4824 prteceptis
987 4751 1114 4807 meis
1145 4750 1504 4817 ambulabunt,
1537 4761 1586 4808 et
1615 4751 1824 4826 judicia
1853 4767 1963 4805 mea
1997 4768 2088 4805 cu-
2115 4739 2168 4801 D
2189 4754 2375 4829 pulum
2418 4769 2608 4822 meum,
2647 4765 2696 4810 et
2732 4754 2864 4812 dabo
2899 4756 3141 4827 spiritum
3184 4771 3356 4815 mttunt
3389 4756 3448 4814 in
3486 4771 3595 4824 vos.
3645 4764 3691 4809 et
3715 4754 3802 4808 vi—

488 4844 734 4911 stodient,
758 4855 804 4899 et
820 4847 1007 4916 facient
1025 4864 1106 4918 ea,
1126 4856 1174 4902 et
1193 4846 1547 4904 inhabitabant
1566 4848 1617 4902 in
1637 4857 1776 4902 terra
1801 4864 1918 4916 sua,
1934 4863 2088 4921 quam

490 4953 582 5009 ego
601 4939 718 4992 dedi
750 4955 893 4992 servo
921 4956 1032 4994 meo
1061 4939 1245 5010 Iacob,
1289 4941 1374 4995 ubi
1400 4941 1755 4996 habitaverunt
1785 4951 1962 5014 patres
2002 4958 2089 4997 eo-

490 5049 623 5097 rum,
657 5042 706 5088 et
740 5032 1040 5088 habitabant
1079 5035 1130 5088 in
1157 5051 1215 5088 ea
1246 5035 1375 5106 ipsi,
1425 5045 1475 5090 et
1509 5033 1678 5090 David
1725 5049 1903 5092 servus
1942 5052 2088 5091 meus

490 5129 726 5201 princeps
776 5144 954 5183 eorum
1001 5128 1052 5182 in
1098 5127 1316 5196 sa'cula,
1371 5137 1418 5182 et
1469 5128 1742 5201 disponam
1796 5129 1903 5185 illis
1931 5137 2086 5184 testa-

490 5233 712 5276 mentum
744 5223 904 5295 pacis,
936 5232 980 5276 et
1012 5231 1365 5277 testamentum
1403 5231 1648 5278 internum
1677 5222 1770 5276 erit
1798 5239 1916 5275 cum
1949 5221 2078 5278 illis.

488 5311 558 5368 Et
607 5331 795 5384 ponam
842 5324 1020 5369 sancta
1049 5330 1158 5368 mea
1190 5314 1242 5368 in
1267 5313 1436 5368 medio
1461 5330 1641 5369 eorum
1670 5314 1721 5368 in
1767 5317 1991 5383 saecula,
2033 5325 2080 5371 et

487 5410 585 5463 erit
608 5410 856 5464 habitatio
880 5426 989 5462 mea
1018 5409 1070 5462 in
1099 5408 1224 5476 illis,
1243 5419 1288 5463 et
1307 5425 1394 5463 ero
1416 5408 1523 5463 illis
1545 5405 1726 5464 Deus:
1750 5418 1797 5464 et
1815 5410 1914 5482 ipsi
1933 5418 2083 5465 erunt

489 5501 618 5556 mihi
652 5501 903 5573 populus.
936 5500 1000 5556 Et
1021 5502 1176 5557 scient
1204 5511 1400 5574 gentes,
1420 5503 1541 5573 quia
1567 5519 1657 5580 ego
1683 5521 1794 5558 sum
1831 5502 2084 5560 Dominus

489 5597 575 5666 qui
598 5597 865 5666 sancti/ica
879 5613 982 5660 eos,
1011 5595 1135 5651 dum
1165 5606 1286 5651 sunt
1307 5605 1485 5652 sancta
1508 5598 1565 5652 in
1588 5599 1756 5654 medio
1778 5615 1973 5669 eorum,
1999 5600 2083 5654 di-

487 5691 554 5743 cit
584 5687 839 5746 Dominus
863 5689 1282 5764 (Ibid.,2tl,28).
1301 5692 1434 5749 Item
1465 5692 1578 5751 illic
1602 5694 1845 5766 egreSsui
1877 5695 2087 5766 (Περεῖ-

486 5785 659 5842 siouis
689 5785 885 5855 Israel,
910 5789 1155 5861 gentium
1188 5789 1388 5846 inserit
1409 5788 1730 5847 adventum.

490 6039 494 6045 _
561 5982 590 6015 ι
627 5969 696 6031 In
715 5972 934 6033 vinculis
962 5972 1171 6049 fatdsris
1206 5968 1362 6046 Vulg.
1393 5972 1450 6033 in
1479 5970 1680 6034 Eucti.
1708 5985 1802 6043 ss,
1833 5968 1923 6030 8'7.

2193 4850 2312 4904 retis
2349 4858 2441 4906 :et
2469 4865 2660 4920 ponam
2693 4866 2779 4908 vos
2819 4866 2976 4922 super
3006 4859 3196 4908 terram
3224 4859 3473 4922 vestram,
3527 4857 3574 4904 et
3617 4847 3802 4904 scietis

2187 4942 2305 5013 quia
2337 4958 2430 5016 ego
2458 4958 2574 4997 sum
2607 4941 2865 5000 Dominus
2885 4943 3104 5016 (Ezech.
3144 4957 3348 5010 xxxv“,
3378 4938 3591 5012 ll,M).

2261 5033 2536 5107 Numquid
2583 5037 2889 5106 perspicue,
2925 5051 3048 5090 cum
3103 5032 3613 5099 resurrexerimus,
3657 5042 3802 5090 tunc

2186 5127 2425 5185 sciemus
2455 5129 2769 5198 Dominum,
2791 5139 2845 5186 et
2875 5146 2979 5184 non
3007 5144 3314 5196 nunc,cum
3341 5143 3436 5200 per
3454 5127 3797 5198 baptismum

2189 5221 2567 5293 resurgimus?
2607 5222 2714 5276 Aut
2763 5223 2964 5278 mortui
3012 5231 3267 5293 poterunt
3321 5221 3504 5276 dicere
3550 5237 3562 5273 :
3623 5216 3804 5274 Arida

2189 5320 2329 5390 facta
2367 5325 2486 5372 sunt
2527 5333 2646 5372 ossa
2684 5327 2858 5372 nostra
2879 5314 3070 5389 (lbid.,
3103 5317 3216 5388 11),
3242 5323 3301 5371 ut
3331 5315 3529 5371 merito
3556 5313 3800 5370 mortuis

2187 5414 2241 5472 id
2273 5414 2601 5487 promissum
2635 5429 2756 5470 esse
2783 5414 3112 5474 credamus?
3138 5413 3276 5484 Quid
3309 5414 3451 5469 enim
3481 5419 3568 5466 est
3603 5421 3803 5465 sacra-

2188 5511 2379 5576 menti,
2412 5524 2480 5568 ne
2508 5510 2562 5564 in
2595 5509 2909 5581 ambiguum
2943 5508 3178 5577 veniret,
3209 5507 3422 5580 aperuit
3455 5505 3619 5560 Deus.
3646 5499 3798 5558 Nam

2188 5603 2256 5663 de
2293 5603 2589 5661 novissima
2630 5604 2812 5660 carnis
2845 5603 3269 5670 resurrectione,
3309 5599 3585 5658 neminem
3629 5595 3801 5654 Chri-

2190 5699 2432 5756 suauum
2463 5698 2739 5758 credimus
2769 5699 3043 5758 dubitare.
3074 5698 3147 5754 Et
3193 5697 3458 5754 Dominus
3484 5692 3799 5752 secundum

2190 5792 2458 5851 Joannem
2510 5795 2606 5851 has
2655 5794 3095 5853 resurrectiones
3156 5790 3510 5860 manifestat,
3555 5787 3744 5846 dicens
3775 5801 3797 5844 :
