4032 6488
226 387 297 444 31
1375 376 1579 437 manu
1620 378 1711 439 ne
1741 377 2014 438 SEPTEM
2048 376 2371 437 uacuus.
3468 362 3542 440 '58

231 500 398 556 Amen
429 499 550 556 dico
574 498 713 557 vobis
759 513 779 553 :
817 497 960 569 quia,
1007 496 1099 567 qui
1142 496 1349 554 uerbum
1376 513 1546 554 meum
1574 497 1744 563 audit,
1791 503 1840 553 et
1865 515 1913 577 Α
1945 493 2288 567 Disrumpens
2315 494 2642 563 disrumpunt
2688 510 2905 568 regnum
2953 502 3095 551 tuum
3126 496 3190 552 de
3221 513 3373 552 manu
3402 507 3491 553 tua
3521 514 3542 554 :

229 594 397 650 credit
425 594 496 658 ei,
526 592 615 664 qui
645 592 785 648 misit
812 607 913 658 me,
944 590 1094 646 habet
1124 590 1282 647 vitam
1306 598 1571 654 attentam,
1598 598 1646 645 et
1670 590 1726 644 in
1746 589 1840 659 ju—
1942 596 1991 641 et
2018 586 2152 641 dabo
2180 587 2317 642 illud
2341 603 2485 642 servo
2512 595 2621 642 tuo.
2658 584 2865 653 Verum,
2900 589 2952 642 in
2983 588 3160 645 diebus
3191 590 3291 644 tuis
3326 608 3426 645 non
3458 595 3542 664 fa-

232 691 431 745 dicium
479 706 582 744 non
638 687 838 753 veniet,
887 686 981 742 sed
1030 688 1245 741 transiet
1290 703 1325 741 a
1367 697 1534 741 morte
1557 685 1626 740 ad
1654 686 1835 741 vitam.

238 783 405 838 Amen
455 782 571 836 dico
617 778 789 849 vobis,
838 780 1085 851 quoniam
1116 780 1251 835 venit
1296 777 1428 834 hora
1471 789 1517 834 et
1561 795 1697 834 nunc
1731 787 1840 845 est,

235 874 454 946 quando
504 873 697 928 mortui
726 873 939 927 audient
966 888 1139 926 vocem
1179 871 1280 941 filii
1315 870 1433 937 Dei,
1465 881 1513 926 et
1543 871 1632 942 qui
1658 870 1841 927 audie-

233 971 365 1035 rint,
398 969 583 1023 vivent.
616 967 767 1024 Sicut
791 968 929 1024 enim
955 966 1105 1021 habet
1144 965 1308 1021 Pater
1342 967 1498 1021 vitam
1530 966 1584 1020 in
1619 982 1672 1020 se
1703 981 1722 1019 :
1767 965 1845 1020 sic

232 1063 381 1117 dedit
412 1060 551 1117 Filio
577 1061 734 1117 vitam
761 1059 949 1115 habere
980 1060 1035 1115 in
1080 1060 1370 1131 semetipso.
1421 1057 1485 1113 lit
1540 1066 1843 1127 potestatem

232 1158 382 1212 dedit
423 1158 472 1214 ei
514 1166 562 1212 et
599 1156 862 1227 judicium
892 1158 1062 1227 facere
1089 1171 1108 1209 :
1164 1154 1285 1225 quia
1335 1153 1478 1223 ﬁlius
1524 1151 1744 1207 hominis
1774 1158 1845 1207 est

234 1247 431 1317 (Joan.
463 1265 519 1314 v,
566 1248 786 1318 24,27).
839 1247 1023 1319 Jnugit
1080 1246 1432 1302 novissimam
1486 1244 1845 1301 resurrectio-

238 1358 366 1397 nem
406 1358 420 1395 :
457 1338 639 1395 Nolite
664 1339 845 1393 mirari
873 1339 970 1393 hoc
998 1355 1019 1393 :
1045 1338 1169 1409 quia
1195 1337 1328 1393 venit
1353 1336 1507 1403 hora,
1532 1336 1584 1391 in
1605 1351 1709 1405 qua
1734 1350 1850 1389 osu-

241 1453 354 1502 nes,
381 1436 475 1507 qui
502 1435 556 1488 in
583 1433 927 1488 monumentis
965 1440 1102 1497 sunt,
1131 1431 1341 1488 audient
1370 1446 1541 1488 vocem
1568 1428 1695 1484 Filii
1726 1427 1845 1497 Dei,
1949 1429 2191 1486 ablatum
2243 1445 2350 1486 non
2400 1442 2485 1486 est
2530 1440 2755 1503 propter
2784 1432 2955 1487 David
2978 1475 2991 1499 ,
3028 1432 3170 1503 quod
3202 1441 3257 1487 ct
3296 1432 3506 1488 dixerat
3540 1451 3553 1487 :

242 1539 291 1584 et
323 1528 501 1584 exient
528 1527 616 1598 qui
648 1527 784 1581 bona
821 1526 1084 1594 fecerunt,
1132 1527 1185 1581 in
1216 1525 1643 1583 resurrectionem
1679 1524 1799 1580 vita:
1829 1538 1848 1578 :
1952 1524 2185 1596 Arguam
2228 1526 2283 1580 in
2322 1528 2468 1596 virga
2511 1526 2779 1582 hominum
2806 1534 3019 1599 peccata
3066 1528 3176 1598 ejus
3205 1544 3223 1582 :
3264 1528 3559 1583 misericor-

242 1622 335 1693 qui
356 1633 531 1676 autent
565 1619 705 1674 mala
758 1620 985 1687 fecerunt
1012 1661 1026 1681 ,
1078 1619 1132 1672 in
1186 1618 1615 1673 resurrectionem
1653 1614 1850 1689 judicii
1953 1620 2097 1675 diam
2122 1631 2295 1677 utens
2325 1639 2491 1677 meam
2520 1639 2624 1678 non
2649 1627 2885 1696 auferam
2909 1622 2972 1677 ab
2998 1638 3056 1677 eo
3084 1622 3148 1690 (Il
3176 1621 3410 1695 Reg.v1t,
3442 1621 3560 1694 id).

247 1715 443 1794 (Ibid.,
474 1713 691 1783 28,29).
721 1712 905 1768 Primo
932 1712 1091 1779 dixit,
1140 1699 1330 1766 mortui
1357 1712 1444 1777 qui
1470 1710 1752 1773 audierint,
1777 1708 1854 1763 vi-

1993 1716 2110 1781 !uod
2141 1716 2187 1772 si
2220 1732 2397 1788 neque
2436 1718 2769 1786 reprobntus
2799 1726 2905 1784 est,
2936 1731 3115 1788 neque
3146 1718 3417 1773 idolorum
3448 1719 3563 1773 cul—

248 1818 382 1863 rent.
411 1805 694 1873 Secundo,
726 1822 922 1870 omnes,
953 1806 1111 1876 quiin
1136 1804 1475 1860 monumentis
1492 1812 1635 1868 sunt,
1656 1802 1849 1858 exierit.
1959 1817 2106 1865 tores
2150 1824 2375 1880 regnum
2410 1809 2504 1864 Dei
2549 1809 2836 1880 possident
2868 1826 2881 1862 :
2914 1808 3303 1864 manifestuum
3353 1819 3458 1873 est,
3494 1810 3558 1864 η-

247 1901 382 1958 Item
416 1900 563 1973 quod
592 1901 647 1955 in
671 1916 777 1955 uno
807 1898 1030 1955 homine
1061 1909 1229 1955 totum
1260 1914 1459 1968 corpus
1487 1897 1847 1969 signiﬁcetur,
1885 1912 1931 1972 Β
1956 1916 2145 1972 guram
2176 1901 2345 1957 luisse
2376 1900 2637 1956 Ecclesite
2669 1901 2941 1970 hipartitm
2963 1943 2976 1966 ,
3010 1901 3381 1967 Salomonem,
3415 1901 3566 1971 cujus

251 1995 305 2050 in
330 1994 545 2064 Regum
576 1993 718 2048 libro
750 1993 1023 2061 promittit
1057 1994 1198 2047 Deus
1226 1991 1416 2056 David,
1448 1991 1515 2046 de
1555 1990 1854 2047 Salomoue
1958 1993 2193 2049 latitudo
2238 1992 2422 2049 cordis
2464 2002 2522 2047 et
2567 1993 2834 2059 sapientis
2859 2037 2872 2059 ,
2905 1993 3043 2048 sicut
3093 2008 3260 2049 arena
3295 1996 3483 2058 maris,
3515 2004 3569 2050 ct

253 2088 446 2143 dicens
478 2106 490 2139 :
522 2084 798 2142 Suscitabo
825 2101 1041 2156 regnum
1083 2087 1196 2158 ejus
1219 2100 1239 2140 :
1266 2089 1376 2153 ipse
1416 2082 1696 2153 ludificabit
1728 2083 1858 2138 mihi
1959 2087 2266 2144 idololatria
2295 2086 2599 2142 horribilis.
2636 2084 3001 2158 Disrumpens,
3027 2086 3570 2165 inquit,’disrumpam

263 2181 473 2234 domum
503 2176 573 2252 (11
597 2177 731 2251 Reg.
762 2193 857 2244 vn,
890 2174 1005 2250 15).
1959 2196 2176 2255 regnum
2192 2188 2340 2234 tuum
2366 2181 2431 2235 de
2457 2195 2618 2235 manu
2633 2188 2949 2234 tumuerunt
2974 2180 3026 2234 in
3043 2180 3227 2235 diebus
3247 2180 3349 2235 tuis
3366 2198 3467 2235 non
3489 2183 3572 2250 [a-

337 2270 678 2327 Conveniunt
724 2270 869 2325 ista:
912 2268 1008 2324 sed
1043 2268 1265 2326 excedit
1314 2269 1572 2340 speciem,
1618 2268 1858 2327 dicens:
1962 2275 2117 2329 dam.
2143 2273 2396 2330 Demams
2413 2275 2510 2343 ﬁlii
2532 2273 2875 2347 tuiaccipiam
2892 2273 3049 2330 illud.
3068 2273 3574 2345 .lugisoperatiouis

266 2367 340 2424 Et
367 2368 589 2439 dirigam
640 2365 883 2420 thronum
924 2366 1037 2434 ejus
1067 2381 1226 2437 usque
1262 2364 1317 2419 in
1343 2374 1616 2420 ueternum.
1645 2363 1778 2419 Item
1808 2364 1863 2419 in
1962 2376 2074 2434 est,
2104 2366 2431 2438 disrumpens
2472 2365 2838 2437 disrumpunt:
2869 2366 3015 2422 sicut
3043 2366 3344 2421 benedicens
3371 2365 3579 2420 benedi-

263 2472 565 2530 utrumque
594 2478 608 2513 :
642 2457 755 2533 Ego
775 2474 862 2513 ero
897 2458 944 2512 ei
963 2457 1018 2511 in
1060 2466 1283 2526 patrem,
1314 2467 1362 2512 et
1393 2456 1504 2528 ipse
1536 2457 1630 2510 erit
1659 2455 1783 2509 mihi
1813 2454 1869 2510 in
1968 2475 2107 2526 eam,
2128 2459 2546 2531 etmuaiplicaus
2564 2459 2924 2531 multiplicabo
2940 2475 3111 2516 semen
3137 2469 3301 2515 tuum.
3323 2460 3581 2517 Ostendit

265 2556 457 2625 ﬁlium.
492 2554 560 2609 Et
598 2556 642 2608 si
672 2553 862 2608 venerit
908 2552 1164 2625 injustitia
1210 2551 1322 2616 eius
1350 2593 1365 2615 ,
1419 2567 1637 2622 arguam
1667 2566 1784 2604 eum
1818 2550 1871 2602 in
1970 2554 2119 2609 enim
2158 2566 2381 2623 semper
2408 2550 2655 2608 futurum
2682 2552 3035 2609 Salomonern
3072 2554 3126 2608 in
3176 2552 3291 2609 lilio
3318 2595 3333 2622 ,
3365 2553 3417 2610 id
3456 2564 3577 2623 est,

265 2652 410 2723 virga
440 2648 732 2713 hominum,
762 2647 881 2702 etin
908 2647 1104 2700 artibus
1121 2643 1351 2715 filiorum
1383 2643 1647 2697 hominum
1672 2658 1692 2708 ,'
1721 2642 1874 2696 misc-
1970 2649 2029 2703 in
2061 2649 2301 2720 posteris
2332 2648 2526 2720 κασίης
2554 2649 2861 2719 postlnuuis
2903 2650 3215 2708 Salomonis
3240 2654 3581 2723 temporibus

264 2741 556 2798 rieordiam
582 2751 754 2796 autem
790 2754 955 2794 meam
985 2755 1086 2793 non
1116 2742 1355 2807 auferam
1383 2737 1446 2790 ab
1490 2752 1571 2802 eo,
1598 2736 1732 2791 sicut
1758 2736 1876 2791 abs-
1974 2757 2085 2797 non
2116 2740 2297 2798 aufert
2330 2742 2473 2798 Deus
2526 2757 2783 2813 regnum,
2827 2744 3127 2799 secundum
3175 2745 3441 2817 promissa
3482 2745 3586 2802 Pa-

271 2838 402 2903 tuii,
433 2855 467 2891 a
501 2836 686 2906 quibus
717 2834 911 2889 abstuli
952 2850 984 2887 a
1017 2841 1297 2903 conspectu
1339 2847 1474 2895 meo,
1505 2840 1554 2885 et
1585 2828 1757 2901 ﬁdelis
1787 2828 1877 2899 ﬁet
1978 2845 2122 2892 trum
2153 2833 2287 2891 :sed
2312 2836 2536 2903 corrigit
2562 2836 2699 2892 illud
2725 2852 2897 2907 usque
2926 2841 2981 2892 in
3010 2846 3309 2904 ueternum,
3340 2851 3400 2895 ut
3425 2839 3583 2897 anic-

272 2930 462 2986 dornus
489 2930 628 3001 ejus.
653 2926 854 2985 Iterum
886 2927 1103 2984 excedit
1130 2927 1375 2998 speciem
1408 2943 1422 2981 :
1453 2936 1498 2983 et
1522 2942 1739 3000 regnum
1763 2927 1879 2999 ejus
1983 2937 2071 2985 rat
2118 2929 2325 2999 iugiter
2382 2928 2684 2985 secundum
2726 2928 3091 2986 idololatrian:
3140 2930 3481 3000 Salomonis,
3532 2934 3587 2989 in

271 3024 326 3079 in
368 3034 623 3080 reternum
664 3022 718 3077 in
762 3030 1038 3091 conspectu
1078 3037 1212 3087 meo,
1248 3029 1297 3075 et
1340 3019 1508 3091 ﬁdelis
1556 3020 1643 3089 ﬁet
1697 3017 1882 3072 domus
1982 3035 2086 3078 suo
2114 3031 2340 3091 peccato
2368 3023 2797 3091 perseverantis.
2822 3021 2994 3090 Alias,
3032 3023 3309 3095 quomodo
3333 3025 3589 3083 detnanu

276 3121 413 3192 ejus.
464 3117 667 3172 lterum
705 3115 920 3172 excedit
957 3114 1198 3184 speciem
1235 3132 1247 3167 :
1289 3121 1337 3168 et
1388 3128 1606 3186 regnum
1655 3114 1771 3187 ejus
1830 3111 1885 3164 in
1986 3114 2296 3170 Salomonis
2318 3113 2670 3186 disrumpens
2689 3114 2979 3188 disrumpit
3024 3126 3118 3173 aut
3147 3133 3253 3173 non
3277 3117 3590 3191 disrumpit,

286 3221 536 3267 teter-num
582 3211 637 3264 in
664 3216 937 3280 conspectu
975 3222 1107 3270 meo,
1154 3215 1200 3261 et
1249 3205 1463 3261 thronus
1491 3204 1605 3275 ejus
1646 3203 1741 3258 erit
1764 3219 1890 3257 οοιι-
1988 3210 2038 3265 si
2066 3224 2177 3264 utin
2208 3224 2358 3264 nunc
2390 3217 2483 3265 est
2504 3209 2765 3265 Salomon
2808 3211 2861 3266 in
2891 3212 3022 3268 [iliis
3048 3212 3225 3268 bonus
3262 3223 3353 3268 aut
3383 3214 3596 3269 malus?

285 3306 527 3375 ﬁrmatus
576 3319 732 3374 usque
780 3304 835 3356 in
880 3310 1132 3356 teternum
1163 3298 1373 3371 (Ibid.,
1430 3296 1671 3369 15,16).
1730 3295 1884 3365 Quod
1913 3310 1957 3372 ρ
1988 3299 2147 3370 Quod
2195 3309 2377 3357 autem
2408 3301 2582 3358 dicit:
2625 3302 2861 3369 Ventus,
2895 3320 3002 3359 non
3037 3320 3203 3361 omne
3244 3322 3468 3378 regnum
3507 3321 3597 3363 ac-

282 3408 473 3456 autem
502 3399 721 3455 videtur
757 3399 811 3453 in
843 3412 1106 3453 excessus
1147 3396 1333 3467 Specie
1384 3392 1638 3449 thronum
1681 3388 1889 3447 Christi
1989 3395 2136 3465 capio
2169 3412 2184 3449 :
2213 3395 2269 3450 in
2298 3396 2544 3465 speciem
2575 3395 2741 3464 redit,
2778 3397 3048 3467 incipiens
3088 3398 3245 3453 aliam
3274 3399 3503 3472 ﬁguram
3540 3403 3595 3457 in

287 3495 614 3567 promittere
643 3494 699 3549 in
740 3502 1028 3560 aeternum,
1060 3494 1320 3547 thronum
1352 3488 1450 3544 lilii
1480 3485 1722 3543 hominis
1763 3500 1892 3556 pro-
1990 3489 2106 3546 lilio
2124 3489 2440 3546 Salomonis
2478 3497 2540 3546 et
2565 3504 2745 3547 servo.
2774 3492 2833 3549 In
2885 3491 3017 3549 Jesu
3057 3493 3205 3550 Nave
3250 3509 3470 3567 quoque
3514 3495 3598 3554 sic

288 3588 485 3655 mittit,
527 3598 583 3644 et
612 3589 683 3643 ita
712 3586 914 3657 Corpus
945 3586 1171 3651 Christi,
1207 3585 1259 3640 id
1302 3591 1408 3651 est,
1459 3580 1742 3637 Ecclesiae.
1770 3577 1891 3634 Non
1994 3584 2130 3641 dicit
2154 3585 2449 3652 Βαιιὶυιη,
2480 3587 2842 3643 manifestans
2882 3589 2937 3642 in
2964 3604 3075 3644 υιιο
3104 3588 3329 3646 nomine
3358 3591 3597 3647 [mm-um

298 3684 451 3740 enim
473 3694 689 3755 propter
714 3682 884 3737 David
912 3681 1164 3751 promisit
1186 3679 1331 3735 Deus
1362 3687 1712 3748 regnaturum
1734 3672 1895 3730 Chri—
1996 3692 2196 3749 corpus
2223 3678 2506 3734 ostendit:
2539 3679 2636 3735 sed
2667 3679 2770 3737 hoc
2796 3681 2918 3736 loco
2958 3681 3161 3737 malum
3196 3685 3596 3740 tantummodo.

294 3788 482 3833 stum:
519 3779 603 3833 cui
628 3787 755 3832 ante
777 3777 1231 3831 constitutionem
1256 3772 1441 3828 mundi
1474 3771 1727 3842 promisit
1756 3769 1899 3825 hanc
2000 3772 2263 3841 Peccavit,
2289 3775 2487 3846 inquit,
2520 3775 2745 3847 populus
2770 3788 2817 3831 et
2844 3786 3195 3848 transgressus
3217 3788 3599 3847 testamentum,

292 3871 629 3928 claritatem.
689 3870 755 3925 Et
807 3884 904 3940 per
950 3869 1143 3924 Isaiam
1174 3867 1254 3923 sic
1300 3867 1430 3923 dicit
1460 3866 1607 3921 Deus
1629 3862 1848 3921 Christo
1880 3882 1894 3919 :
1996 3871 2139 3936 quod
2166 3867 2403 3939 disposui
2424 3868 2496 3922 ad
2525 3868 2665 3936 illos,
2695 3870 2856 3941 furati
2880 3878 3000 3925 sunt
3028 3872 3092 3925 de
3119 3870 3462 3940 anathemate,
3506 3873 3605 3927 mi-

296 3968 557 4041 Magnum
583 3968 674 4023 tibi
701 3970 795 4023 erit
830 3967 972 4022 istud
1001 3983 1018 4021 :
1044 3977 1098 4021 ut
1144 3966 1337 4020 voceris
1366 3981 1492 4036 puer
1523 3980 1687 4029 meus,
1712 3971 1761 4017 et
1784 3971 1895 4016 sta-
2000 3970 2175 4017 serunt
2197 3962 2253 4017 in
2282 3979 2406 4018 uasa
2432 3979 2529 4018 sua
2577 3962 2715 4035 (los.
2744 3980 2864 4033 vus,
2898 3964 3025 4040 ii):
3054 3981 3183 4022 eum
3230 3968 3383 4024 solus
3423 3968 3606 4025 Achar

296 4073 422 4118 tuas
477 4061 637 4117 tribus
679 4060 864 4124 Iacob,
898 4066 945 4113 et
993 4057 1162 4112 Israel
1196 4056 1568 4129 dispersionem
1611 4063 1900 4109 convertas.
2004 4056 2074 4113 de
2102 4057 2244 4113 tribu
2274 4056 2413 4113 Iuda
2441 4058 2492 4114 id
2522 4059 2765 4116 iecisset.
2794 4059 2954 4127 Quod
2990 4075 3191 4132 corpus
3219 4076 3438 4134 semper
3466 4063 3611 4119 futu-

296 4153 443 4211 Ecce
472 4154 622 4226 posui
650 4162 697 4208 te
745 4154 801 4207 in
848 4161 1203 4207 testamentum
1233 4150 1457 4223 generis,
1490 4148 1545 4202 in
1576 4146 1750 4201 lumen
1781 4163 1907 4218 gen-
2004 4166 2124 4206 mm
2156 4151 2473 4223 intelligens
2505 4152 2697 4218 Jews,
2734 4153 2818 4209 sic
2844 4154 2943 4221 ait,
2969 4169 3092 4210 cum
3118 4170 3243 4210 eum
3277 4156 3549 4212 accidere;
3593 4175 3607 4213 ε

297 4251 476 4315 tium,
508 4257 563 4302 ut
600 4248 674 4302 sis
713 4246 772 4300 in
813 4244 1033 4300 salutem
1058 4258 1219 4313 usque
1266 4241 1318 4295 in
1372 4239 1707 4295 novissimum
1757 4248 1907 4293 terra:
2009 4243 2327 4299 Exterminet
2368 4255 2419 4299 te
2470 4244 2608 4299 Deus
2639 4246 2773 4301 sicut
2813 4255 2859 4297 et
2906 4246 3058 4300 hodie
3102 4244 3294 4317 (lbid.,
3326 4246 3443 4320 25).
3467 4246 3608 4304 Illud

297 4344 446 4418 (Isa.
475 4340 716 4412 mx.6).
738 4339 879 4408 Quid
896 4339 1076 4407 majus
1098 4334 1237 4391 Filio
1264 4334 1361 4390 Dei
1379 4333 1562 4389 vocari
1586 4349 1715 4405 puer
1738 4347 1907 4400 meus,
2006 4347 2191 4393 autem
2224 4338 2398 4392 multo
2441 4340 2616 4408 magis
2665 4341 3038 4396 necessarium
3072 4349 3155 4397 est
3199 4341 3340 4398 scire
3368 4358 3386 4397 :
3419 4357 3612 4403 mones

300 4447 367 4496 et.
414 4436 585 4493 Israel
638 4432 1033 4503 dispersionem
1082 4436 1436 4492 convertere,
1490 4432 1585 4480 aut
1632 4440 1730 4494 per
1782 4438 1907 4479 cum
2010 4429 2236 4485 omnino
2280 4430 2538 4485 civitates
2566 4429 2734 4486 Israel
2763 4441 2818 4487 et
2864 4434 3144 4501 gentium,
3174 4434 3258 4490 vel
3302 4434 3614 4505 provincias

302 4534 519 4591 [actim
560 4543 684 4586 esse
726 4528 901 4598 ipsum
947 4524 1113 4580 Israet
1157 4533 1213 4579 et
1258 4521 1462 4577 coelum
1493 4528 1550 4576 et
1576 4526 1805 4583 terram,
1854 4525 1913 4573 et
2014 4536 2152 4593 quas
2176 4519 2460 4591 Scriptura
2491 4522 2815 4593 alloquitur,
2849 4535 2943 4579 aut
2966 4525 3021 4579 in
3050 4525 3248 4597 quibus
3284 4528 3488 4600 aliquid
3523 4543 3616 4597 ge-

308 4643 444 4702 qua:
474 4627 527 4681 in
555 4624 637 4681 eis
680 4632 804 4679 sunt
844 4618 1080 4675 visibilis
1111 4626 1167 4675 et
1204 4613 1537 4672 invisibilia?
1566 4611 1675 4669 Sed
1705 4612 1755 4668 ei
1775 4611 1915 4667 dixit
2014 4627 2159 4673 stum
2190 4616 2354 4673 refert
2384 4618 2607 4688 ligurum
2642 4631 2768 4674 esse
2810 4618 3093 4675 Ecclesiae.
3126 4619 3350 4692 Aliquae
3395 4623 3615 4694 quidem

309 4737 573 4795 magnum
618 4734 767 4785 esse,
818 4718 908 4788 qui
948 4714 1088 4771 Filio
1130 4713 1227 4769 Dei
1258 4712 1461 4766 mixtus
1485 4719 1569 4765 est
1607 4724 1675 4765 ex
1703 4708 1913 4764 semine
1940 4711 1994 4774 D
2018 4710 2188 4782 partis
2242 4710 2404 4765 metu:
2442 4718 2652 4765 tantum
2686 4752 2700 4777 ,
2742 4711 2954 4781 aliquas
2994 4711 3189 4778 honre,
3232 4713 3449 4785 aliquas
3488 4729 3621 4771 vero

1942 682 2077 736 ciant
2104 682 2237 746 here,
2265 692 2476 755 propter
2515 681 2682 736 David
2713 691 2913 752 patrem
2941 693 3106 737 tuum.
3156 682 3235 739 De
3260 701 3418 739 manu
3438 685 3543 752 ﬁlii

1942 774 2019 828 tui
2040 775 2297 844 accipiam
2319 775 2474 830 illud.
2509 775 2702 830 Verum
2729 792 2878 831 omne
2899 793 3116 850 regnum
3147 794 3248 832 non
3270 779 3542 851 accipiam,

1942 877 2198 937 sceptrum
2231 884 2393 922 unum
2420 868 2556 923 dabo
2600 869 2713 939 ﬁlio
2744 878 2832 923 tuo
2861 885 2879 925 :
2908 880 3121 942 prapter
3152 867 3325 925 David
3347 887 3547 926 seruum

1942 976 2135 1026 meum,
2169 969 2219 1015 et
2255 971 2464 1033 propter
2499 960 2831 1017 Hierusalem
2877 964 3154 1029 civitatem,
3191 981 3348 1034 quant
3392 965 3545 1036 elegi,

1943 1052 2037 1125 (Ill
2067 1053 2196 1125 Reg.
2224 1069 2299 1121 st,
2333 1054 2423 1123 ii,
2451 1054 2567 1128 Η).
2597 1056 2739 1123 Quid
2788 1057 2935 1112 enim
2972 1057 3200 1126 prodest
3248 1058 3453 1127 David,
3505 1057 3555 1116 si

1948 1158 2175 1217 propter
2204 1162 2331 1205 eum
2363 1148 2508 1205 tilius
2551 1149 2669 1219 eius
2702 1164 2926 1221 regnum
2960 1160 3127 1207 terrae
3185 1165 3553 1223 consequere-

1948 1251 2057 1307 tur,
2088 1242 2316 1300 cmleste
2350 1244 2707 1311 perditurus?
2731 1243 2853 1314 Quo
2882 1243 3233 1301 manifestum
3283 1254 3397 1312 est,
3429 1260 3550 1301 cum

1949 1333 2064 1390 Deo
2105 1349 2229 1391 esse
2274 1335 2623 1393 Sulomonem
2658 1352 2673 1390 :
2707 1337 2794 1392 cui
2845 1352 3073 1407 regnum
3122 1337 3343 1409 quidem
3394 1347 3555 1395 terra:

318 4815 513 4874 David.
559 4812 751 4869 Omnis
797 4810 943 4865 enim
994 4806 1290 4879 promissio
1340 4804 1575 4860 Ahrahss
1621 4810 1680 4858 et
1718 4800 1912 4867 David,

319 4912 441 4982 ipsa
467 4918 572 4973 est,
602 4914 661 4959 ut
693 4918 881 4961 semen
912 4915 1103 4957 eorum
1135 4899 1489 4954 misereretur
1508 4896 1582 4963 ei,
1606 4894 1765 4966 cujus
1790 4900 1920 4949 sunt

320 5002 527 5066 omnia,
550 5009 613 5056 et
636 5005 788 5053 esset
826 4995 1075 5051 coheres
1104 4994 1160 5047 iu
1188 4999 1455 5047 mortium
1493 5006 1506 5043 :
1541 5002 1650 5043 non
1694 4994 1921 5057 propter

324 5112 425 5154 eos
452 5100 708 5165 regnaret
747 5087 1023 5150 Christus,
1056 5085 1149 5158 qui
1177 5092 1262 5139 est
1288 5082 1533 5139 omnium
1568 5096 1665 5136 rex
1696 5094 1728 5134 a
1761 5080 1922 5135 Patre

329 5189 679 5246 constitutus.
726 5183 866 5252 Quid
907 5182 1139 5237 dicimus
1168 5178 1239 5233 de
1285 5174 1620 5235 Salomone?
1649 5188 1775 5230 cum
1808 5173 1921 5227 Deo

2024 4805 2330 4873 utriusque.
2364 4804 2431 4859 Et
2459 4802 2505 4859 si
2536 4804 2648 4858 sint
2693 4804 2870 4875 aliqua
2893 4846 2908 4871 ,
2941 4820 3062 4877 quae
3086 4807 3252 4871 etiam
3292 4806 3347 4862 in
3391 4820 3621 4880 gemes,

2026 4913 2149 4969 qua:
2188 4896 2323 4952 foris
2360 4904 2492 4953 sunt
2538 4896 2828 4953 videantur
2866 4901 3206 4956 convenire:
3248 4902 3304 4958 in
3338 4916 3499 4974 parte
3541 4912 3624 4961 ta-

2031 5008 2176 5060 men,
2211 5007 2337 5064 qua
2362 4993 2510 5048 intus
2553 5001 2663 5060 est,
2708 4995 3037 5052 convenitur
3075 5011 3240 5056 ornue
3284 5012 3487 5071 corpus
3526 5000 3627 5057 ad-

2030 5100 2268 5152 versum,
2290 5083 2440 5140 sicut
2470 5086 2524 5140 in
2548 5085 2713 5143 Israel
2742 5089 2956 5158 captivo
2978 5130 2992 5152 ,
3024 5092 3360 5160 promittitur
3380 5092 3630 5162 gentibus

2031 5180 2097 5236 ad
2132 5180 2303 5235 Deum
2356 5178 2587 5234 reditus.
2632 5179 2980 5250 lmpossibiie
3010 5194 3099 5239 est
3144 5186 3288 5240 enim
3329 5184 3505 5256 legem
3547 5186 3634 5242 lo-

329 5292 433 5348 cst,
462 5295 531 5335 an
570 5286 694 5350 post
736 5273 1109 5331 idtdolatriam
1143 5270 1473 5339 reprobatus
1521 5267 1650 5323 est?
1690 5267 1749 5322 Si
1797 5282 1925 5322 cum
2028 5273 2123 5344 qui
2164 5272 2239 5339 ei,
2265 5270 2358 5343 qui
2399 5271 2452 5327 in
2480 5271 2603 5342 lege
2629 5287 2741 5327 non
2765 5282 2851 5329 est
2889 5275 3006 5331 :de
3039 5290 3106 5331 eo
3146 5276 3317 5348 loqui,
3344 5278 3412 5332 ad
3457 5278 3633 5349 ipsum

337 5372 762 5431 Deodixerimus
788 5368 1204 5440 :impunitatem
1234 5362 1627 5437 spondebiutus
1656 5362 1925 5418 idoiorum

337 5468 660 5526 cultoribus.
703 5464 822 5521 Non
861 5465 1010 5520 enim
1030 5462 1174 5518 dicit
1202 5461 1506 5534 Scriptura,
1551 5459 1926 5530 paniteutiam

340 5564 513 5636 qisse
536 5559 915 5625 Salomonem,
943 5566 1041 5614 aut
1065 5557 1345 5627 recepisse
1368 5554 1721 5627 sapientiam.
1754 5554 1814 5611 Si
1837 5569 1936 5609 au-

2033 5377 2218 5424 tamen
2256 5379 2370 5422 non
2415 5382 2429 5419 :
2469 5373 2528 5421 et
2563 5366 2681 5423 sive
2702 5367 2900 5425 alicubi
2936 5369 3057 5424 sine
3083 5369 3184 5425 ista
3208 5373 3500 5431 occasione
3526 5392 3638 5433 non

2032 5454 2090 5512 in
2131 5457 2297 5516 Israel
2340 5460 2658 5530 specialiter
2714 5463 3054 5534 alienigenas
3106 5466 3442 5539 alioquitur,
3496 5472 3640 5530 intus

2032 5551 2353 5610 omuimodo
2370 5554 2640 5613 credendi
2676 5565 2804 5613 sunt
2844 5558 3181 5627 :quonism,
3207 5563 3311 5620 etsi
3350 5566 3647 5623 eveniebat

343 5667 447 5712 tem
484 5654 832 5726 reprobamus
863 5652 1171 5709 dixerimus
1200 5668 1214 5704 :
1256 5651 1501 5706 occurrit
1526 5664 1631 5704 vss
1660 5649 1778 5716 Dei,
1808 5664 1933 5720 qua:
2035 5647 2351 5717 speciaer
2371 5648 2513 5719 quod
2536 5647 2923 5721 prophetatum
2938 5662 3047 5720 est,
3071 5653 3317 5714 Ecclesia
3337 5668 3640 5718 tameuest.

344 5750 495 5819 dicit,
538 5757 839 5807 uenturae
876 5748 1099 5820 quidem
1142 5760 1372 5819 regnum
1404 5744 1623 5802 auferre
1646 5743 1934 5801 Satomoni

350 5855 571 5916 propter
600 5842 791 5908 David,
841 5843 982 5899 sicut
1008 5841 1276 5913 scriptum
1315 5849 1403 5897 est
1430 5840 1483 5896 in
1514 5839 1653 5897 libro
1683 5839 1890 5911 [legum
1917 5852 1931 5893 :

421 5949 445 5978 ⁸
473 5941 561 5997 Al.
601 5938 787 5996 evenit.

2039 5741 2351 5813 Proprietas
2364 5742 2729 5814 deniqueuan
2748 5745 3004 5805 omniims
3015 5752 3306 5821 queiehus
3318 5761 3344 5790 ⁸
3362 5769 3465 5811 con
3477 5756 3645 5813 venit.

2043 5839 2176 5897 Nam
2202 5848 2259 5899 et
2301 5842 2597 5899 Damascus
2638 5851 2694 5899 et
2735 5841 2917 5916 Tyrus
2963 5854 3019 5903 et
3051 5846 3192 5905 Soor
3229 5858 3286 5907 et
3310 5850 3433 5907 aliae
3465 5852 3652 5911 multae
