4032 6432
475 314 550 373 39
1891 328 2193 395 TICHONII
2234 334 2397 396 AFRI
3710 352 3787 411 40

475 442 646 500 ιιειμιε
688 440 1129 531 nunchexstant,
1172 450 1308 509 quas
1359 439 1500 496 Deus
1544 443 1759 513 penitus
1788 447 1941 514 tolli,
1970 463 2073 505 nec
2099 456 2153 518 Α
2180 453 2302 510 Non
2324 466 2456 523 erat,
2481 458 2674 529 inquit,
2700 459 2822 529 ﬁnis
2840 461 3119 531 gentilibus
3139 462 3283 518 illius
3305 479 3326 519 :
3352 482 3470 522 cum
3495 475 3624 523 esset
3652 468 3753 523 civi
3768 500 3783 510 -

474 525 775 582 restuurati
821 526 1053 585 dixerat.
1085 530 1142 586 lu
1188 531 1508 605 alienigenis
1535 545 1716 593 autem
1768 539 2078 598 civitatibus

471 615 777 675 Ecclesium
803 624 1088 679 conveniri
1121 634 1369 695 apertum
1410 637 1495 684 est
1541 628 1593 684 in
1635 631 1954 700 Ezechiele,
1988 636 2076 690 cui

470 726 599 769 cum
634 716 897 773 Dominus
921 717 1151 786 diceret,
1204 723 1504 791 praedicere
1535 724 1817 781 interitum
1850 728 1903 783 in
1935 728 2080 786 The-

474 822 620 873 man,
658 826 782 881 qua:
814 820 899 868 est
926 813 1100 879 Esau,
1127 824 1184 870 et
1214 816 1267 870 in
1300 815 1517 887 Dagon,
1561 819 1705 890 quod
1737 829 1840 876 est-
1869 821 2080 879 idolum

474 901 910 975 allophylorum,
944 906 1226 965 intellexit
1274 911 1590 980 parabolam
1630 929 1755 969 esse
1782 914 2078 972 adversum

474 992 822 1053 Hierusalem
875 1006 932 1055 et
983 1001 1267 1072 templum.
1300 1000 1498 1059 Factus
1525 1015 1636 1070 est,
1668 1005 1881 1078 inquit,
1912 1025 2081 1064 sermo

470 1087 685 1146 Domini
713 1092 783 1148 ad
805 1110 905 1159 me,
942 1094 1123 1152 dicens
1149 1113 1168 1152 :
1196 1096 1310 1153 Fili
1337 1099 1585 1167 hominis,
1609 1101 1866 1171 conﬁrma
1892 1105 2080 1175 [aciem

471 1195 614 1241 tuam
661 1203 817 1260 super
859 1187 1117 1256 Theman,
1164 1192 1362 1263 respice
1395 1193 1450 1247 in
1479 1192 1703 1268 Dagon,
1730 1195 1984 1268 propheta
2026 1198 2082 1252 in

468 1281 654 1336 silvam
700 1299 954 1339 sumntum
985 1283 1164 1359 Nages
1197 1302 1217 1341 :
1242 1286 1382 1342 Audi
1410 1288 1614 1344 verbum
1666 1287 1900 1347 Domini.
1955 1291 2082 1349 thc

471 1375 598 1432 dicit
641 1374 898 1434 Dominus
938 1395 958 1434 :
990 1378 1147 1448 Ecce,
1195 1397 1289 1452 ego
1332 1382 1604 1438 incendam
1648 1384 1776 1439 inte
1819 1385 2012 1457 ignem,
2035 1395 2084 1443 et

467 1472 697 1528 comedet
746 1474 800 1529 in
856 1483 904 1530 te
946 1491 1095 1530 omne
1119 1473 1323 1548 lignum
1362 1477 1546 1543 viride,
1604 1486 1654 1533 et
1698 1495 1847 1534 omne
1883 1480 2082 1551 lignum

467 1566 693 1622 aridum.
726 1568 849 1624 Non
877 1571 1231 1643 exstinguetur
1248 1573 1463 1642 ﬂamma
1493 1573 1707 1628 incensa
1738 1583 1783 1629 et
1813 1575 2086 1630 cumbure-

467 1666 554 1714 tur
576 1660 631 1716 in
650 1677 711 1717 ea
735 1663 899 1718 omnis
919 1665 1124 1736 faciesa
1141 1663 1420 1720 subsolano
1437 1682 1596 1736 usque
1607 1666 1677 1721 ad
1687 1667 2001 1739 aquilonem,
2026 1675 2084 1723 ut

468 1763 743 1824 cognoscat
763 1756 934 1810 omnis
955 1772 1098 1822 caro,
1116 1757 1239 1827 quia
1262 1773 1355 1829 ego
1377 1756 1633 1815 Dominus
1654 1761 1900 1816 succendi
1926 1760 2076 1830 illud,

468 1863 572 1903 non
604 1848 960 1921 exstinguetur
985 1849 1148 1904 ultra.
1174 1847 1244 1903 Et
1258 1850 1392 1917 dixi,
1420 1868 1548 1920 non,
1581 1850 1821 1908 Domine.
1851 1852 1967 1925 Ipsi
1989 1854 2073 1909 di-

469 1950 594 1996 cunt
632 1941 705 1996 ad
746 1958 826 1997 me
850 1959 869 1997 :
912 1941 1105 1998 Nonne
1148 1943 1403 2013 parabola
1445 1953 1522 2000 est
1570 1946 1701 2012 hcce,
1733 1963 1848 2018 qua:
1889 1946 2080 2002 dicitur

468 2032 687 2105 (Ezech.
714 2050 811 2099 xx,
843 2034 1080 2109 45,49)?
1106 2035 1177 2091 Et
1206 2037 1380 2107 [actus
1401 2047 1502 2105 est,
1532 2038 1732 2110 inquit,
1766 2056 1933 2096 sermo
1969 2039 2082 2095 Do-

467 2127 596 2182 mini
619 2127 688 2182 ad
714 2144 815 2195 me,
842 2128 1021 2185 dicens
1040 2145 1060 2185 :
1083 2127 1396 2200 Propterea,
1428 2129 1509 2201 fili
1536 2130 1794 2198 hominis,
1825 2131 2081 2203 propheta

465 2230 517 2277 et
562 2221 816 2291 conﬁrma
855 2222 1047 2296 faciem
1087 2232 1230 2278 tuam
1275 2225 1344 2278 ad
1394 2221 1752 2291 Hierusalem,
1800 2226 2082 2297 respiciens

465 2326 648 2373 sancta
667 2333 844 2373 coruus
865 2334 885 2374 :
906 2329 954 2374 et
977 2319 1313 2393 prophetabis
1335 2336 1492 2391 super
1513 2330 1709 2376 terram
1732 2320 1924 2378 Israel.
1949 2322 2083 2379 Hcce

466 2410 592 2466 dicit
623 2409 879 2469 Dominus
910 2428 931 2468 :
958 2411 1098 2468 Ecce
1144 2429 1239 2487 ego
1268 2414 1489 2470 educam
1531 2415 1768 2489 gladium
1805 2433 1976 2472 meum
2016 2418 2083 2472 de

471 2502 660 2576 vagina
683 2521 782 2559 sua
810 2523 831 2561 :
857 2513 909 2561 et
941 2504 1246 2576 disperdam
1270 2505 1337 2561 de
1372 2516 1420 2561 te
1440 2507 1707 2563 inimicum
1732 2516 1782 2564 et
1807 2508 2079 2579 injustam.

470 2594 565 2651 Sic
591 2596 726 2653 exiet
752 2597 963 2669 gladius
987 2613 1132 2653 meus
1159 2597 1225 2653 de
1246 2599 1435 2670 vagina
1456 2616 1551 2655 sua
1571 2616 1725 2673 super
1744 2616 1945 2657 omnem
1967 2618 2085 2656 car-

471 2704 587 2744 nem
630 2706 662 2743 a
703 2690 982 2745 subsolano
1021 2707 1185 2762 usque
1220 2692 1291 2746 ad
1326 2692 1657 2764 aquilonem,
1687 2703 1737 2749 et
1763 2695 1891 2750 sciet
1917 2697 2085 2750 omnis

470 2798 618 2847 caro,
646 2783 766 2851 quia
786 2800 879 2856 ego
905 2801 1019 2840 sum
1046 2783 1327 2853 Dominus,
1353 2789 1443 2856 qui
1478 2789 1625 2843 emisi
1653 2789 1889 2860 gladium
1914 2805 2084 2845 meum

471 2876 537 2932 de
562 2875 753 2951 uagina
778 2893 896 2945 sua,
928 2895 1031 2934 non
1056 2879 1354 2952 egredietur
1378 2880 1544 2937 ultra.
1568 2878 1857 2953 Conﬁrma,
1881 2883 2080 2954 inquit,

467 2969 655 3041 facient
701 2981 865 3040 tuam,
922 2988 1078 3042 super
1128 2972 1385 3042 Theman,
1441 2986 1493 3030 et
1548 2976 1747 3047 respice
1792 2978 1849 3032 in
1895 2975 2084 3053 Dagon

470 3061 690 3135 (Ezeeh.
722 3081 837 3131 xxt,
872 3065 1010 3139 1,5).
1054 3066 1124 3123 Et
1151 3066 1551 3140 interpretatus
1573 3077 1661 3125 est
1679 3069 1873 3126 dicens
1907 3087 1920 3125 :
1948 3069 2085 3127 Con-

470 3161 622 3232 ﬁrma
650 3164 835 3233 [aciem
865 3173 1010 3218 tuam
1039 3164 1111 3218 ad
1145 3164 1496 3229 Hierusalem,
1529 3174 1577 3220 et
1599 3166 1799 3235 respice
1823 3169 1879 3222 in
1899 3178 2083 3223 sancta

470 3270 665 3309 eorum.
697 3255 765 3310 Et
802 3256 1044 3313 ostendit
1084 3257 1139 3311 in
1178 3272 1395 3314 omnem
1434 3256 1803 3325 Hierusalem,
1841 3259 2072 3315 dicens:
2104 3267 2148 3330 C

469 3346 786 3421 Disperdam
813 3351 878 3406 de
918 3361 967 3407 te
1005 3351 1275 3407 inimicum
1313 3360 1363 3406 et
1403 3351 1678 3426 injustum.
1717 3352 1795 3408 Ita
1830 3352 2073 3409 futurum

468 3443 801 3516 generaliter
828 3444 906 3500 ait
936 3462 952 3499 :
984 3444 1075 3501 Sic
1107 3448 1240 3500 exiet
1270 3445 1480 3518 gladius
1509 3461 1654 3500 meus
1694 3462 1853 3517 super
1873 3464 2075 3503 omnem

465 3551 671 3592 carnem
692 3554 726 3591 a
755 3537 1034 3594 subsolano
1063 3556 1224 3610 usque
1261 3538 1333 3593 ad
1374 3538 1693 3604 aquilonem.
1731 3537 1987 3597 Ostendit
2016 3540 2072 3595 in

466 3628 809 3688 Hierusalem
841 3647 964 3690 esse
990 3632 1260 3702 Thetnan,
1282 3649 1448 3705 quam
1478 3633 1592 3690 illic
1616 3634 1760 3691 Deus
1789 3634 2071 3704 interficit,

465 3735 520 3783 et
549 3727 760 3801 Dagon,
798 3739 855 3786 et
897 3728 1079 3785 omnia
1111 3729 1476 3786 exsecrabilia
1516 3730 1769 3802 gentium
1803 3741 2074 3801 operante

461 3821 582 3877 lilio
624 3822 795 3878 David
840 3822 1133 3880 Salomone
1164 3822 1218 3879 in
1254 3822 1379 3878 llliis
1408 3823 1560 3890 suis,
1605 3838 1716 3895 quo
1755 3824 1917 3878 etiam
1962 3825 2074 3879 evi-

460 3914 653 3972 denter
678 3914 893 3987 dejecta
938 3918 1141 3988 templa
1182 3916 1278 3974 Dei
1307 3924 1365 3973 et
1391 3916 1681 3983 demolita,
1713 3926 1880 3988 atque
1911 3916 2075 3986 spiri-

460 4011 679 4066 tualiter
705 4018 922 4079 exusta,
956 4011 1187 4082 projecit
1214 4011 1267 4066 in
1306 4020 1612 4066 torrentem
1636 4050 1653 4075 ,
1680 4009 1732 4065 id
1757 4020 1866 4078 est,
1894 4024 2070 4064 saecu-

464 4103 600 4172 lum,
629 4104 720 4176 qui
749 4104 994 4161 nascitur
1012 4104 1160 4160 lilius
1184 4103 1355 4159 David
1378 4102 1581 4169 Josias,
1613 4113 1669 4158 ut
1698 4101 2075 4173 disrumpatur

461 4196 637 4253 altare
668 4198 721 4253 in
766 4196 984 4264 Bethel,
1015 4196 1158 4253 sicut
1188 4196 1454 4267 scriptum
1482 4204 1561 4252 est
1592 4212 1606 4249 :
1636 4195 1815 4251 Altare
1835 4235 1851 4261 ,
1881 4195 2068 4260 altare,

464 4292 575 4348 haec
599 4291 725 4347 dicit
750 4290 1029 4361 Dominus,
1063 4288 1201 4345 Ecce
1230 4291 1375 4361 ﬁlius
1399 4304 1645 4346 nascetur
1679 4289 1744 4346 de
1781 4289 1934 4344 domo
1967 4286 2075 4343 Da-

463 4386 549 4440 vid
589 4402 611 4441 :
639 4383 815 4442 Josias
843 4402 1029 4441 nomen
1078 4386 1163 4440 illi
1200 4383 1293 4457 (lll
1334 4383 1467 4457 Reg.
1496 4400 1613 4452 χιιι,
1644 4382 1725 4458 2).
1771 4383 1968 4440 Ninive
1996 4382 2075 4439 ci-

465 4484 603 4541 vitas
640 4482 1100 4554 alienigenarum,
1133 4479 1414 4550 bipartitae
1454 4477 1714 4534 Ecclesiae
1755 4479 1930 4550 ﬁgura
1964 4486 2068 4533 est.

461 4575 572 4634 Sed
599 4578 727 4648 quia
750 4574 1003 4631 ordinem
1027 4573 1323 4631 lectionem
1346 4569 1761 4643 interpretando
1784 4569 2071 4642 prosequi,

462 4671 684 4743 longum
715 4678 838 4727 est:
872 4670 1007 4726 satis
1043 4667 1172 4737 erit,
1200 4667 1347 4741 quod
1387 4667 1573 4738 specie
1614 4667 1915 4722 convenire
1959 4681 2069 4720 non
2099 4681 2153 4743 1)

460 4776 649 4841 patest
694 4765 899 4824 dicere.
946 4765 1099 4831 Erat,
1148 4763 1365 4836 inquit,
1413 4759 1607 4817 Ninive
1654 4762 1836 4816 civitas
1879 4775 2071 4832 magna

463 4859 655 4934 (Jonas
682 4875 765 4926 ut,
796 4859 855 4933 5)
882 4876 897 4913 :
928 4859 1087 4925 adeo,
1111 4873 1236 4913 cum
1263 4864 1412 4914 esset
1442 4855 1670 4911 adversa
1703 4854 1840 4921 Deo,
1867 4864 1925 4909 ut
1950 4869 2069 4909 me-

461 4954 693 5027 tropolis
735 4952 1124 5025 Assyriorum,
1174 4965 1297 5023 quae
1350 4958 1408 5007 et
1463 4949 1771 5006 Samariam
1828 4948 2065 5016 delevit,

459 5055 521 5104 et
556 5061 776 5103 omnem
819 5043 1064 5103 Judaaam
1113 5058 1331 5116 semper
1387 5043 1672 5115 oppressit
1712 5041 1853 5098 :sed
1905 5042 1960 5097 iu
2007 5042 2067 5097 li-

457 5156 593 5214 gura
643 5139 904 5197 Ecclesia:
957 5138 1289 5210 przedicante
1330 5136 1492 5205 Jona,
1548 5136 1604 5192 id
1656 5147 1768 5204 est,
1819 5135 2063 5205 Christo,

459 5236 644 5293 omnis
698 5236 928 5291 omnino
975 5233 1203 5290 liberata
1258 5244 1362 5289 εει.
1428 5231 1632 5289 Eadem
1687 5231 1884 5289 Ninive
1941 5248 2062 5288 om-

462 5329 593 5385 nino
638 5327 954 5400 insequenti
990 5324 1268 5395 Propheta
1316 5324 1554 5396 peritura
1586 5324 1944 5394 describitur,
1974 5325 2062 5381 cui

460 5421 769 5497 praedicans
819 5420 1128 5478 Dominus:
1162 5419 1384 5494 Signum
1441 5429 1517 5476 est
1568 5418 1720 5476 Jonte
1780 5421 1834 5475 in
1890 5430 2067 5477 ventre

461 5520 562 5573 ceti
591 5514 823 5590 (Matth.
857 5530 955 5582 xu,
987 5512 1097 5581 40;
1126 5512 1259 5569 Luc.
1302 5530 1382 5582 xt,
1411 5513 1543 5583 ΖΟ).
1575 5516 1753 5585 Atque
1782 5524 1838 5569 ut
1867 5523 1924 5570 et
1950 5515 2065 5585 ipse

463 5607 739 5681 Propheta
766 5607 1039 5674 ostendit,
1070 5622 1181 5664 non
1211 5622 1338 5664 esse
1364 5607 1515 5662 illam
1546 5606 1822 5663 civitatem
1853 5607 2067 5677 specia-

461 5703 595 5774 lem,
618 5703 919 5776 interponit
933 5702 1138 5775 aliqua,
1161 5718 1284 5776 quae
1305 5702 1506 5774 speciei
1526 5701 1751 5759 modum
1777 5699 2064 5758 excedant.

539 5899 569 5933 ι
607 5892 800 5951 Grece
830 5888 1117 5967 βεϐηλοῦσι
1143 5886 1444 5961 profanant.

2180 560 2260 604 tas
2291 551 2448 605 unius
2487 552 2676 625 gentis.
2724 552 2793 608 Et
2832 553 3026 611 iterum
3064 573 3079 609 :
3120 555 3487 631 Multiplicasti
3524 572 3786 619 mercatus

2180 652 2295 699 tuos
2326 662 2481 716 super
2508 656 2651 701 astra
2676 648 2812 715 caeli,
2848 650 2900 704 id
2931 660 3047 716 est,
3080 650 3404 709 Ecclesiam.
3434 654 3505 711 Et
3534 658 3729 713 iterum
3766 675 3782 715 :

2181 739 2353 812 Super
2389 756 2540 813 quem
2576 759 2679 797 non
2706 744 2842 800 venit
2870 746 3080 802 malitia
3111 758 3201 802 tua
3228 753 3471 821 semper?
3508 751 3785 825 Numquid

2180 835 2354 905 potuit
2374 836 2530 893 unius
2550 838 2784 895 civitatis
2808 839 3034 908 malitia,
3054 856 3217 913 super
3240 858 3457 903 omnem
3478 845 3780 917 hominem,

2180 936 2275 984 aut
2310 945 2531 1002 semper
2570 932 2806 997 venisse,
2857 934 2959 989 nisi
3009 936 3175 1003 illius,
3217 954 3376 1010 quam
3418 940 3552 996 Cain
3596 941 3785 1001 fratris

2183 1023 2449 1095 sanguine
2475 1024 2720 1082 fundavit
2747 1028 2966 1085 nomine
2997 1028 3093 1086 lilii
3122 1032 3229 1097 sui,
3266 1032 3318 1088 id
3352 1044 3458 1102 est,
3493 1036 3785 1106 posterita-

2183 1118 2291 1174 tis?
2336 1118 2673 1177 Manifestius
2713 1123 2890 1179 adhuc
2931 1123 3092 1180 docet
3133 1127 3428 1198 Propheta,
3480 1131 3784 1190 Ecclesiam

2182 1227 2305 1269 esse
2326 1212 2539 1270 Ninive.
2565 1212 2634 1268 Et
2654 1217 2911 1283 extendet,
2935 1216 3129 1288 inquit,
3155 1237 3360 1277 manum
3382 1240 3527 1278 suam
3547 1225 3602 1280 in
3623 1226 3787 1297 Aqui-

2184 1309 2355 1363 lonem
2388 1309 2467 1380 (id
2498 1318 2614 1377 est,
2651 1311 2912 1382 populum
2941 1313 3077 1370 solis
3105 1315 3345 1373 alienum
3377 1319 3644 1377 adversus
3672 1322 3786 1379 Mc-

2184 1402 2480 1476 ridianum)
2508 1413 2553 1459 et
2574 1406 2752 1474 perdet
2777 1406 3043 1480 Assyrium
3066 1408 3258 1483 (Seph.
3285 1428 3345 1475 tt,
3373 1413 3481 1484 15).
3511 1414 3580 1472 Ει
3606 1416 3736 1472 illud
3768 1437 3783 1474 :

2186 1495 2402 1566 Ninive,
2425 1500 2781 1555 exterminium
2805 1503 2915 1557 sine
2938 1520 3072 1576 aqua
3094 1508 3145 1560 in
3171 1509 3433 1564 desertum
3455 1526 3476 1566 :
3500 1519 3547 1565 et
3568 1529 3787 1583 pascen-

2186 1602 2271 1646 tur
2301 1594 2355 1646 in
2380 1594 2551 1649 medio
2577 1598 2690 1669 ejus
2711 1614 2909 1669 greges,
2947 1615 3122 1655 omnes
3147 1602 3319 1659 bestia:
3358 1613 3511 1661 terrm
3541 1617 3588 1661 et
3610 1624 3782 1663 eamc-

2186 1688 2342 1743 leontt‘
2360 1730 2374 1754 ,
2404 1698 2453 1743 et
2477 1687 2609 1742 hirci
2634 1691 2685 1746 in
2728 1693 3055 1764 laquearibus
3081 1699 3195 1769 ejus
3228 1698 3508 1765 cubabunt,
3529 1712 3578 1756 et
3611 1700 3788 1758 bestitc

2186 1796 2359 1836 vocem
2386 1783 2582 1839 dabunt
2620 1785 2673 1839 in
2714 1787 2868 1857 fossis
2901 1790 3037 1860 ejus,
3086 1802 3132 1846 et
3164 1795 3304 1849 corvi
3350 1796 3405 1849 in
3454 1798 3616 1870 portis
3644 1802 3782 1874 ejus,

2104 1865 2152 1928 Β
2176 1878 2421 1948 quoniam
2453 1879 2638 1936 cedrus
2669 1879 2895 1937 altitudo
2919 1888 3052 1958 ejus.
3079 1885 3273 1944 Civitas
3298 1865 3647 1962 contemnens,
3664 1865 3786 1968 qua!

2185 1973 2380 2029 habitat
2402 1976 2456 2030 in
2475 1992 2587 2046 spe,
2618 1993 2733 2046 quin
2752 1978 2879 2033 dicit
2903 1980 2956 2034 in
2984 1982 3138 2036 corde
3161 1999 3255 2037 suo
3279 2000 3298 2039 :
3317 1981 3433 2057 Ego
3455 2003 3591 2055 sum,
3611 1998 3784 2045 etnon

2183 2080 2259 2126 est
2286 2080 2402 2144 post
2430 2088 2510 2128 me
2536 2071 2727 2145 (lbid.,
2757 2075 2845 2140 15,
2874 2075 2989 2149 15).
3018 2077 3282 2136 Etadhuc
3309 2098 3323 2135 :
3352 2082 3620 2151 Quomodo
3646 2090 3784 2158 facta

2184 2172 2258 2217 est
2274 2163 2330 2217 in
2354 2166 2678 2233 exterminio,
2704 2183 2900 2239 pascua
2925 2170 3244 2229 bestiarum?
3269 2172 3471 2243 Omnis,
3497 2178 3587 2246 qui
3612 2190 3781 2235 trans--

2183 2256 2223 2311 it
2244 2274 2335 2331 per
2376 2258 2523 2314 illam
2542 2302 2557 2328 ,
2583 2260 2811 2317 sibilabit
2830 2273 2879 2318 et
2899 2265 3117 2321 movebit
3143 2283 3327 2324 ntanus
3347 2286 3470 2324 suas
3495 2269 3629 2343 (Ib.,
3666 2272 3779 2345 i5).

2189 2349 2234 2406 0
2267 2351 2486 2409 illustris
2512 2364 2560 2409 et
2589 2354 2857 2430 redempta
2893 2360 3106 2428 civitas,
3152 2361 3410 2429 columba,
3445 2380 3560 2435 qua:
3584 2367 3783 2421 audivit

2184 2463 2379 2519 vocem,
2427 2467 2530 2506 non
2563 2454 2755 2524 recepit
2799 2455 3150 2527 disciplinam,
3198 2458 3252 2512 in
3298 2457 3525 2515 Domino
3566 2478 3671 2518 non
3709 2472 3783 2519 cst

2182 2547 2380 2617 conﬁsa
2403 2589 2417 2614 ,
2479 2557 2529 2602 et
2585 2549 2656 2603 ad
2701 2548 2983 2607 Dominum
3016 2570 3190 2608 .suum
3245 2572 3348 2610 non
3398 2557 3782 2630 apprOpinqua-

2184 2639 2275 2693 vit.
2321 2639 2595 2711 Principes
2640 2646 2755 2717 ejus
2797 2644 2851 2698 in
2893 2662 2976 2709 ea,
3022 2655 3079 2701 ut
3128 2648 3300 2704 leones
3342 2652 3648 2722 frementes;
3686 2656 3783 2726 ju-

2185 2730 2324 2788 dices
2377 2735 2525 2806 ejus,
2591 2746 2647 2789 ut
2698 2737 2809 2807 lupi
2863 2736 3106 2806 Arabiae,
3172 2758 3274 2795 non
3333 2742 3674 2815 relinquentes
3727 2746 3780 2801 in

2186 2844 2352 2884 mane.
2386 2826 2664 2901 Prop/telae
2687 2833 2817 2902 ejus,
2851 2833 3042 2901 spiritu
3066 2834 3209 2904 elati,
3241 2836 3339 2891 viri
3379 2848 3774 2913 contemptores.

2186 2922 2496 2980 Sacerdotes
2540 2928 2655 2999 ejus
2693 2928 3007 2998 praphetaut
3048 2945 3229 2997 sacra,
3274 2940 3322 2985 et
3354 2940 3381 2968 ³
3423 2933 3779 2991 conscelerant

2184 3021 2385 3093 legem;
2418 3021 2667 3077 Dominus
2698 3033 2867 3078 autem
2879 3028 3081 3099 justus,
3118 3025 3172 3081 in
3202 3028 3394 3097 templo
3423 3032 3537 3103 ejus
3565 3048 3669 3086 non
3700 3035 3782 3104 fa-

2185 3117 2281 3172 ciet
2326 3118 2579 3191 injustum
2608 3116 2801 3191 (Saph.
2827 3134 2907 3184 tu,
2942 3119 3078 3190 1,5).
3114 3118 3381 3193 ASgyptus
3422 3122 3553 3179 item
3592 3124 3781 3196 bipar-

2190 3211 2284 3264 tita
2327 3220 2428 3266 est.
2476 3208 2634 3278 Ecce,
2678 3210 2873 3282 inquit,
2917 3211 3171 3270 Dominus
3212 3216 3350 3269 sede!
3397 3232 3551 3288 super
3595 3218 3780 3272 nubem

2183 3303 2363 3370 levem,
2391 3313 2439 3358 et
2474 3305 2608 3360 venit
2634 3306 2692 3361 in
2734 3304 3018 3379 IEggptum
3058 3307 3194 3381 (Isa.
3228 3327 3341 3378 xu,
3372 3312 3509 3382 1,5).
3550 3311 3774 3386 [Nnbes,

2183 3414 2382 3471 corpus
2406 3410 2490 3455 est
2515 3399 2802 3471 spirituale
2826 3409 2948 3471 post
2972 3402 3335 3472 Baptismum,
3358 3414 3413 3461 et
3433 3404 3658 3461 claritas
3677 3405 3777 3463 lilii

2181 3494 2442 3550 hominis.
2472 3495 2686 3551 Primus
2716 3504 2800 3551 est
2840 3498 2985 3552 enim
3015 3496 3287 3553 adventus
3327 3499 3540 3555 Domini
3573 3499 3780 3572 jugiter

2183 3603 2412 3660 corpore
2452 3604 2552 3643 stto
2580 3587 2854 3644 venientis
2875 3630 2891 3655 ,
2935 3592 3078 3646 sicut
3107 3590 3243 3646 dicit
3267 3607 3282 3644 :
3305 3590 3505 3647 Amodo
3540 3592 3779 3651 videbitis

2182 3685 2459 3741 venientem
2487 3685 2538 3739 in
2567 3683 2784 3738 nubibus
2809 3683 2948 3758 caeli]
2970 3695 3017 3739 et
3041 3685 3452 3741 comminuentur
3478 3688 3781 3759 manufacta

2182 3778 2406 3854 Adggpti
2440 3796 2471 3833 a
2503 3779 2639 3850 facie
2680 3778 2847 3845 illius,
2879 3788 2927 3832 et
2955 3794 3045 3832 cor
3074 3778 3304 3848 ipsorum
3356 3780 3697 3836 minorabitur
3723 3784 3778 3838 in

2180 3876 2307 3941 illis,
2333 3884 2379 3928 et
2400 3881 2677 3946 exsurgent
2707 3870 2951 3943 Egyptii
2970 3888 3123 3944 super
3143 3870 3448 3945 IEggptios,
3466 3883 3518 3930 et
3538 3872 3566 3911 ι’
3588 3891 3778 3945 επριιτο

2180 3973 2319 4047 gabit
2351 3971 2504 4025 homo
2524 3972 2744 4041 fratrem
2765 3985 2917 4023 suum
2945 3977 2991 4024 et
3024 3968 3175 4022 homo
3198 3968 3494 4039 proximum
3522 3985 3674 4025 suum
3693 4013 3705 4032 ,
3731 3980 3777 4025 et

2182 4068 2432 4141 pugnabit
2479 4066 2660 4121 civitas
2707 4074 2890 4120 contra
2937 4065 3217 4132 civitatem,
3269 4077 3315 4121 et
3365 4077 3604 4141 exsurget
3652 4083 3779 4141 gens

2180 4184 2334 4237 super
2364 4176 2566 4237 gentem
2594 4164 2809 4237 (Matth.
2838 4179 2983 4231 xxtv,
3010 4161 3130 4234 50),
3162 4161 3214 4219 id
3237 4172 3351 4231 est,
3382 4163 3654 4236 Egyptus
3687 4179 3780 4218 su-

2182 4278 2279 4336 per
2307 4261 2628 4335 IEgyptum,
2674 4267 2732 4317 et
2767 4260 2853 4317 lex
2882 4275 3050 4333 supra
3094 4260 3290 4332 legem,
3333 4274 3529 4316 sensus
3564 4258 3777 4315 scilicet

2178 4358 2498 4415 diversitate
2553 4356 2657 4412 sub
2708 4370 2815 4412 una
2866 4355 2983 4427 lege
3036 4373 3048 4409 :
3108 4355 3173 4409 Et
3223 4354 3509 4409 turbabitur
3559 4354 3778 4425 spiritus

2180 4452 2554 4527 Aigqptiorum
2576 4452 2630 4507 in
2659 4451 2810 4522 ipsis,
2832 4460 2881 4506 et
2901 4451 3234 4522 cogitationes
3256 4466 3432 4504 eorum
3452 4448 3771 4520 dispergam.

2178 4550 2248 4605 Et
2279 4557 2561 4619 postquam
2593 4561 2737 4604 nunc
2761 4548 2949 4617 generi
2980 4547 3247 4617 speciem,
3282 4561 3425 4601 nunc
3452 4560 3626 4614 genus
3655 4561 3776 4615 spc-

2177 4643 2281 4700 ciei
2315 4641 2648 4710 miscuisset,
2686 4640 2911 4712 adjecit,
2941 4638 3135 4696 dicens
3163 4654 3178 4694 :
3210 4636 3312 4694 Die
3338 4647 3515 4695 autem
3550 4638 3639 4693 illo
3678 4638 3776 4692 erit

2177 4741 2351 4795 altare,
2385 4737 2596 4794 Domini
2639 4737 2694 4792 in
2738 4736 2950 4809 regione
2989 4734 3403 4809 ﬁgyptiorum,
3434 4743 3484 4789 et
3520 4731 3660 4788 tituli
3706 4734 3777 4788 ad

2178 4836 2423 4893 terminos
2450 4833 2563 4904 ejus
2593 4831 2839 4889 Domino.
2864 4830 2982 4887 Erit
3010 4842 3181 4887 autem
3213 4832 3266 4884 in
3294 4831 3503 4905 signum
3537 4830 3591 4884 in
3626 4839 3774 4884 aeter-

2177 4945 2302 4984 num
2331 4926 2580 4993 Domino,
2614 4927 2668 4982 in
2699 4927 2907 4999 regione
2938 4922 3317 4997 Egyptiorum
3347 4920 3483 4991 (lsa.
3510 4936 3625 4986 xtx,
3660 4914 3774 4991 l9).

2175 5023 2292 5079 Non
2322 5021 2460 5078 dixit
2493 5038 2507 5076 :
2539 5020 2728 5077 licebit
2753 5033 2875 5076 esse
2900 5018 3078 5074 altare.
3093 5016 3161 5072 ad
3186 5015 3448 5072 terminos
3471 5012 3696 5086 Egypti
3716 5011 3771 5067 in

2170 5128 2440 5176 aeternum
2477 5132 2490 5170 :
2522 5114 2646 5181 sed,
2681 5114 2807 5170 erit.
2849 5110 3100 5168 Ezechiel
3126 5125 3257 5166 vero
3291 5110 3539 5180 apertius
3579 5118 3765 5162 Oalell-

2168 5215 2249 5270 dit
2279 5223 2449 5269 totum
2478 5209 2738 5267 mundum
2764 5222 2891 5266 esse
2929 5206 3250 5280 Egypttun,
3288 5204 3479 5261 dicens
3506 5220 3520 5257 :
3549 5201 3594 5257 0
3624 5200 3771 5255 dies!

2167 5313 2291 5384 quia
2318 5327 2480 5385 prope
2507 5317 2582 5364 est
2620 5307 2732 5364 dies
2775 5305 3006 5369 Domini,
3041 5303 3151 5359 dies
3179 5303 3350 5369 nubis,
3384 5301 3506 5372 ﬁnis
3542 5299 3772 5372 gentium

2172 5408 2312 5462 erit:
2337 5417 2382 5461 et
2409 5404 2575 5461 veniet
2594 5402 2803 5477 gladius
2825 5416 2983 5472 super
3008 5398 3317 5472 Egyptios.
3347 5396 3409 5453 Et
3437 5396 3619 5465 jungit
3646 5408 3772 5462 spe-

2172 5503 2312 5559 ciem
2341 5520 2354 5557 :
2383 5499 2454 5556 Et
2488 5499 2584 5553 erit
2623 5496 2873 5551 tumultus
2906 5497 2961 5549 in
2995 5491 3303 5563 ΑΞιΙιὶορὶα,
3342 5500 3391 5545 et
3431 5490 3617 5544 cadent
3658 5485 3773 5541 vul-

2173 5598 2339 5652 nerati
2375 5596 2431 5651 in
2459 5592 2729 5666 zEgypto,
2760 5600 2811 5646 et
2849 5587 3036 5645 cadent
3069 5586 3409 5659 fundamenta
3444 5583 3556 5655 ejus
3580 5623 3594 5647 ,
3633 5578 3770 5636 Per-

2173 5708 2246 5752 sa:
2301 5704 2351 5748 et
2401 5687 2597 5757 Cretes,
2651 5696 2702 5743 et
2755 5684 2928 5759 Lydi,
2982 5693 3031 5740 et
3081 5695 3256 5738 omnes
3306 5676 3637 5734 commesticii
3656 5715 3672 5744 ,
3723 5682 3775 5731 et

2247 5878 2272 5916 υ
2299 5875 2444 5948 Lege
2470 5870 2807 5946 expugnabit.
