4032 6432
245 337 316 397 ιι
807 305 814 309 ’
1399 333 1606 393 LIBER
1645 333 1733 392 ne
1771 331 2052 393 semen
2090 330 2404 397 naeuus.
2795 313 2802 315 ’
2912 315 2959 320 ”
3489 343 3559 400 ts

249 456 352 526 ﬁlii
399 454 685 510 testamenti
727 454 848 520 mei,
898 455 1076 529 gladio
1123 458 1308 514 cadent
1359 459 1413 513 in
1457 475 1517 514 ea
1560 476 1678 513 cum
1727 459 1852 523 ipsis
1880 457 2011 520 Ain
2055 468 2267 532 stupore
2315 461 2526 523 mentis,
2577 459 2848 526 stupebant
2893 468 2941 515 et
2971 460 3221 518 timebunt
3267 461 3321 517 in
3350 463 3562 520 interitu

250 549 473 620 (Ezech.
532 567 657 606 xxx.
709 549 851 621 3-5).
910 550 1023 605 lloc
1069 563 1252 607 autem
1312 551 1512 606 factum
1561 563 1680 617 est,
1732 565 1856 605 cum

254 657 379 714 post
427 644 702 699 excidium
751 643 1156 700 descenderem
1197 643 1252 698 in
1295 643 1615 716 JEgypmm,
1667 655 1723 699 et
1765 659 1859 699 oe-

253 739 577 794 ciderentur
618 738 730 793 illic
770 753 798 790 a
841 737 1348 794 Nabuchodonosor
1387 739 1688 793 secundum
1732 737 1858 792 Ilie-

258 833 448 888 reniire
489 831 980 902 prolibetationem.
1024 829 1146 886 Fiet
1185 841 1368 887 autem
1413 844 1465 886 et
1503 830 1854 902 generaliter,

256 925 562 981 novissimo
611 925 724 992 die,
773 924 992 997 quando
1045 939 1170 980 cum
1219 924 1490 998 Aigyptiis
1545 925 1637 978 lilii
1689 931 1855 979 testa-

249 1021 426 1076 menti
457 1021 790 1089 ceciderint,
821 1021 1204 1094 Egyptiorum
1238 1037 1392 1076 more
1422 1021 1687 1076 viventes.
1725 1019 1855 1074 Item

249 1127 354 1184 per
386 1112 732 1169 Ezecltielem
764 1113 1001 1169 minatur
1029 1113 1172 1169 Deus
1200 1114 1314 1184 regi
1342 1111 1722 1184 Egyptiorom
1748 1152 1764 1175 ,
1802 1117 1860 1165 et

248 1210 375 1281 ejus
407 1211 741 1266 tonllitttdini
761 1256 776 1278 ,
809 1211 955 1282 quod
981 1221 1171 1268 essent
1200 1209 1477 1266 terribiles
1508 1210 1561 1262 in
1589 1217 1810 1262 sanctos
1837 1247 1853 1273 ,

249 1304 398 1360 inter
422 1305 786 1360 circumcisos
813 1305 1058 1374 deputati
1096 1321 1110 1357 :
1140 1303 1284 1373 quod
1309 1318 1415 1357 non
1440 1302 1722 1366 convenit,
1748 1300 1854 1355 nisi

249 1396 306 1453 in
340 1411 439 1454 eos
467 1439 481 1462 ,
511 1398 602 1470 qni
632 1397 735 1452 sibi
762 1397 1182 1452 circumcisione
1205 1437 1220 1462 ,
1257 1393 1306 1450 id
1347 1403 1467 1460 est,
1497 1395 1666 1449 sacris
1697 1393 1853 1446 blan-

248 1491 497 1548 dittntor.
539 1492 806 1560 Quoniam
847 1494 1012 1563 igitur
1042 1491 1196 1546 dedit
1223 1491 1472 1545 timorem
1505 1505 1660 1542 suum
1689 1502 1857 1552 ειη-ρι’

253 1594 461 1640 terram
504 1584 630 1640 \‘ilzr
673 1601 687 1639 :
729 1593 791 1640 ut
827 1586 1094 1640 dormiret
1137 1585 1187 1638 in
1227 1583 1406 1638 medio
1452 1583 1857 1636 incircumcisu-

249 1691 372 1733 rum
405 1679 720 1734 vulneratus
748 1678 928 1748 gladio
960 1677 1202 1743 Pharao,
1247 1687 1302 1732 et
1342 1675 1519 1730 omnis
1565 1673 1856 1729 multitudo

249 1771 372 1844 ejus
399 1789 528 1827 eum
563 1773 680 1844 ipso
703 1814 718 1838 ,
761 1773 896 1826 dicit
938 1771 1220 1826 Dominus.
1264 1769 1332 1825 Et
1362 1770 1471 1824 illic
1501 1785 1530 1823 a
1559 1783 1762 1840 genere
1786 1766 1854 1822 ad

1959 563 2069 612 tuo.
2099 563 2147 608 et
2172 556 2501 626 ingemiscent
2526 575 2682 627 super
2709 569 2776 621 te.
2806 570 2851 612 et
2872 561 3121 628 accipient
3143 558 3560 616 lamentationem

1960 652 2005 697 ει
2036 647 2199 700 dicent
2227 650 2319 702 tibi
2349 666 2368 704 .°
2398 651 2668 717 Quomodo
2697 653 2957 707 destructa
2989 663 3061 707 est
3107 655 3172 707 de
3211 655 3346 708 mari
3383 656 3561 710 ciritas

1957 738 2051 792 illa
2077 738 2378 809 laudabilis,
2407 760 2521 813 qua:
2548 745 2687 799 dedit
2715 747 2950 801 timorem
2977 763 3128 801 suum
3149 749 3386 802 omnibus
3412 749 3565 803 inha-

1959 830 2237 888 bitantibus
2282 836 2338 890 in
2367 853 2426 891 ea
2449 837 2476 891 ?
2499 847 2546 892 et
2572 839 2816 896 timebunt
2856 842 3041 896 insula:
3069 859 3133 896 ex
3159 843 3242 897 die
3270 843 3438 898 ruina:
3465 853 3567 899 tua

1959 924 2176 991 (Esceh.
2213 943 2372 995 xxvt,
2408 930 2596 997 15-18,
2627 949 2727 988 sec.
2759 933 2899 990 LXX
2927 933 2945 1003 )
2975 953 2988 989 :
3021 935 3101 990 Ad
3127 937 3405 992 clamorem
3429 939 3566 992 vocis

1959 1027 2082 1084 tute,
2115 1021 2484 1092 gubernatores
2515 1028 2590 1080 tui
2614 1028 2796 1082 timore
2827 1029 3104 1098 timebunt,
3134 1041 3182 1086 et
3213 1032 3476 1088 discedent
3502 1034 3567 1089 de

1959 1112 2172 1169 navibus
2201 1133 2375 1173 ontnes
2402 1121 2620 1192 remiges
2641 1122 2716 1176 tui
2747 1133 2796 1178 et
2825 1134 3049 1178 uectores
3078 1134 3127 1180 et
3159 1137 3378 1194 proreta:
3407 1127 3568 1182 maris

1957 1220 2113 1270 super
2137 1217 2323 1263 terram
2363 1213 2573 1267 stabunt
2593 1256 2607 1279 ,
2652 1225 2698 1269 et
2729 1213 3000 1270 ululabttnt
3031 1234 3184 1288 super
3214 1229 3262 1275 te
3290 1236 3408 1274 voce
3433 1237 3565 1290 sua,

1959 1305 2006 1350 et
2033 1298 2328 1355 clamabunt
2379 1320 2534 1371 super
2563 1315 2610 1359 te
2639 1323 2873 1361 amarum
2892 1348 2906 1372 ,
2941 1319 2988 1364 et
3015 1311 3274 1378 imponent
3303 1328 3456 1380 super
3483 1329 3569 1364 ca-

1959 1402 2052 1460 put
2077 1411 2225 1448 sutmt
2252 1407 2471 1461 terrain.
2501 1409 2549 1454 et
2597 1404 2815 1455 cinerem
2840 1413 3086 1461 sternent.
3121 1414 3166 1457 et
3202 1406 3455 1476 accipient
3480 1423 3568 1460 su-

1960 1503 2054 1555 per
2077 1499 2124 1542 te
2153 1490 2572 1548 lamentationem
2618 1495 2864 1564 ﬁliorum.
2892 1498 3175 1552 (amentum
3203 1498 3357 1555 Socr.
3387 1499 3566 1568 Quatt-

1959 1590 2066 1634 tunt
2094 1583 2330 1639 invenisti
2360 1589 2609 1642 mercedis
2637 1590 2702 1643 de
2729 1591 2899 1643 mari?
2929 1592 3147 1645 Satiosti
3191 1604 3363 1662 gentes
3391 1593 3571 1647 multi-

1959 1674 2141 1728 tudine
2184 1685 2273 1729 ttta
2303 1717 2317 1738 ,
2345 1687 2391 1730 et
2419 1695 2451 1730 a
2496 1681 2859 1734 commixtione
2888 1691 2975 1733 tua
3021 1680 3349 1750 locupletasti
3393 1701 3570 1738 omnes

1959 1783 2103 1837 reges
2133 1778 2306 1824 terrtc.
2337 1769 2494 1825 Nunc
2516 1781 2684 1826 autem
2709 1775 3009 1827 contristata
3035 1792 3088 1830 es
3115 1777 3165 1830 in
3188 1779 3339 1841 mari,
3365 1778 3418 1831 in
3449 1795 3569 1850 pro-

250 1869 493 1940 spccieot
527 1887 541 1923 :
579 1866 704 1923 llam
730 1869 856 1922 dicit
884 1867 1133 1922 Dominus
1161 1883 1177 1922 :
1203 1864 1602 1936 Circumjaciant
1627 1875 1673 1918 te
1694 1878 1853 1927 super
1885 1851 1931 1912 Β
1959 1858 2120 1927 fundo
2148 1879 2298 1933 aqute
2340 1866 2636 1920 commixtio
2685 1877 2807 1935 ttta,
2842 1877 2887 1922 et
2919 1870 3086 1924 omnis
3107 1873 3439 1943 congregatio
3479 1881 3569 1926 tua

250 1974 443 2020 terram
473 1963 784 2034 populorum
811 1966 1089 2018 multorum
1134 1974 1180 2018 et
1211 1962 1481 2016 extraham
1519 1969 1568 2012 te
1609 1959 1662 2012 in
1701 1959 1854 2012 homo

250 2075 386 2125 meo,
435 2067 486 2112 et
529 2060 802 2113 extendam
844 2067 890 2112 te
937 2073 1090 2127 super
1118 2056 1288 2124 campi
1329 2055 1404 2108 tui
1427 2071 1444 2108 :
1475 2063 1521 2107 et
1551 2052 1855 2106 constituant

253 2170 408 2223 super
452 2164 498 2207 te
543 2169 719 2207 omnes
756 2169 873 2206 ares
906 2151 1043 2216 cwli,
1091 2160 1138 2204 et
1176 2151 1417 2228 satt'trabo
1461 2163 1633 2202 omnes
1673 2146 1858 2200 bestias

260 2246 506 2300 universa
543 2255 697 2300 terra
723 2261 743 2299 :
782 2255 828 2299 et
857 2244 988 2298 dabo
1018 2260 1197 2298 carnes
1227 2254 1342 2296 tuas
1368 2257 1521 2311 super
1552 2249 1767 2302 montes,
1811 2246 1857 2292 et

254 2341 496 2395 saturabo
524 2341 774 2412 sanguine
812 2350 901 2394 tuo
931 2340 1108 2404 colles,
1147 2348 1192 2392 et
1226 2337 1477 2408 rigabitur
1510 2347 1647 2390 terra
1668 2334 1728 2387 ab
1749 2332 1854 2399 his,

246 2451 367 2507 qua:
403 2436 467 2490 de
508 2446 556 2490 te
601 2434 912 2504 procedunt;
953 2452 983 2487 u
1022 2433 1353 2487 multitudine
1394 2441 1482 2485 tua
1519 2432 1571 2484 iit
1604 2428 1858 2484 montibus

250 2545 430 2601 vepres
462 2529 686 2598 implebo
714 2531 804 2585 abs
834 2541 905 2595 te,
935 2540 982 2584 et
1012 2532 1304 2599 cooperiam
1327 2527 1507 2582 (mlum
1529 2541 1644 2580 cum
1666 2523 1860 2579 exstin-

249 2623 449 2694 gueris,
465 2631 514 2676 et
536 2623 814 2677 obscurabo
836 2632 977 2677 astra
1000 2624 1134 2695 ejus,
1157 2621 1316 2676 solent
1335 2621 1385 2673 itt
1410 2619 1544 2673 nube
1564 2625 1854 2688 contegunt,

249 2724 299 2769 et
325 2716 468 2770 (uate
497 2733 598 2770 non
623 2715 809 2770 lucebit
840 2717 1011 2770 lumen
1041 2717 1175 2788 ejus.
1213 2712 1399 2767 Omnia
1428 2727 1544 2783 quia
1569 2710 1740 2765 lucent
1769 2709 1855 2763 lu-

249 2812 389 2865 mine
413 2812 466 2864 in
493 2810 620 2865 ctrlo
640 2809 1070 2873 obscurabuntur,
1093 2817 1141 2862 et
1165 2808 1300 2862 dabo
1322 2807 1558 2860 tenebras
1578 2819 1733 2876 super
1753 2811 1857 2856 ter-

245 2921 362 2960 rant
399 2914 574 2968 tuam,
621 2905 744 2958 dicit
795 2903 1066 2958 Dominus.
1097 2901 1283 2971 Juugit
1322 2902 1560 2970 speciem
1591 2915 1606 2951 :
1638 2896 1704 2950 Et
1734 2911 1858 2950 exa-

247 3001 468 3070 sperabo
489 3015 578 3052 cor
605 2998 913 3068 populorum
938 2997 1217 3051 multorum
1243 3011 1262 3049 :
1289 3010 1404 3047 cum
1432 2992 1620 3046 ducam
1645 2987 1859 3052 captivi-

252 3103 408 3148 tatem
440 3105 583 3148 tuam
610 3095 662 3148 in
690 3094 942 3159 nationes,
981 3094 1034 3145 in
1065 3100 1274 3153 terram,
1316 3103 1471 3158 quam
1509 3103 1608 3140 non
1647 3099 1858 3137 noveras

258 3187 473 3254 (Ezech.
504 3202 684 3252 xxxii,
715 3187 857 3256 4-8).
903 3185 1132 3240 Excedit
1164 3183 1401 3252 Speciem
1439 3199 1453 3234 :
1488 3177 1554 3233 Et
1581 3176 1853 3234 contrista'

255 3280 451 3335 buntur
505 3295 663 3351 super
721 3289 769 3332 te
811 3277 988 3333 multa:
1039 3277 1300 3339 nationes,
1347 3285 1397 3330 et
1450 3290 1592 3349 reges
1638 3291 1851 3337 earum,
1883 3251 1930 3316 Ο

252 3375 442 3426 utentis
471 3372 783 3426 alienatione
805 3372 1101 3442 stupebant,
1125 3385 1241 3424 cum
1264 3369 1453 3424 volabit
1480 3369 1685 3440 gladius
1714 3385 1856 3424 meus

249 3483 412 3536 super
459 3467 615 3535 facies
669 3481 868 3528 earum,
920 3465 975 3518 in
1023 3464 1192 3518 medio
1240 3480 1415 3519 eorum
1472 3465 1568 3517 erit
1621 3462 1691 3516 ad
1747 3463 1858 3516 rui-

251 3576 382 3612 nam
431 3573 493 3612 ex
535 3559 618 3612 die
661 3558 828 3613 ruina:
867 3565 990 3612 tute.
1046 3557 1205 3612 Iicdit
1246 3557 1312 3611 ad
1363 3557 1601 3626 Speciem
1652 3571 1664 3608 :
1717 3555 1859 3624 Quo—

255 3653 406 3707 niam
449 3653 547 3707 haec
593 3653 717 3706 dicit
764 3650 1068 3706 Dominus:
1117 3649 1338 3706 Gladius
1385 3649 1521 3720 regis
1574 3647 1859 3720 Babylonis

251 3747 398 3801 renit
435 3747 521 3800 tibi
568 3747 621 3800 iit
675 3745 865 3819 gladiis
914 3745 1205 3816 gigantum,
1249 3755 1296 3798 et
1333 3744 1572 3817 dejiciam
1619 3743 1859 3796 virtutem

246 3850 421 3903 tuam,
456 3848 615 3905 pestes
643 3855 673 3892 a
704 3838 999 3893 nationibus
1029 3853 1233 3902 omnes,
1267 3847 1312 3889 et
1345 3836 1566 3907 pendent
1594 3844 1858 3889 contume-

244 3933 381 3988 liam
410 3931 655 4006 digypti,
687 3943 736 3987 et
778 3944 1068 3986 conteretur
1117 3931 1281 3985 omnis
1331 3932 1489 3985 virtus
1519 3931 1652 4003 ejus.
1686 3928 1739 3983 In
1767 3942 1861 3998 ge-

244 4042 363 4084 nus
390 4047 402 4079 :
434 4023 500 4080 Et
527 4027 737 4099 perdant
763 4027 935 4080 omnia
959 4040 1143 4095 pecora
1159 4041 1294 4095 aqua
1319 4024 1478 4077 multa
1504 4039 1522 4076 :
1553 4032 1600 4077 et
1623 4038 1723 4074 non
1752 4031 1862 4074 tur-

243 4123 396 4178 babit
417 4139 532 4176 eam
558 4138 647 4194 pes
674 4121 898 4176 hominis
925 4120 1086 4184 ultra,
1116 4129 1163 4173 et
1195 4119 1462 4189 vestigium
1490 4133 1730 4188 pecorum
1759 4132 1861 4170 non

241 4215 476 4271 calcabit
525 4233 656 4270 eam.
684 4213 832 4269 Tunc
878 4215 1192 4286 reguiescent
1240 4229 1388 4284 aqum
1435 4228 1644 4278 eorum,
1690 4223 1736 4266 et
1761 4212 1858 4281 ﬂu-

239 4313 398 4367 mina
425 4326 621 4374 eorum,
657 4321 708 4363 ut
737 4308 909 4364 oleum
939 4308 1215 4369 habebunt.
1247 4307 1371 4360 dicit
1407 4304 1658 4359 Dominus
1690 4302 1858 4374 (Ibid.

241 4404 442 4474 9-14).
489 4404 714 4474 Species
745 4418 760 4457 :
791 4400 860 4455 Et
905 4401 1039 4454 dabo
1069 4398 1364 4474 eEggptnm
1393 4399 1446 4452 in
1475 4399 1770 4462 interitum,
1813 4405 1862 4450 et

241 4497 574 4556 desclabitur
621 4509 760 4552 terra
804 4512 921 4551 cum
978 4493 1298 4565 plenitudine
1340 4510 1460 4558 sua,
1491 4503 1537 4546 et
1567 4493 1862 4564 dispergant

241 4607 430 4648 amnes
457 4591 799 4646 inhabitantes
821 4591 873 4644 in
894 4607 952 4644 eu
975 4588 1166 4658 (lbid.,
1195 4589 1304 4658 15).
1325 4587 1512 4643 Genus
1539 4604 1552 4642 :
1589 4584 1652 4640 Et
1680 4585 1859 4648 scient,

1959 1954 2011 2006 in
2043 1953 2210 2008 medio
2254 1957 2348 2009 tui.
2399 1956 2703 2013 Ceciderunt
2745 1976 2918 2014 omnes
2962 1965 3180 2033 remiges
3224 1967 3299 2018 tui
3327 1980 3346 2019 .°
3394 1980 3569 2020 omnes

1957 2052 2044 2118 qui
2075 2051 2360 2106 inhabitant
2389 2054 2592 2108 insulas
2620 2058 2911 2112 contristati
2949 2068 3068 2111 sunt
3112 2077 3270 2126 super
3294 2069 3343 2114 te
3369 2102 3384 2123 ,
3410 2071 3458 2115 et
3487 2079 3567 2116 re-

1960 2144 2118 2216 miges
2141 2161 2317 2199 eorum
2344 2149 2526 2202 mentis
2544 2150 2858 2204 alienatione
2879 2162 3211 2218 stupuerunt,
3245 2163 3292 2208 et
3311 2155 3569 2225 lacruma-

1962 2245 2044 2290 tus
2067 2249 2141 2291 est
2162 2241 2331 2293 vultus
2347 2256 2522 2294 eorum
2546 2258 2697 2312 super
2716 2253 2782 2296 te.
2804 2243 2861 2297 Μ
2864 2253 3119 2299 ercatores
3134 2262 3314 2300 eorum
3330 2249 3391 2300 de
3402 2250 3567 2321 genti-

1962 2333 2054 2388 bus
2079 2335 2422 2389 exsibilabunt
2455 2345 2542 2392 te:
2571 2339 2793 2409 perditio
2820 2343 2960 2410 facta
2986 2358 3060 2408 es,
3089 2341 3225 2394 ultra
3253 2359 3354 2396 non
3382 2343 3483 2396 eris
3513 2344 3567 2398 in

1961 2436 2228 2490 a'ternum.
2279 2428 2404 2484 dicit
2451 2429 2707 2486 Dominus
2753 2431 2972 2504 (lfzeclt.
3003 2450 3185 2501 xxvii,
3219 2435 3424 2502 28-56,
3459 2453 3565 2492 sec.

1961 2519 2150 2593 LXX).
2181 2520 2200 2593 ]
2233 2521 2501 2594 Numquid
2532 2526 2582 2576 iu
2609 2540 2771 2580 unam
2803 2528 3031 2580 insulam
3065 2529 3415 2588 conveniunt.
3449 2545 3568 2600 qua:

1961 2615 2103 2669 dicta
2135 2631 2255 2670 sunt
2290 2635 2302 2671 :
2336 2628 2427 2672 aut
2454 2623 2566 2673 sola
2603 2620 2776 2688 potuit
2807 2621 3143 2688 locuplet~re
3174 2638 3362 2677 omnes
3410 2639 3569 2694 teges

1964 2711 2166 2765 terrm?
2215 2712 2320 2768 Sed
2387 2713 2566 2784 aliqua
2618 2713 2981 2782 relinquimus
3005 2716 3136 2768 locis
3195 2719 3567 2783 Opporluiiisz

1960 2806 2157 2873 quibus
2187 2806 2289 2861 etsi
2322 2807 2552 2861 strictim
2585 2808 2864 2871 dicuntur,
2897 2809 3071 2862 videri
3114 2820 3359 2879 possunt.
3393 2811 3570 2882 Tyrus

1961 2899 2216 2967 bipertita
2247 2911 2352 2964 est,
2381 2899 2520 2953 sicut
2549 2917 2643 2969 per
2673 2901 2863 2955 Isaiam
2887 2902 3106 2966 dieitur,
3137 2908 3225 2972 qui
3253 2915 3372 2972 post
3403 2904 3568 2958 multa

1963 2992 2164 3061 spei-iei
2194 3003 2246 3046 et
2277 2991 2520 3062 generis,
2553 2991 2656 3046 ltoe
2684 3008 2898 3063 qucque
2929 2996 3158 3062 adjecit,
3188 2997 3374 3050 dicens
3409 3015 3421 3050 :
3456 2996 3571 3050 Erit

1963 3095 2077 3157 post
2101 3088 2429 3160 septuaginta
2459 3104 2623 3141 annos
2664 3086 2834 3158 Tyrus
2855 3129 2870 3153 ,
2899 3089 3032 3142 sicut
3058 3092 3316 3143 canticum
3343 3091 3570 3158 fornica-

1962 3180 2073 3234 τίω.
2124 3179 2312 3248 Accipe
2365 3181 2615 3234 cit/tarum
2654 3181 2976 3254 angularem,
3028 3183 3208 3235 civitas
3249 3183 3566 3253 furuit-aria,

1963 3272 2122 3326 oblita
2165 3274 2287 3328 bene
2326 3273 2670 3339 citharizare,
2719 3276 2884 3328 multa
2936 3277 3137 3330 cantica
3187 3288 3339 3330 canta
3369 3293 3386 3330 :
3415 3288 3468 3331 ut
3497 3280 3570 3330 tui

1961 3367 2375 3420 commemorati)
2427 3369 2540 3434 ﬁat.
2599 3366 2663 3422 Et
2712 3369 2809 3422 erit
2839 3378 2953 3436 post
3001 3372 3326 3441 septuaginta
3371 3387 3566 3435 annos,

1962 3461 2328 3526 respectiottent
2361 3461 2511 3529 fttcitt
2558 3457 2701 3514 Dens
2729 3460 2872 3532 Tyri,
2907 3472 2955 3515 et
2979 3464 3162 3516 iterum
3193 3465 3488 3518 restituetur
3515 3467 3567 3517 in

1961 3557 2228 3622 antiquum
2281 3552 2299 3622 (
2331 3549 2440 3606 Isa.
2487 3568 2652 3618 χλιιι,
2684 3553 2847 3609 13-17
2878 3553 2918 3623 ).
2954 3554 2964 3625 |
2994 3554 3259 3626 Numquid
3307 3556 3569 3610 credibile

1962 3654 2066 3711 est,
2113 3645 2360 3700 universa
2391 3662 2555 3716 regna
2589 3659 2880 3711 terrarum,
2915 3649 3119 3720 'I‘yrnm
3152 3651 3367 3703 venisse
3395 3665 3565 3722 nego-

1965 3738 2131 3794 tiandi
2160 3739 2364 3793 causa?
2389 3739 2543 3806 Quod
2572 3741 2616 3795 si
2650 3740 2869 3795 veniant
2893 3756 2908 3807 ;
2949 3758 3069 3810 qum
3098 3743 3332 3809 utilitas,
3374 3745 3571 3814 praedio

1963 3833 2109 3890 xisse
2139 3834 2311 3888 futura
2341 3834 2488 3908 Tyro
2514 3837 2842 3891 commercia
2875 3838 3129 3893 omnibus
3173 3840 3355 3908 regnis
3387 3849 3568 3902 terrm,

1964 3930 2009 3982 si
2043 3946 2148 3983 nou
2180 3928 2350 4002 Tyrus
2372 3971 2386 3995 ,
2418 3930 2659 3986 Ecclesia
2708 3941 2824 3996 cst,
2870 3932 2923 3986 in
2956 3948 3058 4001 qua
3091 3950 3254 3988 t‘Illth
3300 3944 3564 3989 terrarum

1966 4023 2239 4094 negotium
2269 4033 2353 4080 est
2377 4033 2596 4079 a-tcrna:
2623 4024 2784 4080 vitm?
2816 4025 3073 4094 Sequitur
3115 4027 3262 4082 enim
3294 4036 3349 4080 ct
3379 4036 3566 4082 osten-

1963 4113 2063 4179 dit,
2093 4115 2237 4184 qttod
2263 4118 2333 4170 sit
2363 4116 2482 4185 ejus
2515 4118 2816 4187 negotium.
2849 4117 3040 4172 dicens
3066 4134 3079 4171 :
3114 4117 3181 4171 Et
3211 4119 3309 4174 erit
3339 4122 3572 4189 negotia-

1966 4207 2037 4261 tio
2063 4209 2174 4279 ejus
2202 4217 2248 4261 et
2279 4223 2470 4262 merces
2497 4219 2676 4262 sancta
2706 4206 2934 4262 Domino
2971 4209 3105 4280 (Isa.
3147 4226 3308 4275 χχιιι,
3345 4212 3569 4280 15-1ἷ).

1965 4301 2081 4358 Non
2109 4303 2254 4356 enim
2284 4302 2337 4357 in
2373 4302 2477 4358 illis
2517 4303 2800 4373 Colligitur
2830 4321 2842 4356 :
2871 4303 2967 4357 sed
3017 4304 3129 4358 illis
3154 4345 3166 4367 ,
3197 4307 3288 4374 qui
3324 4305 3573 4360 babitatit

1964 4396 2017 4450 in
2045 4408 2339 4467 compecto
2372 4396 2609 4451 Domini.
2647 4396 2830 4451 Omnis
2858 4398 3137 4471 negotiatio
3173 4402 3311 4472 ejus,
3340 4405 3492 4455 edere
3520 4412 3568 4455 et

1964 4489 2132 4543 bibere
2155 4500 2204 4543 et
2230 4490 2436 4559 repleri,
2467 4490 2522 4544 itt
2545 4491 2750 4561 signant
2781 4492 3043 4545 memoria:
3073 4492 3126 4544 in
3157 4505 3433 4564 conspectu
3461 4491 3568 4548 Do-

1967 4583 2092 4636 mini
2125 4581 2288 4652 ilbid.
2328 4582 2438 4654 18).
2473 4582 2531 4639 Si
2570 4599 2700 4652 ergo
2743 4584 3042 4653 negmiatio
3065 4586 3208 4653 ejus,
3234 4599 3422 4641 sancta
3461 4587 3566 4641 Do-

238 4687 377 4757 quia
406 4701 500 4757 ego
533 4681 786 4736 Dominus
815 4698 948 4736 sum.
983 4681 1252 4751 Operiam,
1283 4681 1475 4749 inquit,
1499 4679 1702 4742 coelum,
1743 4694 1856 4732 cum
1885 4659 1939 4720 Ῑ)
1967 4681 2114 4734 mino
2144 4698 2154 4733 :
2187 4679 2464 4746 quomodo
2510 4691 2693 4748 potest
2733 4683 2989 4735 omnibus
3035 4698 3158 4736 esse
3203 4685 3422 4754 regnis,
3464 4686 3569 4740 nisi

240 4779 602 4847 exstingueris
635 4793 652 4830 :
683 4787 729 4830 et
779 4776 1056 4830 cbsCurabo
1099 4784 1250 4829 astra
1278 4775 1392 4845 ejus
1412 4815 1428 4840 ,
1455 4774 1615 4828 solem
1642 4774 1696 4828 iit
1727 4773 1860 4827 nube

243 4886 524 4946 conlegam
553 4884 599 4926 et
630 4872 768 4925 luna:
796 4888 894 4924 non
926 4869 1110 4924 lucebit
1141 4871 1314 4924 lumen
1341 4871 1473 4941 ejus.
1510 4867 1722 4933 Omnia,
1743 4883 1859 4938 qua:

243 4965 429 5018 lucent
452 4965 647 5019 lumine
669 4965 722 5017 in
753 4965 880 5017 cwlo
910 4962 1322 5018 obscurabuntur
1348 4978 1506 5032 super
1535 4975 1584 5015 te
1609 4978 1627 5016 :
1649 4973 1697 5015 et
1725 4960 1858 5014 dabo

244 5055 488 5111 tenebras
517 5073 670 5126 super
700 5067 889 5109 terrattt
917 5065 1058 5109 luant
1092 5059 1107 5123 (
1140 5054 1328 5108 ls'zeclt.
1365 5069 1534 5118 xxx",
1570 5053 1625 5117 7,
1654 5051 1733 5124 8).
1759 5052 1778 5127 [
1803 5053 1856 5108 ltt

241 5153 508 5223 passione
539 5151 790 5215 Domini,
836 5165 943 5204 non
982 5149 1034 5204 in
1069 5161 1216 5204 terra
1245 5148 1462 5221 zEgypti
1497 5159 1704 5203 tantum
1747 5150 1863 5203 Iuc-

247 5256 384 5301 runt
434 5247 675 5301 tenebrae
709 5263 722 5296 :
755 5247 850 5300 sed
901 5246 954 5300 in
1011 5255 1126 5301 toto
1174 5244 1330 5299 orbe.
1363 5242 1470 5300 Sed
1525 5258 1656 5309 nec,
1704 5253 1860 5313 Capta

249 5339 516 5412 Aigypto,
547 5339 948 5410 obstupuerunt
989 5352 1201 5411 gentes,
1233 5348 1616 5410 exSpcctantcs
1647 5339 1860 5394 ruinam

246 5448 410 5489 auaui
443 5449 510 5489 ex
556 5435 646 5487 die
685 5433 856 5488 ruina:
895 5434 1037 5502 ejus.
1069 5435 1199 5488 Nam
1241 5442 1298 5487 ct
1321 5432 1393 5487 de
1438 5432 1578 5489 Soor
1604 5433 1683 5488 sic
1729 5433 1864 5489 scri-

247 5537 406 5600 ptom
429 5539 507 5583 est
538 5545 550 5582 :
581 5526 707 5582 lltec
733 5528 856 5582 dicit
887 5527 1136 5583 Dominus
1164 5527 1234 5582 ad
1265 5525 1402 5583 Soor
1433 5544 1451 5581 :
1485 5527 1695 5592 Nonne,
1727 5546 1757 5582 (ι
1779 5528 1863 5581 die

251 5624 426 5677 ruinre
453 5633 574 5688 ttae,
606 5624 659 5677 ia
706 5623 900 5694 gemitu
951 5624 1358 5687 vulneratorum,
1390 5623 1515 5676 dum
1539 5623 1865 5691 interﬁciun-

251 5727 340 5773 tur
368 5719 569 5792 gladio,
597 5718 650 5770 in
683 5718 849 5772 medio
880 5719 955 5772 tui
980 5719 1430 5772 cottanorebuntur
1454 5715 1662 5784 insulae,
1693 5727 1738 5771 et
1760 5718 1869 5772 dis-

254 5813 436 5867 cedent
484 5830 516 5867 a
545 5812 750 5866 sedibus
775 5815 883 5868 suis
923 5828 1098 5868 omnes
1129 5813 1391 5884 principes
1434 5813 1615 5879 maris,
1645 5823 1690 5867 et
1719 5812 1869 5883 aufe-

287 5916 370 5962 ent
401 5910 583 5962 mitras
603 5916 652 5962 et
681 5917 870 5960 vestem
897 5907 1103 5961 aurium
1139 5923 1351 5962 suarum
1378 5923 1397 5961 :
1429 5907 1787 5977 dispoliabunt
1815 5924 1868 5964 se

548 6005 828 6065 ΙἈτιιοι.
863 6002 1100 6064 XVIII.

1965 4777 2161 4846 ubique
2203 4775 2372 4831 fuerit
2419 4777 2520 4830 ista
2569 4775 2788 4846 Tyrus?
2837 4776 3095 4847 Sequitur
3145 4781 3289 4834 enim
3341 4793 3566 4849 apt-rte,

1963 4867 2206 4922 ostendit
2244 4869 2370 4938 quid
2405 4868 2478 4922 sit
2503 4867 2700 4939 Tyrus,
2735 4867 2967 4924 dicens:
2997 4867 3130 4924 Ecce
3167 4871 3423 4928 Damtnus
3453 4891 3568 4929 car-

1963 4972 2165 5034 rumpet
2193 4960 2368 5016 orbem
2403 4971 2680 5026 terrarum,
2719 4974 2764 5016 et
2796 4964 3012 5017 rastabit
3048 4965 3222 5028 illum,
3265 4977 3315 5021 et
3358 4967 3567 5022 nudabit

1963 5057 2150 5127 faciem
2181 5057 2292 5119 ejus
2325 5073 2341 5109 :
2369 5057 2628 5128 disperget
2659 5074 2765 5117 eos.
2793 5059 2881 5129 qui
2904 5059 3191 5114 inhabitant
3221 5061 3273 5114 in
3296 5078 3374 5121 eo,
3400 5071 3449 5114 et
3475 5063 3570 5115 erit

1963 5152 2186 5223 populus
2229 5151 2365 5205 sicut
2402 5154 2643 5206 sacerdos
2677 5150 2810 5224 (Isa.
2847 5169 3008 5216 xxw.
3049 5156 3185 5223 1-D).
3220 5153 3379 5226 [Nunt
3423 5155 3570 5210 iliius

1963 5246 2138 5310 orbis,
2168 5246 2328 5312 cujus
2361 5244 2662 5315 negotiatio
2709 5256 2898 5301 sancta
2947 5247 3212 5300 Domino?
3259 5257 3305 5300 et
3344 5250 3574 5318 famulus

1963 5340 2095 5394 sicut
2126 5335 2380 5392 Dominus
2410 5347 2458 5392 et
2486 5337 2689 5409 famula
2727 5339 2857 5394 sicut
2890 5339 3101 5394 domina
3128 5340 3147 5412 ]
3174 5338 3238 5393 Et
3263 5345 3359 5395 erit
3391 5358 3569 5397 emens

1968 5435 2100 5487 sicut
2131 5440 2178 5486 et
2207 5433 2426 5487 tendens
2453 5447 2472 5486 :
2496 5443 2543 5485 et
2565 5434 2654 5502 qui
2685 5433 2850 5496 debet,
2880 5434 3012 5486 sicut
3037 5435 3126 5487 ille
3149 5435 3231 5488 cui
3257 5435 3571 5500 debetur;et

1970 5526 2059 5597 qui
2088 5528 2322 5595 fleuerat.
2347 5525 2480 5578 sicut
2508 5525 2596 5578 ille
2625 5525 2709 5596 qui
2746 5515 3032 5594 [reiteratur'
3055 5542 3072 5579 :
3097 5530 3215 5595 quia
3243 5531 3574 5602 corruptione

1969 5630 2330 5688 corrumpetur
2355 5629 2514 5685 terra,
2561 5629 2608 5673 et
2649 5618 2938 5674 vastabitur
2979 5622 3265 5677 rostatione
3299 5635 3456 5678 terra.
3500 5623 3574 5679 Os

1970 5717 2105 5770 enim
2139 5715 2350 5769 Domini
2373 5715 2603 5770 locutum
2630 5726 2702 5767 est
2731 5713 2860 5768 ltlL’t‘.
2891 5713 3105 5772 Plattxit
3147 5727 3303 5784 terra,
3328 5727 3571 5772 curvatus

1973 5822 2050 5866 est
2072 5811 2208 5866 orbis
2241 5821 2410 5876 terra',
2436 5807 2748 5873 planxerunt
2774 5811 2870 5863 alti
2898 5820 3066 5866 terrte.
3099 5811 3260 5866 Terra
3289 5823 3456 5865 autem
3485 5815 3538 5882 [α
3563 5844 3568 5849 -

1974 5905 2118 5961 ciuus
2154 5905 2386 5968 admisit,
2417 5912 2624 5973 propter
2655 5919 2760 5970 eos,
2791 5906 2880 5976 qui
2907 5904 3196 5960 inhabitant
3225 5907 3278 5958 iu
3320 5921 3378 5958 ea
3403 5918 3421 5958 :
3449 5904 3574 5974 quia

3031 5997 3073 6066 2
