4032 6428
490 400 553 458 δι
1887 362 2187 439 actions
2224 364 2391 433 artu
3723 361 3792 419 st

488 519 590 576 bus
614 501 872 583 operibus
897 512 1013 569 suis
1039 507 1127 565 die
1149 505 1403 576 septimo,
1428 507 1484 561 et
1512 500 1797 559 benedixit
1817 500 1873 556 et
1893 495 2093 555 Sanetl-
2120 482 2168 557 Α
2199 491 2334 563 legis
2353 490 2582 559 ,‘claves
2611 488 2761 560 regni
2788 487 3053 544 talorum
3080 485 3192 541 alto
3232 496 3401 542 sense
3452 478 3793 539 absconden-

491 594 675 666 llcavit
721 607 872 662 illum
923 588 1117 677 (lbid.,
1166 590 1222 669 9,
1270 596 1361 671 5).
1408 586 1669 653 Domitius
1709 600 1889 677 autem
1923 591 2088 648 dicit:

498 701 656 758 Pater
684 716 825 755 meus
856 674 1017 769 usque
1045 692 1197 750 inodo
1224 689 1468 764 operatur
1495 678 1679 756 (Imm.
1707 692 1762 767 vf,
1797 674 1908 759 l7).
1939 680 2093 738 Sicdt

490 798 637 855 enim
684 797 846 851 lsllltll
894 784 1149 847 mundum
1195 800 1290 844 sex
1331 780 1524 842 diebus
1555 793 1813 855 operatus
1845 788 1967 835 est:
2018 780 2089 834 tta

494 878 754 946 mundum
783 884 1151 957 spirituulctn,
1183 883 1382 953 quiest
1413 868 1681 942 Ere-lado,
1714 892 1809 947 per
1831 873 1971 930 θεοῦ
1998 880 2094 927 an-

491 1001 592 1042 nos
614 994 892 1055 operatur,
907 988 1219 1037 ress:tturus
1243 975 1330 1031 die
1353 977 1586 1045 septimo
1609 980 1765 1043 quem
1793 960 2089 1033 benedixit,

488 1078 727 1152 fecitque
759 1078 812 1130 itt
844 1087 1128 1132 teternum.
1165 1058 1222 1127 id
1249 1081 1332 1126 est
1356 1056 1504 1141 qnutl
1536 1066 1795 1121 Dutuituis
1823 1062 1966 1118 inter
1988 1070 2097 1117 cr-

491 1183 607 1226 tera
634 1150 889 1224 mandata
918 1163 1051 1221 ttilltl
1072 1165 1219 1222 alin-l
1247 1163 1498 1219 crebrius
1525 1160 1778 1227 praecepit
1810 1166 1972 1229 (tuam
1998 1150 2098 1210 Ol)-

488 1257 775 1319 serviuntts
802 1270 858 1317 et
889 1244 1179 1330 diligamus
1204 1255 1340 1310 diem
1372 1253 1716 1308 sabbatorum.
1760 1246 1863 1317 Qui
1910 1252 2098 1303 autem

494 1364 766 1429 prtercrta
821 1354 917 1413 Dei
966 1340 1120 1416 facit,
1171 1334 1458 1405 sabbatum
1506 1340 1599 1403 ltei
1639 1342 1864 1415 diligat:
1898 1338 1949 1397 id
1976 1346 2094 1404 est,

486 1444 787 1518 ieptitnum
815 1444 958 1502 diem
988 1441 1189 1512 quietis
1214 1446 1453 1497 ateriae.
1479 1432 1771 1509 PrOplerea
1804 1432 1949 1490 Deus
1971 1432 2099 1487 bor-

498 1548 644 1595 tatur
677 1540 935 1612 populum
979 1555 1084 1593 non
1132 1535 1343 1592 intrare
1388 1539 1573 1605 portas
1607 1522 1944 1585 Hierusalem
1972 1530 2102 1581 cum

489 1650 660 1691 onem
693 1636 745 1691 in
777 1628 864 1691 die
891 1630 1125 1698 sabbati,
1150 1641 1205 1688 et
1237 1630 1475 1686 minatur
1507 1627 1711 1699 portis,
1763 1631 1817 1680 ει
1849 1620 2100 1680 intranti-

488 1731 595 1785 bus
631 1747 726 1794 per
757 1744 853 1785 eas
881 1739 937 1784 et.
969 1726 1320 1790 exeuntibus,
1354 1724 1497 1777 sicut
1529 1720 1819 1776 [lien-mia:
1850 1716 2098 1783 mandat,

491 1823 715 1877 dicens:
755 1812 922 1884 Vade,
959 1829 1038 1873 stu
1063 1820 1116 1873 in
1140 1817 1301 1884 portis
1321 1806 1548 1885 ﬁliorum
1574 1813 1758 1883 papuli
1782 1811 1878 1877 tui,
1899 1811 2101 1879 inquas

2197 595 2299 642 tes.
2333 584 2441 656 Ipsi
2483 593 2610 639 sunt
2637 589 2847 654 ptrue,
2878 597 3000 653 qua:
3029 595 3139 635 non
3171 580 3400 633 vine'unt
3447 574 3797 643 Ecclesium,

2194 686 2322 751 Quae
2347 692 2515 747 supra
2560 682 2769 749 petram
2799 674 3019 729 tundat:
3048 682 3153 729 est.
3189 672 3451 738 Quoniam
3477 666 3799 741 fundamen-

2194 782 2305 827 tum
2331 770 2427 826 Dei
2449 780 2585 832 stat,
2614 768 2751 824 sicut
2779 769 3042 836 scriptum
3071 776 3154 822 est
3176 782 3191 819 :
3214 764 3465 837 Cognovit
3508 760 3680 825 Deus,
3711 757 3802 830 qui

2195 878 2311 921 sunt
2333 868 2448 939 ejus
2477 864 2548 934 (.ll
2574 863 2703 918 Tim.
2726 879 2787 931 tt,
2823 862 2930 932 l9).
2962 861 3020 918 Si
3042 860 3165 933 quis
3195 869 3377 915 autem
3404 872 3500 927 per
3529 861 3806 927 pra'cepta

2200 958 2610 1031 prmsidentiuut
2636 956 2912 1013 cathedra!
2934 955 3104 1028 Moysi
3135 954 3368 1020 introiit,
3403 967 3498 1021 per
3525 949 3805 1005 Christum

2198 1053 2383 1108 intrat.
2417 1051 2592 1123 ipsius
2620 1051 2765 1106 enim
2795 1059 2920 1107 sunt
2945 1063 3244 1118 pra-cepta,
3269 1045 3385 1117 ipse
3404 1043 3632 1113 exponit
3656 1055 3804 1098 onus

2200 1158 2553 1221 peccatorum
2584 1160 2805 1203 suorum
2834 1187 2848 1208 ,
2882 1153 2937 1199 et
2981 1143 3103 1199 sine
3143 1143 3236 1197 illo
3267 1156 3375 1196 non
3415 1139 3584 1194 intrat
3615 1136 3668 1191 in
3711 1148 3807 1189 re-

2198 1242 2380 1315 quiem
2410 1241 2648 1297 sabbati.
2679 1238 2737 1295 Si
2781 1238 2907 1310 quis
2938 1252 3070 1292 vero
3111 1252 3217 1290 non
3252 1249 3348 1305 per
3382 1241 3673 1303 pracepta,
3705 1225 3807 1285 sed

2201 1334 2465 1406 perlaeta
2507 1332 2918 1404 praesidentium
2942 1328 3221 1386 cathedra
3245 1327 3413 1400 Moysi
3447 1326 3634 1388 intrat,
3659 1322 3810 1379 tilias

2201 1437 2286 1485 est
2329 1427 2598 1500 gehennae
2646 1424 2816 1496 magis
2843 1439 3004 1495 quam
3052 1422 3177 1492 ipsi.
3225 1422 3293 1478 Et
3331 1415 3808 1490 requiescentibus

2203 1523 2473 1579 universis
2498 1562 2512 1588 ,
2545 1523 2637 1593 qui
2676 1530 2805 1575 ante
2842 1518 3133 1574 sabbatum
3180 1529 3379 1571 tnanna
3415 1512 3810 1580 collegerunt:

2208 1618 2301 1674 ille
2328 1631 2450 1672 cum
2478 1629 2644 1670 onere
2670 1628 2773 1668 suo
2803 1613 3111 1667 inveniatur
3145 1614 3198 1665 in
3227 1609 3316 1665 die
3354 1606 3592 1671 sabbati,
3621 1602 3672 1658 itt
3698 1615 3815 1673 quo

2206 1729 2312 1767 non
2340 1720 2447 1778 est,
2472 1723 2671 1764 manna
2692 1707 2975 1776 colligere.
2995 1720 3172 1775 neque
3193 1716 3331 1759 onus
3350 1716 3647 1773 exponere.
3669 1700 3812 1768 Qui:

2205 1804 2401 1860 nolunt
2424 1801 2615 1857 audire
2649 1816 2838 1856 vocem
2872 1797 2965 1853 lilii
2995 1797 3090 1853 Dei
3141 1795 3430 1853 clamantis
3460 1795 3513 1850 itt
3562 1793 3813 1850 Ecclesia

494 1914 859 1983 ingrediuntur
886 1930 1029 1983 rcges
1059 1902 1199 1967 Iuda
1226 1921 1273 1966 et
1305 1910 1662 1984 egrediuntur,
1698 1920 1743 1963 et
1782 1908 1834 1962 in
1866 1904 2102 1960 omnibus
2138 1913 2179 1975 Β
2208 1909 2265 1956 et
2292 1896 2525 1955 dicentis
2550 1913 2565 1951 :
2599 1894 2779 1950 Venite
2803 1893 2872 1948 ad
2895 1909 2976 1948 me
2997 1908 3171 1946 omnes
3194 1890 3283 1959 qui
3314 1889 3563 1945 laboratis
3589 1897 3638 1943 et
3674 1903 3809 1943 one-

493 2012 657 2079 portis
688 1994 1043 2067 Hierusalem.
1074 2017 1122 2060 et
1148 1998 1287 2060 dices
1317 2006 1385 2058 ad
1405 2020 1490 2059 eos
1510 2021 1530 2059 :
1552 2002 1741 2057 Audite
1761 1996 1967 2055 verbum
1994 1996 2097 2054 Do"-

495 2100 661 2165 mini,
713 2101 803 2170 qui
840 2101 1047 2155 intratis
1092 2109 1269 2169 portas
1306 2098 1452 2152 istas.
1496 2092 1625 2151 Hcce
1654 2097 1777 2150 dicit
1807 2080 2099 2149 Daminns:

496 2190 762 2249 Custodite
787 2196 990 2249 animos
1023 2205 1248 2258 vestras,
1279 2201 1325 2247 et
1354 2192 1509 2246 nolite
1545 2189 1725 2245 tollere
1751 2206 1908 2244 onera
1932 2189 1986 2242 in
2017 2184 2102 2241 die

495 2287 849 2351 sabbatorum,
873 2298 920 2341 et
947 2284 1106 2341 nolite
1132 2285 1271 2341 exire
1294 2296 1470 2357 portas
1497 2276 1842 2348 Hierusalem,
1866 2291 1913 2335 et
1943 2278 2103 2336 nolite

495 2384 639 2451 ferre
670 2392 827 2436 onera
853 2379 915 2436 de
939 2372 1178 2435 domibus
1206 2381 1386 2435 vestris
1408 2379 1461 2433 in
1483 2378 1569 2432 die
1595 2376 1945 2438 sabbatorum.
1969 2374 2101 2429 sicut

498 2476 746 2530 mandavi
785 2475 1020 2548 patribus
1048 2474 1229 2530 vestris
1252 2490 1270 2529 :
1298 2486 1344 2528 et
1376 2489 1480 2528 non
1509 2466 1859 2527 obaudierunl
1883 2472 1935 2523 in
1961 2464 2105 2522 auri-

500 2566 594 2622 bus
621 2568 749 2632 suis,
793 2579 838 2621 et
872 2566 1244 2623 indaraverunt
1273 2567 1518 2620 cervicem
1548 2580 1697 2619 suam
1737 2576 1893 2629 super
1931 2571 2104 2629 patres

499 2676 640 2721 suos.
673 2672 727 2714 ut
757 2672 839 2715 me
874 2677 977 2715 non
1015 2658 1280 2727 audirent,
1311 2660 1473 2731 neque
1503 2654 1824 2727 perciperent
1865 2648 2101 2725 discipli-

502 2768 645 2807 nam.
685 2752 894 2821 It'ritqne
929 2754 972 2807 si
1004 2769 1084 2806 me
1113 2750 1407 2818 autlitriis,
1443 2747 1567 2803 dicit
1600 2746 1850 2803 Dominus
1872 2789 1886 2810 ,
1919 2754 1974 2800 nt
2004 2755 2107 2799 non

502 2846 740 2918 inferatis
765 2863 923 2902 onera
947 2863 1038 2920 per
1064 2855 1240 2915 portas
1269 2843 1486 2898 civitatis
1505 2839 1664 2917 hujus
1690 2843 1741 2895 in
1766 2838 1849 2893 die
1874 2834 2108 2894 sabbato-

498 2954 639 3008 rum,
676 2948 730 2995 n‘t
780 2958 882 2995 non
912 2937 1118 3011 faciatis
1146 2953 1295 2993 omne
1336 2955 1465 3008 Opus
1503 2946 1748 3000 rostrum,
1797 2940 1843 2988 et
1872 2926 2108 3003 sanctiﬁ-

500 3034 622 3089 cetis
653 3035 787 3088 diem
821 3033 1174 3098 sabbatorum,
1207 3042 1253 3085 et
1275 3033 1537 3087 intrabunt
1567 3032 1657 3100 per
1682 3034 1858 3103 portas
1887 3027 2110 3081 civitatis

500 3126 659 3198 hujus
695 3144 839 3199 reges
863 3142 907 3183 et
940 3126 1236 3196 principes,
1286 3126 1517 3181 sedentes
1556 3125 1610 3179 in
1637 3120 1762 3179 sede
1802 3120 1995 3177 David.
2041 3114 2110 3176 Et

503 3223 760 3276 ascetnltn
786 3237 839 3276 es
867 3221 920 3276 in
948 3237 1133 3274 currus
1164 3218 1213 3273 et
1255 3234 1413 3290 equos
1439 3260 1452 3282 ,
1495 3216 1599 3287 ipsi
1640 3214 1901 3285 principes
1933 3229 2111 3267 eorum

2202 1995 2307 2050 rati
2348 1994 2491 2055 estis,
2523 2000 2572 2047 et
2615 2006 2708 2063 ego
2747 2005 2835 2044 vos
2864 1988 3180 2059 requiescere
3216 1985 3409 2058 faciant
3438 1980 3656 2055 (Matth.
3706 1996 3811 2051 ιι,

2201 2088 2318 2158 28).
2349 2086 2440 2142 [ali
2468 2092 2596 2140 sunt
2627 2085 2795 2150 iures,
2826 2082 2916 2152 qui
2947 2077 3056 2136 non
3083 2095 3179 2151 per
3203 2080 3424 2149 januatn
3455 2092 3664 2143 veram,
3699 2074 3805 2131 sed

2203 2198 2304 2253 per
2330 2193 2514 2250 portas
2536 2193 2663 2235 suas
2692 2179 2894 2233 intrant
2923 2175 2979 2232 in
3010 2190 3164 2231 suam
3192 2172 3556 2229 lberta-atem.
3581 2172 3642 2227 Et
3669 2185 3801 2226 suc-

2207 2275 2405 2332 cendet
2436 2274 2576 2329 Deus
2608 2273 2788 2343 ignem
2820 2272 2875 2325 iu
2901 2271 3075 2341 ponis
3100 2268 3470 2333 Hierusalem,
3502 2276 3557 2322 et
3581 2264 3813 2321 cumbu-

2207 2378 2291 2427 νει
2320 2370 2518 2426 itinera
2541 2366 2680 2438 ejus,
2708 2377 2764 2422 et
2790 2382 2903 2422 non
2924 2365 3333 2436 esstinguctur.
3364 2362 3505 2433 Ιειιὶδ
3538 2361 3682 2416 enim
3710 2359 3810 2432 qui

2206 2463 2462 2533 Specialis
2496 2461 2835 2518 incruentam
2866 2467 3054 2530 portas
3082 2457 3324 2523 exussit,
3357 2454 3666 2512 exstinctus
3696 2462 3807 2510 est.

2206 2556 2505 2630 Apostolus
2532 2566 2712 2611 autem
2743 2553 3033 2610 sabbatum
3058 2594 3071 2617 ,
3117 2564 3168 2605 et
3197 2550 3304 2604 alia
3350 2548 3486 2620 legis
3511 2547 3763 2603 mandata
3784 2584 3809 2616 ,

2209 2652 2433 2723 ligurem
2465 2664 2589 2704 esse
2615 2646 2802 2712 futuri,
2827 2646 2905 2702 sic
2931 2646 3005 2700 ait
3032 2662 3047 2701 :
3080 2642 3251 2699 Nemo
3281 2659 3403 2715 ergo
3418 2640 3621 2716 jndicet
3648 2654 3732 2694 vos
3749 2639 3807 2694 in

2208 2743 2321 2798 cibo
2348 2754 2395 2797 et
2433 2750 2554 2812 potu
2586 2753 2673 2794 aut
2706 2740 2756 2793 in
2783 2749 2928 2812 parte
2958 2738 3060 2792 dici
3089 2737 3227 2809 festi,
3254 2745 3343 2788 aut
3370 2732 3681 2796 ncomeniaz,
3713 2741 3808 2786 aut

2208 2840 2580 2896 sabbatorum:
2609 2835 2747 2909 quod
2792 2844 2865 2889 est
2896 2833 3074 2888 umbra
3106 2831 3271 2902 futuri
3314 2828 3536 2902 (Coloss.
3581 2842 3621 2883 ιι
3643 2870 3657 2892 ,
3692 2825 3808 2897 16).

2211 2937 2393 2993 Multis
2422 2935 2474 2990 in
2516 2934 2682 2997 locis,
2728 2932 2891 2986 unius
2927 2929 3194 3000 temporis
3236 2925 3439 2980 diversi
3467 2933 3694 2980 eventus
3742 2920 3801 2976 in

2210 3031 2487 3103 sepe-ciem
2530 3026 2826 3097 separatim
2855 3022 3092 3080 describi
3124 3020 3231 3075 duo
3265 3030 3507 3088 tempora
3540 3016 3810 3081 fecerunt,

2211 3126 2365 3198 quasi
2396 3140 2465 3180 ex
2501 3122 2701 3178 ordine
2741 3134 2800 3175 se
2831 3116 3197 3188 insequentia.
3250 3112 3305 3167 in
3351 3126 3557 3182 genere
3586 3120 3766 3163 autem
3792 3147 3813 3176 ,

2214 3236 2325 3275 uno
2358 3228 2607 3285 tempore
2638 3224 2942 3282 etuterquc
2970 3218 3235 3266 eventus:
3266 3205 3322 3262 Si
3348 3203 3563 3260 Matini
3590 3202 3690 3258 sub
3718 3200 3817 3257 Jo-

502 3317 599 3370 riri
627 3312 792 3375 Juda,
838 3316 926 3383 qui
967 3310 1253 3369 inhabitant
1299 3308 1649 3363 Hierusalem.
1702 3300 1767 3361 Et
1796 3304 2111 3360 habitabitur
2137 3312 2181 3377 ρ
2216 3313 2383 3384 δεριι,
2415 3311 2679 3367 ubertatis
2723 3316 2778 3362 et,
2827 3305 3136 3361 sterilitatis
3185 3301 3215 3357 7
3264 3301 3388 3356 anni
3420 3307 3548 3354 sunt
3593 3307 3808 3350 tantum

502 3408 682 3462 civitas
714 3406 824 3463 licet:
854 3408 906 3462 in
930 3417 1200 3471 internum,
1237 3416 1284 3458 et
1316 3404 1510 3458 venient
1543 3394 1606 3456 tle
1630 3396 1916 3455 civitatibus
1941 3386 2106 3465 Iuda,

504 3515 550 3556 ct
599 3503 661 3557 de
707 3501 998 3556 civitatibus
1044 3497 1405 3563 Hierusalem,
1442 3506 1488 3551 et
1525 3498 1587 3551 de
1619 3506 1752 3549 terra
1794 3490 2066 3560 Btnjamin
2093 3532 2108 3555 ,

505 3607 552 3650 ct
585 3597 649 3651 de
679 3610 816 3650 terra
841 3598 1133 3668 campestri,
1164 3602 1213 3647 et
1244 3593 1307 3645 tle
1333 3603 1469 3645 terra
1503 3606 1621 3659 qua:
1650 3587 1721 3643 ad
1744 3602 1998 3652 austrum,
2027 3586 2109 3656 af-

505 3694 727 3762 ferentes
759 3682 1063 3743 holocausta
1102 3696 1149 3741 et
1187 3686 1421 3747 incensa,
1458 3688 1505 3737 et
1536 3698 1745 3744 ntauna,
1790 3691 1836 3735 et
1865 3678 2005 3746 thus,
2036 3678 2111 3749 fe-

505 3790 677 3840 rentes
708 3780 1060 3837 laudationem
1086 3781 1142 3835 in
1179 3776 1332 3834 domo
1365 3769 1597 3831 Domini.
1620 3768 1692 3828 Et
1719 3774 1864 3827 sime
1889 3789 1991 3826 non
2016 3786 2109 3824 au-

502 3878 744 3943 dieritis,
803 3885 855 3930 ut
902 3868 1237 3941 sancti/iactis
1295 3869 1428 3925 dicat
1482 3866 1847 3933 sabbatorum,
1908 3875 1959 3920 ut
2008 3879 2110 3918 non

508 3970 725 4041 portctis
754 3984 931 4033 onera,
965 3981 1127 4036 neque
1152 3960 1356 4017 intretis
1384 3978 1471 4031 per
1518 3969 1694 4032 portas
1729 3955 2062 4012 Hierusalem
2093 3971 2112 4010 :

506 4067 819 4122 succendam
860 4068 1033 4141 ignem
1063 4065 1116 4118 in
1159 4062 1325 4129 portis
1371 4064 1507 4135 ejus,
1539 4068 1586 4113 et
1622 4058 1887 4112 consumet
1931 4050 2111 4107 domos

511 4159 863 4227 Hierusalem,
882 4136 943 4215 vet
969 4176 1070 4214 non
1102 4157 1437 4228 extinguetur
1464 4148 1683 4227 (lerem.
1718 4165 1826 4205 xm
1847 4192 1859 4212 .
1896 4136 2107 4219 lii-‘27).

509 4242 802 4313 sufﬁceret
832 4255 1074 4311 breviter
1114 4251 1410 4309 mandasse
1455 4264 1562 4304 non
1598 4245 1814 4318 operati
1845 4241 2109 4298 sabbatis.

510 4339 581 4407 Ut
608 4349 736 4420 quid
766 4369 779 4405 :
809 4348 988 4405 Nolite
1014 4347 1210 4418 inferre
1231 4361 1388 4399 onera
1419 4359 1509 4416 per
1541 4351 1716 4409 portas
1752 4332 2115 4393 Hierusalem?

513 4428 644 4506 Aut,
670 4442 714 4496 si
745 4457 883 4510 opus
911 4449 1070 4496 erat:
1100 4449 1154 4494 et
1182 4437 1365 4508 operis
1395 4437 1638 4507 speciem
1662 4431 1894 4494 diceret,
1924 4429 1979 4485 id
2006 4437 2109 4493 est,

512 4535 671 4593 nolite
691 4524 888 4604 inferre
918 4549 1007 4603 per
1038 4540 1237 4605 portas.
1269 4518 1385 4585 Non
1417 4527 1563 4584 enim
1604 4524 1772 4598 aliqui
1806 4541 1902 4595 per
1929 4536 2114 4578 muros

515 4641 569 4686 et
605 4638 743 4684 tecta
776 4620 1086 4682 inferebant
1123 4639 1288 4680 onera
1333 4623 1387 4677 in
1432 4620 1732 4676 civitatem.
1770 4608 2113 4672 Hierusalem

2215 3402 2373 3477 (Gen.
2402 3406 2540 3475 xu),
2571 3400 2625 3457 id
2665 3412 2753 3456 εει
2796 3413 2961 3454 omne
3006 3406 3220 3465 tempus
3252 3392 3524 3463 passionis
3557 3386 3810 3455 Domini,

2215 3503 2267 3556 in
2309 3498 2466 3569 cujus
2496 3498 2661 3569 ligurn
2694 3498 2866 3550 lactus
2897 3501 2982 3548 est
3010 3490 3210 3560 Juseplt
3251 3486 3504 3544 dt-ntinns
3542 3480 3763 3558 Egypti
3793 3524 3814 3552 ,

2213 3610 2335 3650 cum
2359 3604 2505 3650 esset
2534 3593 2604 3648 '50
2629 3604 2920 3644 annorum.
2944 3584 3048 3654 Qui
3075 3595 3201 3639 sunt
3228 3584 3412 3651 itaque
3440 3580 3599 3635 nobis
3621 3579 3653 3633 7
3681 3576 3815 3634 anni

2215 3686 2483 3744 ubertatis
2511 3695 2564 3740 et
2590 3682 2894 3738 saturitutis
2920 3697 2933 3733 :
2968 3679 3111 3734 idetn
3149 3676 3332 3731 ca-teri
3365 3674 3396 3727 7
3423 3672 3733 3728 sterilitatis
3760 3679 3819 3726 οι

2215 3779 2394 3836 fatuis.
2424 3777 2532 3834 Isto
2559 3776 2705 3833 enim
2732 3785 2980 3845 tempore
2997 3771 3238 3827 minatur
3267 3768 3527 3823 Dominus
3553 3764 3816 3820 divitibus

2213 3866 2439 3939 fument,
2474 3870 2804 3942 pauperibus
2833 3881 2961 3923 vero
2984 3863 3355 3919 saturitatem.
3385 3859 3669 3916 Promittit
3691 3856 3816 3913 huic

2216 3967 2393 4034 bona;
2439 3974 2494 4020 et
2522 3964 2665 4019 mala
2709 3959 2946 4032 duplicis
2991 3954 3258 4028 temporis
3299 3967 3406 4008 uno
3436 3961 3685 4024 tempore
3732 3949 3818 4006 fu-

2216 4069 2361 4116 tura.
2395 4057 2651 4114 Testatur
2680 4054 2953 4125 scriptura
2997 4050 3169 4107 Exodi
3199 4048 3397 4123 (Exod.
3441 4047 3522 4119 ι),
3550 4046 3672 4118 quia
3699 4060 3818 4101 ma-

2217 4150 2476 4208 nifestum
2520 4157 2644 4215 est,
2672 4146 2918 4203 omnium
2951 4144 3232 4214 plagarum
3264 4128 3480 4214 riigj'pti
3512 4140 3816 4196 immunem

2216 4261 2340 4302 esse
2377 4242 2546 4300 Israel
2573 4261 2586 4298 :
2615 4251 2672 4298 et
2696 4257 2793 4312 per
2824 4252 2934 4296 tres
2960 4238 3080 4295 dies
3116 4237 3470 4293 tenebrarum
3500 4235 3684 4290 lumen
3716 4233 3817 4289 ba-

2216 4340 2422 4396 buisse.
2454 4335 2609 4405 Quod
2642 4348 2786 4390 nunc
2816 4331 3181 4403 spiritualiter
3223 4329 3451 4398 geritur,
3495 4328 3635 4382 sicut
3673 4325 3820 4383 Deus

2217 4432 2394 4489 eidem
2449 4431 2720 4487 Pharaoni
2775 4437 2967 4500 postea
3022 4424 3390 4481 comminatus
3441 4432 3524 4479 est
3576 4423 3815 4479 dicens:

2222 4523 2366 4581 Dabo
2391 4523 2622 4579 tenebras
2641 4539 2793 4596 super
2813 4531 3003 4576 terram
3026 4528 3167 4574 tuam
3197 4515 3485 4592 (Ibid.2').
3512 4516 3820 4587 Aliquuties

2219 4637 2381 4675 unum
2416 4630 2631 4690 tempus
2662 4618 2714 4673 itt
2748 4625 2947 4672 multas
2976 4613 3167 4670 dividit
3191 4622 3372 4686 partes
3400 4630 3413 4668 :
3445 4626 3678 4682 quarum
3706 4611 3820 4666 sin-

511 4717 772 4803 bipertita
802 4729 903 4785 est,
935 4728 992 4775 et
1020 4720 1190 4789 partae
1213 4715 1331 4785 ejus
1360 4713 1654 4784 bipertitae.
1689 4704 1790 4766 Pet-
1815 4712 1997 4777 portas
2027 4704 2112 4762 in-
2133 4716 2191 4779 1)
2217 4714 2359 4788 gulae
2388 4725 2558 4769 totum
2598 4724 2815 4782 tempus
2842 4711 2972 4766 sint.
2997 4710 3088 4789 Sic
3129 4725 3306 4764 anuus
3331 4723 3441 4779 quo
3486 4706 3589 4762 fuit
3616 4705 3731 4762 Noe
3763 4708 3818 4764 in
3865 4777 3870 4782 .

511 4814 755 4870 ferorum
799 4809 985 4869 exiiur
1021 4810 1091 4867 de
1131 4804 1474 4866 Hierusalem
1507 4814 1690 4862 sancta
1723 4821 1742 4859 :
1772 4811 1827 4858 et
1866 4818 1962 4875 per
1985 4818 2109 4858 eas-

516 4911 642 4967 dem
690 4911 921 4966 intratur
963 4907 1015 4961 itt
1063 4904 1374 4961 maledicta.
1417 4900 1517 4970 Qui
1549 4909 1727 4954 autem
1781 4898 1987 4953 intrant
2020 4900 2116 4966 per

516 5011 724 5079 portas,
772 5001 978 5056 intrant
1016 5000 1068 5054 in
1097 5000 1359 5053 a'tel‘uatu
1403 4992 1766 5053 Hierusalem.
1809 4998 2029 5061 utreges
2060 4988 2116 5042 in

517 5076 780 5160 curribus,
810 5105 857 5149 et
886 5092 939 5149 itt
965 5092 1130 5159 equis,
1156 5088 1387 5146 sedentes
1406 5087 1462 5143 in
1486 5090 1604 5142 sede
1626 5076 1818 5151 David,
1854 5083 1993 5140 sieut
2019 5094 2117 5153 per

515 5182 713 5246 ISaiatn
742 5209 755 5243 :
788 5182 1057 5243 Adducenl
1101 5183 1200 5254 ﬁlii
1244 5176 1475 5254 ﬁ'iorum
1509 5181 1574 5235 ea:
1603 5178 1840 5233 omnibus
1880 5176 2117 5249 gentibus

521 5285 713 5338 donum
740 5264 849 5336 Deo
889 5295 1005 5334 cum
1033 5280 1174 5350 cquis
1208 5287 1254 5333 et
1286 5272 1523 5330 curribus
1547 5264 1572 5310 ἀ
1600 5271 1654 5328 in
1682 5270 1960 5338 splendore
1982 5269 2115 5322 ntul-

525 5387 713 5443 torum,
747 5392 863 5430 cum
884 5374 1198 5429 umbraculis
1236 5371 1288 5426 in
1321 5379 1549 5425 sanctam
1570 5371 1821 5425 civitatem
1848 5364 1981 5440 (lsa.
2009 5370 2116 5433 LVI,

519 5456 640 5541 96).
670 5458 850 5524 Porta:
881 5477 1083 5523 Sancta:
1119 5465 1354 5522 Civilalis
1382 5462 1683 5521 .leruSaIem
1706 5504 1720 5523 .
1752 5459 1993 5516 Christus
2019 5460 2117 5524 est,

523 5575 576 5619 et
626 5562 811 5618 vicarii
852 5565 1002 5633 ejus,
1047 5560 1302 5617 custodes
1342 5558 1516 5631 legis:
1552 5552 1943 5613 interlicientes
1989 5568 2117 5608 vero

525 5658 817 5731 prophetas
848 5666 904 5713 et
933 5654 1237 5728 lapidantes
1263 5652 1329 5710 ad
1355 5669 1414 5709 se
1439 5653 1652 5708 missos.
1682 5634 1842 5706 pulla
1866 5648 2115 5703 tliabo'us

522 5762 642 5818 est,
684 5765 740 5808 ct
768 5752 1002 5808 vicarius
1029 5750 1147 5823 ejus
1186 5744 1630 5822 pseudoapostoli
1671 5743 2116 5817 praevaricatores

589 5877 617 5907 ⁸
670 5864 736 5922 in
786 5862 1059 5935 splendore
1104 5862 1406 5935 multorum.
1447 5858 1636 5935 LXX._
1670 5857 1769 5914 lsa.
1821 5873 1969 5926 LIVI,
2015 5856 2107 5925 20.

523 5946 546 6003 ι
569 5930 864 6014 lunarium:
892 5936 1127 6013 ἡμιόνων,
1155 5939 1207 5992 in
1245 5934 1501 6008 lampsnis
1525 5930 1803 6005 mulorum.

2217 4824 2365 4874 arca,
2386 4794 2710 4863 dividiturin
2729 4817 2923 4859 omnes
2938 4814 3216 4857 numerus.
3235 4799 3461 4869 Quoties
3476 4808 3655 4853 tamen
3681 4805 3821 4853 tem-

2218 4917 2412 4972 porum
2445 4897 2651 4955 mentio
2693 4907 2808 4964 est,
2842 4892 3225 4967 qutteruarius
3276 4908 3561 4947 numerum
3604 4889 3818 4961 specia-

2218 4995 2343 5050 liter
2406 5003 2623 5062 tempus
2686 4999 2771 5047 cst
2830 5005 2858 5043 a
2921 4985 3135 5043 Domini
3202 4984 3457 5058 passione
3527 4998 3702 5056 usque
3763 4985 3819 5041 in

2220 5088 2406 5144 ﬁnem.
2450 5086 2843 5156 Quaternarins
2879 5092 2965 5139 est
3012 5091 3218 5146 autem,
3251 5079 3466 5153 quoties
3505 5091 3600 5135 aut
3629 5080 3824 5149 plenus

2223 5193 2327 5250 est,
2359 5193 2451 5238 aut
2481 5191 2608 5254 post
2636 5179 2851 5236 tertium
2883 5192 3007 5250 pars
3036 5174 3241 5249 quarti,
3270 5186 3326 5230 nt
3362 5172 3469 5232 540
3489 5182 3587 5229 aut
3626 5184 3737 5229 tres
3770 5182 3828 5230 et

2224 5260 2473 5331 dimidio.
2519 5271 2713 5330 Caneri
2765 5288 2896 5327 vero
2940 5270 3088 5344 (nam
3140 5284 3237 5340 pro
3289 5268 3426 5323 locis
3479 5266 3828 5338 intelligendi

2223 5366 2397 5439 sunt),
2422 5367 2573 5439 signa
2611 5374 2764 5429 Sttttl,
2797 5379 2903 5419 neu
2934 5362 3238 5418 manilesne
3267 5359 3639 5416 (lt-linitiones.
3674 5360 3827 5428 Qua-

2222 5461 2471 5530 draginta
2514 5474 2646 5525 ergo
2694 5455 2887 5512 diIthi
2929 5454 3045 5509 dies
3078 5465 3251 5508 tctum
3301 5462 3518 5523 tempus
3549 5462 3654 5507 est.
3692 5453 3826 5509 Nam

2221 5554 2313 5609 isti
2344 5565 2471 5608 sunt
2502 5550 2573 5610 40
2598 5550 2723 5606 anni
2756 5548 2809 5605 in
2844 5546 3102 5622 Egypto,
3130 5554 3187 5601 et
3242 5544 3313 5600 ιω
3350 5546 3477 5600 anni
3514 5548 3565 5600 in
3593 5560 3824 5613 eremo,

2222 5658 2279 5706 et
2322 5646 2393 5704 40
2421 5647 2540 5703 dies
2567 5644 2763 5717 jejunii
2815 5643 3028 5699 Domini
3073 5651 3128 5695 et
3171 5639 3339 5713 Moysi
3370 5650 3425 5695 et
3451 5634 3480 5677 ι’
3514 5634 3784 5694 Ecclesiae
3808 5681 3825 5709 ,

2215 5742 2414 5818 quibus
2446 5740 2499 5798 iu
2535 5739 2776 5797 Ecclesia
2802 5739 3009 5811 jejnnat
3046 5736 3315 5801 Ecclesia,
3350 5724 3401 5791 id
3432 5743 3540 5801 est,
3582 5734 3829 5792 abstinet

2289 5857 2318 5897 δ
2350 5856 2484 5915 Elite
2512 5872 2569 5914 γ.
2597 5870 2650 5913 c.
2678 5864 2830 5913 recte
2861 5863 2919 5912 ut
2943 5852 3013 5910 ιιι
3038 5853 3173 5926 Reg.
3204 5854 3319 5925 sis.
