4032 6454
490 358 562 414 51
1886 354 2086 413 'l'lCllO

2221 354 2382 413 AI-‘lll
3720 357 3793 422 ω

487 472 832 538 credentibus,
864 473 994 527 mihi
1021 472 1215 543 fecistis
1245 478 1263 544 t_
1275 471 1466 527 Matth.
1499 487 1624 540 xxv,
1657 469 1752 542 40)
1781 487 1794 524 :
1827 484 1932 524 non
1961 483 2089 539 ope-
2117 471 2164 529 Α
2194 468 2263 524 de
2289 483 2413 537 rege
2439 467 2732 542 Babylonis
2751 471 2951 528 dicitur
2969 491 2981 527 :
3000 473 3274 542 Quomodo
3291 475 3472 530 cecidit
3495 473 3706 544 Lucifer
3725 475 3788 533 de

491 577 644 621 retur
675 566 874 621 malum
909 566 961 620 in
989 563 1186 620 Christi
1218 580 1405 632 carne,
1439 563 1488 619 id
1520 573 1623 629 est,
1661 563 1713 617 in
1743 562 1917 618 servis
1941 563 2086 630 ejus.

490 659 750 728 quoniam
782 659 1042 713 Dominus
1071 668 1127 714 et
1172 657 1437 724 Ecclesia,
1467 673 1572 713 una
1603 671 1734 712 caro
1760 664 1863 710 est.
1901 653 1954 708 lu
1985 669 2090 722 qua

490 768 654 807 carne
691 755 734 806 si
774 752 948 809 credit
977 767 1102 808 esse
1135 752 1410 808 hominem
1438 770 1450 806 :
1479 768 1577 806 cur
1609 767 1718 806 non
1752 749 1966 820 diligit,
1998 756 2094 802 aut

490 848 634 917 quod
661 847 940 902 crudelius
985 858 1106 912 est,
1138 863 1236 901 cur
1276 847 1433 913 odit,
1483 848 1625 902 sicut
1659 844 1918 911 scriptum
1962 850 2089 897 est:

495 939 597 1006 Qui
621 957 722 993 non
751 937 919 1009 diligit
940 942 1173 1010 fratrem,
1200 949 1460 1008 permanet
1487 938 1538 992 in
1563 946 1723 992 morte.
1749 935 1793 1009 (Ι
1817 935 1979 989 Joan.
2007 948 2090 1000 ιιι,

495 1033 604 1104 Η),
639 1033 725 1096 Et,
755 1036 844 1106 qui
893 1039 1108 1104 fratrem
1148 1051 1227 1088 sui
1249 1049 1300 1087 m
1329 1033 1468 1100 odit,
1498 1031 1759 1087 homicida
1795 1040 1869 1084 est
1897 1029 2086 1101 (lbid.,

493 1127 606 1194 lli).
667 1128 822 1180 Aliud
885 1127 1057 1196 ιιιιιίιις
1114 1128 1418 1182 evidentius
1465 1129 1674 1195 signum
1727 1123 2090 1196 cognoscendi

493 1221 812 1276 Antichristi
847 1239 954 1276 non
983 1237 1105 1279 esse
1133 1222 1290 1289 dixit,
1321 1237 1482 1292 quam
1512 1223 1600 1292 qui
1630 1233 1788 1292 negat
1823 1223 1876 1274 ιιι
1903 1235 2090 1285 carne,

493 1312 636 1368 idem
660 1313 775 1370 odit
805 1314 1065 1370 fratrem?
1094 1315 1224 1370 Tale
1247 1325 1424 1370 autem
1451 1313 1596 1386 quod
1627 1313 1761 1369 dicit
1788 1331 1801 1368 :
1835 1313 2091 1380 Quoniam

490 1408 581 1480 qui
629 1410 887 1478 negaverit
937 1408 1200 1464 Christum
1247 1410 1299 1464 in
1348 1425 1544 1475 carne,
1591 1410 1655 1463 de
1708 1406 1816 1462 Deo
1869 1424 1971 1460 non
2019 1415 2092 1460 est

493 1495 557 1574 (ll
591 1501 749 1557 Joan.
784 1502 915 1575 χιιι)
942 1522 953 1558 :
985 1505 1178 1573 quale,
1224 1502 1393 1559 Nemo
1430 1514 1592 1573 potest
1623 1505 1793 1558 dicere
1839 1501 2090 1556 Dominus

489 1593 680 1662 Iesus,
732 1597 830 1651 nisi
878 1599 930 1652 in
975 1597 1178 1666 Spiritu
1220 1607 1395 1653 sancto
1439 1598 1482 1668 (l
1525 1597 1646 1652 Cor.
1702 1612 1802 1660 sit,
1836 1596 1892 1665 5)
1922 1612 1936 1651 :
1967 1610 2090 1650 cum

494 1689 650 1742 multi
701 1689 884 1743 dicant
932 1687 1220 1743 Dominum
1265 1688 1450 1744 Jesum
1478 1728 1492 1751 ,
1545 1687 1663 1758 ipso
1702 1694 2087 1742 cuntrstautc:

494 1779 618 1835 Non
669 1798 840 1837 omnes
889 1783 976 1854 qui
1024 1783 1150 1837 mihi
1199 1783 1408 1846 dicunt,
1447 1780 1694 1850 Domine,
1731 1782 1978 1850 Domine,
2010 1783 2090 1836 in-

2197 561 2346 626 carlo,
2377 579 2531 619 ntnne
2552 566 2724 620 oriens
2751 567 3046 623 ?contritus
3080 570 3228 623 estin
3256 579 3390 624 terra
3432 570 3516 640 qui
3558 570 3793 626 mitteba-

2193 665 2279 710 tur
2294 655 2362 709 ad
2397 672 2572 711 omnes
2610 658 2830 730 gentes?
2856 657 2936 714 Tu
2952 670 3120 713 autem
3145 661 3322 715 dixisti
3351 661 3404 716 in
3452 662 3628 716 animo
3651 674 3738 716 tuo
3765 679 3786 719 :

2195 747 2260 804 In
2292 748 2476 804 ca'lnm
2523 752 2822 817 ascendant,
2851 769 3005 824 super
3045 753 3222 810 stellas
3255 753 3349 809 Dei
3395 771 3584 826 ponam
3611 758 3786 810 sedem

2195 859 2381 909 meam,
2412 843 2596 898 sedebo
2624 843 2675 899 in
2699 856 2866 899 monia
2885 845 2992 900 alto
3015 863 3170 915 super
3195 857 3389 902 montes
3404 845 3537 901 altos
3563 848 3614 901 in
3639 847 3786 914 aqui-

2195 934 2384 1000 Ionem,
2433 939 2709 992 ascendam
2753 956 2908 1011 super
2938 939 3115 1000 nubes.
3143 957 3232 995 ero
3280 942 3466 994 similis
3495 939 3786 998 Aliissimo.

2197 1026 2354 1082 Nunc
2373 1040 2542 1084 autem
2561 1031 2632 1084 ad
2644 1034 2836 1103 inferos
2857 1032 3166 1087 descendisti
3188 1035 3239 1088 in
3255 1035 3594 1106 fundamenta
3617 1045 3788 1091 term.

2195 1133 2241 1176 et
2270 1126 2358 1195 qui
2381 1125 2595 1180 viderint
2618 1138 2686 1189 te,
2715 1128 3035 1182 mirabuntur
3081 1145 3237 1199 super
3268 1141 3335 1195 .‘e,
3367 1139 3413 1183 et
3437 1130 3608 1184 dicent
3638 1145 3658 1184 :
3703 1128 3789 1183 hic

2194 1227 2268 1272 est
2297 1216 2470 1281 homo,
2514 1221 2603 1291 qui
2631 1223 2849 1275 concitat
2887 1233 3096 1282 terram.
3137 1233 3298 1278 movet
3343 1241 3505 1296 reges,
3536 1225 3622 1287 qui
3648 1226 3794 1296 ponit

2199 1309 2373 1363 orbem
2403 1319 2554 1364 teme
2583 1322 2743 1366 totum
2802 1314 3079 1369 desertum.
3112 1314 3308 1372 Civitas
3332 1325 3500 1371 autem
3538 1317 3794 1372 destruxit

2195 1402 2543 1467 abductosque
2561 1423 2663 1460 non
2682 1405 2853 1461 solvit.
2882 1407 3237 1481 Omnesteges
3287 1412 3517 1482 gentium
3563 1412 3798 1467 dormie-

2197 1506 2310 1549 rant
2336 1497 2387 1550 in
2411 1495 2627 1565 honore,
2654 1499 2707 1553 in
2725 1499 2880 1555 donto
2906 1518 3021 1557 sua.
3055 1501 3132 1556 Tu
3157 1513 3327 1557 autem
3353 1504 3612 1576 projectus
3652 1520 3707 1558 es
3737 1504 3794 1558 in

2196 1598 2390 1644 montes
2418 1588 2551 1644 velut
2571 1602 2822 1650 mortuus.
2851 1595 3174 1675 abominatus
3195 1614 3311 1651 cum
3325 1597 3563 1652 omnibus
3593 1598 3682 1669 qui
3705 1613 3791 1652 ce-

2195 1681 2433 1738 ciderunt
2455 1685 2506 1738 in
2535 1684 2747 1740 desertis
2771 1688 3028 1758 gladio,e:
3051 1690 3424 1746 desctnderunt
3459 1692 3529 1745 ad
3572 1694 3792 1764 inferos.

2201 1773 2471 1841 Quomodo
2522 1780 2747 1836 renisti:
2789 1781 2924 1835 sicut
2964 1783 3316 1838 restimentum
3369 1787 3620 1855 sanguine
3663 1801 3798 1840 con-

493 1873 720 1928 troibunt
749 1875 802 1928 in
826 1891 1040 1946 regnum
1065 1875 1158 1929 coal
1177 1891 1309 1929 .rum
1333 1873 1548 1943 (Matth.
1579 1891 1675 1939 νιι,
1698 1874 1815 1945 21).
1845 1873 1951 1931 Sed
1987 1875 2088 1929 hoc
2118 1873 2166 1933 B
2191 1888 2456 1941 spersnm,
2501 1891 2602 1930 non
2653 1875 2749 1929 erit
2790 1879 3060 1940 mundum,
3091 1881 3162 1932 ita
3201 1897 3293 1935 nec
3322 1890 3378 1934 tu
3409 1880 3512 1934 eris
3542 1881 3796 1948 mundus,

491 1968 617 2024 loco
648 1971 968 2039 ApOslttltlS,
1019 1972 1270 2026 neminem
1298 1987 1445 2044 posse
1477 1970 1648 2026 dicere
1688 1969 1969 2026 Dominum
1998 1968 2092 2025 Je-

491 2081 606 2119 sum
647 2064 924 2133 Christum,
959 2068 1062 2122 nisi
1109 2069 1164 2121 in
1194 2067 1395 2139 Spiritu
1425 2076 1602 2121 sancto
1633 2067 1932 2122 Secundum
1959 2080 2089 2122 cou-

491 2157 778 2214 scieutiam
806 2159 941 2215 dixit
972 2158 1014 2233 (I
1044 2158 1166 2215 Cor.
1199 2175 1297 2226 xu,
1324 2159 1407 2232 5),
1438 2159 1737 2215 secundum
1773 2159 2088 2214 interiorem

493 2249 796 2318 hominem,
847 2269 951 2307 nou
999 2254 1300 2309 secundum
1347 2254 1518 2308 solam
1565 2253 1982 2324 professionem,
2034 2263 2090 2306 ut

490 2345 804 2400 ostenderet
855 2346 982 2412 illis,
1026 2350 1116 2418 qui
1149 2347 1338 2402 dicunt
1378 2347 1666 2402 Dominum
1694 2346 1865 2403 Jssuu
1892 2389 1906 2414 ,
1956 2345 2091 2403 nihil

492 2438 673 2494 minus
719 2439 922 2494 habere
967 2442 1192 2506 abhis,
1225 2441 1315 2511 qui
1359 2440 1750 2496 charismatum
1797 2441 2092 2513 generibus

489 2533 855 2588 extolluntur.
916 2533 1022 2592 Sed
1087 2550 1251 2589 unum
1301 2544 1461 2606 atque
1516 2535 1768 2590 eumdem
1825 2533 2088 2605 Spiritum

491 2627 773 2696 possidere
802 2643 1044 2695 omnem,
1088 2630 1180 2699 qui
1225 2627 1513 2683 Dominum
1545 2627 1730 2683 Jesum
1769 2626 2089 2690 crediderit,

490 2719 636 2776 idem
669 2722 929 2792 operibus
967 2721 1268 2777 credidisse
1315 2721 1722 2776 monstraverit.
1774 2719 1974 2783 Nemo,
2007 2719 2094 2773 iu-

491 2819 630 2885 quit,
662 2825 826 2886 potest
855 2815 1027 2870 dicere
1075 2814 1353 2870 Dominum
1397 2814 1598 2878 Iesum,
1631 2815 1730 2869 n.'si
1781 2815 1833 2868 in
1885 2812 2089 2886 Spiritu

487 2917 667 2962 sancto
692 2924 711 2962 :
735 2903 1027 2962 Divisiones
1048 2920 1218 2962 autem
1249 2919 1366 2964 sunt
1393 2908 1785 2972 charismatum,
1811 2907 1945 2960 idem
1973 2922 2092 2960 vero

488 3003 720 3068 spiritus.
770 3000 838 3056 Et
884 3002 1163 3058 divisiones
1207 3004 1605 3058 ministeriorum
1649 3011 1769 3056 sunt
1807 3018 1824 3056 :
1865 3010 1914 3056 et
1955 3001 2090 3054 idem

489 3093 745 3150 Dominus
773 3095 964 3165 (lbid.,
983 3095 1038 3165 4,
1070 3095 1149 3167 5).
1177 3097 1406 3155 Solvere
1426 3106 1608 3152 autem
1639 3095 1850 3160 Jesum,
1874 3105 1955 3150 est
1979 3108 2087 3150 non

489 3187 667 3244 facere
696 3190 836 3258 quod
865 3189 1052 3245 Jesum
1081 3189 1272 3245 fecisse
1300 3192 1613 3252 eonlitetur,
1643 3189 1780 3244 sicut
1813 3189 1953 3241 idem
1982 3187 2089 3241 Do-

2191 1966 2317 2035 quia
2347 1976 2536 2022 terram
2559 1985 2722 2024 meam
2741 1970 3037 2038 perdidisti,
3059 1984 3105 2026 et
3128 1975 3322 2045 plebem
3344 1991 3505 2029 meam
3533 1975 3792 2031 occidisti.

2195 2055 2320 2113 Non
2349 2058 2450 2114 eris
2496 2061 2547 2114 in
2596 2071 2846 2118 ccternum
2906 2074 3107 2137 tempus
3159 2083 3328 2121 semen
3371 2084 3605 2139 nequam,
3637 2085 3793 2138 para,

2191 2152 2331 2222 ﬁlios
2382 2165 2498 2208 tuos
2529 2154 2780 2224 interﬁce,
2810 2169 3074 2226 peccatum
3098 2160 3264 2231 patris
3287 2160 3363 2214 tui
3391 2176 3493 2215 non
3521 2169 3798 2234 resurgant

2195 2244 2350 2319 (Isai.
2393 2263 2508 2315 xix,
2548 2250 2636 2315 Η,
2664 2248 2783 2322 22).
2812 2251 2868 2305 lu
2922 2267 3102 2322 regem
3156 2253 3472 2325 Babylonis.
3519 2262 3798 2312 ctomnes

2193 2356 2370 2410 reges,
2398 2353 2455 2398 et
2481 2343 2661 2397 omnis
2684 2343 2918 2414 populus
2951 2345 3308 2416 significatus,
3338 2362 3506 2402 unum
3537 2347 3686 2402 enim
3711 2355 3799 2405 est

2193 2447 2412 2503 corpus.
2473 2433 2764 2502 Quomodo,
2817 2435 3234 2506 iuquit,cecidit
3283 2438 3348 2492 de
3401 2440 3526 2494 (σξιο
3581 2440 3792 2510 lucifer,

2193 2543 2346 2582 mane
2373 2527 2566 2593 oriens,
2596 2533 2894 2600 confractus
2938 2539 2991 2584 in
3019 2541 3156 2586 terra
3189 2549 3208 2587 :
3234 2534 3323 2602 qui
3355 2534 3575 2588 mittitur
3595 2533 3664 2587 ad
3685 2551 3798 2588 om-

2195 2635 2283 2672 nes
2309 2619 2515 2690 gcntes?
2538 2617 2618 2674 Tu
2641 2632 2810 2674 autem
2848 2624 3028 2678 dixisti
3052 2625 3103 2679 in
3131 2626 3306 2679 (mimo
3335 2636 3424 2680 tuo
3449 2643 3469 2682 :
3499 2623 3565 2682 In
3609 2629 3795 2682 ccelum

2195 2713 2492 2777 ascendam,
2518 2729 2673 2783 super
2701 2714 2877 2770 stellas
2899 2714 2995 2770 Dei
3030 2735 3216 2789 ponam
3248 2720 3418 2774 sedem
3440 2735 3626 2774 meam.
3659 2720 3788 2775 Dia-

2197 2806 2353 2862 bolus
2385 2807 2486 2862 hoc
2506 2809 2607 2862 sibi
2634 2811 2921 2878 promittit.
2965 2813 3080 2867 Non
3111 2815 3254 2868 enim
3280 2824 3466 2883 Sperat
3499 2815 3789 2872 retinendo

2193 2901 2246 2956 iu
2272 2902 2471 2957 caelum
2497 2918 2657 2972 posse
2683 2906 3005 2970 ascendere,
3034 2908 3126 2976 qui
3159 2923 3230 2962 ne
3268 2907 3621 2978 dejicerelur,
3657 2911 3794 2966 resi-

2193 3007 2341 3052 5tcrc
2368 3011 2474 3052 non
2494 2997 2683 3052 valuit.
2705 2999 2876 3054 Multo
2898 3001 3069 3072 magis
3097 3002 3202 3057 ista
3231 3002 3395 3057 homo
3422 3019 3650 3073 sperare
3681 3020 3790 3060 non

2195 3101 2373 3162 potest
2405 3110 2416 3146 :
2447 3103 2500 3148 et
2541 3103 2722 3149 tamen
2774 3096 3049 3151 hoininem
3104 3111 3224 3152 esse
3265 3096 3343 3151 sic
3372 3095 3503 3153 dicit
3542 3096 3685 3154 :Hic
3715 3106 3792 3154 est

2195 3187 2349 3239 homo
2375 3187 2462 3255 qui
2483 3188 2664 3241 incitat
2702 3197 2914 3243 terram.
2950 3190 3055 3245 Sed
3099 3201 3297 3261 pra-ter
3327 3191 3464 3247 hanc
3495 3197 3789 3262 rationem,

491 3282 671 3338 minus
700 3283 832 3338 dicit
861 3303 874 3338 :
907 3285 1006 3349 Qui
1043 3282 1249 3339 solverit
1278 3301 1434 3337 unum
1464 3300 1528 3338 ea:
1557 3282 1814 3337 mandatis
1846 3281 1956 3334 istis
1992 3282 2087 3334 mi-
2117 3271 2163 3332 C
2195 3293 2355 3348 (tuam
2388 3295 2569 3350 neque
2600 3281 2872 3348 diabolus,
2906 3299 3084 3354 neque
3126 3285 3292 3340 homo
3322 3300 3548 3358 sperare
3581 3295 3787 3358 potest,

489 3377 662 3438 nimis,
687 3385 738 3430 et
770 3377 841 3431 sic
882 3375 1113 3431 docuerit
1151 3377 1418 3442 homines,
1459 3376 1702 3430 minimus
1745 3373 2010 3428 vocabitur
2037 3374 2088 3427 in

488 3483 646 3539 regno
669 3467 911 3523 caelorum
940 3468 1158 3541 (.llatth.
1194 3485 1246 3533 ι’,
1279 3469 1394 3539 20).
1423 3469 1487 3523 Et
1508 3467 1638 3537 quid
1663 3467 1734 3520 sit
1758 3465 1988 3530 solverit,
2021 3481 2088 3521 ex

487 3564 955 3630 consequentibus
985 3567 1181 3635 aperit,
1213 3563 1403 3619 dicens
1429 3580 1445 3618 :
1486 3563 1588 3631 Qui
1619 3571 1788 3616 autem
1814 3564 2012 3633 fecerit,
2041 3572 2089 3615 et

487 3655 561 3709 sic
583 3654 838 3709 docuerit.
873 3656 1021 3711 llanc
1057 3671 1188 3726 ergo
1236 3660 1615 3728 negationem,
1665 3671 1893 3724 operum
1939 3669 2085 3720 esse,

489 3764 594 3804 nou
626 3750 776 3804 Vocis
799 3792 815 3814 ,
849 3759 904 3806 et
947 3749 1152 3805 Paulus
1192 3749 1473 3819 ςιιιοειιιιιιε
1517 3749 1804 3803 confirmat
1847 3747 2040 3802 dicens
2070 3764 2084 3802 :

487 3837 768 3899 Dominum
794 3845 927 3899 scire
952 3846 1282 3913 conﬁtentur,
1302 3846 1454 3916 factis
1467 3857 1643 3899 autem
1671 3853 1857 3914 negant
1889 3844 2020 3911 (Tit.
2047 3857 2084 3906 ι,

486 3935 597 4008 16).
646 3937 711 3992 Et
759 3938 956 3993 iterum
985 3957 998 3992 :
1031 3939 1268 3993 habentes
1299 3944 1520 4010 [armant
1566 3939 1771 4009 pietatis
1793 3981 1807 4004 ,
1850 3939 2086 3993 virtutem

486 4040 656 4085 autem
685 4035 794 4106 ejus
822 4041 1068 4102 negantes
1099 4031 1166 4106 (il
1200 4031 1331 4087 Tim.
1363 4047 1453 4099 ιιι,
1485 4031 1560 4098 ᾖ).
1601 4032 1714 4086 lloc
1759 4046 1926 4086 sensu
1955 4030 2089 4085 dicit

486 4123 749 4195 quosdam
790 4127 1016 4191 fratres,
1050 4127 1327 4180 Christum
1359 4142 1464 4180 non
1497 4139 1628 4180 voce
1657 4136 1843 4179 sancte
1891 4124 2090 4194 pranli-

486 4233 612 4273 carc
641 4259 658 4285 ,
688 4219 779 4273 sed
823 4219 1008 4275 Corde.
1051 4219 1181 4275 Nam
1214 4235 1346 4274 voce
1375 4230 1563 4275 sancte
1593 4219 1909 4290 praedicant.
1945 4217 2090 4274 Con-

488 4319 658 4364 sentlt
701 4311 935 4381 denique
979 4315 1347 4382 prmdicatioui
1380 4328 1569 4368 eorum
1597 4354 1614 4380 ,
1658 4322 1714 4367 et.
1744 4313 1965 4368 mamlat
1992 4328 2088 4367 au-

487 4401 616 4462 diti,
650 4403 880 4458 dicens:
914 4403 1052 4471 Quid
1091 4405 1299 4459 interest
1327 4405 1432 4460 sive
1465 4421 1554 4475 per
1579 4405 1936 4472 occasionem,
1984 4407 2090 4460 sire

487 4511 580 4567 per
623 4496 885 4550 ueritatem
917 4495 1152 4552 Christus
1195 4500 1533 4552 annuntictur
1563 4497 1829 4569 (Philipp.
1884 4515 1936 4566 ι,
1976 4499 2083 4570 l8).

490 4589 775 4644 Dominum
808 4591 951 4646 enim
980 4590 1258 4646 Christum
1281 4589 1648 4646 Autichristus
1678 4606 1784 4646 non
1808 4601 1956 4656 voto,
1986 4592 2082 4646 sed

487 4681 774 4737 occasione
792 4683 1066 4752 prmdicat.
1090 4681 1214 4738 Alio
1247 4683 1498 4748 tendens,
1527 4697 1622 4752 per
1648 4680 1852 4736 ChriSti
1885 4697 2082 4737 notuen
2117 4663 2165 4721 1)

487 4773 789 4846 ingreditur
819 4795 833 4831 :
865 4792 974 4846 quo
1001 4777 1104 4832 sibi
1149 4778 1289 4832 viam
1341 4785 1572 4842 slcruat,
1619 4794 1726 4847 quo
1771 4777 1874 4832 sub
1895 4777 2090 4832 Christi

489 4869 730 4931 nomine,
756 4870 931 4924 ventri
960 4881 1163 4940 pareat,
1188 4880 1243 4926 et
1272 4870 1540 4942 his(quod
1567 4879 1724 4940 turpe
1753 4869 2084 4941 estdicere),

487 4963 795 5018 sanctitatis
833 4973 889 5020 et
920 4964 1286 5035 simplicitatis
1321 4981 1519 5020 nomen
1545 4964 2002 5034 itnponat,signis
2023 4973 2080 5019 et

486 5056 748 5128 prodigiis
787 5057 1160 5113 cubiculorum
1187 5074 1349 5128 opera
1382 5055 1657 5114 Clni~tum
1707 5073 1831 5113 esse
1868 5074 2087 5114 asserc-

485 5152 792 5219 rans.Qnos
809 5152 1008 5206 salubri
1029 5155 1281 5209 cautione
1299 5153 1471 5207 vitare
1493 5153 1753 5207 admonet
1783 5153 2083 5224 Apostolus

484 5243 703 5300 dicens:
725 5243 773 5298 F
776 5244 880 5299 iliis
894 5247 1142 5300 abstinete
1154 5262 1240 5300 vos
1263 5244 1602 5300 asimulacris
1623 5244 1712 5317 (1.1
1722 5262 1842 5300 oan.
1879 5262 1932 5313 ιν,
1960 5246 2075 5317 2t).

1065 5337 1348 5396 REGULA
1391 5338 1502 5394 VII.

870 5432 945 5487 Dc
969 5432 1189 5488 diabolo
1219 5442 1274 5489 et
1302 5449 1534 5503 corpore
1559 5434 1698 5506 ejus.

484 5520 612 5579 Loci
658 5523 766 5580 duo
795 5524 1068 5595 illustrati,
1094 5525 1256 5582 Isaia:
1275 5544 1398 5599 cap.
1431 5543 1545 5595 xiv,
1566 5527 1634 5582 Et
1665 5527 1856 5584 Ezech.
1882 5544 2075 5586 ιςιοιιι.

557 5618 634 5675 De
661 5619 882 5676 diabolo
898 5633 948 5677 ct
974 5637 1210 5694 corpore
1235 5622 1354 5691 ejus
1386 5621 1629 5678 breviter
1660 5623 1833 5679 videri
1869 5631 2074 5693 potest,

478 5711 530 5766 si
564 5712 616 5766 id
649 5714 807 5782 quod.
831 5713 901 5770 de
933 5714 1170 5770 Domino
1192 5770 1196 5774 ,
1220 5726 1274 5771 et
1305 5716 1424 5786 ejus
1469 5731 1702 5787 corpore
1732 5717 1935 5773 dictum
1969 5727 2076 5796 est,

478 5799 533 5860 id
555 5821 771 5877 quoque
793 5808 1145 5864 observetur.
1174 5809 1462 5865 Trausitus
1495 5827 1732 5881 namque
1756 5828 1784 5866 a
1810 5812 2078 5888 capitead

478 5889 700 5969 corpus,
724 5901 917 5957 eadem
948 5903 1162 5958 ratione
1184 5902 1542 5972 dignoscitur,
1577 5903 1711 5959 sicut
1749 5922 1844 5976 per
1876 5895 2074 5963 Isaiam

2195 3387 2255 3427 se
2279 3387 2439 3442 posse
2469 3374 2522 3428 in
2556 3377 2756 3431 caelum
2803 3379 3133 3444 ascendere,
3180 3392 3236 3436 et
3266 3395 3432 3451 super
3471 3383 3662 3438 stellas
3695 3381 3792 3439 Dci

2192 3470 2415 3534 sedens,
2446 3470 2683 3527 similem
2738 3489 2799 3527 se
2850 3475 2959 3530 Deo
2991 3476 3130 3539 lieri,
3167 3482 3328 3532 et'am
3363 3477 3476 3548 ipSa
3509 3479 3791 3552 Scriptura

2192 3562 2342 3616 aliud
2369 3563 2751 3632 inquirendum
2777 3566 3058 3624 admonet.
3085 3569 3219 3624 Nam
3242 3571 3286 3626 si
3315 3574 3367 3626 in
3395 3571 3594 3628 cmlum
3615 3585 3670 3627 et
3701 3588 3793 3628 su-

2193 3669 2289 3725 pra
2316 3657 2508 3710 stellas
2534 3656 2629 3712 Dei
2649 3658 2780 3714 dicit
2802 3676 2861 3714 se
2879 3662 3065 3717 sedem
3089 3677 3244 3718 suam
3274 3663 3581 3734 positurum
3615 3680 3630 3718 :
3660 3681 3796 3736 quo-

2195 3747 2357 3802 modo
2383 3749 2432 3802 iu
2462 3763 2649 3806 monte
2675 3755 2790 3806 alto
2841 3754 3077 3821 sedebit,
3131 3767 3222 3808 aut
3256 3771 3422 3827 super
3467 3767 3681 3813 montes
3737 3759 3791 3813 in

2194 3843 2512 3914 aquilonem
2547 3847 2630 3900 rel
2665 3846 2716 3900 in
2762 3848 3000 3903 nubibus
3025 3858 3083 3903 ut
3111 3849 3305 3905 similis
3355 3849 3424 3906 sit
3457 3851 3742 3907 Altissimo
3771 3852 3794 3906 *Ι

2193 3952 2301 3990 ιιιιιι
2345 3937 2491 3991 enim
2528 3937 2856 3994 Altissimus
2911 3942 2964 3994 in
3027 3943 3336 4013 hujusmodi
3383 3943 3549 3999 habet
3579 3945 3790 4002 sedem.

2191 4031 2748 4097 leum,Ecclesiam
2771 4035 2902 4090 chit
2929 4051 2942 4087 :
2976 4035 3118 4092 sicut
3151 4038 3487 4107 procedente
3511 4036 3793 4109 Scriptura

2191 4124 2524 4180 videbimus.
2586 4126 2664 4183 De
2719 4130 2820 4182 hoc
2849 4129 2990 4185 uelo
3033 4130 3180 4184 cadit
3231 4131 3424 4186 lucifer
3469 4131 3788 4186 matutinus.

2190 4220 2412 4276 Lucifer
2436 4222 2580 4276 enim
2614 4221 2910 4293 bipertitus
2941 4235 3064 4278 est:
3099 4225 3243 4281 sicut
3287 4225 3550 4281 Dominus
3577 4227 3707 4281 dicit
3736 4228 3791 4281 in

2190 4317 2521 4388 Apocalypsi
2555 4316 2623 4371 dc
2645 4332 2704 4370 sc
2732 4329 2786 4372 et
2817 4317 2885 4373 de
2912 4333 3012 4373 suo
3037 4335 3273 4388 corpore.
3309 4340 3322 4375 :
3354 4319 3469 4392 Ego
3489 4337 3602 4375 sum
3639 4321 3794 4376 radiat

2189 4421 2237 4466 et
2268 4429 2428 4482 genus
2453 4411 2645 4479 David,
2673 4422 2721 4466 et
2751 4413 2905 4468 stella
2933 4414 3207 4486 splendida
3245 4417 3520 4481 matutina,
3572 4432 3795 4487 sponsus

2190 4515 2238 4558 ct
2260 4504 2653 4577 sponsa(dpoc.
2681 4522 2816 4569 xxii,
2837 4506 2949 4577 l6).
2976 4508 3106 4563 Item
3142 4507 3252 4563 illic
3283 4507 3414 4576 :Qui
3439 4507 3794 4572 ricerit,dabo

2190 4598 2270 4651 illi
2291 4600 2495 4652 stellam
2545 4599 2852 4654 matutinam
2886 4600 3073 4672 (Apoc.
3110 4617 3147 4656 ιι
3168 4643 3183 4668 ,
3211 4601 3346 4674 98):
3381 4602 3434 4657 id
3466 4614 3575 4667 est,
3609 4612 3666 4656 ut
3721 4601 3795 4657 sit

2192 4691 2350 4745 stella
2408 4691 2672 4744 matutina
2735 4693 2876 4747 sicut
2925 4692 3198 4760 Christus,
3231 4711 3392 4765 quem
3451 4697 3789 4765 accepimus.

2193 4783 2325 4838 Pars
2353 4799 2485 4852 ergo
2518 4783 2730 4850 lucifer,
2758 4785 2809 4839 id
2839 4795 2944 4851 est,
2967 4786 3259 4844 adversum
3284 4803 3505 4862 corpus,
3537 4788 3682 4860 quod
3707 4798 3794 4845 est

2190 4875 2461 4940 diabolus,
2497 4891 2679 4947 reges,
2704 4889 2760 4932 et
2809 4880 3066 4948 papulus,
3094 4883 3242 4936 cadit
3269 4883 3337 4935 tle
3379 4886 3543 4947 casio,
3575 4891 3628 4936 ct
3655 4898 3792 4938 cou-

2188 4969 2449 5042 {ringitur
2478 4971 2530 5026 iu
2563 4981 2730 5027 terra.
2754 4973 2851 5029 llis
2877 4976 3081 5045 regulis
3109 4976 3234 5032 dicit
3262 4976 3573 5047 Sapientia:
3600 4977 3792 5033 Audite

2188 5081 2309 5136 ergo
2338 5082 2479 5135 rcges
2506 5078 2553 5118 ct
2581 5066 2856 5137 intelligite
2885 5084 2904 5122 :
2936 5068 3116 5123 discite
3135 5071 3342 5142 judices
3383 5071 3568 5140 [inium
3615 5081 3786 5137 terrae,

2193 5157 2409 5226 pra-bete
2429 5173 2582 5212 aures
2601 5201 2616 5222 ,
2642 5161 2732 5226 qui
2757 5161 3028 5215 continetis
3059 5163 3461 5230 multitudinem,
3495 5175 3544 5218 et
3576 5165 3791 5234 placetis

2191 5249 2331 5303 vobis
2389 5251 2442 5304 in
2491 5251 2655 5306 turbis
2710 5253 2974 5306 nationum
3019 5257 3308 5324 :quoniam
3360 5256 3486 5312 data
3533 5271 3607 5313 est
3651 5257 3794 5313 vobis

2189 5352 2414 5412 potestas
2462 5360 2494 5395 a
2527 5340 2748 5396 Domino
2774 5385 2788 5405 ,
2813 5355 2862 5399 et
2913 5345 3077 5400 rirtus
3129 5348 3191 5402 ab
3239 5348 3543 5418 Altissimo;
3587 5353 3676 5418 qui
3706 5353 3791 5407 in-

2189 5436 2466 5508 terrogabit
2516 5454 2672 5507 opera
2725 5448 2913 5503 vestra,
2967 5450 3015 5495 ct
3064 5445 3396 5515 cogitationes
3449 5447 3784 5504 scrutabitur.

2195 5530 2477 5598 Quoniam,
2521 5546 2640 5584 cum
2680 5531 2854 5587 essetis
2890 5533 3114 5589 ministri
3159 5538 3302 5610 regni
3325 5538 3488 5598 illius.
3521 5556 3622 5593 non
3654 5551 3790 5596 recte

2180 5626 2481 5698 judicastis,
2531 5643 2691 5697 neque
2737 5631 3034 5686 custodistis
3077 5634 3237 5702 legem
3289 5632 3445 5704 (Sap.
3497 5650 3568 5696 γι.
3616 5635 3672 5698 ‘3,
3705 5636 3784 5708 ‘5).

2187 5721 2299 5776 Rex
2331 5736 2463 5791 ergo
2493 5721 2782 5794 Babylonis
2814 5733 2987 5780 totum
3012 5742 3214 5795 corpus
3243 5737 3327 5781 est
3357 5745 3370 5780 :
3401 5728 3495 5784 sed
3533 5743 3630 5798 pro
3651 5730 3787 5785 locis

2184 5813 2556 5890 intelligimus,
2608 5816 2661 5869 in
2710 5831 2872 5885 quam
2923 5827 3132 5887 partem
3184 5821 3432 5888 corporis
3467 5820 3783 5876 conveniat.

2185 5905 2381 5961 Cecidit
2428 5908 2491 5962 de
2534 5901 2660 5962 Cotto
2702 5907 2909 5980 lucifer,
2939 5909 2991 5963 in
3030 5925 3192 5968 omne
3217 5926 3416 5984 corpus
3443 5915 3621 5982 potest
3651 5913 3784 5970 bbu-
