4032 6440
271 377 342 435 ,τ
611 404 618 410 .
1428 363 1638 424 usus
1676 362 1765 421 DE
1804 361 2080 421 SEPTEM
2120 363 2437 424 uacuus.
3499 366 3573 426 ss

271 487 485 546 sentire.
516 489 584 544 In
610 485 793 544 caelum
820 483 1136 552 ascendam,
1169 498 1324 555 super
1348 480 1525 538 stellas
1553 480 1651 537 Dei
1680 495 1868 551 ponam
1895 479 1946 541 Α
1975 477 2025 534 id
2055 490 2138 535 est
2158 522 2173 545 ,
2216 479 2463 538 adversa:
2513 483 2653 555 parti
2699 497 2809 540 non
2838 483 3013 541 oritur
3040 501 3055 541 :
3086 484 3226 541 sicut
3256 483 3417 542 iidem
3444 500 3572 544 cum

267 584 442 640 sedent
471 598 661 646 meam,
688 580 958 647 similiter,
989 586 1047 634 et
1070 588 1234 649 caput
1267 594 1281 631 :
1312 575 1567 648 majores,
1600 574 1689 645 qui
1728 574 1865 631 stel-

270 676 451 733 larum
504 676 622 742 Dei,
675 674 727 730 id
775 682 878 736 est,
932 682 1246 728 sanctorum
1278 668 1867 726 dominumdominum

269 771 403 826 dum
445 779 659 843 putant,
707 786 829 825 eum
887 770 1132 841 ipsorum
1193 768 1436 822 minores
1493 764 1863 827 dominentur,

270 868 416 921 sicut
452 866 717 934 scriptum
759 872 844 921 est
876 881 890 919 :
926 862 1104 938 Major
1121 863 1303 918 seruiet
1326 861 1511 916 minori
1542 858 1694 931 (Gen.
1731 873 1862 925 xxv,

267 958 345 1015 25
366 958 408 1030 ).
458 957 595 1013 lluic
647 959 809 1020 Esau,
858 957 912 1012 id
959 967 1074 1022 est,
1126 957 1387 1012 fratribus
1416 954 1593 1017 malis.
1627 953 1707 1009 sic
1734 953 1865 1007 dicit

266 1049 536 1107 Durnium
564 1068 662 1123 per
687 1051 916 1107 Ahdiant
963 1048 1286 1121 prophetam
1321 1067 1334 1103 ε
1369 1046 1624 1103 Exaltans
1663 1044 1864 1101 habita-

260 1145 458 1200 tionem
499 1163 667 1207 stram,
715 1146 891 1200 dicens
928 1145 983 1199 in
1023 1144 1179 1200 corde
1213 1159 1307 1199 suo
1337 1160 1358 1199 :
1389 1142 1517 1211 Quis
1546 1158 1627 1196 me
1650 1140 1865 1196 deducet

259 1239 335 1293 ad
379 1240 585 1295 terras?
636 1238 700 1296 Si
724 1238 983 1294 excitatus
1031 1238 1193 1311 fueris
1237 1238 1369 1292 sicut
1405 1236 1604 1305 aquila,
1646 1244 1694 1289 et
1732 1236 1864 1288 inter

263 1333 446 1388 stellas
473 1350 636 1405 ponas
661 1332 837 1387 nidum
865 1341 1030 1397 tuum,
1062 1331 1183 1387 inde
1205 1340 1254 1385 te
1278 1327 1565 1393 detraham,
1605 1328 1730 1383 dicit
1759 1324 1865 1381 Do-

263 1424 442 1479 minus
470 1425 626 1497 (ΑΜ.
658 1440 698 1493 ι,
722 1425 779 1491 5,
801 1424 878 1497 Α).
906 1424 1106 1480 Sedebo
1132 1425 1183 1479 in
1214 1432 1383 1478 monte
1406 1422 1514 1476 alto
1536 1436 1693 1487 super
1720 1435 1865 1474 mon-

263 1528 343 1574 tes
387 1519 543 1584 altos,
596 1521 651 1572 in
696 1519 1009 1589 aquilonem,
1055 1518 1331 1571 ascendam
1369 1530 1521 1588 super
1550 1512 1731 1576 nubes,
1774 1527 1863 1565 ero

256 1611 447 1667 similis
469 1611 732 1666 Altissimo
754 1612 773 1684 (
797 1610 906 1666 lsa.
934 1626 1045 1676 διν,
1078 1610 1145 1667 15
1165 1609 1208 1682 ).
1250 1608 1407 1667 Mons
1433 1610 1598 1674 altus,
1631 1605 1862 1678 populus

258 1713 351 1760 est
373 1704 667 1775 superbus.
713 1705 922 1760 Montes
953 1703 1074 1770 alti,
1118 1703 1318 1774 singuli
1359 1701 1578 1772 quique,
1610 1699 1702 1771 qui
1728 1697 1861 1753 adu-

242 1796 376 1854 ‘nati
407 1810 650 1854 montem
683 1797 909 1865 faciunt,
945 1797 995 1852 id
1025 1805 1130 1864 est,
1163 1810 1364 1867 corpus
1392 1793 1616 1849 diaboli.
1662 1790 1861 1846 Multos

1970 574 2024 628 in
2044 573 2303 642 judicltnn
2329 581 2600 645 venerint,
2618 577 2802 634 dicent
2829 596 2842 633 :
2865 576 3099 635 Iustitiae
3124 581 3295 634 lumen
3315 596 3417 636 non
3435 581 3571 636 luxit

1968 668 2111 723 nobis
2128 668 2286 740 (Sap.
2314 686 2366 737 ν,
2393 672 2471 738 6).
2496 670 2839 728 Timentibus
2854 682 3035 729 autem
3064 671 3373 737 Dominum.
3402 674 3571 729 oritur

1969 758 2297 834 Soljustitia:
2310 779 2329 818 :
2343 774 2388 818 et
2402 765 2596 818 sanitas
2618 764 2670 818 in
2692 763 2874 837 pennis
2888 765 3022 836 ejus,
3040 765 3180 819 sicut
3205 766 3466 834 scriptum
3484 774 3572 821 est

1968 853 2227 926 (Malaclt.
2261 872 2336 924 tv,
2378 858 2457 930 2).
2498 858 2652 914 Malis
2686 873 2819 913 vero
2870 859 3100 916 meridie
3129 875 3234 915 uox
3262 870 3344 915 est
3377 876 3392 915 :
3422 860 3569 916 sicut

1964 950 2228 1017 scriptum
2259 960 2344 1006 est
2372 968 2386 1004 :
2428 948 2568 1005 Dum
2603 952 2857 1006 sustinent
2890 952 2991 1025 ipsi
3032 952 3226 1018 lumen,
3261 956 3415 1025 facta
3444 961 3568 1009 sunt

1965 1038 2069 1094 illis
2109 1043 2344 1105 tenebrtc,
2396 1043 2650 1117 {uigorem
2692 1044 2910 1099 obscura
2957 1053 3106 1100 nocte
3128 1044 3519 1100 ambulaverunt
3546 1086 3563 1112 ,

1964 1135 2247 1208 palpabunt
2284 1138 2415 1194 sicut
2446 1154 2612 1194 cturus
2651 1141 2919 1212 parietem,
2950 1149 2996 1194 et
3020 1141 3103 1195 cui
3128 1157 3230 1194 non
3254 1150 3374 1194 sunt
3399 1139 3561 1207 oculi,

1964 1231 2244 1303 palpabunt
2275 1243 2323 1287 et
2351 1235 2535 1288 cadent
2563 1235 2794 1301 meridie,
2848 1236 2999 1307 quasi
3029 1237 3200 1291 media
3226 1246 3374 1291 nocte
3401 1237 3420 1306 (
3446 1234 3561 1291 lsa.

1962 1339 2075 1388 us,
2108 1326 2165 1391 9,
2201 1326 2286 1395 10,
2316 1342 2418 1383 sec.
2465 1326 2654 1398 LXX).
2689 1328 2891 1384 lterum
2928 1346 2943 1383 :
2981 1329 3195 1384 Occidet
3221 1329 3300 1384 sol
3326 1328 3561 1395 meridie,

1964 1428 2012 1474 et
2037 1421 2364 1478 tenebricabit
2388 1442 2541 1498 super
2573 1438 2711 1481 terra
2733 1427 2842 1481 dies
2868 1427 3078 1482 luminis
3108 1428 3126 1495 (
3154 1425 3310 1481 Amos
3335 1442 3452 1491 rm,
3479 1424 3562 1498 9).

1962 1511 2162 1569 lterum
2193 1532 2208 1569 :
2238 1515 2524 1583 Promtrea
2560 1536 2663 1575 no.1:
2712 1522 2806 1575 erit
2846 1521 2987 1576 vobis
3019 1522 3084 1576 de
3114 1523 3324 1589 visione,
3346 1530 3394 1576 et
3424 1532 3563 1576 tene-

1963 1605 2067 1661 brte
2111 1607 2251 1664 vobis
2303 1621 2450 1665 erunt
2501 1629 2565 1667 ex
2611 1613 2943 1681 divinatione,
2989 1623 3040 1670 et
3074 1615 3273 1669 occidet
3298 1615 3378 1671 sol
3404 1630 3561 1688 super

1961 1700 2260 1773 prophetas,
2292 1713 2339 1757 et
2367 1703 2658 1760 obscurabit
2684 1724 2837 1778 super
2863 1723 2949 1763 eos
2978 1708 3087 1762 dies
3118 1708 3330 1763 luminis
3366 1706 3558 1779 (Miclt.

1964 1808 2041 1859 ιιι,
2078 1792 2158 1867 ϐ).
2193 1795 2329 1852 lluic
2377 1798 2576 1867 pepulo
2623 1814 2687 1855 ex
2737 1802 2943 1856 Austro
2983 1803 3346 1857 comminatur
3390 1800 3559 1866 Deus,

255 1893 410 1949 enim
455 1907 578 1949 esse
606 1899 824 1948 montes
850 1891 1048 1958 malos,
1086 1890 1221 1946 dicit
1248 1891 1529 1961 Scriptura
1563 1904 1577 1941 :
1611 1885 1856 1957 Transfe-
1888 1883 1933 1943 Β
1961 1885 2100 1942 sicut
2129 1903 2226 1958 per
2257 1890 2596 1947 Ezechielctn
2631 1893 2771 1949 Soor
2803 1894 3072 1964 increpat,
3103 1894 3293 1950 dicens
3332 1910 3347 1949 :
3390 1893 3563 1964 Spiri—

254 1996 441 2042 rentur
465 1995 660 2041 montes
684 1990 741 2040 in
764 1986 920 2044 corde
958 1985 1115 2041 maris
1139 1984 1312 2055 (Psal.
1347 2000 1473 2049 xcv,
1506 1983 1583 2052 '5).
1613 1980 1815 2037 lterum
1841 1997 1854 2034 :

256 2076 628 2133 Fundamenta
645 2080 894 2133 montium
910 2079 1210 2135 conturbata
1220 2089 1361 2140 sunt,
1385 2087 1431 2133 et
1450 2083 1855 2137 commotasunt,

260 2173 506 2240 quoniam
524 2174 691 2227 iratus
713 2181 788 2227 est
812 2171 951 2228 Deus
973 2171 1149 2245 (Psal.
1175 2188 1306 2236 χιιι,
1325 2168 1405 2243 8).
1423 2169 1558 2226 Nam
1587 2178 1641 2225 et
1659 2183 1858 2238 Corpus

263 2264 501 2331 Domini,
522 2268 575 2322 id
602 2276 709 2332 est,
737 2266 1003 2333 Ecclesia,
1027 2282 1182 2323 mons
1202 2266 1399 2323 dicitur
1423 2283 1436 2320 :
1462 2274 1517 2322 et
1540 2264 1737 2337 singuli
1765 2263 1857 2334 qui

256 2356 526 2428 Ecclesia,
554 2359 757 2416 faciunt
783 2359 1171 2427 tttontes,sicnt
1191 2360 1451 2428 SCtipltttll
1472 2370 1556 2414 est
1585 2373 1600 2411 :
1631 2356 1741 2429 Ego
1761 2373 1861 2411 att-

254 2464 358 2509 tem
369 2459 678 2511 constitutus
687 2473 799 2512 sum
814 2473 905 2511 rea:
913 2457 978 2511 ab
990 2474 1069 2518 eo.
1086 2473 1238 2527 super
1251 2456 1287 2512 S
1295 2458 1378 2511 iou
1393 2466 1612 2510 montem
1624 2463 1859 2508 sanctum

251 2551 390 2622 ejus,
417 2552 740 2605 annuntians
763 2551 981 2621 imperia
1007 2552 1119 2624 ejus
1139 2547 1311 2622 (Psul.
1339 2563 1406 2613 ll,
1427 2547 1505 2621 6).
1529 2546 1597 2602 Et
1620 2547 1818 2603 iterum
1841 2564 1854 2600 :

256 2640 489 2698 Perdant
510 2645 746 2716 Assyrios
766 2646 820 2700 in
846 2656 983 2700 terra
999 2661 1133 2711 mea,
1161 2657 1208 2700 et
1225 2644 1279 2698 in
1296 2642 1551 2698 montibus
1577 2643 1699 2698 meis
1718 2640 1855 2711 (Isa.

258 2752 373 2801 ιιν,
396 2738 517 2809 25).
543 2739 606 2795 Et
629 2742 824 2796 iterum
850 2740 1187 2808 :Suscipiant
1208 2748 1402 2794 utentes
1434 2752 1610 2808 pacem
1639 2736 1853 2809 populo,

254 2841 303 2886 et
329 2833 489 2887 colles
506 2834 766 2905 justitiam
792 2832 967 2903 (Psal.
995 2849 1140 2899 LXXI,
1163 2832 1255 2901 5).
1285 2833 1351 2888 Et
1376 2832 1572 2887 iterum
1603 2848 1618 2884 :
1655 2830 1856 2884 Montes

251 2926 591 2982 exsultabant
634 2928 768 2982 celat
819 2928 1022 2993 arietes,
1070 2935 1117 2983 et
1161 2926 1317 2981 colles
1355 2927 1491 2981 velut
1527 2924 1650 2999 agni
1686 2927 1855 2979 ouium

255 3016 453 3090 (Psal.
495 3034 651 3086 cxut,
681 3020 762 3091 4).
814 3021 953 3075 Deus
976 3021 1030 3076 in
1066 3032 1251 3075 monte
1278 3019 1408 3075 Sion
1443 3019 1608 3073 habet
1642 3015 1853 3083 sedem,

250 3123 305 3167 et
338 3113 393 3166 in
441 3114 719 3168 montibus
759 3112 949 3180 lsrael,
994 3124 1045 3170 et
1099 3113 1150 3168 in
1201 3113 1434 3169 nubibus
1463 3110 1665 3166 sanctis
1694 3111 1851 3165 suis:

251 3205 399 3275 quod
427 3214 518 3260 est
564 3206 829 3263 Ecclesia.
878 3205 1150 3278 Scriptum
1198 3214 1279 3261 est
1330 3224 1342 3260 :
1391 3202 1586 3259 Timeat
1632 3219 1664 3256 a
1720 3201 1855 3273 [acie

1963 1988 2043 2034 tus
2084 1982 2262 2037 Austri
2289 1985 2523 2039 contriuit
2574 1993 2623 2040 te
2668 1985 2893 2058 (Ezeclt.
2948 2002 3116 2054 ssvu,
3160 1986 3288 2059 i6).
3332 1986 3383 2042 ls
3411 1986 3559 2042 enim

1963 2073 2311 2147 confringere
2342 2078 2641 2147 permittit,
2692 2078 2883 2136 dicens
2912 2098 2925 2135 :
2957 2078 3216 2153 Exsurge,
3260 2080 3477 2150 Aquilo,
3512 2087 3561 2133 et

1964 2168 2096 2233 veni,
2125 2170 2310 2224 Auster
2337 2187 2350 2224 :
2378 2173 2541 2246 per/la
2562 2172 2764 2228 hortum
2785 2184 2953 2240 tuum,
2977 2183 3024 2227 et
3047 2173 3273 2244 deﬂuant
3298 2180 3560 2243 unguenta

1964 2276 2073 2315 mea
2105 2260 2281 2331 (Cant.
2313 2279 2385 2328 tv,
2416 2264 2522 2337 t6).
2551 2268 2891 2338 lixsnrgcnte
2909 2267 3056 2321 enim
3083 2281 3314 2337 nequam
3338 2266 3557 2336 spiritu,

1964 2355 2171 2410 resistit
2200 2356 2440 2427 Spiritus
2466 2369 2709 2427 sanctus,
2741 2362 2832 2432 qui
2860 2361 3072 2416 Domini
3101 2364 3314 2415 hortum
3343 2357 3561 2431 perﬂat,

1962 2458 2015 2502 et
2043 2448 2320 2505 eliciuntur
2347 2462 2625 2526 unguenta,
2680 2454 2731 2508 id
2761 2463 2870 2521 est,
2919 2454 3058 2508 odor
3084 2454 3372 2509 suavitatis
3399 2450 3563 2507 υπατ-

1964 2546 2071 2595 tur.
2121 2542 2187 2597 Et
2232 2559 2329 2614 per
2360 2546 2729 2613 Ezechielem,
2783 2548 2925 2603 idem
2971 2562 3040 2603 ex
3088 2545 3338 2617 reliquiis
3376 2544 3563 2617 populi

1963 2637 2092 2690 mali
2117 2637 2198 2693 sic
2222 2638 2356 2695 diCil
2388 2644 2551 2705 Deus,
2590 2641 2848 2698 adducere
2893 2659 3046 2716 super
3081 2642 3330 2715 papulum
3368 2656 3558 2706 suum,

1963 2738 2172 2797 partem
2204 2731 2448 2801 ejusdem
2478 2735 2690 2804 populi,
2722 2734 2870 2804 quod
2896 2747 2981 2790 est
3010 2735 3329 2807 mysterium
3353 2733 3563 2789 facino-

1963 2817 2040 2874 ris
2069 2839 2082 2876 :
2114 2819 2253 2877 Ecce
2305 2840 2399 2895 ego
2435 2842 2592 2897 super
2636 2836 2684 2880 te
2720 2823 2868 2900 σου,
2921 2826 3207 2897 principem
3259 2823 3471 2880 Mogoclt
3512 2831 3562 2877 et

1960 2910 2121 2969 Tobel
2153 2931 2171 2969 .'
2201 2925 2250 2971 et
2276 2920 2594 2990 congregabo
2634 2928 2701 2987 te,
2730 2930 2778 2973 et
2806 2919 3069 2973 adducam
3113 2929 3182 2983 te,
3223 2927 3272 2973 et
3298 2934 3487 2991 ponam
3512 2925 3561 2972 te

1959 3023 1992 3060 a
2021 3009 2298 3064 nort'sst'mo
2338 3012 2614 3081 Aquilone,
2666 3022 2714 3066 et
2758 3014 3013 3066 adducam
3060 3028 3213 3083 super
3242 3021 3290 3065 te
3334 3019 3559 3065 montem

1958 3098 2130 3157 Israel
2151 3118 2171 3157 :
2192 3113 2240 3157 et
2268 3104 2482 3176 perdam
2511 3122 2692 3160 arcum
2718 3105 2783 3162 de
2814 3122 2969 3160 manu
2996 3113 3084 3159 tua
3104 3105 3337 3168 sinistra,
3380 3112 3431 3159 et
3471 3119 3562 3156 sa-

1957 3198 2111 3267 gillas
2139 3213 2253 3255 tuas
2282 3202 2347 3255 de
2377 3218 2533 3256 manu
2558 3200 2791 3266 dea-tera,
2816 3211 2862 3256 et
2894 3201 3137 3272 dejiciam
3166 3208 3215 3254 te
3241 3215 3396 3273 super
3413 3214 3562 3254 utan-

249 3295 469 3352 Doun‘ni
517 3301 684 3355 omnis
735 3311 872 3354 terra
919 3316 939 3355 :
980 3300 1221 3371 quoniam
1269 3298 1502 3369 exsurgit
1541 3296 1607 3351 de
1636 3292 1854 3349 nuln'bus
1883 3287 1931 3353 C
1960 3303 2034 3349 tes
2061 3292 2231 3351 Israel
2260 3295 2479 3370 (Eseclt.
2516 3313 2701 3364 sunt,
2739 3298 2879 3365 l-lt).
2933 3296 3046 3352 lloc
3094 3306 3277 3351 autem
3327 3295 3559 3366 geritur,

247 3390 643 3466 sanctis(Psal.
664 3408 834 3458 xsxn,
876 3392 956 3462 8).
995 3391 1220 3457 lterum,
1249 3391 1467 3445 nubibus
1489 3389 1766 3454 mandabo,
1795 3402 1860 3441 ne
1959 3404 1990 3444 a
2024 3387 2275 3459 passione
2308 3390 2521 3445 Domini
2556 3409 2567 3443 :
2601 3391 2962 3461 quoaduSque
3004 3390 3069 3444 de
3098 3388 3283 3446 medio
3310 3388 3559 3459 ejusdem

247 3484 435 3552 pluunt
454 3502 613 3551 super
640 3501 754 3539 eam
777 3485 988 3540 imbrem
1017 3483 1152 3556 (Isa.
1188 3501 1243 3547 v,
1299 3484 1376 3555 (ι).
1410 3482 1619 3539 lterum
1648 3500 1664 3538 τ
1698 3479 1856 3536 Nim-

253 3579 422 3635 htset
448 3579 605 3634 nubes
625 3580 678 3634 in
708 3580 926 3635 circuitu
953 3581 1067 3653 ejus
1091 3578 1109 3651 (
1135 3577 1285 3634 Psal.
1326 3593 1469 3646 xcrt,
1501 3575 1580 3649 9).
1617 3577 1686 3631 Et
1711 3572 1854 3644 quod

255 3668 314 3727 in
346 3681 526 3728 mente
567 3673 698 3730 Sion
740 3674 974 3741 hahitet,
1018 3679 1101 3729 sic
1126 3673 1259 3727 dicit
1302 3690 1316 3727 :
1350 3670 1701 3743 Cognoscetis,
1731 3672 1855 3739 quia

248 3785 349 3843 ego
373 3785 491 3823 sun.
516 3768 771 3824 Dominus
798 3767 938 3824 Deus
960 3780 1141 3833 vester,
1183 3767 1424 3822 habitans
1451 3768 1505 3821 in
1525 3765 1653 3822 Sion
1681 3773 1855 3819 monte

242 3876 428 3918 sancto
456 3879 570 3919 meo
597 3861 816 3936 (Ezech.
875 3878 1036 3927 xxxv,
1086 3860 1160 3940 5).
1200 3861 1270 3916 Ει
1300 3860 1554 3916 diabolus
1582 3859 1636 3914 iu
1669 3866 1854 3914 monte

244 3957 430 4022 sedet,
473 3957 570 4013 sed
596 3959 739 4022 Seir,
769 3959 861 4030 qui
887 3966 973 4014 est
998 3957 1166 4022 Esau,
1202 3958 1252 4012 id
1282 3966 1386 4021 est,
1418 3956 1644 4011 fratrum
1678 3955 1854 4010 malo-

243 4067 373 4107 rum
407 4068 421 4104 :
451 4068 612 4123 quem
641 4062 881 4108 montem
905 4054 1045 4108 Deus
1079 4053 1322 4122 increpat
1351 4067 1446 4122 per
1479 4051 1848 4115 Ezechielem,

240 4152 307 4199 et
334 4143 469 4199 dicit
495 4146 548 4200 in
578 4146 764 4201 laetitia
796 4145 1071 4203 universa:
1099 4158 1257 4201 terra:
1284 4146 1680 4209 desolaturntn,
1706 4143 1849 4215 quod

242 4236 539 4292 adversum
562 4237 728 4294 Israel
755 4237 1072 4295 inimicitias
1094 4252 1370 4295 exerceat.
1406 4239 1524 4307 Ipse
1551 4248 1636 4294 est
1664 4253 1848 4304 mons,

241 4330 355 4400 ipsi
387 4341 603 4385 montes
631 4330 939 4400 Aquilonis.
974 4332 1030 4387 In
1060 4332 1142 4387 llis
1165 4331 1417 4388 diabolus
1447 4331 1631 4397 sedet;
1657 4342 1706 4386 cl
1747 4348 1847 4385 utt-

240 4424 397 4480 binm
428 4424 743 4480 etelirelnti
788 4426 1124 4481 dominatur.
1184 4427 1481 4489 llactenus,
1532 4443 1585 4480 se
1630 4426 1849 4480 similem

240 4515 375 4571 dscit
399 4514 653 4572 altissimo
680 4514 818 4589 (Isa.
851 4534 958 4584 λιν,
996 4519 1110 4590 id).
1142 4520 1268 4575 Dum
1289 4528 1413 4574 sunt
1440 4530 1627 4592 partes
1658 4524 1709 4574 in
1743 4519 1848 4574 Ec-

239 4609 436 4677 clesia,
467 4609 644 4666 Austri
666 4620 717 4666 et
756 4610 1047 4682 Aquilonis,
1080 4612 1130 4666 id
1159 4619 1265 4677 est,
1299 4612 1597 4668 Meridiana
1630 4620 1686 4667 et
1712 4610 1847 4681 Sep-

1959 3480 2208 3551 mysterii
2256 3481 2515 3537 facinoris
2557 3482 2808 3538 di~cedat
2840 3482 3110 3548 Ecclesia,
3142 3499 3261 3552 qua:
3290 3482 3557 3548 detineat,

1959 3576 2101 3629 utin
2145 3582 2396 3645 tempore
2434 3593 2535 3631 suo
2584 3578 2873 3646 delegatur
2913 3577 3189 3646 impietas,
3236 3576 3381 3631 sicut
3430 3574 3564 3630 dicit

1956 3667 2252 3737 Apostolus
2293 3687 2306 3724 :
2340 3667 2409 3722 Et
2456 3686 2592 3723 nunc
2635 3669 2761 3741 quid
2801 3669 3052 3733 detineat,
3100 3669 3264 3735 scitis,
3296 3679 3350 3722 ut
3379 3668 3433 3722 in
3462 3683 3557 3722 suo

1954 3772 2183 3833 tempore
2205 3763 2472 3836 delegatur
2500 3780 2519 3819 :
2549 3763 2853 3836 Mysterium
2885 3766 3017 3820 enim
3045 3764 3149 3832 jam
3190 3781 3328 3819 nunc
3375 3781 3558 3837 opera-

1954 3867 2038 3913 tur
2060 3859 2350 3931 iniquitatis
2378 3875 2396 3914 :
2420 3870 2645 3925 tantum,
2682 3870 2735 3914 ut
2771 3861 2859 3930 qui
2890 3861 3124 3915 detinens
3159 3859 3351 3914 detinet
3377 3860 3553 3926 modo,

1953 3952 2115 4007 donec
2159 3955 2222 4007 de
2270 3955 2438 4008 medio
2481 3954 2596 4024 ﬁat.
2651 3952 2715 4007 Et
2760 3966 2880 4007 tunc
2905 3954 3219 4009 revelabitur
3248 3954 3338 4009 ille
3363 3952 3555 4021 impius

1952 4046 2037 4120 (ll
2063 4045 2244 4103 Thess.
2281 4064 2339 4113 ιι,
2377 4048 2541 4121 6-8).
2577 4047 2642 4103 Et
2681 4049 2732 4102 in
2766 4047 3039 4104 llieretnia
3072 4048 3329 4116 legimus,
3362 4062 3557 4117 pecea-

1954 4152 2101 4197 tores
2122 4142 2287 4199 Israel
2312 4144 2365 4197 in
2388 4144 2664 4211 Aquilone
2684 4158 3006 4208 eoaventrc,
3039 4143 3271 4196 Domino
3292 4139 3511 4196 dicente
3538 4157 3552 4194 :

1961 4237 2105 4292 Vade
2149 4250 2194 4291 et
2242 4239 2352 4309 lege
2392 4254 2653 4291 sermones
2698 4239 2825 4291 istos
2868 4238 2937 4290 ad
2966 4236 3307 4304 Aquilonem,
3341 4245 3388 4289 et
3419 4234 3503 4288 dic
3536 4248 3556 4291 ε

1952 4329 2258 4385 Convertere
2279 4331 2348 4383 ad
2370 4346 2469 4395 me,
2499 4330 2684 4383 domus
2710 4328 2896 4392 Israel,
2916 4328 3041 4382 dicit
3065 4327 3317 4382 Dominus
3335 4326 3552 4398 (larem.

1950 4440 2030 4490 ttt,
2062 4426 2143 4494 5).
2187 4424 2545 4479 Meridzanum
2586 4439 2717 4480 vero
2751 4440 2874 4493 pars
2904 4434 2990 4479 est
3024 4422 3278 4489 Domini;
3330 4421 3469 4477 sicut
3500 4429 3558 4475 et

1951 4517 2003 4572 in
2033 4518 2136 4572 Job
2175 4517 2441 4587 scriptum
2472 4528 2559 4574 est
2590 4534 2603 4573 :
2647 4516 2693 4571 Α
2740 4516 3033 4571 meridiana
3076 4526 3223 4586 parte
3248 4514 3556 4585 germinabit

1949 4611 2019 4666 ibi
2046 4612 2147 4665 rita
2195 4610 2356 4683 (Job.
2387 4626 2461 4673 nt,
2499 4613 2558 4666 l't'
2661 4610 2859 4681 Aquilo
2900 4608 3105 4665 diaboli
3136 4628 3150 4664 :
3185 4608 3428 4680 Utraque
3458 4624 3557 4662 au-

242 4703 621 4758 tentrioualis.
675 4702 728 4756 In
777 4713 929 4773 parte
974 4704 1297 4769 meridiana,
1347 4704 1611 4760 Dominus
1642 4716 1842 4760 tnanet.
1876 4682 1925 4741 ί)
1954 4711 2058 4757 tem
2096 4682 2242 4771 pars,
2277 4704 2325 4755 in
2356 4711 2470 4756 toto
2494 4682 2721 4756 mundo.
2753 4700 3066 4765 Ascendam,
3109 4699 3305 4770 inquit,
3348 4700 3506 4755 nubes
3536 4713 3557 4755 :

240 4794 524 4865 Scriptum
566 4806 693 4853 est:
724 4794 825 4853 Ubi
873 4799 1063 4869 pascis,
1113 4797 1199 4853 ubi
1238 4815 1414 4854 manes
1449 4799 1502 4854 in
1559 4798 1844 4854 meridiano

239 4885 443 4961 (Cant.
492 4904 533 4956 ι,
576 4887 674 4962 6)?
722 4891 979 4946 Diabolus
1010 4906 1164 4957 vero,
1207 4893 1262 4947 in
1293 4892 1651 4963 Aquilonem,
1703 4894 1849 4949 sicut

238 4980 390 5037 Deus
416 4982 552 5036 dicit
590 4983 793 5053 populo
821 4998 921 5038 suo
965 5002 980 5040 :
1010 4981 1171 5039 Illum
1200 5001 1478 5058 persequar
1506 4985 1570 5039 ab
1593 4987 1847 5056 Aquilone

237 5090 271 5126 ο
295 5071 457 5140 vobis,
489 5084 539 5129 et
564 5074 820 5148 expellam
845 5076 993 5132 illum
1011 5077 1063 5132 in
1089 5086 1226 5132 terra
1249 5078 1360 5133 sine
1390 5095 1545 5149 aqua,
1577 5080 1628 5134 id
1658 5091 1762 5145 est,
1792 5080 1844 5135 in

239 5183 413 5234 suos;
464 5178 516 5222 et
562 5169 906 5225 exterminabo
953 5172 1141 5241 facient
1190 5172 1301 5243 ejus
1349 5174 1405 5228 in
1435 5190 1575 5227 mare
1604 5177 1844 5243 primum,

242 5274 294 5318 et
330 5263 619 5335 posteriora
644 5266 757 5338 ejus
801 5265 855 5319 in
882 5281 1026 5320 mare
1071 5266 1423 5334 novissimum,
1468 5267 1615 5337 quod
1662 5277 1746 5322 est
1796 5268 1847 5322 in

242 5360 483 5429 populos
525 5359 735 5428 primos
764 5367 822 5414 et
853 5359 1187 5415 novissimos
1230 5357 1391 5433 (Joel.
1420 5376 1496 5428 XI,
1532 5360 1645 5431 10).
1672 5360 1851 5416 lnsmr

245 5450 530 5516 Ecclesiat,
576 5450 877 5507 fabricatus
920 5463 1003 5508 est
1052 5453 1157 5509 iste
1196 5453 1470 5521 tuendus,
1520 5456 1572 5510 in
1623 5472 1731 5524 quo
1755 5454 1850 5512 Sol

245 5543 456 5610 oriens,
489 5558 598 5598 non
641 5544 747 5600 nisi
778 5560 876 5615 per
912 5544 1194 5614 Austrum,
1241 5547 1293 5603 id
1339 5557 1449 5614 est,
1479 5549 1844 5605 meridianum

249 5636 353 5692 iter
392 5635 596 5703 habet;
643 5647 703 5693 et
741 5638 972 5695 decursa
1025 5638 1269 5696 Australi
1329 5654 1504 5711 parte,
1554 5642 1849 5698 invisibilis

252 5732 398 5787 vadit
419 5732 475 5787 in
518 5732 699 5788 locum
730 5748 890 5789 suum
920 5734 1163 5792 rediens.
1195 5735 1285 5793 Sic
1312 5749 1367 5792 et
1402 5738 1663 5793 Dominus
1705 5738 1849 5795 Dens

253 5823 960 5909 nosterlesus-Christus,
1007 5828 1101 5883 Sol
1150 5838 1389 5885 aeternus
1422 5841 1650 5901 partem
1694 5848 1846 5887 suam

257 5916 551 5997 percurrit,
576 5920 720 5979 unde
739 5928 795 5976 et
815 5921 1177 5982 meridianum
1199 5910 1379 5979 vocat.
1404 5924 1660 5993 Aquiloni
1693 5939 1847 5989 vero.

1951 4812 2041 4851 ero
2066 4796 2250 4851 similis
2278 4795 2565 4849 Altissimo.
2601 4792 2756 4848 Nunc
2784 4802 2955 4847 autem
2977 4794 3045 4848 ad
3062 4792 3260 4865 inferos
3281 4792 3556 4848 descendes

1951 4888 2004 4944 in
2059 4889 2398 4961 fundamenta
2450 4898 2620 4943 terrw.
2677 4888 2781 4956 Qui
2827 4887 3052 4942 viderint
3100 4897 3179 4952 te,
3233 4888 3555 4944 mirabuntur

1950 4998 2111 5050 super
2130 4994 2197 5047 te,
2227 4992 2274 5036 et
2301 4982 2515 5036 dicent:
2555 4980 2656 5036 llic
2699 4992 2773 5037 est
2803 4983 2954 5037 homo
2976 4983 3064 5050 qui
3095 4984 3316 5038 concitat
3338 4992 3549 5045 tetram,

1950 5085 2230 5130 commorat
2254 5090 2419 5147 reges,
2442 5076 2533 5144 qui
2556 5075 2698 5143 ponit
2718 5075 2891 5131 orbem
2914 5086 3066 5132 terra:
3086 5088 3250 5132 totum
3271 5076 3550 5129 desertum.

2024 5167 2298 5237 Numquid
2352 5169 2404 5222 in
2434 5168 2708 5222 diabolum
2760 5171 3041 5235 convenit,
3096 5170 3196 5236 Qui
3233 5167 3453 5223 uiderint
3481 5177 3551 5234 te,

1954 5262 2277 5318 mirabuntur
2327 5279 2482 5333 super
2529 5263 2615 5317 te?
2651 5265 2757 5319 Aut
2813 5266 2865 5319 in
2922 5280 3103 5335 regem
3152 5264 3550 5330 novissimum,

1953 5371 2073 5410 cum
2119 5354 2187 5408 ad
2241 5355 2436 5427 inferos
2487 5355 2806 5411 descendes?
2858 5356 2979 5425 Ipso
3031 5356 3178 5411 enim
3227 5355 3294 5411 ad
3345 5355 3555 5411 inferos

1955 5452 2347 5515 descendente,
2401 5465 2510 5506 non
2561 5453 2670 5506 erit
2712 5451 2805 5521 qui
2852 5451 3102 5516 tnirelur,
3149 5452 3348 5507 mundo
3378 5450 3551 5507 linito.

1954 5548 2073 5604 Non
2093 5547 2237 5604 enim
2267 5546 2451 5603 dicent
2478 5565 2491 5600 :
2523 5545 2627 5602 Hic
2652 5558 2725 5602 est
2748 5550 2901 5602 homo
2921 5550 3009 5622 qui
3036 5551 3313 5606 concitatit
3336 5561 3551 5617 terram,

1951 5659 2126 5717 reges,
2175 5652 2223 5697 et
2270 5644 2442 5713 posuit
2490 5641 2662 5697 orbem
2713 5654 2864 5698 terrte
2906 5654 3075 5699 totum
3118 5643 3554 5702 desertum:st

1951 5738 2155 5803 incitat,
2204 5746 2248 5793 et
2292 5746 2572 5793 commorat
2608 5748 2654 5791 et
2682 5737 2848 5807 ponit.
2883 5738 3170 5796 llomiuem
3201 5742 3347 5796 enim
3380 5748 3552 5796 totum

1952 5848 2150 5903 corpus
2177 5830 2317 5888 dicit
2345 5842 2451 5885 tam
2480 5832 2533 5885 in
2576 5831 2798 5903 regibus
2826 5848 2986 5905 quam
3022 5835 3074 5889 in
3108 5834 3365 5905 populis:
3396 5834 3555 5904 cujus

1956 5925 2196 5981 hominis
2241 5924 2462 5995 superbi
2508 5934 2721 5996 partem
2769 5940 2893 5985 cum
2925 5925 3068 5985 Deus
3114 5925 3370 5998 percutit,
3400 5934 3455 5982 et
3480 5924 3550 5981 ad
