4032 6436
276 365 341 427 Ol
1427 357 1629 416 LIBER
1672 355 1759 416 DE
1797 353 2068 415 SEPTEM
2110 353 2430 416 REGUUS.
3511 354 3582 411 63

280 479 510 550 habitat,
549 479 686 534 sicut
719 477 859 533 Deus
904 477 956 531 in
987 475 1154 532 cardo
1193 483 1505 530 sanctorum
1547 487 1768 529 suorum
1798 487 1878 529 ao-
1908 477 1959 537 Α
1989 475 2040 527 in
2088 474 2454 543 perditionem.
2497 474 2729 545 Aliqnos
2757 475 2902 532 enlin
2949 489 3060 531 non
3104 475 3160 530 in
3191 473 3585 545 perditionem,

279 575 391 630 det.
429 571 695 643 Popu'us,
723 572 776 624 in
798 568 952 624 corde
979 570 1162 629 maris.
1193 567 1244 622 id
1275 575 1378 632 est,
1415 569 1466 622 in
1491 569 1766 637 voluptate
1794 567 1879 623 rel

279 667 570 724 altitudine
593 663 779 720 saeculi
806 663 1030 726 baliitst,
1059 662 1273 717 stantia
1302 661 1411 716 alio
1434 661 1554 716 loco
1581 662 1710 717 dicit
1739 663 1879 717 Deus

279 758 453 817 eidem
484 758 690 815 cii-itali
715 773 729 813 :
774 757 980 814 Satiata
1020 766 1066 811 et
1097 756 1348 811 honorata
1378 773 1429 810 es
1459 755 1611 811 nimis
1645 757 1699 810 in
1729 758 1880 811 corde

277 854 457 909 inuris.
496 851 558 906 in
584 859 610 889 ³
637 865 736 922 qua
758 854 926 905 multa
941 851 1262 904 deduxerunt
1292 860 1341 904 te
1367 851 1586 921 remiges
1615 850 1721 904 tui:
1753 851 1879 919 Spi-

273 947 410 1001 ritus
439 945 611 1000 Austri
658 945 900 1000 contrivit
932 955 980 999 te
1019 943 1072 997 in
1104 943 1258 998 corde
1291 945 1450 998 maris
1496 945 1695 996 virtutis
1729 943 1876 1017 tuan]

275 1037 358 1094 Tu
381 1050 554 1093 autem
573 1040 726 1092 homo
742 1051 814 1098 es,
849 1048 894 1091 et
920 1052 1022 1090 non
1055 1034 1194 1090 Deus
1216 1035 1430 1108 (Eucti.
1458 1051 1626 1100 xxv",
1657 1035 1872 1106 25-26).

275 1130 350 1187 Et
378 1131 632 1185 diabolus
663 1131 716 1184 in
747 1130 966 1185 homine
987 1166 1002 1193 ,
1035 1131 1198 1183 homo
1225 1130 1404 1184 dictus
1435 1142 1522 1184 est
1550 1147 1562 1183 :
1595 1135 1732 1184 sicut
1766 1130 1874 1184 Du-

271 1226 460 1280 mlnus
499 1224 639 1279 dixit
669 1223 722 1277 in
757 1220 1058 1294 Evangrlio
1089 1241 1101 1277 :
1151 1221 1404 1277 Inimicus
1448 1225 1601 1276 Iconio
1629 1223 1724 1277 hoc
1756 1225 1876 1295 fecit

272 1314 488 1390 (Matth.
537 1331 651 1384 IIII,
675 1314 792 1387 ‘18).
830 1316 895 1371 Ει
941 1315 1333 1382 iltlcl‘prrlelus
1362 1326 1478 1380 cst,
1508 1316 1696 1372 dicens
1724 1334 1736 1371 :
1772 1316 1874 1384 Qui

270 1427 335 1467 ea
360 1414 602 1475 siminat,
649 1411 887 1466 diabolus
913 1413 990 1466 esi
1033 1409 1198 1481 (Ibid.
1225 1451 1238 1472 .
1272 1409 1388 1480 59).
1426 1410 1598 1465 llomt)
1629 1410 1829 1465 diaboli
1855 1449 1870 1477 ,

269 1505 419 1561 Deus
447 1519 569 1560 esse
610 1520 718 1559 non
752 1514 952 1572 potest.
988 1505 1282 1574 Propterea
1330 1505 1383 1558 in
1418 1511 1707 1574 utrumque
1738 1519 1870 1559 con-

269 1600 464 1654 venit:
500 1598 577 1652 Tu
603 1599 757 1653 homo
798 1614 870 1664 es,
899 1607 948 1652 et
989 1614 1089 1652 non
1124 1597 1282 1653 Deus.
1317 1597 1520 1652 Dedisti
1560 1613 1649 1652 cor
1691 1609 1868 1666 tuum,

270 1703 533 1760 tamquam
566 1709 655 1748 cor
699 1693 812 1748 Dei.
847 1693 1117 1764 Numquid
1142 1693 1427 1762 sapientior
1454 1710 1506 1748 es
1544 1703 1598 1746 tu
1624 1692 1872 1748 Daniels?

270 1787 334 1843 In
377 1787 595 1842 Daniele
619 1829 634 1854 ,
684 1794 857 1841 totum
898 1801 1100 1858 corpus
1145 1797 1233 1842 est
1265 1788 1522 1842 Ecclesiae
1557 1805 1569 1840 :
1603 1786 1728 1857 quia
1761 1802 1868 1841 non

1982 568 2078 622 sed
2106 582 2234 623 eum
2277 583 2374 637 spe
2402 569 2653 624 sanitatis
2681 570 3000 625 vulnerant.
3032 566 3103 624 Et
3132 569 3460 632 deponentis
3479 603 3496 630 ,
3526 565 3581 621 id

1981 672 2068 718 est
2091 699 2106 729 ,
2138 661 2540 718 humiliabnnt:
2571 671 2629 718 et
2671 664 2925 719 morieris
2965 673 3142 718 morte
3168 661 3578 717 vulneratorum

1980 752 2035 807 in
2081 752 2248 808 corde
2295 754 2479 809 maris.
2541 753 2659 810 Non
2703 755 2912 809 dzceret
2969 754 3291 819 vulnerato,
3346 749 3579 805 morieris

1980 857 2140 902 morte
2191 848 2575 902 vulneratorum
2599 863 2618 902 :
2649 848 2752 902 Diri
2783 847 2911 918 quia
2940 862 3046 902 non
3083 858 3276 914 aperte
3325 842 3580 898 vulnera-

1981 951 2086 1006 tur,
2115 954 2166 997 ct
2198 944 2465 997 moritur:
2498 943 2593 998 sed
2625 944 2741 1010 ipse
2778 950 2881 1000 est.
2915 940 2968 996 in
3001 939 3195 1008 quibus
3229 940 3571 992 vulneratur.

1983 1034 2252 1105 Numquid
2278 1051 2496 1089 narrans
2519 1033 2755 1090 narrabis
2777 1031 2831 1088 in
2859 1044 3134 1103 conspectu
3156 1029 3578 1100 interficiendum

1978 1138 2067 1184 te:
2104 1129 2244 1184 Dens
2270 1145 2384 1183 sum
2417 1130 2553 1200 ego?
2607 1127 2662 1184 Id
2691 1137 2805 1192 est,
2855 1125 3115 1196 tunnqnid
3149 1123 3317 1180 divini
3358 1121 3578 1193 generis

1981 1223 2149 1278 titulis
2175 1221 2404 1276 terrebis
2433 1236 2553 1287 eos,
2595 1219 2798 1291 quibus
2827 1218 3061 1273 tratlitns
3089 1217 3282 1283 lueris,
3324 1227 3428 1269 tam
3457 1213 3573 1285 spio

1978 1316 2248 1372 ritualiter
2269 1332 2429 1385 quam
2451 1314 2780 1369 carnaliter?
2801 1311 2881 1368 Tu
2903 1326 3022 1367 rero
3045 1311 3198 1366 homo
3221 1322 3380 1364 etnon
3405 1307 3570 1377 Deus,

1975 1411 2028 1464 in
2053 1407 2386 1463 multitudine
2438 1407 2914 1462 incircumcisoram
2944 1406 3206 1478 periturus
3255 1420 3309 1459 es
3337 1401 3572 1456 manibus

1974 1504 2262 1557 alienorum
2283 1519 2302 1558 .'
2325 1505 2446 1574 quia
2469 1520 2561 1576 ego
2584 1504 2806 1566 locutus,
2837 1501 2962 1556 dicit
2977 1499 3248 1554 Dominus.
3267 1495 3422 1554 Nunc
3439 1509 3570 1564 ape-

1975 1599 2106 1663 ruit,
2136 1613 2246 1670 qno
2286 1612 2488 1668 genere
2514 1609 2576 1652 se
2619 1597 2712 1652 ille
2757 1595 2902 1652 dicat
2931 1595 3138 1650 Deum:
3173 1593 3301 1648 dum
3334 1590 3571 1645 minatur

1974 1701 2027 1746 et
2056 1692 2108 1746 in
2139 1691 2484 1746 multitudine
2511 1688 3025 1746 incircutncisorum
3061 1687 3360 1756 periturum
3392 1681 3573 1737 mani-

1977 1787 2074 1842 bus
2099 1781 2442 1842 alienorum:
2478 1785 2623 1856 quod
2660 1801 2768 1840 non
2795 1783 3076 1849 convenit,
3119 1780 3224 1836 nisi
3258 1780 3309 1834 in
3335 1793 3459 1832 cum
3482 1775 3572 1845 qui

266 1891 454 1951 potest
479 1895 603 1935 esse
635 1881 837 1949 peccati
867 1881 1170 1949 sapientior
1199 1881 1252 1936 in
1285 1880 1518 1950 negotiis
1551 1883 1698 1946 vitm,
1728 1882 1871 1936 sicut
1904 1880 1944 1939 Β
1973 1883 2078 1936 sibi
2125 1881 2484 1937 circumcisus
2529 1879 2763 1935 videtur.
2794 1878 2914 1933 Rex
2943 1879 3087 1932 enim
3133 1875 3283 1946 Tyri,
3336 1884 3567 1928 mortem

268 1975 365 2030 ille
381 1977 682 2046 Sapientior
709 1986 792 2030 est
820 1977 872 2030 in
894 1987 1164 2047 suoquatn
1199 1974 1466 2030 liliilucis.
1497 1975 1680 2029 Potest
1706 1977 1868 2032 etiam

269 2069 326 2122 in
355 2073 594 2138 speciem
643 2070 980 2124 convenire:
1035 2069 1294 2140 quoniam
1347 2069 1534 2124 uariat
1563 2072 1870 2139 specialiter

274 2163 558 2218 contundit
589 2178 770 2234 regem
802 2159 1116 2236 Babylonis,
1148 2163 1202 2220 in
1227 2166 1478 2236 ligurum,
1504 2169 1595 2237 qui
1624 2161 1869 2236 Prolilte-

284 2258 396 2311 tico
423 2257 619 2327 spiritu
651 2270 833 2328 regem
857 2259 1151 2329 superbum
1178 2260 1247 2312 ad
1275 2258 1680 2314 confessionem
1714 2263 1873 2316 unius

275 2349 394 2417 Dei,
427 2349 810 2405 Ecclesiastica
842 2353 1132 2420 majestate
1173 2358 1499 2420 prostravit;
1534 2353 1622 2422 qui
1655 2352 1870 2408 ciuiles-

269 2443 432 2498 sicne
461 2457 678 2500 suarum
710 2444 996 2509 virtutum,
1039 2457 1094 2500 et
1121 2445 1329 2501 cmlesti
1362 2447 1658 2517 sapientia,
1697 2447 1873 2519 Baby-

269 2536 419 2592 IOnis
440 2533 863 2606 superetitlonrs
888 2539 1108 2594 evertit.
1134 2540 1411 2608 Sapientes
1437 2551 1484 2594 te
1505 2538 1532 2578 ι’
1564 2558 1666 2594 non
1688 2558 1874 2615 argue—

269 2642 394 2686 runt
421 2633 676 2704 sapientia
703 2645 812 2687 tua.
842 2631 960 2689 Non
1000 2635 1174 2689 solum
1205 2635 1352 2689 enim
1399 2635 1583 2691 Daniel
1614 2635 1832 2705 sapiens
1855 2676 1870 2704 ,

265 2726 370 2783 sed
403 2729 568 2782 etiam
619 2737 732 2784 tres
764 2729 936 2798 pueri,
994 2732 1086 2799 qui
1117 2745 1298 2800 regem
1353 2741 1407 2784 et
1451 2745 1615 2786 ornne
1646 2747 1870 2801 regnum

266 2822 392 2890 ejus
419 2831 544 2876 eum
577 2821 710 2893 ipsls
739 2823 843 2877 dlis
867 2824 1002 2890 suis,
1035 2839 1202 2879 unum
1228 2826 1518 2880 Dominum
1549 2829 1868 2896 assereudo,

266 2917 449 2970 eodem
480 2915 589 2970 Deo
617 2926 886 2986 prmsettle
916 2919 1302 2974 cuttlttdorunt.
1334 2919 1504 2974 Iidem
1537 2936 1678 2975 nunc
1702 2936 1872 2992 usque

265 3010 610 3076 generaliter
655 3009 897 3080 ejusdem
950 3021 1058 3064 tatu
1113 3024 1536 3081 extrrtiasqttas
1587 3014 1872 3066 intestinas

269 3102 584 3172 Babylonis,
618 3103 820 3160 lumine
849 3106 1091 3159 veritatis
1111 3104 1483 3170 disrumpunt.
1520 3103 1788 3174 Numquid
1818 3107 1870 3160 in

267 3197 488 3250 scientia
531 3205 641 3262 tua,
687 3210 778 3251 aut
822 3199 1076 3269 sapientia
1130 3209 1219 3253 tua
1249 3199 1417 3269 fecisti
1447 3198 1539 3252 tibi
1590 3203 1867 3265 rirtumn,

1974 1977 2148 2031 solam
2186 1977 2358 2047 potuit
2387 1976 2580 2030 timere
2606 1993 2618 2027 :
2679 1972 2866 2028 Nonne
2897 1989 2927 2026 a
2953 1970 3293 2035 circumcisis,
3324 1979 3416 2023 aut
3444 1981 3569 2022 cunt

1974 2072 2054 2127 eis
2094 2081 2422 2127 mereretur.
2469 2070 2535 2124 Et
2583 2074 2754 2141 factus
2795 2079 2868 2124 est
2912 2083 3078 2123 sermo
3111 2064 3323 2121 Domini
3351 2064 3419 2119 ad
3447 2078 3526 2117 me
3551 2097 3570 2130 ,

1973 2166 2147 2220 dicens
2174 2183 2186 2219 :
2218 2163 2328 2219 Fili
2355 2164 2576 2220 hominis
2602 2164 2777 2236 accipe
2803 2163 3080 2216 laniculum
3109 2174 3266 2227 super
3284 2159 3570 2229 principem

1978 2260 2123 2332 Tyri,
2155 2271 2204 2315 et
2228 2261 2313 2314 die
2339 2261 2456 2314 illi:
2490 2257 2618 2314 Hoc
2645 2258 2773 2312 dicit
2801 2255 3097 2310 Dominus:
3125 2253 3206 2310 Tu
3238 2269 3291 2307 es
3321 2253 3570 2323 signacu-

1975 2359 2081 2413 lum
2123 2357 2501 2422 similitudinis,
2551 2365 2598 2409 st
2641 2363 2834 2408 corona
2883 2351 3084 2406 decoris
3111 2351 3164 2403 in
3197 2349 3442 2418 paradiso
3469 2343 3572 2402 Dei

1975 2450 2138 2520 fuisti.
2173 2447 2445 2519 Numquid
2475 2447 2694 2502 diabolo
2723 2446 2899 2501 lactus
2928 2461 2988 2500 es
3019 2442 3321 2513 par-adiens,
3368 2452 3424 2494 ut
3457 2440 3574 2509 ipso

1974 2544 2120 2615 quod
2159 2544 2472 2615 paradisum
2506 2541 2804 2614 perdidt-rit
2829 2581 2843 2605 ,
2881 2539 3227 2610 increpetur?
3257 2538 3430 2593 llumo
3472 2534 3574 2591 fuit

1973 2636 2027 2690 in
2057 2636 2266 2692 deliciis
2297 2635 2554 2705 paradisi,
2591 2637 2706 2707 ipse
2735 2643 2821 2691 est
2841 2634 3169 2707 signaculum
3192 2629 3571 2696 similitudinis,

1973 2729 2063 2800 qui
2089 2729 2155 2783 ad
2190 2728 2604 2784 similitudinem
2642 2727 2735 2782 Dei
2763 2726 2940 2781 lactus
2963 2737 3065 2781 est.
3104 2725 3450 2798 Signaculum
3479 2737 3576 2777 au-

1974 2833 2080 2879 tem
2111 2824 2180 2878 ad
2209 2825 2446 2878 det-orem
2476 2823 2644 2879 dixit:
2671 2822 2811 2878 sicut
2849 2837 2944 2890 per
2976 2822 3234 2891 Aureum
3265 2816 3575 2874 dimicanti-

1975 2919 2075 2974 bus
2105 2919 2264 2987 hujus
2290 2917 2580 2972 adversum
2623 2931 2683 2972 se
2712 2915 2968 2970 fratribus
2999 2915 3268 2984 promittit
3299 2913 3442 2967 Deus
3475 2911 3577 2966 Ec-

1973 3015 2156 3070 clesiae
2178 3055 2192 3080 ,
2250 3013 2473 3068 dicens:
2528 3010 2641 3084 Ego
2677 3009 3003 3065 commovebo
3056 3009 3238 3064 coelum
3269 3016 3315 3061 et
3347 3015 3570 3073 terram,

1973 3125 2116 3163 mare
2142 3118 2187 3162 et
2218 3107 2460 3172 aridam;
2508 3115 2553 3159 et
2584 3115 2878 3159 convertam
2917 3118 3098 3159 currus
3129 3113 3176 3158 et
3225 3117 3466 3156 cessares.
3503 3097 3572 3156 El

1973 3200 2280 3256 descendent
2317 3199 2430 3270 equi
2471 3209 2518 3252 et
2549 3214 2772 3252 sessores
2795 3213 2972 3252 eorum
3001 3195 3353 3265 unusquisque
3381 3195 3432 3247 in
3459 3195 3573 3266 glao

265 3299 314 3342 et
365 3303 555 3344 aurum
605 3302 650 3343 et
679 3302 945 3364 argentum
997 3293 1252 3346 thesauris
1292 3294 1439 3347 tuis?
1484 3293 1756 3358 Numquid
1809 3296 1861 3349 in
1895 3277 1940 3341 C
1972 3298 2058 3351 dio
2079 3296 2147 3349 ad
2165 3298 2568 3368 fratremsuum.
2599 3291 2664 3346 lu
2686 3291 2878 3346 dieillo
2895 3291 3017 3344 dicit
3041 3288 3299 3343 Dominus
3321 3287 3564 3353 omnipo-

265 3384 434 3436 ntnlta
478 3385 712 3448 scientia,
763 3395 854 3439 aut
884 3387 936 3439 in
983 3398 1208 3442 mercatu
1253 3399 1343 3440 tuo
1382 3389 1740 3459 mnltiplicasti
1773 3390 1864 3444 tibi

267 3477 502 3530 uirtutem
529 3477 717 3530 tuam?
745 3487 798 3532 et
826 3479 1122 3533 exaltatum
1162 3490 1246 3534 est
1273 3496 1370 3534 cor
1400 3490 1551 3534 tuum
1583 3483 1634 3534 in
1670 3483 1866 3537 virtute

271 3576 388 3620 tua.
422 3567 613 3622 Putant
658 3571 800 3624 enim
833 3572 1054 3640 superbi
1087 3582 1142 3628 et
1189 3573 1572 3628 beneﬁciorum
1621 3576 1867 3646 omnipo-

277 3662 543 3718 tentisDei
561 3665 785 3734 ingrati,
815 3681 911 3721 sua
933 3665 1128 3722 \irtute
1149 3669 1349 3739 aliquid
1367 3685 1548 3739 posse.
1575 3683 1623 3723 ct
1650 3673 1868 3740 sapien-

271 3756 344 3811 tia
369 3757 550 3820 ditari,
577 3761 887 3816 nescientes
914 3763 1176 3831 scriptum
1205 3779 1356 3819 esse:
1389 3764 1509 3818 Non
1535 3768 1725 3820 let-ibus
1749 3784 1870 3822 cnr-

263 3865 399 3917 sus,
458 3863 562 3904 non
612 3853 836 3919 {ortibus
891 3855 1173 3925 pretium,
1231 3873 1395 3926 neque
1449 3859 1671 3923 sapienti
1716 3861 1867 3927 panis

264 3941 453 4013 (Eccl.
485 3959 562 4010 Ix,
592 3945 651 4000 11
678 3943 721 4014 ).
755 3946 822 4001 Ει
865 3946 1102 4002 iterum;
1137 3947 1403 4018 Numquid
1450 3953 1867 4020 magni/imbitur

260 4038 462 4091 securis
490 4037 604 4092 sine
643 4043 908 4093 concisore
936 4040 954 4110 (
979 4040 1089 4095 lsa.
1124 4058 1176 4106 χ,
1215 4043 1281 4098 15
1303 4044 1362 4114 )?
1391 4043 1459 4098 Et
1509 4061 1616 4099 non
1645 4041 1898 4116 quidem.

261 4131 627 4200 prudentibus
665 4133 868 4188 diritim
895 4177 910 4197 ,
940 4146 996 4190 et
1028 4153 1132 4191 non
1167 4139 1463 4194 scicntituus
1507 4150 1702 4211 gratia.
1741 4143 1865 4198 lltec

257 4228 410 4284 enim
443 4244 552 4285 non
577 4241 701 4286 sunt
735 4234 787 4288 in
815 4245 1003 4289 nostra
1041 4246 1330 4304 potestate,
1357 4239 1450 4292 sed
1480 4255 1507 4292 a
1545 4241 1653 4294 Deo
1679 4243 1868 4298 conle-

257 4331 483 4377 runtur.
515 4322 656 4391 Quid
680 4327 815 4380 enim
857 4327 1036 4388 habes,
1065 4330 1204 4398 quod
1231 4345 1333 4384 non
1375 4333 1658 4400 accepisti?
1680 4333 1740 4388 Si
1773 4352 1869 4389 au-

259 4423 364 4468 tem
397 4415 667 4485 accepisti,
708 4420 835 4488 quid
864 4421 1143 4491 gloriaris,
1176 4433 1438 4492 tamquam
1467 4441 1568 4480 non
1610 4429 1868 4496 acceperis

255 4506 321 4575 (I
352 4502 476 4562 Cor.
529 4522 604 4572 tv,
640 4509 751 4581 7)?
783 4512 848 4566 Et
886 4514 1082 4569 iterum
1111 4533 1122 4566 :
1158 4513 1280 4570 Non
1324 4519 1574 4588 glorietur
1621 4521 1826 4589 sapiens
1849 4564 1864 4590 ,

255 4600 319 4654 in
345 4602 604 4670 sapientia
632 4619 727 4658 sua
757 4602 986 4677 (lerant.
1018 4621 1092 4668 ll.
1118 4607 1190 4663 35
1209 4607 1252 4679 ).
1295 4607 1578 4674 Pronterea
1602 4613 1711 4668 licet:
1743 4615 1867 4669 dicit

1971 3403 2114 3456 tens,
2167 3391 2420 3460 accipiam
2463 3398 2510 3443 te
2537 3387 2825 3442 Zorobabel
2857 3388 3026 3455 [illam
3051 3383 3330 3447 Salathii-l,
3369 3398 3570 3437 servum

1969 3496 2209 3550 trienni,“
2224 3499 2410 3557 ponam
2427 3494 2474 3538 te
2487 3483 2831 3552 signaculum,
2846 3484 3088 3552 quoniam
3105 3492 3152 3535 te
3166 3478 3444 3550 elegi,dtcit
3466 3477 3571 3530 Do-

1970 3581 2137 3632 minus
2156 3579 2497 3647 omnipowns.
2533 3575 2838 3641 Zorobabel,
2866 3591 3029 3630 omne
3053 3589 3254 3644 corpus
3267 3572 3571 3643 est(Aggtr.i

1969 3688 2036 3736 II,
2069 3672 2272 3738 22-2‘;
2311 3669 2456 3725 Eccl.
2495 3683 2646 3737 xm,
2688 3670 2793 3742 l5).
2831 3669 3042 3724 Etenim
3077 3669 3272 3725 exinde
3301 3682 3568 3737 nusquam

1970 3767 2201 3838 legimus
2229 3782 2384 3820 CMIIH
2411 3776 2562 3821 otum
2587 3779 2750 3836 supra
2779 3781 2841 3820 se
2873 3765 3089 3820 venisse
3111 3763 3437 3818 Zorobabel.
3473 3761 3568 3817 llic

1970 3873 2143 3915 estex
2190 3861 2333 3914 tribu
2363 3859 2520 3926 iuda,
2566 3862 2657 3931 qui
2711 3861 2810 3914 sub
2853 3859 3016 3914 Dario
3048 3859 3247 3913 meruit
3294 3856 3568 3912 aediﬁcare

1970 3953 2336 4009 Hierusalem.
2371 3952 2491 4024 ipse
2522 3969 2740 4025 quoque
2769 3954 2819 4008 in
2853 3955 3024 4024 ﬁgura
3071 3952 3314 4008 intulerit
3345 3953 3568 4008 domum

1977 4047 2096 4110 Dei,
2131 4057 2184 4102 et
2218 4048 2445 4116 perfecit
2486 4048 2631 4101 sicut
2673 4046 2816 4100 idem
2862 4046 3122 4101 Dominus
3162 4045 3295 4101 dicit
3329 4063 3342 4100 :
3378 4043 3573 4100 Manus

1969 4138 2256 4194 Zorobabel
2309 4140 2661 4206 {undarerunt
2700 4140 2907 4192 domum
2956 4140 3113 4205 hanc,
3167 4149 3210 4192 et
3244 4154 3427 4191 manus
3457 4139 3572 4210 ejus

1970 4236 2237 4304 perﬁcient
2263 4251 2372 4288 eam
2403 4233 2609 4306 (Zuclt.
2645 4250 2716 4299 tv,
2750 4235 2805 4288 9.
2833 4234 2850 4302 )
2880 4234 3034 4300 Quod
3067 4242 3150 4287 est
3175 4243 3357 4287 autem
3381 4231 3569 4301 signa-

1969 4327 2152 4382 culum
2184 4326 2287 4381 lioe
2325 4335 2383 4381 et
2407 4341 2610 4380 corona
2655 4325 2882 4394 speciei,
2930 4326 3072 4380 sicut
3112 4326 3256 4381 Dens
3303 4323 3574 4395 promittit

1972 4420 2232 4475 Ecclesiae
2275 4419 2500 4476 dicens:
2546 4417 2797 4474 Videbunt
2842 4429 3015 4489 gentes
3037 4420 3295 4493 justitiam
3333 4432 3496 4484 tuam,
3522 4428 3571 4475 at

1969 4530 2116 4585 reges
2143 4514 2431 4569 claritatem
2463 4523 2625 4578 tuam,
2659 4524 2708 4568 et
2737 4513 2990 4568 uocabunt
3021 4528 3207 4566 nomvn
3233 4521 3377 4566 tuum
3395 4551 3410 4575 ,
3431 4511 3571 4575 quod

1972 4607 2228 4663 Dominus
2256 4610 2560 4663 nominavit.
2589 4607 2617 4663 Ι
2626 4609 2739 4662 llud
2775 4609 2869 4664 erit
2898 4624 3089 4662 corona
3112 4609 3299 4679 speciei
3331 4609 3383 4662 in
3409 4623 3570 4662 manu

257 4691 563 4749 Dominus:
599 4695 860 4763 Quoniam
903 4699 1091 4754 dedisti
1123 4717 1214 4754 cor
1242 4711 1408 4769 tuum,
1444 4705 1578 4760 sicut
1615 4723 1703 4760 cor
1730 4707 1866 4764 Dei:
1892 4684 1944 4745 D
1973 4703 2204 4769 Domini,
2238 4713 2286 4758 et
2316 4702 2560 4757 diadema
2599 4702 2746 4775 regni
2779 4703 2830 4756 in
2861 4718 3016 4756 manu
3045 4699 3144 4755 Dei
3176 4703 3270 4755 tui.
3308 4699 3383 4756 Tu
3413 4701 3572 4756 etiam

259 4784 574 4857 Propterea,
605 4805 720 4843 ecce
742 4807 836 4860 ego
864 4791 1055 4847 induco
1083 4809 1238 4866 super
1266 4806 1314 4849 te
1350 4796 1568 4864 alienos,
1601 4811 1766 4872 pestes
1802 4818 1865 4856 ra:

255 4883 498 4955 gentibus
521 4899 541 4938 :
582 4893 628 4937 et
655 4887 955 4942 exinanient'
983 4889 1186 4960 gladios
1211 4906 1334 4944 suos
1361 4909 1516 4962 super
1548 4906 1613 4962 te,
1642 4907 1689 4948 et
1709 4912 1866 4966 super

254 4975 500 5031 decorem
520 4979 748 5033 scientia:
777 4989 898 5035 true.
933 4983 949 5052 (
970 4980 1158 5037 Esrclt.
1187 5000 1380 5050 xxvru,
1415 4987 1468 5050 7,
1503 4986 1593 5059 8).
1631 4988 1744 5042 Etsi
1773 5003 1864 5058 po-

257 5077 370 5124 test
397 5071 449 5123 in
497 5071 737 5140 speciem
789 5076 1114 5141 convenire,
1147 5077 1292 5147 quod
1341 5094 1501 5149 reges
1547 5082 1734 5137 saeculi
1771 5098 1865 5152 per

255 5175 413 5217 suam
465 5163 798 5230 superbiam,
847 5165 1101 5222 dominos
1129 5183 1190 5224 se
1236 5171 1496 5241 appellari
1544 5175 1858 5242 patiuntur;

255 5265 441 5310 tamen
493 5257 596 5312 hoc
625 5273 843 5329 quoque
883 5261 1135 5317 convenit
1174 5263 1224 5316 in
1274 5279 1468 5334 genus.
1523 5265 1863 5337 Frequenter

255 5353 408 5407 enim
441 5353 650 5408 inducit
703 5353 845 5409 Deus
896 5355 950 5409 itt
1009 5356 1314 5412 Ecclesium
1370 5359 1704 5429 alienigenas
1738 5403 1752 5428 ,
1807 5373 1862 5420 cI

256 5447 463 5503 multos
493 5449 545 5503 in
603 5461 779 5504 morte
808 5451 1077 5506 vulnerat.
1131 5454 1238 5508 Sed
1287 5454 1450 5508 etiam
1482 5459 1692 5511 occulta
1741 5474 1862 5526 per-

258 5545 544 5598 secutione
597 5544 798 5600 multos
843 5545 1054 5602 inducit
1097 5563 1163 5603 ex
1211 5550 1465 5618 gentibus
1494 5592 1507 5615 ,
1563 5552 1613 5605 in
1661 5554 1858 5623 quibus

260 5645 434 5691 tentet
479 5637 737 5708 populum
771 5651 953 5704 suum,
987 5650 1040 5694 et
1071 5641 1285 5697 occidat
1315 5657 1546 5714 nequam
1577 5660 1675 5715 per
1705 5646 1857 5701 siml-

261 5726 376 5794 les,
409 5729 490 5786 sic
541 5729 904 5788 Mattbatiatu.
952 5730 1023 5788 Et
1066 5735 1410 5793 uulnerabant
1450 5738 1686 5796 decorem
1715 5753 1860 5796 tuum

335 5921 363 5951 -
402 5910 729 6006 μςοζαφω.

1969 4813 2070 4852 non
2101 4796 2359 4850 vocaberis
2395 4795 2675 4850 derelicta:
2705 4806 2750 4850 et
2774 4805 2910 4849 terra
2933 4806 3022 4850 tua
3057 4811 3160 4849 non
3187 4795 3453 4850 vocabitur
3480 4793 3573 4849 do-

1967 4901 2126 4945 serta.
2164 4888 2276 4944 Tibi
2316 4889 2473 4943 etiam
2501 4903 2686 4943 nomen
2729 4889 2995 4943 vocabitur
3021 4929 3036 4954 ,
3071 4889 3309 4943 voluntas
3341 4904 3472 4954 mea,
3516 4895 3565 4942 et

1967 4995 2104 5041 terra
2145 4995 2234 5039 tua
2271 4983 2408 5038 orbis
2442 4995 2694 5038 terrarum
2730 4981 2880 5056 (lsa.
2907 4998 3014 5038 uit
3039 5023 3056 5048 ,
3091 4980 3247 5053 2-4.)
3279 4981 3450 5036 ιΙοιιιο
3480 4987 3568 5036 est

1965 5080 2148 5150 itaque
2180 5077 2519 5148 signaculum
2551 5077 2952 5142 similitudinis,
2993 5087 3046 5131 et
3075 5090 3279 5131 corona
3312 5073 3517 5146 speciei
3549 5091 3562 5128 :

1965 5174 2120 5244 Cujus
2151 5188 2300 5243 pars,
2350 5172 2402 5226 in
2442 5171 2562 5241 ipso
2589 5171 2793 5227 decore
2835 5170 3032 5226 divina:
3083 5169 3480 5237 similitudinis,
3510 5177 3566 5225 et

1965 5269 2178 5325 deliciis
2205 5267 2464 5340 paradisi.
2497 5267 2550 5322 id
2583 5277 2686 5335 est,
2725 5267 2983 5322 Ecclesize
3016 5274 3350 5336 perseverat.
3379 5265 3566 5321 Altera

1964 5379 2094 5420 vero
2126 5377 2270 5433 pat's,
2304 5377 2372 5418 ne
2422 5363 2473 5417 in
2503 5369 2768 5417 internum
2808 5365 2977 5425 vivat,
3009 5359 3148 5414 inter
3197 5359 3368 5428 ipsam
3398 5369 3564 5429 atque

1963 5458 2212 5514 arborem
2264 5455 2408 5520 vita),
2463 5455 2748 5511 ﬂanimeus
2791 5452 2942 5509 ensis
2983 5452 3256 5508 ενυιιίιιιτ
3287 5450 3444 5518 (Gen.
3479 5466 3566 5517 III,

1964 5551 2082 5618 ἓξ).
2111 5550 2278 5605 Adam
2311 5565 2566 5618 namque,
2599 5549 2735 5603 sicut
2767 5547 3066 5618 Apostolus
3086 5547 3233 5613 dicit,
3261 5550 3443 5602 umbra
3473 5548 3528 5614 fit
3548 5575 3562 5586 -

1967 5646 2072 5701 turi
2099 5655 2174 5700 est
2198 5643 2380 5718 (llum,
2407 5659 2461 5705 ν,
2495 5641 2606 5713 Il).
2636 5643 2724 5696 Sic
2754 5653 2806 5696 ct
2833 5640 2884 5696 lii
2911 5639 3129 5709 fratres,
3158 5642 3365 5697 divisus
3395 5649 3480 5695 est
3511 5639 3571 5693 in

1967 5740 2100 5798 Cain
2134 5750 2191 5796 et
2215 5738 2376 5795 Abel.
2410 5737 2629 5792 Omnem
2655 5736 2882 5808 lapidem
2921 5738 3172 5810 optimum
3214 5735 3408 5792 habens
3438 5736 3491 5788 in
3518 5743 3567 5790 te

2029 5921 2057 5985 ⁵
2094 5923 2271 6015 Supra
2299 5923 2452 5982 deest
2477 5940 2602 5981 non.
