4032 6432
483 307 555 366 65
817 259 824 267 ι
1329 303 1647 382 (TICBONII
1682 305 1846 364 AFRI
1885 303 2096 363 LIBER
2136 305 2224 362 DE
2263 302 2537 364 SEPTEM
2578 302 2902 363 REGULIS.‘
3707 303 3783 364 64

481 429 792 501 alligatum;
827 427 1102 496 Sardium,
1130 437 1177 482 et
1199 425 1520 499 Tapazium,
1544 434 1591 480 et
1621 423 2002 498 Smaragdum,
2029 433 2078 480 et
2107 430 2160 490 Α
2185 423 2309 478 tiam
2339 426 2530 478 malum
2553 466 2569 491 ,
2601 432 2648 478 et
2674 423 2965 490 avaritiam,
2996 436 3112 493 qua:
3141 429 3214 476 cst
3241 420 3507 476 idolorum
3535 419 3782 477 servitus.

484 519 894 588 Carbunculum,
922 531 969 576 et
1002 519 1350 591 Sapphirum,
1383 530 1430 574 et
1470 517 1680 592 Jaspin,
1725 528 1993 590 argentum
2033 529 2081 573 et

483 636 691 684 aurum,
723 629 770 673 et
802 603 1069 688 Liguriiim
1100 629 1148 673 et
1170 618 1395 671 Achaten
1415 627 1460 670 et
1488 615 1828 670 Amethistum
1846 623 1895 668 et
1917 612 2083 684 Chry-

487 713 699 767 solitum
745 722 792 766 et
828 709 1097 782 Beryllum
1144 721 1190 764 et
1233 708 1524 782 Ongchium
1564 725 1582 764 :
1622 718 1671 764 et
1710 724 1839 762 auro
1877 708 2083 780 replesti

484 806 752 860 thesauros
807 816 943 870 tuos,
993 815 1040 859 et
1085 805 1362 873 apothecas
1402 813 1518 857 tuas
1567 803 1716 858 inte.
1765 802 1890 857 llmc
1932 811 1984 857 et
2029 804 2080 856 in

484 899 760 956 diabolum
812 901 1182 964 conveniunt,
1226 910 1280 954 et
1335 900 1390 954 in
1445 898 1742 953 hominem.
1797 896 1888 952 Isti
1934 897 2082 952 enim

487 994 774 1049 duodecim
810 993 1019 1063 lapides
1047 1004 1102 1050 et
1133 1009 1328 1048 aurum
1355 1002 1412 1048 et
1442 1003 1748 1064 argentum,
1783 1007 2082 1063 omnesque

488 1091 726 1145 thesauri
757 1089 977 1145 diabolo
1021 1089 1304 1143 adhaerent
1329 1086 1582 1158 delegati.
1611 1086 1855 1157 Denique
1879 1127 1895 1152 ,
1929 1086 2082 1141 habcs

485 1181 538 1234 in
570 1195 616 1234 te
654 1179 960 1252 alligatum:
1007 1181 1070 1234 Et
1122 1179 1355 1235 iterum:
1405 1178 1696 1251 Apothecas
1749 1191 1863 1233 tuas
1913 1178 1966 1232 in
2013 1187 2081 1232 te.

485 1271 637 1329 Sicut
663 1288 866 1345 corpus
898 1272 1113 1328 Domini
1138 1288 1166 1326 a
1197 1274 1401 1328 sanctis
1439 1282 1700 1327 ornatur:
1737 1271 2084 1341 promittente

487 1363 600 1420 Deo
627 1373 682 1420 et
709 1365 924 1420 dicente
949 1383 962 1419 :
1018 1363 1223 1420 Extolle
1251 1365 1426 1419 oculos
1454 1374 1568 1418 tuos
1597 1365 1650 1417 in
1682 1364 1903 1418 circuitu
1926 1381 1945 1429 ;
1972 1365 2084 1417 vide

487 1475 662 1514 omnes
693 1460 830 1529 ﬁlios
851 1468 986 1527 tuos,
1015 1460 1216 1514 collecti
1240 1468 1380 1522 sunt,
1417 1469 1464 1513 et
1487 1470 1729 1513 venerunt
1759 1460 1828 1513 ad
1858 1470 1923 1513 te.
1961 1459 2083 1514 Viro

487 1568 601 1621 ego.
629 1553 753 1606 dicit
781 1549 1054 1621 Dominus,
1097 1553 1220 1624 quia
1249 1553 1485 1606 omnibus
1515 1553 1620 1606 illis
1645 1552 1900 1617 induet-is,
1930 1562 1974 1606 et
1996 1569 2085 1607 su-

483 1645 806 1718 perimpones
826 1647 988 1702 illos:
1019 1648 1149 1701 sicut
1180 1657 1534 1701 ornamentum
1563 1663 1707 1700 nova:
1738 1659 1931 1716 nuptm,
1962 1649 2084 1718 quia

483 1740 685 1794 deserta
707 1751 798 1796 tua
828 1752 874 1795 et
917 1741 1111 1805 diruta,
1151 1751 1199 1797 et
1227 1757 1345 1812 qua:
1368 1743 1685 1805 ceciderunt,
1730 1759 1869 1797 nunc
1891 1761 2083 1815 angus-

2189 516 2415 587 PrOpter
2452 533 2566 588 qua:
2595 517 2726 572 venit
2748 517 2828 572 ira
2858 514 2956 572 Dei
2997 515 3224 590 (Coloss.
3253 531 3333 583 ιιι,
3367 515 3422 582 5,
3445 515 3527 588 6).
3557 513 3643 571 Ea:
3683 533 3790 588 qua

2185 611 2267 663 die
2295 620 2496 664 creatus
2535 627 2588 663 es
2619 620 2674 664 ιιι
2705 626 2820 664 cum
2843 609 3121 665 Cherubim
3147 649 3162 676 ,
3202 610 3425 679 imposui
3453 619 3500 663 te
3530 610 3582 663 in
3614 618 3790 665 monte

2185 715 2363 757 sancto
2391 703 2487 757 Dei
2518 703 2730 775 (Ezech.
2767 719 2933 759 xxvnt
2958 746 2972 764 ,
3000 701 3113 776 l4),
3143 704 3192 758 id
3217 713 3301 758 est
3329 706 3380 757 in
3408 701 3667 769 Christo,
3698 705 3788 762 vel

2191 797 2453 852 Ecclesia.
2505 794 2570 851 In
2612 797 2778 851 medio
2809 795 3049 864 lapidum
3093 799 3360 868 igneorum
3391 797 3562 866 luisti,
3609 797 3662 851 id
3701 806 3790 852 est

2188 893 2464 946 hominum
2499 902 2808 948 sanctorum
2837 935 2852 958 ,
2880 893 2970 963 qui
3001 892 3244 959 adunati,
3293 905 3531 948 montem
3560 892 3655 947 Dei
3699 892 3786 948 fa-

2187 988 2360 1042 ciunt.
2391 985 2583 1058 Angeli
2612 988 2757 1042 cnim
2796 987 3024 1042 alterius
3053 987 3409 1055 substantia},
3443 987 3652 1059 lapides
3677 985 3786 1042 dici

2188 1100 2292 1139 non
2346 1095 2591 1153 possunt,
2639 1086 2762 1153 quia
2795 1100 2996 1155 corpus
3051 1101 3156 1140 non
3191 1084 3414 1140 habent.
3446 1083 3634 1140 Abiisti
3674 1087 3790 1140 sine

2187 1179 2392 1233 macula
2419 1188 2497 1244 tu,
2538 1179 2591 1232 iu
2639 1178 2818 1233 diebus
2845 1179 2945 1232 tuis
2969 1194 2988 1232 :
3029 1194 3094 1233 ex
3122 1195 3224 1249 qua
3254 1177 3339 1233 die
3378 1188 3582 1233 creatus
3609 1195 3664 1233 es
3703 1189 3786 1245 tu,

2188 1274 2349 1326 donec
2373 1275 2723 1328 invenirentur
2751 1274 3046 1343 iniquitates
3076 1281 3178 1328 tua:
3207 1275 3260 1328 in
3294 1285 3362 1338 te,
3388 1291 3419 1327 a
3450 1272 3790 1328 multitudine

2187 1366 2551 1438 negotiationis
2579 1375 2680 1419 tute
2704 1363 2753 1436 (1
2762 1365 2896 1428 bid.,
2917 1365 3028 1437 15).
3050 1364 3296 1436 Lapides,
3331 1364 3634 1421 Ecclesium
3659 1381 3791 1423 esse

2187 1459 2266 1514 sic
2292 1459 2422 1515 dicit
2453 1459 2678 1515 Petrus:
2727 1458 2862 1514 Ecce
2891 1477 2978 1514 vos
3007 1466 3194 1530 fratres
3218 1500 3234 1526 ,
3278 1469 3537 1528 tamquam
3585 1461 3791 1530 lapides

2189 1553 2308 1616 vivi,
2337 1553 2734 1624 coa'diﬁcamini
2771 1558 2822 1607 in
2848 1551 3028 1607 domos
3052 1553 3356 1624 spirituales
3382 1554 3424 1625 (l
3459 1552 3577 1608 Pet.
3611 1569 3670 1620 ιι,
3701 1553 3786 1627 5).

2187 1647 2358 1716 Quam
2389 1647 2631 1713 domum,
2662 1649 2872 1719 igneam
2905 1663 3056 1715 esse;
3085 1659 3140 1704 et
3172 1649 3310 1704 hanc
3337 1692 3352 1714 ,
3385 1649 3556 1704 malos
3586 1649 3792 1706 fratres

2186 1742 2382 1798 ardere
2410 1743 2488 1798 sic
2517 1743 2648 1798 dicit
2691 1744 2864 1799 Deus:
2898 1741 3014 1796 Erit
3045 1743 3228 1796 domus
3256 1739 3420 1796 Jacob
3441 1785 3455 1810 ,
3488 1743 3623 1815 ignis
3643 1759 3662 1798 :
3689 1743 3794 1798 do-

482 1833 748 1888 tiabuntur
779 1833 843 1887 ab
877 1835 1290 1889 inhabitantibus
1319 1835 1339 1908 (
1367 1833 1476 1890 Isa.
1516 1851 1642 1892 χιιι
1669 1877 1683 1900 ,
1718 1836 1784 1892 18
1809 1879 1822 1902 ,
1858 1836 1958 1903 19;
1990 1854 2078 1904 1.x,
2115 1857 2158 1917 Β
2188 1854 2300 1890 mus
2326 1847 2500 1891 autem
2541 1834 2740 1907 Joseph
2764 1878 2778 1901 ,
2812 1838 3058 1908 ﬂantum:
3085 1834 3285 1890 Domus
3327 1853 3445 1891 vero
3475 1836 3642 1904 Esau,
3691 1838 3797 1892 sti-

481 1925 549 1982 M
571 1924 612 1996 ).
641 1927 704 1980 Et
730 1927 782 1981 in
806 1927 1163 2000 Apocalypsi,
1188 1929 1379 1983 eadem
1411 1930 1608 1984 civitas
1631 1929 1915 1985 duodecim
1947 1931 2084 2000 lapi-

478 2019 638 2077 dibus
657 2021 880 2077 fondata
906 2024 1240 2078 conSIruitur
1261 2025 1446 2097 (Apoc.
1477 2040 1593 2089 xxi,
1625 2025 1706 2091 1‘3,
1731 2025 1848 2094 ‘20).
1869 2024 2080 2092 Omnia,

478 2115 687 2186 inquit,
723 2117 944 2190 lapidem
987 2119 1266 2190 optimum,
1293 2128 1346 2173 et
1385 2121 1728 2174 enumeravit
1751 2120 2038 2174 duodecim
2066 2137 2078 2172 :

480 2220 540 2265 ut
567 2213 880 2268 ostenderet
917 2214 968 2268 in
1016 2214 1351 2269 duodenario
1385 2230 1614 2269 numero
1657 2214 2077 2284 perfectionem.

484 2305 695 2372 Omnia,
721 2309 888 2376 enim,
919 2325 1036 2378 quw
1055 2309 1173 2380 fecit
1201 2307 1365 2375 Deus,
1391 2309 1524 2364 bona
1553 2321 1672 2364 sunt
1702 2309 1857 2381 (lien.
1893 2326 1931 2374 I,
1959 2308 2074 2380 ‘25).

483 2399 682 2457 Horum
738 2403 988 2458 diabolus
1019 2420 1198 2468 usum,
1259 2421 1364 2459 non
1414 2415 1659 2458 naturam
1712 2406 1959 2458 mutavit.
2013 2403 2081 2459 Et

480 2510 672 2551 omnes
703 2497 950 2552 homines
979 2497 1273 2553 excellenti
1301 2513 1463 2554 sensu
1487 2510 1542 2554 et
1574 2499 1810 2569 potentis
1838 2499 2038 2570 ingenii
2062 2541 2077 2564 ,

477 2602 670 2643 aurum
699 2601 825 2644 stmt
854 2601 908 2646 et
951 2600 1230 2661 argentum
1257 2634 1271 2656 ,
1302 2600 1359 2647 et
1386 2593 1593 2663 lapides
1626 2594 1847 2662 pretiosi
1887 2607 2076 2646 secun-

479 2680 608 2735 dum
658 2691 939 2739 naturam:
984 2685 1080 2739 sed
1111 2686 1230 2755 ejus
1283 2696 1443 2740 erunt
1477 2687 1528 2740 in
1588 2686 1745 2756 cuius
1775 2685 2078 2756 obsequio,

479 2787 694 2843 natura,
747 2780 861 2832 suis
893 2778 1170 2834 fruuntur.
1202 2781 1494 2847 Quoniam,
1544 2783 1630 2837 cui
1675 2797 1735 2836 se
1785 2781 2081 2850 signaverit

474 2884 599 2937 quis
623 2869 676 2922 in
702 2869 1008 2926 obedientia
1033 2891 1045 2926 ;
1075 2887 1269 2927 servus
1294 2883 1376 2926 est
1408 2872 1550 2943 ejus,
1578 2873 1662 2927 cui
1687 2872 1932 2934 obaudit,
1963 2874 2080 2929 sive

478 2963 708 3031 peccati,
743 2963 861 3019 sive
887 2964 1136 3034 jtlSlilizlr.
1170 2965 1244 3021 [ta
1279 2966 1334 3021 fit
1357 3010 1370 3032 ,
1405 2976 1462 3022 ut
1507 2979 1558 3022 ct
1605 2967 1854 3022 diabolus
1885 2967 2080 3023 habeat

476 3070 669 3110 aormn
717 3067 772 3112 et
816 3069 1124 3129 argenturm,
1177 3071 1232 3115 et
1280 3061 1489 3130 lapides
1541 3063 1831 3130 pretiosos.
1884 3062 2078 3118 Omnia

477 3147 719 3217 quidem,
753 3165 857 3203 nou
903 3165 999 3205 sua
1042 3152 1341 3207 secundum
1389 3154 1688 3223 originum:
1717 3155 1814 3208 sed
1844 3169 1963 3220 sua,
1993 3172 2080 3210 se-

2187 1930 2332 2001 pula.
2389 1929 2738 1984 Exardescent
2788 1933 2841 1984 in
2892 1931 3011 1985 illos
3043 1941 3087 1984 et
3119 1930 3382 1984 comedent
3431 1945 3557 1985 eos:
3602 1939 3792 1986 etnon

2187 2025 2281 2077 erit
2312 2023 2502 2095 ignifer
2529 2024 2582 2076 in
2612 2022 2768 2078 domo
2799 2023 2966 2089 Esau,
3008 2024 3253 2094 quoniam
3283 2023 3537 2078 Dominus
3581 2024 3792 2078 locutus

2185 2128 2259 2172 est
2284 2116 2467 2190 (.4de
2504 2116 2618 2186 18).
2652 2116 2784 2170 (lum
2815 2117 2959 2172 enim
2995 2127 3183 2187 peccat
3225 2116 3390 2172 homo
3431 2116 3688 2186 dejicitttr
3715 2117 3794 2173 de

2188 2222 2372 2269 tnonte
2419 2213 2538 2276 Dei,
2588 2221 2642 2267 et
2693 2228 2799 2266 non
2831 2211 2934 2267 erit
2975 2210 3192 2282 ignifer,
3227 2209 3430 2266 amisso
3457 2201 3689 2281 Spiritu,
3725 2218 3791 2266 et

2185 2307 2547 2364 succendutur
2577 2306 2631 2361 in
2661 2308 2921 2361 cinerem.
2956 2303 3195 2358 Peccasti
3222 2345 3236 2369 ,
3261 2315 3309 2358 et
3339 2304 3640 2358 vulneratus
3669 2318 3724 2358 es
3751 2321 3789 2357 α

2184 2415 2354 2458 monte
2379 2402 2476 2456 Dei
2502 2411 2588 2456 :et
2619 2401 2833 2455 abduxit
2865 2411 2912 2455 te
2939 2398 3215 2454 Cherubim
3241 2398 3306 2452 de
3349 2398 3515 2451 media
3543 2397 3789 2468 lapidum

2183 2499 2470 2570 igncorum.
2501 2495 2824 2570 [Cherubim,
2859 2495 3218 2549 ministerium
3246 2491 3344 2546 Dei
3367 2503 3481 2547 est:
3511 2491 3656 2560 quod
3684 2506 3792 2563 ex-I

2183 2593 2346 2647 clusit
2376 2596 2662 2646 universos
2689 2591 2861 2644 malos
2889 2589 2957 2644 de
2987 2587 3249 2650 Ecclesia,
3275 2587 3368 2641 sed
3397 2585 3781 2655 Spiritualiter.

2183 2686 2284 2754 Qui
2311 2688 2455 2741 enim
2503 2686 2886 2740 vestimentum
2939 2681 3179 2753 nuptiale
3212 2697 3318 2736 non
3371 2679 3555 2745 habet,
3604 2678 3691 2734 llic
3722 2679 3780 2734 in

2183 2779 2384 2833 StL‘CttiO
2409 2779 2713 2834 excluditur
2741 2777 2812 2834 de
2841 2777 3020 2832 medio
3048 2773 3502 2831 recumbentium.
3536 2772 3781 2842 Denique

2184 2871 2236 2926 in
2271 2872 2548 2938 tenebras,
2581 2871 2630 2926 id
2655 2881 2759 2936 est,
2795 2872 2847 2926 in
2875 2869 3290 2925 obduratiOnent
3318 2870 3578 2922 mittitur:
3605 2866 3780 2920 donec

2182 2970 2238 3026 itt
2285 2970 2460 3040 ignem
2505 2968 2555 3024 in
2583 2977 2846 3023 aternum
2886 2966 3202 3021 descendat.
3255 2963 3459 3018 Futuro
3484 2962 3630 3017 enim
3673 2974 3781 3014 ste-

2181 3065 2327 3130 culo,
2360 3079 2519 3118 nemo
2549 3064 2865 3119 tniSeehitur
2909 3064 3078 3116 choro
3103 3068 3437 3123 Sanctorum,
3468 3056 3560 3126 qui
3590 3066 3776 3124 postea

2183 3157 2520 3212 excludatur.
2547 3156 2851 3212 Exaltatnm
2874 3165 2945 3211 est
2968 3172 3056 3209 cor
3077 3166 3219 3208 tuum
3241 3154 3294 3208 in
3318 3152 3504 3207 decore
3531 3162 3638 3214 tuo,
3665 3166 3776 3205 cor-

479 3241 715 3297 cundum
768 3244 1120 3300 voluntatem.
1174 3245 1304 3299 Nam
1355 3257 1408 3301 et
1457 3249 1508 3301 in
1555 3247 1658 3302 Job
1690 3250 1949 3318 scriptum
1997 3260 2080 3304 est
2109 3266 2154 3329 ρ
2184 3266 2336 3322 rupta
2367 3262 2440 3307 est
2461 3253 2674 3306 scientia
2717 3263 2806 3306 tua
2850 3252 2903 3305 in
2940 3251 3123 3305 decore
3175 3246 3328 3321 tuo.]
3377 3247 3649 3316 Corrupta
3694 3252 3778 3300 est

479 3335 730 3392 diabolo:
767 3338 929 3392 Omne
956 3356 1144 3394 aurum
1166 3342 1328 3394 maris
1355 3343 1446 3395 sub
1470 3357 1529 3396 eo
1559 3353 1631 3396 est
1658 3342 1803 3414 (Job.
1831 3345 2075 3414 ωλι).

481 3428 544 3483 Et
574 3431 890 3500 Apostolus,
923 3450 1046 3487 vasa
1076 3451 1234 3488 aurea
1261 3445 1308 3488 et
1335 3445 1614 3504 argentea,
1644 3435 1780 3492 dicit
1809 3454 1917 3491 esse
1943 3455 2082 3508 qutu-

478 3524 599 3577 dmn
626 3527 678 3579 in
708 3529 1076 3582 contumeliam
1105 3528 1171 3592 (ll
1202 3528 1333 3582 Tim.
1359 3545 1418 3590 tt.
1448 3528 1565 3600 20).
1599 3529 1715 3584 Non
1745 3532 1911 3595 enim,
1943 3530 2082 3586 sicut

480 3619 698 3690 quidam
744 3633 953 3690 putant,
1002 3627 1182 3678 omnia
1215 3625 1392 3697 lignea
1424 3636 1474 3679 et
1527 3625 1706 3682 lictilia
1743 3628 2078 3697 reprobavit,

479 3726 602 3764 cum
633 3727 698 3766 ex
740 3713 822 3767 eis
852 3715 959 3768 sint
1005 3715 1185 3786 aliqua
1235 3715 1289 3770 iu
1333 3716 1593 3772 honorem
1623 3759 1636 3778 ,
1673 3719 1791 3788 ipso
1822 3719 2038 3774 dicente
2066 3736 2079 3772 :

481 3800 728 3872 Figulum
763 3806 883 3869 itlli,
917 3808 1063 3863 aliud
1093 3809 1310 3878 quidem
1341 3810 1547 3880 lingere
1568 3812 1621 3865 in
1643 3812 1909 3879 honorem,
1935 3813 2080 3867 aliud

483 3910 612 3951 Vero
661 3899 714 3951 in
763 3902 1126 3956 contumeliam
1180 3901 1369 3975 (Rom.
1426 3920 1503 3967 lx,
1536 3905 1598 3959 2|
1631 3908 1668 3973 ).
1703 3906 1770 3960 Et
1810 3921 1876 3961 ex
1914 3908 2078 3977 ligno,

483 3989 632 4046 aliud
666 3992 730 4046 ad
761 3997 1214 4064 prtcparationem
1259 4012 1406 4063 esse,
1437 3997 1580 4051 aliud
1613 3999 1664 4052 in
1698 4001 2079 4071 saerilegium:

481 4099 546 4140 ex
592 4101 728 4142 auro
759 4099 813 4143 et
843 4102 1086 4159 argento,
1123 4091 1173 4146 id
1207 4103 1311 4159 est,
1347 4108 1410 4148 ex
1451 4095 1661 4164 magnis
1686 4104 1742 4149 et
1779 4098 2084 4166 perSpicnis

481 4180 618 4237 dixit
669 4183 1002 4242 immundos.
1045 4186 1176 4242 Nam
1224 4199 1278 4244 ct
1329 4191 1379 4243 in
1415 4192 1782 4266 Apocalypd:
1833 4191 2086 4246 Meretrix

487 4274 571 4344 (id
602 4289 710 4340 est,
741 4293 944 4348 cerpus
971 4281 1298 4354 adversum)
1328 4301 1559 4356 purpura
1586 4329 1598 4344 .
1634 4304 1808 4353 cocco,
1842 4297 1890 4340 et
1929 4303 2080 4353 miro,

481 4378 532 4424 et
555 4381 788 4438 argento,
823 4372 1184 4446 lapidibusque
1205 4378 1448 4446 pretioisis
1484 4393 1738 4434 ornatur:
1768 4378 1959 4433 habens
1991 4397 2084 4446 po-

483 4461 659 4515 culum
685 4478 904 4517 aureum
937 4468 989 4518 in
1017 4484 1199 4528 manu,
1236 4469 1446 4535 plenum
1475 4473 1886 4526 exsecratiomtm
1909 4483 1956 4526 et
1987 4476 2084 4526 imo

483 4554 862 4609 munditiarum
899 4558 1058 4612 totius
1099 4569 1253 4615 terra!
1283 4560 1478 4633 (Apoc.
1527 4579 1667 4628 xm,
1698 4563 1777 4635 4).
1810 4565 1912 4619 Ista
1954 4578 2084 4620 sunt

2182 3345 2404 3400 scientia
2429 3345 2565 3414 ejus,
2611 3345 2702 3415 qui
2743 3345 2926 3399 sciens
2969 3342 3316 3412 prndeusque
3347 3351 3464 3395 erat
3507 3350 3564 3393 et
3594 3338 3777 3393 studio

2183 3438 2449 3493 aliectatae
2475 3439 2757 3507 sapientia:
2776 3437 2973 3492 asserit
2995 3437 3334 3492 dissimulata
3354 3435 3602 3498 veritate,
3629 3448 3780 3487 uten-

2183 3533 2424 3586 dacium:
2472 3532 2614 3586 sicut
2642 3530 2878 3598 Spiritus
2908 3530 3077 3586 dicit:
3109 3529 3240 3597 Cum
3285 3531 3637 3601 cognovissent
3668 3523 3782 3580 Do-

2185 3626 2399 3692 minum,
2425 3642 2528 3678 non
2557 3636 2610 3678 ιιι
2642 3625 2922 3678 Dominum
2953 3624 3434 3696 magni/iiaverunt,
3464 3633 3556 3675 aut
3584 3621 3780 3692 gratias

2183 3731 2390 3790 egerunt
2411 3734 2430 3772 :
2454 3719 2545 3773 sed
2572 3720 2751 3790 nugati
2775 3730 2895 3773 sunt
2917 3720 2969 3773 in
2991 3718 3385 3788 cogitationibus
3403 3718 3536 3781 suis,
3557 3715 3783 3770 dicentes

2183 3829 2238 3866 sc
2265 3828 2372 3866 esse
2395 3815 2649 3884 sapientes
2680 3814 2698 3882 (
2725 3811 2876 3866 ltom.
2903 3828 2942 3876 ι,
2970 3810 3096 3881 22).
3141 3809 3430 3883 [Corrupto
3462 3819 3537 3865 est
3565 3809 3783 3864 scientia

2184 3921 2398 3970 eorum,
2430 3905 2520 3975 qui
2551 3908 2692 3960 alios
2733 3907 2953 3968 docent,
2985 3921 3045 3960 se
3076 3906 3220 3974 ipsus
3249 3920 3356 3958 non
3395 3904 3614 3958 docent.
3649 3904 3783 3956 Cor-

2186 4009 2376 4071 ruptus
2404 4010 2488 4054 est
2517 4000 2684 4054 decor
2711 4043 2724 4065 ,
2779 3997 2871 4070 qui
2903 4000 3090 4069 generi
3123 4015 3223 4052 suo
3266 4013 3494 4067 operum
3526 3996 3782 4050 similitu-

2183 4095 2311 4150 dine
2335 4112 2438 4149 nun
2465 4095 2780 4164 respondet.
2813 4092 3032 4163 Prnpter
3049 4094 3430 4147 multitudinem
3454 4100 3781 4163 peccatorum

2184 4201 2408 4244 tuorum.
2438 4189 2462 4243 Ι
2473 4208 2502 4243 ιι
2528 4202 2719 4243 tetram
2741 4191 2936 4262 projcci
2957 4204 3003 4243 te
3022 4207 3040 4243 :
3072 4185 3137 4242 In
3169 4199 3444 4257 conspectu
3471 4203 3646 4258 tegam
3662 4186 3782 4240 dedi

2185 4295 2234 4340 te
2263 4286 2586 4340 dehonestari
2615 4283 2831 4357 (Ezerh.
2866 4299 3030 4339 xxun
3049 4326 3064 4350 ,
3097 4284 3208 4352 18).
3238 4283 3302 4336 Et
3330 4282 3585 4336 diabolus
3613 4291 3696 4335 est
3724 4280 3781 4336 in

2186 4390 2410 4445 terram,
2446 4381 2496 4435 id
2528 4389 2633 4445 est,
2667 4380 2719 4433 in
2755 4379 3052 4442 hominem,
3080 4388 3135 4432 et
3161 4377 3322 4430 homo
3345 4375 3414 4430 de
3443 4375 3783 4431 sublimitate

2185 4475 2447 4529 licclt-sim
2471 4518 2485 4539 ,
2519 4474 2572 4527 in
2621 4472 3126 4536 conculcationem,
3180 4470 3225 4525 si
3263 4467 3564 4522 Hieremias
3604 4464 3782 4522 dicit:

2184 4565 2366 4639 Dujcci
2391 4569 2455 4620 de
2483 4569 2609 4621 (telo
2636 4569 2690 4620 itt
2717 4577 2908 4620 terram
2929 4567 3171 4638 gloriam.
3205 4564 3227 4618 l
3238 4585 3266 4617 ιι
3307 4574 3581 4636 conspectu
3603 4579 3782 4633 regum

483 4666 618 4721 ergo
648 4650 848 4706 diaboli
905 4667 1248 4721 ornamenta,
1299 4656 1508 4726 lapides
1565 4659 1788 4726 pretimi
1818 4679 1829 4714 :
1881 4659 2080 4728 quibus
2110 4663 2163 4722 D
2189 4657 2403 4728 (Thren.
2433 4674 2488 4719 ιι,
2522 4657 2597 4729 1).
2626 4658 3055 4712 Christianorum
3085 4657 3255 4711 dixit:
3285 4673 3517 4728 quorum
3551 4655 3782 4725 pedibus

484 4744 681 4818 lapiaes
721 4746 896 4811 iqneos
929 4748 1188 4816 imitatur,
1222 4761 1276 4806 et
1306 4751 1469 4807 homo
1500 4751 1552 4807 in
1583 4768 1643 4809 se
1672 4753 1837 4809 habet
1865 4755 2088 4810 thesau-

485 4853 573 4893 ros
601 4848 706 4891 tam
738 4838 1039 4895 facinorum
1073 4859 1235 4911 quam
1261 4846 1600 4914 perspicttos.
1640 4847 1756 4916 Ipse
1779 4848 1922 4902 cnim
1958 4864 2085 4901 suo-

483 4947 601 4986 rum
629 4941 873 5003 portator
899 4943 1004 5002 est,
1031 4953 1192 5004 quem
1223 4937 1514 4994 facultates
1545 4956 1658 4994 sum
1687 4941 1833 4995 velut
1863 4957 2083 5011 compe—

480 5026 580 5079 des
620 5025 947 5097 ligaverunt.
1001 5029 1208 5086 Prteter
1234 5030 1346 5099 illa,
1379 5049 1500 5101 qua:
1550 5034 1618 5087 ah
1669 5046 1899 5103 utroque
1943 5051 2078 5092 sexu

479 5119 726 5182 corporis
755 5120 960 5176 diaboli
1007 5123 1249 5177 ornanda
1283 5124 1550 5179 eduntur:
1605 5126 1769 5180 etiam
1802 5126 1911 5186 bis.
1960 5146 2080 5197 qua:

479 5211 696 5268 defossa
734 5217 956 5282 habent,
1002 5219 1223 5274 insitum
1257 5229 1340 5273 est
1379 5235 1496 5275 Cor.
1537 5220 1636 5276 Ubi
1673 5224 1813 5277 enim
1840 5225 1935 5278 erit
1973 5225 2081 5280 the-

479 5323 691 5373 saurus,
722 5309 829 5364 illic
853 5313 950 5366 erit
977 5325 1027 5368 et
1052 5329 1139 5366 cor
1166 5313 1391 5368 hominis
1419 5315 1636 5390 (Matth.
1672 5333 1743 5380 τι,
1773 5318 1887 5388 El).
1923 5319 2082 5374 Vetus

478 5401 623 5456 enim
651 5401 816 5457 homo
842 5414 894 5459 et
921 5415 1067 5460 terra
1091 5407 1226 5476 ejus.
1261 5424 1426 5463 unum
1450 5425 1652 5480 corpus
1668 5423 1747 5468 est
1777 5431 1791 5467 :
1825 5414 2080 5484 quoniam

480 5493 598 5562 ipse
628 5511 845 5565 quoque
895 5507 1036 5553 terra
1069 5509 1172 5554 est.
1219 5499 1374 5557 Unde
1423 5503 1719 5571 Apostolus
1752 5520 1856 5559 non
1907 5506 2081 5561 solum

480 5603 565 5653 ca,
598 5605 720 5659 quae
745 5604 981 5660 corpore
1007 5591 1220 5647 admitti
1250 5605 1496 5663 possunt,
1547 5595 1641 5651 sed
1672 5609 1726 5651 et
1755 5597 2040 5654 avaritiam
2064 5643 2078 5667 ,

480 5682 785 5738 membrum
839 5700 961 5739 esse
1011 5687 1375 5755 possidentis,
1434 5691 1504 5744 ita
1552 5689 1801 5746 deﬁnivit
1851 5692 2077 5750 dicens:

481 5773 796 5847 Mortificate
832 5780 1002 5850 itaque
1039 5781 1266 5835 membra
1296 5796 1488 5851 vestra,
1521 5801 1635 5854 qtae
1669 5787 1721 5839 in
1751 5797 1886 5840 terra
1921 5802 2079 5856 sunt,

482 5870 897 5940 fornicationem,
920 5872 1328 5941 immunditiam,
1364 5880 1680 5945 passionem,
1718 5881 2084 5951 concupiscen-

2187 4752 2803 4807 Cnncnlcaturdiabolus
2830 4759 2887 4805 et
2906 4752 3066 4805 homo
3104 4751 3258 4820 ejus:
3301 4749 3523 4820 Propter
3547 4750 3784 4803 multitu-

2187 4847 2354 4901 dinem
2398 4857 2720 4913 peccatorum
2744 4857 2970 4911 tuorttm,
3003 4856 3048 4900 ct
3074 4847 3394 4913 iniquitatem
3421 4845 3784 4917 negotiationis

2186 4951 2308 5006 luat,
2339 4941 2754 4995 contaminamur
2780 4951 2957 4995 sancta
2996 4940 3143 5011 tua.]
3175 4940 3399 4996 Videtur
3434 4941 3601 4995 veluti
3634 4940 3783 5009 prin-

2183 5039 2416 5106 cipalem
2449 5039 2662 5092 titulum
2692 5040 3055 5107 citprohrasse
3074 5081 3088 5104 ,
3117 5055 3333 5105 corpore
3358 5039 3581 5097 diaboli.
3618 5053 3783 5110 nego-

2187 5131 2426 5186 tiationis
2481 5134 2652 5201 magis
2694 5131 2854 5199 dicit,
2889 5144 2945 5185 ct
2995 5133 3263 5186 thesauros
3289 5174 3304 5198 ,
3339 5134 3648 5203 spirituales
3681 5148 3780 5186 ue-

2185 5226 2390 5296 quitizn.
2419 5226 2571 5281 Sicut
2599 5227 2744 5280 enim
2770 5226 3067 5294 Spiritnalis
3087 5227 3313 5296 justitizt:
3341 5227 3669 5294 negotiatio,
3699 5235 3784 5280 est

2186 5322 2495 5390 thesaurus,
2556 5331 2614 5376 ut
2664 5321 2797 5376 dicit
2842 5320 3134 5376 Doudnus:
3208 5321 3394 5378 Simile
3443 5331 3517 5376 est
3565 5337 3781 5392 regnum

2185 5416 2428 5470 caelorum
2456 5416 2650 5469 homini
2681 5415 2985 5486 negotiatori
3017 5415 3232 5488 (Matth.
3264 5431 3402 5480 xm,
3431 5414 3546 5475 1³).
3579 5414 3644 5470 Et
3675 5417 3779 5470 ile-

2187 5525 2306 5563 rum
2333 5526 2346 5562 :
2377 5507 2748 5564 Thesauriznte
2769 5510 2906 5563 vobis
2934 5507 3200 5562 thesauros
3224 5509 3275 5561 in
3305 5509 3430 5562 c0310
3459 5506 3680 5570 (Matth.
3706 5523 3779 5572 vt,

2186 5601 2300 5671 20).
2334 5601 2529 5657 Iterum
2559 5620 2572 5656 :
2609 5599 2765 5655 Dedit
2793 5603 2952 5656 servis
2984 5603 3091 5656 suis
3128 5602 3467 5654 substantiam
3493 5617 3642 5656 suam
3668 5643 3682 5662 ,
3726 5611 3784 5655 ut

2189 5695 2572 5763 negotiarentur
2604 5693 2771 5765 (Luc.
2804 5710 2888 5748 XIX
2909 5739 2924 5759 ,
2971 5693 3101 5765 15).
3133 5695 3362 5748 lterum:
3413 5691 3783 5767 Negotiatores

2189 5787 2621 5859 Cmthaginenses
2675 5787 2984 5841 rcsistentib.
3029 5798 3136 5840 etc.
3171 5784 3399 5856 (Ezech.
3433 5801 3578 5841 xxvi!
3604 5830 3618 5851 ,
3644 5788 3714 5842 12

2192 5880 2427 5935 lterum:
2483 5878 2778 5949 Negotiatio
2829 5878 2941 5948 ejus
2990 5885 3036 5932 et
3081 5881 3268 5934 merces
3320 5889 3501 5934 sanCta
3557 5877 3783 5936 Domina
