4032 6464
242 385 318 445 65
1548 384 1874 447 HILARIUS
1915 381 2268 445 DIACONUS.
3474 385 3547 444 68

239 498 405 572 (lsac.
435 512 590 561 xxm,
628 494 740 568 18).
775 494 842 552 Ει
868 493 1194 568 Apostolus:
1237 494 1350 557 Est.
1380 494 1577 568 inquit,
1609 501 1839 571 negotia-
1865 499 1913 561 Α
1943 500 2182 561 circuitu,
2209 508 2636 555 commemorata:
2666 498 2894 554 estDeus
2916 497 3158 562 Abrahae,
3187 507 3235 552 et
3252 498 3417 554 emisit
3437 499 3537 558 Lot

231 595 310 648 tio
334 610 545 667 inagna,
570 593 733 662 pietas
763 589 808 662 (ἰ
839 588 972 643 Tim.
1005 604 1077 654 \‘l,
1112 586 1194 660 6).
1222 588 1298 645 Ita
1328 590 1623 658 Spiritualis
1652 593 1838 659 nequi-

236 687 348 751 tia,
382 683 678 758 negotiatio
708 694 792 739 est
823 684 1111 739 thesaurus
1140 691 1488 754 peccaturum
1507 725 1522 750 ,
1561 684 1702 740 sient
1732 685 1841 739 Do-

237 782 419 837 minus
447 780 621 834 dicit:
666 776 839 833 llomo
861 776 1052 839 malus,
1087 778 1151 830 dc
1176 775 1419 833 thesauro
1443 777 1616 833 cordis
1656 779 1839 832 emittit

237 874 383 929 male
428 872 664 946 (Matth.
700 887 773 927 xu
797 912 813 937 ,
844 868 982 942 55.)
1024 869 1094 941 Et
1121 870 1450 942 Apostolus:
1498 870 1839 929 Thesaurizas

234 968 334 1023 tibi
354 969 487 1022 iram
510 967 564 1022 in
584 966 669 1021 die
693 968 786 1021 ira:
812 964 991 1038 (Rom.
1020 981 1082 1032 tl,
1115 965 1193 1034 5).

310 1063 541 1129 Propter
567 1064 893 1133 iniquitatem
913 1105 929 1130 ,
963 1063 1169 1132 inquit,
1202 1064 1559 1139 negotiationis
1589 1074 1691 1120 tua:
1716 1081 1840 1121 con-

232 1160 561 1214 taminantur
588 1167 768 1212 sancta
797 1165 906 1213 tua.
934 1156 1037 1226 Qui
1068 1157 1213 1213 enim
1238 1173 1346 1213 non
1373 1168 1523 1215 recte
1551 1160 1840 1215 sanetiL'tte

235 1253 336 1309 Dei
370 1253 561 1317 tttitur,
593 1267 747 1306 suam
780 1252 971 1313 cflicit,
999 1251 1138 1307 sicut
1173 1253 1313 1307 licus
1341 1250 1474 1306 dicit
1504 1252 1572 1307 de
1601 1252 1841 1308 sabbatis

234 1346 352 1403 suis
377 1363 394 1401 :
427 1345 658 1403 Sabbata
686 1354 853 1400 vestra
883 1345 992 1398 odit
1021 1346 1198 1399 animo
1222 1362 1357 1400 mea.
1403 1343 1638 1401 Ednram
1669 1347 1839 1416 ignem

234 1441 302 1495 de
331 1440 502 1495 medio
528 1440 646 1494 tui:
676 1438 760 1494 hic
789 1450 837 1493 te
857 1439 1125 1494 deuorabit
1148 1436 1287 1507 (lsa.
1322 1455 1361 1506 ι,
1396 1438 1507 1511 15).
1535 1438 1699 1508 Ignis,
1737 1438 1839 1492 Ee-

229 1534 405 1590 clesia
448 1542 572 1588 est:
603 1548 723 1604 qua:
750 1548 872 1586 eum
922 1531 1243 1588 discesserit
1281 1548 1313 1588 e
1357 1532 1537 1587 medio
1595 1532 1838 1605 mysterii

232 1627 533 1692 facinoris,
568 1638 697 1683 tunc
732 1627 883 1699 pluet
924 1628 1101 1697 ignem
1130 1626 1393 1681 Dominus
1418 1642 1447 1681 a
1477 1625 1709 1681 Domino
1730 1669 1744 1692 ,
1772 1625 1840 1683 de

232 1719 508 1781 Evclesia.
528 1720 671 1774 sicut
690 1720 951 1790 scriptum
965 1729 1049 1774 est
1069 1737 1084 1775 :
1116 1719 1214 1775 Sol
1239 1731 1447 1776 exortus
1469 1730 1544 1776 est
1571 1738 1726 1794 super
1739 1731 1840 1775 ter-

229 1832 369 1876 ram.
399 1824 448 1869 et
473 1813 570 1868 Lot
598 1813 809 1868 intravit
854 1813 906 1866 in
930 1810 1130 1879 Seqor:
1176 1822 1223 1866 et
1251 1812 1382 1881 pluit
1409 1810 1658 1867 l)ominus
1684 1829 1841 1877 super

1944 608 1970 646 e
1998 592 2168 646 medio
2197 591 2539 647 subversionis
2561 609 2579 646 :
2599 608 2714 647 cum
2748 591 3058 648 subverteret
3086 591 3228 648 Deus
3270 593 3498 647 civitates
3520 633 3536 659 ,

1941 685 1995 737 in
2022 684 2207 751 quibus
2230 682 2549 738 inhabitabat
2575 685 2628 738 in
2650 684 2724 738 eis
2755 683 2852 739 Lot
2888 682 3042 753 (Gen.
3079 700 3195 749 XIX,
3222 683 3343 755 29.)
3372 683 3532 740 Num-

1944 776 2071 847 quid
2105 776 2204 832 Lot
2227 792 2334 831 non
2368 777 2684 833 merebatur
2710 779 2926 849 propria
2952 777 3160 848 iustitia
3193 775 3446 843 liberari,
3479 785 3540 831 ut

1941 870 2151 926 diceret
2178 870 2498 943 Scriptura:
2530 870 2973 927 Commemoratus
3010 880 3084 926 est
3115 868 3259 927 Deus
3286 870 3537 935 Abralue,

1940 974 1987 1019 et
2009 965 2179 1019 emisit
2208 963 2307 1019 Lot
2329 981 2357 1019 ε
2377 966 2546 1020 medio
2584 964 2968 1020 subversiunis?
2996 966 3124 1029 Aut,
3158 963 3227 1019 In
3249 963 3541 1019 civitatibus

1942 1058 2227 1124 habitabat,
2259 1070 2311 1113 et
2342 1075 2448 1115 non
2476 1060 2530 1114 in
2560 1060 2767 1115 civitate
2787 1076 2806 1114 :
2834 1068 2892 1114 ιιι
2917 1059 3153 1126 diceret,
3186 1057 3451 1120 Civitates.
3485 1059 3540 1113 in

1941 1151 2126 1222 quibus
2172 1151 2477 1208 habitabat?
2516 1151 2626 1209 Sed
2654 1152 2936 1222 prophetia
2968 1162 3051 1208 est
3083 1151 3280 1207 l'nturre
3330 1151 3540 1207 disces-

1942 1245 2135 1301 sionis.
2164 1245 2370 1302 Memor
2398 1248 2540 1301 enim
2570 1245 2714 1303 Deus
2745 1245 3126 1314 promissionis
3153 1245 3216 1300 ad
3240 1242 3536 1314 Abraham,

1941 1338 2105 1408 ejecit
2133 1338 2235 1394 Lot
2259 1339 2328 1393 tle
2367 1340 2621 1394 omnibus
2659 1338 2971 1395 civitatibus
2995 1338 3394 1405 Sodomorum,
3420 1339 3541 1409 qni-

1943 1432 2043 1487 ltus
2094 1433 2273 1488 veniet
2318 1434 2455 1505 ignis
2503 1449 2567 1490 es
2602 1434 2708 1504 igni
2759 1435 3052 1500 Ecclesiae,
3101 1449 3222 1505 qua:
3253 1432 3324 1489 de
3361 1433 3542 1490 medio

1942 1543 2132 1584 eorum
2164 1528 2448 1584 educetur.
2480 1527 2549 1585 Et
2579 1528 2713 1584 dabo
2755 1531 2881 1585 tein
2909 1532 3129 1585 cinerem
3168 1531 3225 1585 in
3252 1539 3391 1584 terra
3414 1541 3541 1595 tua,

1944 1621 2178 1695 (Ezerh.
2222 1639 2390 1679 xxvut
2411 1666 2426 1690 ,
2461 1623 2582 1697 18.)
2611 1623 2669 1680 Id
2700 1634 2802 1693 est,
2847 1626 2900 1681 in
2931 1625 3246 1681 horninibus
3276 1625 3358 1681 vel
3392 1627 3543 1698 ipso:

1945 1717 2196 1773 homines
2226 1719 2278 1774 in
2318 1729 2458 1774 terra
2489 1735 2618 1785 sua,
2648 1721 2737 1792 qui
2771 1720 2821 1775 in
2857 1730 2999 1775 terra
3043 1720 3135 1776 Dei
3184 1735 3306 1776 esse
3342 1720 3537 1776 nolue-

1945 1827 2093 1873 runt.
2121 1817 2191 1872 1η
2219 1828 2494 1889 conspectu
2530 1817 2796 1873 hominum
2823 1818 3099 1873 videntium
3128 1827 3204 1882 te,
3235 1816 3286 1874 id
3315 1828 3420 1884 est,
3453 1818 3538 1873 in-

233 1911 526 1968 Sodomam
556 1918 602 1964 et
630 1906 999 1976 Gomorrhnm,
1039 1906 1263 1978 sulphur
1291 1916 1338 1961 et
1367 1907 1535 1979 ignem
1558 1925 1590 1962 τι
1614 1905 1840 1962 Domino
1873 1922 1917 1983 Β
1947 1909 2332 1977 telligentium.
2387 1910 2654 1980 Numquid
2688 1909 2934 1964 diabolus
2988 1911 3042 1965 in
3089 1909 3317 1967 homine
3368 1909 3543 1966 videri

229 2006 297 2060 de
326 2005 457 2059 coelo
483 2001 652 2071 (Gen.
684 2016 806 2064 nx,
836 1997 967 2071 ‘23).
1003 2001 1099 2054 llic
1143 2013 1225 2054 est
1255 2000 1393 2069 iquis
1414 2041 1430 2064 ,
1479 2015 1639 2070 quem
1671 2015 1834 2070 supra

229 2095 369 2152 dixit
396 2093 632 2150 :Dormts
654 2090 849 2156 Iacob,
896 2093 1032 2164 ignis
1061 2106 1080 2146 :
1105 2092 1289 2146 dooms
1316 2102 1490 2146 autent
1542 2090 1714 2157 Esau,
1744 2093 1838 2146 sti-

233 2188 381 2258 pula.
427 2184 781 2242 Exardescent
824 2186 878 2239 in
908 2201 1015 2249 eos,
1074 2193 1123 2238 et
1150 2186 1413 2239 comedent
1457 2185 1615 2240 illos:
1659 2195 1838 2241 etnon

234 2282 339 2337 erit
365 2282 551 2353 ignifer
568 2281 623 2333 in
649 2279 802 2334 domo
821 2276 965 2334 Esau
983 2277 1167 2350 (Abd..
1195 2278 1307 2347 l8).
1340 2278 1397 2335 lu
1411 2279 1609 2336 Genesi
1641 2281 1836 2337 iterum

228 2373 499 2445 scriptum
525 2382 648 2430 est:
684 2372 816 2428 Cum
849 2383 1132 2427 contereret
1167 2370 1307 2427 Deus
1334 2389 1511 2429 omnes
1529 2375 1757 2430 civitates
1786 2376 1841 2430 in

1945 2001 2160 2070 potest?
2199 2000 2268 2055 Et
2297 2017 2495 2065 omnes,
2527 2004 2618 2071 qui
2642 2010 2691 2057 te
2710 2011 2961 2057 noverunt
2980 2002 3116 2058 inter
3137 2003 3393 2069 nationes,
3421 2018 3545 2057 con-

1947 2094 2290 2148 tristabtmtur
2315 2111 2472 2166 super
2497 2106 2545 2149 te
2574 2093 2764 2167 (Ibitl.,
2796 2094 2909 2169 19.)
2942 2095 3073 2151 Cum
3105 2096 3248 2150 enim
3282 2093 3544 2149 Dominus

1949 2187 2181 2258 percutit
2207 2194 2299 2242 aut
2324 2187 2531 2259 detegit
2559 2188 2751 2254 malos,
2780 2189 3202 2245 constristantur
3231 2187 3323 2260 qui
3353 2202 3543 2245 eorum

1948 2280 2151 2335 auxilio
2194 2279 2376 2336 fulciri
2407 2281 2609 2347 solent,
2658 2283 2906 2351 corroris
2933 2283 3013 2338 sui
3047 2291 3202 2352 parte
3237 2281 3520 2339 debilitata

1950 2374 2185 2432 Perditio
2213 2378 2353 2447 facta
2379 2393 2433 2432 es
2457 2393 2477 2432 :
2502 2386 2549 2431 et
2573 2393 2676 2432 non
2705 2379 2807 2433 eris
2831 2378 2883 2433 in
2912 2388 3182 2434 (sternunt.

654 2511 758 2565 llas
779 2511 999 2579 Regula:
1019 2510 1241 2564 Ticttonii
1269 2511 1510 2575 expendit
1531 2512 1841 2575 Augustinus
1864 2516 1985 2563 tom.
2004 2511 2101 2576 Ill,
2126 2512 2215 2563 lib.
2240 2526 2289 2561 ιιι
2312 2513 2377 2563 de
2400 2513 2570 2565 Doctr.
2598 2513 2778 2566 Christ.
2804 2526 2943 2578 capp.
2962 2511 3134 2564 50-57.

226 2660 3536 2694 Μ

1468 2791 1639 2837 ANNO
1684 2793 1919 2839 DOMINI
1962 2794 2309 2849 σοοιενιιι.

635 2914 1796 3084 HILARIUS
1928 2919 2843 3085 DIACON
2856 2925 3144 3089 US

1524 3185 2279 3223 m

1432 3324 2367 3413 PROLEGOMENA.

1351 3493 1461 3557 (Ex
1504 3494 1917 3556 Schoenemanuo,
1964 3499 2083 3544 tom.
2129 3493 2172 3554 l,
2213 3509 2261 3559 p.
2306 3495 2460 3557 506.)

317 3724 369 3779 t.
390 3720 583 3779 Hilarii
605 3716 1842 3778 Diaconivitm—PatriamltabuitSardiniam.
1873 3718 1921 3782 C
1953 3730 2075 3771 cum
2108 3715 2356 3773 Ecclesia
2390 3716 2519 3785 fuit,
2556 3720 2699 3791 quod
2732 3719 3000 3779 Diaconos
3034 3730 3244 3777 tantum
3285 3731 3436 3780 esset
3456 3722 3552 3781 tli-

228 3818 518 3877 Diaconus
543 3829 658 3874 erat
688 3815 950 3873 Ecclesiae
979 3814 1260 3882 Romamn,
1291 3827 1404 3882 quo
1433 3814 1652 3867 nomine
1678 3826 1707 3864 a
1735 3809 1844 3866 Lu-

223 3911 410 3971 cifero
458 3912 723 3984 episcopo
759 3908 1074 3965 Calaritano
1125 3915 1250 3976 post
1294 3902 1590 3963 concilium
1648 3901 1842 3959 Arela-

227 4021 400 4068 tense
430 4006 499 4062 ad
521 4004 900 4063 Constantium
950 4003 1174 4067 missus,
1202 4015 1326 4056 cum
1355 4000 1408 4054 in
1452 3995 1694 4054 concilio
1732 3996 1842 4053 Me-

224 4106 446 4165 diolani
480 4106 666 4160 habito
690 4114 916 4160 strenue
945 4098 1465 4158 Atbanasiicausnm
1490 4094 1838 4158 dt-lensisset,

221 4201 408 4269 virgis
432 4214 610 4254 caesus
639 4209 689 4255 et
721 4212 829 4253 una
850 4210 974 4253 cum
999 4193 1256 4251 Lucifero
1273 4199 1329 4247 et
1356 4190 1642 4247 Paneratio
1667 4189 1719 4244 iu
1743 4204 1838 4245 ex-

217 4293 423 4353 silium
456 4292 659 4349 utissus
678 4290 994 4349 est.Postea
1027 4286 1351 4345 Luciierose
1365 4285 1634 4357 adiunxit,
1654 4283 1747 4339 sed
1778 4297 1844 4338 eo

218 4387 532 4447 temeraria
555 4387 815 4458 Opinione
855 4384 1145 4457 processit,
1175 4391 1235 4436 ut
1262 4381 1496 4437 Arianns
1522 4389 1577 4434 et.
1596 4379 1688 4449 qui
1717 4393 1840 4433 cum

223 4486 328 4542 his
347 4483 875 4546 communicassent,
921 4491 1222 4549 omnesque
1251 4475 1478 4532 omnino
1522 4473 1703 4541 aliqua
1733 4471 1844 4526 bae-

223 4580 352 4641 resi
389 4580 632 4651 pollutos
661 4578 859 4634 iterum
887 4572 1247 4642 baptizandos
1273 4586 1399 4627 esse
1422 4575 1710 4635 statueret,
1742 4581 1843 4621 an-

1947 3808 2140 3875 larius,
2195 3809 2304 3876 cui,
2335 3810 2590 3882 quoniam
2626 3812 2770 3867 nulla
2812 3822 2931 3868 erat
2978 3813 3213 3870 clericos
3253 3813 3549 3871 ordinandi

1948 3903 2128 3976 copia,
2159 3920 2322 3961 nemo
2366 3905 2481 3962 fere
2519 3905 2752 3964 adhaesit
2778 3950 2793 3975 ,
2843 3908 3090 3980 adeoque
3129 3909 3245 3967 lucc
3293 3911 3410 3982 ejus
3451 3910 3550 3965 do-

1947 3999 2123 4054 ctrina
2155 4015 2278 4071 quze
2307 3999 2551 4072 alioquin
2602 4001 2795 4072 ingens
2817 4001 3056 4058 seltisma
3090 4005 3391 4060 excitatura
3422 4003 3553 4061 fuis-

1948 4104 2056 4161 set,
2091 4111 2214 4151 cum
2250 4096 2372 4165 ipso
2392 4105 2617 4152 auctore
2646 4113 2839 4154 an.....
2862 4097 3089 4155 interiit.

2022 4190 2081 4247 2.
2115 4190 2333 4260 Scripta
2363 4195 2575 4265 ejus.——
2598 4191 2814 4262 Scripta
2868 4209 2990 4264 qua:
3020 4192 3229 4251 Hilario
3275 4193 3437 4250 tribui
3463 4208 3554 4251 so.

1950 4285 2089 4350 lent,
2115 4294 2242 4340 sunt
2272 4286 2397 4342 fidei
2420 4286 2712 4341 admodum
2766 4287 2991 4342 ilicetum
3035 4297 3090 4342 et
3129 4285 3331 4353 dubiae,
3361 4286 3552 4343 videli-

1950 4387 2037 4434 cct
2065 4377 2474 4435 Comntcntarius
2505 4379 2556 4433 in
2585 4376 2851 4449 Epistolas
2893 4378 3053 4434 Pauli
3096 4395 3219 4434 eum
3261 4378 3551 4436 AmbrOSio

1951 4470 2038 4527 edi
2064 4470 2281 4539 solitus,
2304 4482 2359 4527 et
2388 4469 2833 4539 QutrstionesVet.
2855 4482 2905 4527 et
2937 4469 3074 4527 Nov.
3101 4469 3239 4529 Test.
3263 4470 3411 4528 inter
3439 4469 3553 4529 Au-

1947 4565 2155 4637 gustini
2195 4580 2358 4636 opera
2408 4564 2777 4636 repet-innitar,
2810 4564 2879 4621 de
2907 4565 3105 4637 quibus
3134 4564 3331 4632 fusius,
3360 4565 3456 4622 sed
3482 4567 3552 4621 ita

226 4687 461 4747 tequam
486 4675 540 4729 in
560 4673 880 4730 societatem
929 4667 1190 4724 Ecclesia?
1216 4665 1323 4722 call
1346 4664 1425 4722 oti
1535 4662 1847 4735 reciperen-
1950 4672 2004 4715 ut
2032 4660 2239 4717 llilario
2270 4672 2560 4732 utrmnque
2584 4660 2952 4731 abjudiearct,
2975 4660 3274 4733 disputavit
3297 4659 3548 4718 Oudinus

222 4779 353 4828 tur.
388 4767 530 4823 Illuc
575 4765 780 4834 lepide,
822 4764 920 4819 sed
962 4776 1155 4833 parum
1203 4760 1341 4816 scite
1391 4758 1457 4813 ad
1513 4758 1847 4829 Hieronymo
1952 4767 2085 4813 tom.
2112 4756 2133 4815 1
2158 4756 2227 4813 de
2253 4755 2353 4815 SS.
2395 4755 2548 4814 Eccl.
2575 4773 2630 4827 p.
2660 4755 2925 4813 480-49t.

222 4861 426 4923 mundi
460 4860 761 4917 Deucalion
808 4857 987 4916 dictus
1016 4865 1123 4914 est.
1159 4854 1305 4911 Bene
1343 4867 1475 4909 vero
1505 4860 1685 4908 actum
1719 4864 1848 4908 tunc

1071 5096 2699 5257 COMMENTARIUS

654 5386 836 5519 IN
926 5387 1187 5511 XII
1282 5372 2272 5511 EPISTOLAS
2360 5371 2503 5501 B.
2602 5371 3069 5501 PAUL

468 5633 1272 5760 HILARIO
1351 5622 2182 5748 DIACONO
2256 5616 3333 5736 ASCBIPTUS.

366 5930 534 5985 (Hunc
559 5927 974 5982 momentarium
995 5925 1110 5977 vtdo
1128 5926 1265 5976 tuter
1286 5921 1451 5986 spuria
1474 5919 1525 5971 in
1562 5915 1849 5983 Appendice
1864 5915 1925 5966 ad
1949 5924 2103 5978 aper:
2125 5910 2176 5961 S.
2204 5906 2446 5960 Ambrosii
2472 5905 2716 5970 adjuncta,
2737 5912 2857 5958 tom.
2880 5902 3015 5957 XVII
3035 5909 3217 5956 nostra
3232 5901 3440 5965 Patrol.)

248 4969 3532 5005 _____________________________________.______.
