4032 6436
485 358 551 423 ἸΙ
1756 337 2103 404 Αυοτοιιιε

2209 334 2462 396 RONYMI
3709 315 3786 376 7!

902 557 1905 732 AUCTOR
2036 532 3389 710 ANONYMUS.

1568 785 1802 875 cuius
1845 805 2114 870 OPERA
2156 797 2668 866 PRODIEBUNT

768 1000 1096 1110 SUB
1286 984 1965 1098 ΝΟΜΙΝΕ
2096 995 2103 1085 i

2209 1046 2238 1083 .
2426 961 3508 1081 ATHANASII.

1732 1184 1807 1236 Ex
1833 1196 1949 1247 opp.
1975 1181 2031 1233 S.
2053 1178 2304 1231 Athanasii
2330 1182 2449 1227 tom.
2474 1171 2545 1223 Ill
2597 1212 2609 1224 .

562 1319 1243 1405 ADMONITUM
1322 1313 1434 1387 IN
1513 1302 2136 1396 SEQUENTIA
2210 1296 2424 1371 Ι)Ηο
2475 1288 3033 1367 OPUSCULA
3106 1280 3680 1358 ASCETICA.‘

480 461 2327 494 W—

559 1583 606 1638 Λ
635 1580 810 1636 multis
847 1577 963 1649 jam
1005 1570 1213 1629 saeculis
1242 1566 1602 1637 subsequentes

491 1676 697 1732 nomine
725 1669 981 1743 prodiere.
1028 1663 1094 1719 In
1118 1658 1426 1717 collectione
1462 1667 1686 1724 namque

507 1779 727 1840 utraque
748 1768 1005 1836 comparet
1028 1752 1300 1814 Athanasii
1323 1748 1532 1805 nomine
1557 1742 1849 1814 inscripta;
1880 1751 1997 1792 cum
2036 1750 2134 1788 neu

2329 437 3761 470 Μ

1630 1560 1748 1614 dua:
1775 1555 2009 1609 ascetica:
2045 1546 2432 1606 exhortationes
2470 1543 2541 1599 ad
2571 1542 2851 1597 monachos
2881 1547 2928 1592 et
2954 1536 3022 1592 ad
3047 1550 3266 1606 sponsas
3295 1531 3487 1588 Christi
3510 1528 3787 1586 Athanasii

1727 1645 2070 1719 (legatorum,
2118 1655 2235 1712 qua:
2258 1648 2435 1691 octauo
2464 1637 2653 1691 sarculo
2676 1649 2709 1686 a
2739 1627 3018 1685 Benedicto
3045 1625 3339 1680 Anionensc
3365 1623 3673 1676 concinnata
3698 1627 3796 1685 est,

2140 1742 2219 1791 ira
2247 1743 2415 1784 tamen
2440 1723 2716 1782 Athanasii
2745 1722 2874 1776 nihil
2902 1719 3000 1774 nisi
3028 1733 3211 1772 nomen
3231 1714 3493 1768 admittat.
3521 1708 3661 1766 Nam
3684 1710 3803 1779 ipsa

510 1805 641 1826 ηιμ..
665 1805 727 1823 ..ν
748 1805 855 1820 νυ...
898 1805 1005 1816 ...η
1719 1805 1730 1814 ,
1832 1805 1836 1806 ί

495 1860 609 1915 Iace
630 1805 825 1913 έιατίιιε
853 1805 955 1916 2st,
1009 1867 1042 1903 α
1067 1847 1252 1903 ιαιὶηο
1280 1841 1553 1909 scriptore,
1590 1847 1637 1890 et
1666 1831 1873 1906 quidem
1899 1827 2129 1899 eleganti
2157 1823 2459 1891 Latineque,
2508 1829 2561 1873 ut
2591 1815 2687 1871 illa
2713 1823 2887 1879 (etate,
2922 1810 3263 1883 peritissimo,
3294 1805 3578 1861 adornatas
3620 1805 3799 1877 fuisse.

493 1950 743 2012 Secunda
762 1964 937 2021 porro,
964 1946 1017 1998 in
1045 1942 1117 1998 Ac

496 2045 669 2113 liceat,
702 2040 861 2114 fuisse
884 2035 1049 2095 illam.
1067 2033 1358 2106 pariterque
1386 2027 1614 2098 priorem
1644 2041 1673 2088 ιι

496 2138 579 2195 nis
607 2150 766 2190 causa
794 2126 1070 2186 Athanasii
1098 2124 1305 2179 nomine
1329 2118 1646 2189 insignitum.

495 2237 646 2287 rante
667 2225 810 2282 Luca
836 2219 1110 2277 Hotsteuio
1129 2216 1329 2271 editum
1350 2213 1449 2286 fuit
1478 2206 1701 2263 Parisiis
1724 2218 1862 2258 anno
1892 2198 2048 2256 1663.

1120 1941 1184 1995 tis
1210 1932 1431 1993 Concilii
1466 1925 1903 2004 Aquisgranensis
1932 1897 2072 1975 euitat
2104 1918 2331 1988 integra,
2361 1911 2747 1982 Athanasioque
2787 1905 3081 1961 asrribitur.
3112 1901 3260 1957 Unde
3296 1899 3516 1971 fortasse
3543 1897 3807 1967 suspicari

1679 2036 1759 2077 ua:
1778 2018 1957 2073 eodem
1985 2014 2144 2086 ferme
2163 2007 2285 2082 styli
2316 2024 2500 2081 genere
2526 2003 2820 2071 coascripta
2843 2008 2940 2070 est,
2965 1999 3028 2052 ab
3050 2004 3259 2050 auctore
3282 2010 3375 2050 suo
3397 1990 3807 2047 commendatio-

1678 2111 1964 2177 Utrumque
1985 2082 2162 2159 autem
2187 2096 2499 2174 opusculum
2526 2097 2579 2151 in
2612 2091 2912 2164 Appendice
2951 2088 3020 2144 ad
3051 2085 3293 2144 Codiccm
3315 2082 3660 2155 Regularum,
3709 2097 3804 2135 cu-

498 2300 3786 2365 MM

1256 2398 2052 2499 EXHORTATIO
2128 2396 2288 2480 AD
2362 2385 3046 2475 MONACHOS.

1980 2559 2348 2580 ﬁ

581 2687 647 2744 Et
677 2687 721 2741 si
779 2681 908 2754 quid
965 2675 1191 2751 gloriari
1218 2674 1272 2730 in
1296 2670 1515 2729 Christo
1561 2668 1693 2723 licet
1718 2703 1733 2729 ,
1792 2651 2101 2729 huiusmodi
2131 2656 2184 2715 Α
2212 2654 2261 2705 in
2294 2649 2675 2705 holocaustum
2709 2644 2903 2709 nostri,
2938 2643 3174 2699 hostium
3208 2641 3528 2696 voluntarite
3555 2639 3794 2696 oblatio-

514 2749 810 2854 principiis-
846 2749 1075 2840 initiati,
1108 2779 1165 2825 ut
1191 2768 1263 2825 sit
1295 2762 1572 2821 inchoatio
1601 2768 1780 2814 vestra
1812 2749 2101 2825 perfectio,

502 2848 558 2934 et
585 2874 651 2930 ad
670 2848 854 2929 verum
877 2867 1097 2925 vivendi
1128 2866 1332 2935 lrugem
1356 2857 1560 2931 gradus
1584 2848 1940 2921 interpositos
1965 2860 2105 2915 prtu-

512 2968 798 3030 volanles,
845 2962 998 3035 apice
1038 2958 1208 3030 ipsius
1245 2950 1501 3010 culminis
1529 2952 1827 3014 occupato,
1855 2934 2100 3007 discipli-

506 3079 593 3121 na:
624 3073 893 3117 summam
924 3055 1183 3118 teneatis,
1211 3058 1273 3106 ut
1298 3048 1351 3104 in
1386 3043 1527 3099 votis
1557 3040 1765 3096 habete
1795 3036 2018 3100 debeat,
2051 3040 2107 3085 et

501 3151 708 3213 imitari
737 3149 970 3221 quisque
1002 3160 1102 3200 vos
1130 3144 1312 3215 p0tius
1342 3154 1503 3209 quam
1532 3148 1693 3205 posse
1722 3128 1920 3185 credat
1946 3123 2106 3179 insti-

505 3248 617 3303 tui:
653 3220 783 3300 tttihi
817 3251 1000 3295 tamen
1055 3236 1217 3305 hujus
1263 3230 1546 3287 licentiam
1590 3220 1967 3294 prterogativm
2006 3230 2101 3286 pa-

521 3351 718 3397 ternus
746 3332 1003 3405 ascripsit
1025 3326 1254 3385 allectus
1274 3369 1289 3393 ,
1318 3333 1376 3378 et
1401 3314 1784 3389 amtxlcmenda
1816 3310 1949 3368 mihi
1976 3323 2101 3363 ves.

511 3444 616 3493 trtc
645 3423 1105 3501 expostulationis
1162 3419 1400 3479 exactio.
1451 3414 1552 3484 Qui
1582 3412 1711 3468 dum
1743 3424 1832 3464 me
1876 3404 2103 3471 auditis,

514 3542 623 3584 non
648 3525 825 3582 solum
844 3519 1098 3581 libenter,
1116 3514 1211 3571 sed
1235 3513 1395 3569 etiam
1424 3508 1580 3564 avide
1607 3502 1978 3577 impudentem
2014 3512 2101 3552 me

461 3633 465 3636 '
512 3630 700 3678 vestro
748 3629 943 3673 amore
988 3610 1219 3667 fecistis.
1252 3602 1634 3662 Prazcedentcs
1660 3597 1823 3664 duco,
1874 3602 1931 3649 et
1956 3593 2096 3647 ultra

507 3728 823 3772 mensuram
880 3723 1014 3765 mea:
1063 3698 1447 3778 possibilitatis
1486 3707 1748 3753 extensus
1776 3705 1914 3761 quos
1950 3684 2103 3757 sequi

513 3807 696 3875 cupio.
728 3805 939 3859 ducere
969 3795 1298 3868 compellor.
1330 3791 1560 3861 Petgam
1594 3788 1759 3857 igitur
1789 3798 1885 3854 per
1911 3778 2102 3836 trami-

512 3908 622 3954 tem
646 3895 771 3953 vita:
796 3903 1023 3955 vestrrc,
1062 3899 1124 3947 ut
1148 3887 1302 3961 quasi
1340 3886 1431 3956 qui
1462 3879 1980 3953 pritnislitteraram
2004 3873 2107 3926 im-

500 3993 697 4050 buatur
723 3987 1015 4048 elementis
1061 3982 1311 4054 depictis,
1370 3977 1729 4032 adumbratas
1785 3968 2107 4043 praeﬁgura-

2212 2746 2296 2800 nis
2324 2757 2601 2814 aptemus,
2626 2739 3007 2796 desiderantes
3030 2750 3187 2792 escas
3213 2744 3271 2789 et
3297 2742 3575 2803 parantes,
3597 2748 3661 2788 ac
3687 2733 3807 2805 pri-

2214 2838 2450 2893 matibus
2479 2834 2587 2891 illis
2638 2832 2703 2887 ad
2736 2845 3054 2888 mensuram
3093 2829 3263 2884 veuize
3297 2826 3440 2882 hanc
3469 2827 3806 2883 sententiam

2210 2932 2534 3003 largientes:
2563 2926 2744 2982 Omnis
2765 2935 3003 2979 creatura
3028 2923 3121 2977 Dei
3143 2922 3300 2985 bona,
3324 2931 3368 2975 et
3393 2919 3523 2975 nihil
3546 2920 3801 2993 abjicien-

2208 3025 2355 3092 dum,
2404 3020 2543 3091 quod
2572 3037 2685 3075 cum
2717 3020 3003 3090 gratiarum
3045 3016 3246 3069 actione
3275 3014 3559 3086 percipitur
3591 3004 3643 3086 (I'
3667 3011 3808 3068 Tim.

2207 3134 2282 3184 tv,
2308 3116 2384 3191 lt).
2416 3116 2523 3172 Nos
2553 3116 2619 3171 ad
2646 3117 2931 3187 pratmium
2962 3111 3150 3181 gloria:
3180 3110 3276 3164 illo
3316 3108 3509 3164 labore
3539 3108 3808 3172 nitentes,

2208 3212 2409 3265 bonum
2430 3218 2435 3225 '
2456 3218 2541 3264 est
2572 3224 2679 3263 non
2712 3206 3043 3261 manducare
3095 3217 3343 3268 carnem,
3403 3215 3581 3270 neque
3606 3198 3806 3255 bibere

2210 3304 2415 3358 vinum.
2468 3300 2531 3356 Et
2565 3316 2757 3356 rursus
2782 3318 2793 3352 :
2828 3297 3006 3353 Omnis
3035 3294 3124 3367 qui
3154 3295 3208 3349 in
3235 3309 3401 3365 agone
3424 3290 3714 3354 contendit,
3743 3289 3811 3344 ab

2210 3397 2450 3450 euntibus
2478 3412 2533 3448 se
2556 3394 2778 3448 abstinet
2835 3391 2874 3462 (Ι
2909 3389 3032 3446 Cor.
3065 3406 3152 3454 Ix,
3181 3386 3300 3459 95).
3356 3387 3420 3441 Et
3452 3385 3528 3441 illi
3555 3383 3811 3455 quidem,

2210 3499 2264 3541 ttt
2295 3486 2705 3553 eortuntibilem
2752 3499 3008 3539 coronam
3046 3482 3344 3551 accipiant,
3376 3494 3476 3535 nos
3503 3488 3683 3534 autem
3721 3478 3813 3532 in-

2209 3591 2544 3651 eorrttptam.
2573 3578 2920 3634 Abstinentia
2949 3576 3094 3632 enim
3115 3573 3467 3631 continentitc
3489 3575 3671 3627 nutrix
3694 3583 3803 3640 εει,

2209 3690 2311 3744 qua
2345 3674 2568 3744 innupta
2595 3671 2709 3727 sive
2740 3678 2931 3740 nupta,
2966 3670 3175 3725 facilius
3207 3667 3587 3739 passibilitatis
3617 3668 3808 3722 lrenos

2207 3768 2436 3839 patitur,
2463 3766 2507 3820 si
2537 3782 2645 3821 non
2670 3764 2988 3820 deliciarum
3010 3763 3318 3818 calcaribus
3340 3762 3621 3827 incitetur,
3642 3774 3810 3830 quam

2210 3862 2291 3917 sic
2318 3875 2436 3925 eos,
2469 3864 2559 3931 qtti
2583 3860 2647 3913 ad
2672 3874 2885 3914 summa
2913 3860 3183 3922 nituntur,
3212 3855 3298 3911 vel
3321 3857 3504 3923 cupio,
3533 3854 3623 3908 vel
3653 3867 3817 3908 man-

2212 3954 2283 4009 do
2310 3954 2493 4010 colere
2519 3996 2534 4022 ,
2586 3968 2655 4007 nc
2684 3961 2874 4022 putent
2907 3950 2959 4004 in
2987 3949 3111 4005 aliis
3139 3947 3347 4003 crimen
3379 3960 3501 4001 esse
3531 3944 3811 4013 nupsisse,

520 4083 763 4142 tionibus
794 4092 951 4138 notas
981 4078 1123 4152 style
1147 4074 1423 4130 imitatore
1442 4068 1688 4128 calcabo,
1709 4059 2102 4119 accedentibus
2137 4052 2186 4113 B
2213 4049 2449 4103 scientes
2496 4047 2761 4115 scriptum
2794 4059 2918 4100 esse
2945 4062 2957 4098 :
3017 4041 3225 4097 Bonum
3254 4049 3329 4095 est
3369 4038 3589 4101 nubere,
3622 4037 3814 4093 melius

2052 4150 2061 4152 _
2280 4151 2285 4152 ,
2523 4140 2534 4152 ι
2660 4138 2701 4152 ,ι
2734 4134 2769 4152 Λ
3021 4135 3111 4152 -.ιι
3193 4134 3292 4152 n,-!
3324 4132 3335 4152 Ι
3367 4147 3423 4152 ,Α
3464 4131 3600 4152 -_:-_.
3640 4128 3777 4152 :Il:-2

521 4178 587 4235 ad
614 4185 831 4249 sperata
884 4150 1047 4229 beati
1077 4165 1312 4226 instituti
1357 4160 1601 4235 praemia.
1656 4171 1778 4229 qua:
1816 4150 2102 4224 sequenda

509 4246 661 4333 sunt.
695 4271 932 4327 Primum
977 4259 1327 4321 abstinentia:
1356 4273 1511 4319 cura.
1552 4251 1767 4324 ieiunii,
1794 4246 2101 4321 patientitc,

513 4368 706 4427 orandi
733 4363 1028 4422 assiduitas
1056 4369 1112 4415 et
1136 4354 1383 4429 legendi,
1409 4352 1490 4407 vel
1518 4349 1561 4403 ri
1584 4349 1707 4418 quis
1738 4344 1917 4400 adhuc
1952 4343 2098 4397 litte-

522 4478 705 4522 rarum
737 4472 934 4533 expers
960 4458 1052 4523 sit,
1087 4450 1343 4508 audiendi
1375 4449 1445 4505 sit
1472 4442 1811 4502 desiderium
1842 4454 1966 4496 cum
2001 4452 2099 4494 cu—

503 4557 733 4632 piditate
756 4530 1026 4609 discendi.
1085 4545 1211 4601 llaec
1241 4543 1388 4599 enim
1416 4548 1540 4594 sunt
1590 4537 1762 4604 prima
1793 4532 1945 4602 quasi
1979 4530 2091 4584 lac-

524 4649 754 4706 tentinnt
802 4643 1196 4703 cunabulorum
1229 4638 1283 4692 in
1318 4634 1413 4691 Dei
1443 4628 1722 4704 agnitione
1777 4621 2104 4696 crepundia,

514 4742 713 4816 quibus
756 4739 920 4794 homo
949 4731 1290 4798 admonitus,
1342 4734 1498 4784 ortus
1546 4722 1626 4777 sui
1658 4719 1827 4775 divini
1862 4714 2108 4772 tramitis

507 4833 719 4908 ingredi
742 4833 883 4889 viam
915 4828 1059 4885 velle
1084 4823 1345 4895 incipiat,
1379 4818 1505 4874 dum
1541 4830 1705 4887 posse
1748 4816 2097 4867 consuescat.

513 4901 594 4988 Et
608 4927 831 5000 quidem
864 4924 967 4982 ista
987 4918 1238 4983 tradens,
1263 4930 1371 4972 non
1396 4912 1466 4968 de
1492 4908 1643 4980 vulgi
1666 4906 1969 4978 promiscua
2001 4901 2108 4958 llde

513 4994 733 5096 loquor,
784 5016 933 5091 quod
991 5007 1384 5084 omnipotentis
1421 5002 1516 5059 Dei
1568 5008 1782 5055 tantum
1830 4994 2107 5051 insinuata

515 5086 817 5183 confessio,
869 5119 928 5167 et
970 5102 1297 5165 innocentia:
1351 5094 1647 5166 singularis
1676 5090 1943 5147 instillata
1971 5086 2108 5143 doc-

513 5213 685 5280 trina,
712 5207 870 5266 venia
900 5204 1017 5261 sola
1048 5200 1223 5259 eilicit
1245 5211 1370 5254 esse
1397 5200 1737 5251 contentum.
1771 5185 2108 5256 Quamquam

518 5277 785 5365 Dominus
809 5308 1019 5363 noster,
1062 5296 1203 5352 sicut
1228 5291 1457 5363 legimus
1510 5285 1694 5360 (Rom.
1725 5296 1821 5348 vn,
1852 5277 1931 5351 ti),
1983 5290 2106 5333 om-

529 5417 629 5460 nes
659 5400 795 5457 velit
823 5397 1004 5453 salvos
1034 5390 1153 5448 lict‘i
1179 5396 1236 5445 et
1277 5387 1346 5441 ad
1373 5383 1704 5453 agnitimtem
1733 5372 1984 5432 veritatis
2013 5383 2110 5424 ve-

510 5495 632 5554 nire
649 5538 665 5564 ,
684 5502 865 5548 tamen
881 5488 1007 5560 quia
1032 5478 1436 5558 pra'eminetttis
1461 5476 1651 5547 gratim
1683 5470 1859 5526 cuncti
1881 5474 2109 5535 capaces

508 5555 775 5645 asse-non
810 5555 1076 5654 possunt:
1111 5575 1230 5634 Non
1254 5570 1399 5629 cnim
1423 5568 1637 5644 (Cenes.
1665 5578 1787 5630 xxt;
1823 5556 2002 5615 Galat.
2024 5555 2103 5629 tv)

509 5697 725 5747 omnes,
767 5677 862 5751 qui
889 5692 959 5733 es
990 5672 1159 5729 Israel
1191 5678 1342 5735 sunt,
1402 5664 1666 5721 Israelita:
1694 5665 1822 5712 sunt
1870 5652 2019 5728 (nam
2051 5660 2110 5708 et

517 5779 567 5838 Is
580 5774 721 5835 mael
751 5790 782 5829 a
812 5767 1094 5829 consortio
1127 5767 1384 5822 iratorum
1406 5753 1745 5816 ha-reditatis
1774 5747 2106 5812 excluditur,

533 5882 590 5931 et
614 5876 1044 5942 compugnantes
1069 5858 1241 5919 Jacob
1268 5865 1323 5912 et
1353 5853 1495 5910 Esau
1523 5894 1537 5918 ,
1567 5849 1722 5906 unius
1755 5842 1898 5901 ulcri
1929 5841 2103 5897 claus-

528 5976 608 6030 tra
642 5936 911 6040 ruperunt
932 5960 977 6033 ),
1034 5954 1121 6013 vel
1161 5946 1402 6009 contenti
1436 5954 1599 6016 puteo
1624 5954 1777 6012 aquae
1806 5936 1976 6003 vivm,
2010 5945 2110 5988 nos

2211 4151 2285 4195 est
2312 4157 2415 4194 non
2440 4140 2630 4194 nubere
2655 4138 2702 4206 (l
2729 4134 2854 4194 Cor.
2891 4152 2989 4205 vtt,
3021 4135 3140 4207 37).
3191 4134 3295 4199 Qui
3324 4132 3426 4187 hoc
3456 4131 3603 4184 enim
3640 4128 3808 4184 illici-

2214 4245 2329 4291 tntn
2362 4235 2619 4298 credunt,
2656 4234 2754 4304 ipsi
2785 4232 3069 4305 praemium
3103 4230 3186 4284 sui
3216 4226 3424 4282 laboris
3450 4223 3809 4280 imminuent.

2213 4328 2433 4384 [dicitis
2462 4328 2609 4382 enim
2639 4340 2867 4388 cavere,
2919 4324 3110 4394 jttgnm
3140 4320 3483 4377 necessitatis
3505 4329 3593 4373 est
3618 4334 3633 4371 :
3680 4331 3814 4387 per-

2214 4422 2383 4478 missa
2401 4420 2647 4483 vincere,
2684 4431 2883 4473 munus
2913 4414 3148 4470 arbitrii.
3180 4413 3336 4469 Malis
3360 4410 3670 4473 abstinere,
3698 4409 3815 4463 dis-

2211 4514 2430 4585 ciplintc
2460 4527 2671 4570 merces
2700 4521 2809 4577 est,
2867 4510 3010 4565 bona
3039 4503 3384 4578 supergredi,
3436 4503 3664 4559 libertas
3694 4517 3813 4556 nte-

2213 4608 2301 4663 riti
2333 4617 2414 4663 est
2436 4650 2451 4675 ,
2489 4623 2596 4660 non
2628 4606 2757 4661 linis
2788 4602 3024 4675 imperii.
3080 4598 3215 4655 Illud
3249 4596 3383 4669 legis
3413 4595 3682 4650 indultum
3715 4605 3807 4650 est

2215 4700 2488 4768 terminis,
2519 4699 2622 4755 ltoc
2648 4697 2839 4770 gratitc
2874 4703 3220 4751 reservatum
3251 4702 3337 4745 est
3366 4687 3750 4745 incrementis.

2281 4793 2336 4848 2.
2371 4793 2712 4864 ieiuniorum
2766 4802 2983 4859 quoque
3020 4791 3127 4841 noti
3172 4784 3245 4840 sit
3274 4780 3587 4837 volentibus
3642 4788 3808 4834 certa

2214 4901 2495 4950 mensura,
2526 4884 2619 4941 sed
2652 4885 2706 4940 in
2735 4891 2997 4956 quantum
3031 4876 3369 4950 possibilitas
3390 4873 3557 4940 valet,
3583 4871 3706 4927 nisu
3729 4871 3815 4928 la—

2212 4980 2460 5037 borantis
2488 4987 2717 5034 extensa
2739 5018 2755 5045 ,
2805 4991 2928 5047 qntc
2956 4981 3162 5046 prteter
3210 4967 3546 5025 Dominicam
3576 4979 3807 5038 semper

2213 5075 2321 5131 sint
2352 5071 2620 5128 solemnia
2642 5113 2657 5139 ,
2709 5070 2754 5124 si
2788 5067 2971 5124 votiva
3002 5065 3131 5121 sint.
3186 5062 3282 5118 llis
3310 5075 3435 5118 sese
3463 5058 3646 5116 Moses
3672 5057 3805 5114 bea-

2215 5168 2462 5224 tissimus
2501 5178 2842 5235 prteparans,
2873 5159 3126 5215 aﬂ'utibns
3167 5157 3264 5213 Dei
3304 5155 3504 5225 dignus
3553 5153 3808 5223 ingessit.

2216 5259 2311 5316 llis
2341 5258 2631 5330 prtedietas
2664 5271 2760 5325 per
2785 5253 2979 5310 Jonatn
3015 5249 3266 5305 Ninivittn
3298 5248 3504 5310 minas.
3546 5245 3600 5299 in
3628 5244 3807 5315 placi-

2213 5354 2337 5409 dam
2367 5364 2559 5407 rursns
2589 5348 2800 5403 ﬂexere
2829 5343 3181 5400 sententiam.
3223 5342 3316 5396 llis
3342 5336 3611 5396 Belhulim
3639 5351 3817 5407 popu-

2136 5453 2183 5516 (ζ
2213 5448 2298 5502 lus
2322 5443 2544 5518 Assyria
2575 5441 2866 5499 obsidione
2894 5438 3188 5494 conclusus
3208 5478 3223 5503 ,
3252 5446 3308 5491 et
3334 5446 3512 5505 usque
3542 5430 3612 5486 ad
3640 5428 3805 5485 dedi-

2218 5545 2421 5600 tionem
2451 5540 2533 5595 sui
2566 5548 2789 5607 experta
2823 5535 3059 5606 plurima
3100 5534 3306 5587 virtute
3336 5527 3706 5592 conterritus,
3731 5522 3804 5577 ab

2217 5633 2588 5706 Ilulopltct‘ttis
2618 5629 2958 5686 tumentibus
2986 5625 3151 5683 minis
3190 5622 3499 5681 constantis
3531 5633 3697 5675 manu
3729 5616 3810 5673 fe-

2217 5732 2382 5785 mina:
2413 5724 2617 5783 meruit
2641 5722 2931 5780 vindicari.
2960 5721 3055 5776 llis
3084 5717 3461 5775 Mardochasus
3480 5716 3654 5770 Aman
3681 5726 3810 5767 cru-

2212 5822 2393 5879 delem
2429 5817 2714 5888 superbia.
2748 5827 3061 5889 praeparato
3092 5812 3314 5868 sibimet
3366 5810 3513 5881 ligno
3567 5812 3809 5875 accepta:

2215 5931 2395 5992 paena:
2449 5914 2817 5972 conversione
2864 5909 3171 5985 suspendit.
3227 5905 3529 5964 liis-Iesus
3556 5901 3807 5960 Salvator
