4032 6438
253 369 317 424 73
1374 363 1819 424 ΕΧΗΟΒΤΑΤΙΟ
1858 363 1949 422 AD
1989 363 2372 423 MONACHOS.
3439 384 3510 442 τι

255 488 430 536 noster
459 476 513 533 in
539 489 700 533 carne
724 475 954 534 hominis
975 517 990 543 ,
1019 490 1176 547 quem
1207 487 1572 547 assumpserat
1596 519 1611 542 ,
1641 476 1824 532 erudi-
1855 480 1908 538 Α
1934 475 1986 531 in
2027 476 2259 532 elatione
2297 478 2522 549 superba
2545 481 2803 550 jactetur;
2847 485 2940 541 sed
2970 485 3262 546 observans
3299 497 3509 564 tempus

253 581 367 636 tus,
407 569 652 625 suadelas
703 567 900 623 diaboli
938 569 1192 624 tentantis
1226 569 1491 623 obtundit.
1537 569 1680 636 Quas
1723 568 1826 624 etsi

251 664 401 718 aliter
428 661 686 732 potuisset
727 659 1030 730 expellere,
1069 658 1340 715 docendos
1385 670 1560 716 tamen
1601 660 1826 730 populos

237 757 415 812 ~voluit
449 755 548 811 hac
587 754 884 810 imitatione
919 754 1172 810 formare.
1204 754 1547 810 Orationibus
1583 769 1710 811 vero
1753 756 1826 810 ita

252 847 552 918 frequenter
574 847 882 902 instandum
910 856 1026 915 est,
1058 856 1115 902 ut
1134 847 1223 903 vix
1256 862 1347 903 eas
1374 848 1586 918 aliquod
1617 857 1825 920 tempus

249 939 550 1010 interpolet.
588 939 857 1010 Scriptum
897 950 978 995 est
1013 941 1155 995 enim
1187 957 1200 994 :
1237 940 1564 995 Orationibus
1601 942 1820 1011 instate,

247 1030 513 1102 vigilantes
542 1031 595 1085 in
617 1029 725 1084 illis
744 1029 958 1102 (Matth.
983 1046 1073 1096 vn,
1102 1029 1210 1100 18).
1236 1032 1299 1087 Ει
1319 1032 1512 1087 iterum
1537 1051 1549 1085 :
1578 1032 1821 1101 Qucerite,

245 1130 294 1177 et
320 1122 622 1188 invenietis;
669 1123 895 1192 pulsate,
940 1131 987 1177 et
1025 1124 1280 1193 aperietur
1317 1123 1454 1179 vobis
1486 1123 1699 1196 (Matth.
1733 1140 1821 1194 vt,

249 1212 358 1283 19).
393 1213 495 1269 Per
525 1213 624 1269 has
646 1215 849 1270 amicus
874 1213 1145 1270 dormiens
1172 1215 1433 1271 excitatur
1464 1234 1475 1268 :
1505 1225 1560 1272 et
1583 1218 1824 1287 quamvis

247 1321 461 1362 omnem
490 1305 744 1362 familiam
774 1322 937 1379 sopor
964 1308 1102 1364 altus
1130 1308 1436 1377 obsederit,
1476 1310 1713 1381 depromi
1744 1319 1823 1368 ta-

246 1412 369 1455 men
397 1398 500 1454 sibi
535 1413 599 1454 ac
635 1400 834 1470 porrigi
878 1415 1042 1470 panes
1081 1402 1415 1472 importunus
1458 1405 1822 1474 expostulator

244 1497 546 1560 extorquet.
579 1489 714 1556 llas,
745 1492 790 1546 si
817 1490 934 1548 ﬁeri
963 1500 1170 1563 potest,
1200 1493 1318 1550 sola
1347 1495 1555 1565 legendi
1593 1497 1822 1553 interca-

245 1583 383 1655 pedo
405 1583 702 1654 disrumpat
723 1599 739 1639 :
764 1583 916 1654 cujus
945 1583 1024 1641 rei
1052 1600 1178 1640 cura
1201 1585 1251 1640 in
1282 1585 1554 1642 canonicis
1578 1588 1822 1657 ponenda

243 1688 324 1733 est
371 1677 716 1734 monimentis
757 1697 770 1730 :
822 1693 927 1733 non
973 1678 1114 1750 quod
1155 1679 1454 1752 apocrypha
1493 1680 1817 1747 debeamus,

241 1769 544 1837 praesertim
575 1769 833 1839 ignorata,
859 1771 1134 1838 damnare,
1164 1771 1257 1828 sed
1283 1772 1425 1842 quod
1449 1771 1517 1828 ad
1539 1773 1816 1830 scientiam

1934 572 2176 638 tacendi,
2209 584 2264 628 et
2294 583 2502 644 tempus
2530 577 2812 648 loquendi,
2843 595 3003 638 omne
3031 584 3253 640 verbum
3275 587 3504 645 otiosum

1929 663 2217 722 obnoxium
2248 667 2381 722 sciat
2401 682 2522 724 esse
2549 671 2763 725 rationi.
2794 671 2924 728 Nam
2953 673 3076 730 ideo
3099 686 3154 732 et
3183 677 3342 732 David
3375 681 3505 736 bea-

1931 756 2172 812 tissimus
2198 759 2277 812 ori
2308 773 2406 815 suo
2446 761 2740 817 custodiam
2767 763 3028 835 deposcit.
3053 767 3120 822 Et
3146 769 3504 828 condiendum

1928 847 2043 903 sale
2063 891 2078 916 ,
2111 847 2377 905 benedicti
2419 851 2566 908 Pauli
2605 855 2792 924 pagina
2821 871 2969 912 sacra
2990 898 3007 924 ,
3039 873 3342 917 sermonem
3374 878 3506 919 con-

1929 939 2120 995 stituit.
2153 939 2221 995 Et
2249 942 2450 998 nullum
2478 944 2798 1003 indomabile
2825 951 3121 1005 membrum
3153 965 3302 1020 esse,
3345 969 3503 1021 quam

1930 1030 2202 1101 linguam,
2248 1033 2525 1090 testiﬁcata
2569 1035 2751 1092 Jacobi
2785 1051 3045 1112 praecepta
3088 1041 3380 1112 signarunt.
3424 1044 3507 1100 Sit

1927 1119 2088 1191 igitur
2112 1123 2201 1192 qui
2231 1122 2535 1194 hujusmodi
2563 1128 2705 1183 viam
2739 1132 2945 1186 scandit
2974 1133 3183 1200 tacitus,
3215 1135 3376 1202 mitis,
3410 1135 3505 1191 be-

1928 1214 2143 1286 nignus.
2168 1215 2236 1271 Et
2257 1218 2378 1288 quia
2401 1218 2670 1277 charitatis
2692 1221 2986 1279 insolubilis
3007 1225 3231 1282 habetur
3257 1227 3500 1292 allectus,

1929 1305 1983 1358 in
2014 1305 2193 1361 studio
2221 1307 2372 1376 parili
2397 1322 2610 1377 semper
2629 1312 2790 1367 alium
2813 1314 3055 1384 judicans
3080 1317 3359 1386 potiorem.
3391 1318 3505 1374 Hoc

1927 1399 2069 1454 enim
2115 1400 2267 1456 freno
2313 1401 2595 1473 adstringit
2641 1405 2927 1474 invidiam,
2976 1424 3135 1479 quam
3173 1411 3360 1465 vicinae
3399 1410 3503 1465 sibi

1925 1487 2172 1544 elationis
2204 1492 2402 1562 saepius
2428 1493 2696 1551 incitatam
2725 1496 2945 1567 judicio,
2977 1498 3101 1552 dum
3130 1501 3328 1569 gratias
3365 1501 3504 1556 rel‘eo

1926 1580 2080 1637 rendi
2108 1581 2208 1638 sibi
2241 1582 2460 1639 honoris
2495 1587 2726 1655 appetit,
2775 1596 2953 1643 notam
2984 1589 3165 1644 miseri
3211 1590 3400 1646 livoris
3423 1589 3503 1646 in-

1927 1673 2109 1728 currit.
2152 1672 2262 1729 Nec
2285 1675 2510 1743 primunt
2535 1678 2668 1732 adeo
2694 1680 3053 1748 unusquisque
3083 1681 3337 1750 percipit,
3360 1682 3404 1735 si
3435 1681 3503 1734 ab

1930 1764 2236 1821 hominibus
2275 1765 2326 1820 id
2358 1766 2622 1837 requirit:
2657 1767 2795 1822 Deus
2831 1772 2966 1823 enim
3009 1771 3239 1840 superbis
3278 1772 3499 1835 resistit,

248 1859 338 1914 Dei
371 1859 633 1932 digestam
651 1903 666 1928 ,
705 1863 924 1919 canonis
962 1864 1156 1919 seriem
1190 1873 1435 1932 putemus
1473 1879 1631 1934 posse
1671 1867 1822 1922 sum-
1849 1842 1899 1904 Β
1928 1858 2200 1913 humilibus
2228 1867 2396 1913 autem
2425 1860 2513 1914 dat
2549 1861 2770 1930 gratiant
2798 1859 2851 1931 (1
2879 1859 3022 1916 Petr.
3049 1877 3101 1927 V,
3131 1863 3218 1932 5).
3251 1863 3352 1931 Qui
3381 1879 3500 1918 cum

245 1971 388 2014 cere.
431 1957 527 2014 llla
550 1958 692 2015 enim
733 1957 780 2014 si
809 1959 1180 2028 consentiunt,
1227 1974 1553 2031 supervacua
1589 1969 1747 2029 sunt;
1778 1964 1824 2018 si

244 2049 596 2119 dissentiunt,
627 2053 840 2109 vitanda
871 2061 1014 2110 sunt.
1046 2053 1176 2112 Sine
1214 2055 1422 2125 legendi
1461 2057 1639 2114 studio
1666 2073 1826 2114 nemo

245 2142 312 2198 ad
355 2141 640 2197 Dominum
688 2157 809 2200 esse
835 2144 1034 2201 valebit
1072 2144 1327 2201 intentus.
1371 2146 1638 2214 Primum,
1683 2148 1825 2218 quod

252 2233 556 2304 hujusmodi
601 2249 762 2306 opera
789 2236 857 2291 ab
895 2236 1015 2291 aliis
1043 2236 1247 2293 actibus
1277 2238 1494 2294 caducae
1521 2239 1827 2310 occupatio-

248 2327 332 2381 nis
360 2325 665 2393 abducunt,
712 2335 766 2381 et
793 2325 1124 2384 diversorum
1165 2329 1530 2399 exemplorum
1562 2332 1827 2387 insinuata

247 2418 506 2488 cognitio,
533 2418 616 2475 vel
645 2419 906 2476 bonorum
936 2421 1314 2491 appetentiam,
1344 2421 1429 2477 vel
1463 2421 1720 2477 malorum
1748 2421 1828 2478 fa-

247 2509 321 2566 cit
345 2524 472 2567 esse
494 2511 778 2567 cautelam.
808 2510 990 2582 Neque
1014 2514 1154 2567 enlm
1180 2511 1312 2567 alias
1339 2511 1528 2568 Petrus
1556 2513 1830 2584 apostolus

248 2601 568 2658 admoneret
593 2617 710 2669 nos,
737 2601 922 2659 dicens
947 2621 959 2656 :
992 2602 1168 2658 Parati
1196 2620 1390 2674 semper
1408 2613 1566 2660 estote
1586 2606 1654 2659 ad
1674 2607 1831 2660 ratio-

247 2712 362 2751 nem
386 2696 735 2765 reddendam,
769 2697 837 2751 ad
864 2713 1033 2752 omnes
1061 2705 1319 2767 poscentes
1347 2713 1432 2752 vos
1459 2699 1521 2752 de
1548 2697 1696 2753 verba
1724 2697 1834 2768 spei

250 2798 450 2856 vestrm,
483 2799 531 2844 et
560 2789 681 2859 ﬁdei
708 2789 771 2861 (ι
801 2788 946 2844 Petr.
977 2804 1031 2843 lll
1052 2832 1066 2857 ,
1102 2789 1221 2858 f6).
1253 2789 1317 2843 Et
1350 2787 1634 2859 Apostolus
1660 2803 1676 2844 :
1707 2788 1831 2844 Non

247 2897 508 2938 cessamus
545 2897 638 2952 pro
671 2881 810 2936 vobis
849 2891 1082 2946 orantes,
1129 2890 1182 2935 ut
1227 2879 1537 2952 impleamini
1574 2882 1832 2953 agnitione

247 2980 360 3047 ejus
385 2976 446 3029 in
470 2975 604 3028 omni
630 2974 881 3045 sapientia
908 2983 953 3028 et
979 2974 1234 3028 intellectu
1261 2973 1518 3043 spirituali
1549 2973 1765 3042 (Coloss.
1792 2989 1829 3039 ι,

249 3065 326 3135 9).
359 3065 428 3120 Et
459 3079 645 3120 rursus
674 3080 688 3118 :
724 3063 944 3119 Verbum
981 3063 1170 3117 Christi
1205 3063 1389 3116 habitet
1424 3064 1478 3116 in
1505 3063 1642 3116 vobis
1672 3063 1832 3118 abun-

249 3155 438 3210 danter
466 3155 519 3208 in
539 3155 679 3209 omni
698 3155 946 3224 sapientia
973 3152 1187 3225 (Coloss.
1213 3167 1265 3221 v,
1294 3152 1402 3222 16).
1427 3151 1556 3206 Nam
1579 3153 1706 3208 etin
1728 3153 1833 3209 Ve-

250 3252 350 3306 teri
399 3249 748 3306 Testamento
804 3248 1029 3303 similem
1086 3247 1385 3302 hominibus
1431 3261 1614 3302 curam
1663 3261 1833 3304 sacrm

250 3341 628 3411 praeceptionis
650 3339 932 3395 inculcavit
953 3338 1238 3409 eloquium.
1264 3338 1350 3394 Sic
1371 3338 1512 3394 enim
1532 3337 1694 3394 David
1715 3338 1788 3394 ait
1813 3356 1827 3394 :

251 3432 446 3488 Beatus
471 3433 567 3498 uir,
594 3433 683 3502 qui
703 3447 804 3486 non
828 3431 950 3485 abiit
970 3431 1023 3483 in
1045 3428 1255 3484 consilio
1283 3430 1576 3501 impiorum,
1610 3441 1653 3484 et
1679 3432 1731 3484 in
1753 3431 1834 3486 via

251 3534 579 3596 peccatorum
611 3541 710 3580 non
750 3525 913 3592 stetit,
951 3533 999 3578 et
1032 3523 1085 3578 in
1123 3523 1362 3578 cathedra
1404 3522 1702 3594 pestilentia:
1731 3540 1834 3578 non

255 3621 406 3674 sedit.
435 3619 544 3675 Sed
573 3619 626 3674 in
657 3619 763 3690 lege
792 3617 993 3671 Domini
1013 3617 1242 3671 voluntas
1267 3619 1400 3689 ejus,
1432 3626 1478 3670 et
1508 3617 1558 3670 in
1587 3618 1695 3688 lege
1721 3619 1834 3690 ejus

254 3710 583 3766 meditabitur
615 3710 696 3764 die
732 3725 793 3763 ac
821 3717 962 3764 nocte
999 3707 1234 3778 (Psalm.
1260 3724 1312 3775 ι,
1343 3707 1426 3778 1).
1461 3707 1528 3763 Et
1555 3706 1620 3761 ad
1650 3707 1833 3763 Jesum

252 3803 398 3859 Nave
427 3802 574 3858 Deus
602 3799 834 3871 loquitur
858 3816 872 3854 :
906 3798 1028 3852 Non
1051 3798 1242 3853 recedet
1264 3796 1388 3853 liber
1406 3799 1501 3853 iste
1521 3799 1582 3854 de
1603 3797 1833 3854 manibus

253 3897 379 3962 tuis,
405 3902 458 3949 et
485 3891 803 3947 meditaberis
830 3892 882 3945 in
915 3907 972 3946 eo
1007 3890 1088 3945 die
1123 3906 1184 3943 ac
1217 3900 1358 3945 nocte
1389 3889 1520 3961 (Jos.
1555 3906 1600 3956 ι,
1629 3889 1706 3960 8).
1740 3890 1835 3945 His

252 4000 474 4058 quoque
515 3983 742 4054 negotiis
772 3981 1030 4037 malarum
1077 3980 1450 4052 cogitationum
1485 3981 1680 4036 lubrica
1724 3979 1833 4036 fre-

252 4089 489 4151 quenter
524 4076 870 4133 interserunt.
918 4075 987 4130 Et
1010 4076 1250 4146 quamvis
1287 4075 1399 4144 ipsa
1441 4073 1692 4129 sedulitas
1718 4074 1834 4129 ani-

251 4185 402 4226 mum
425 4168 495 4224 ad
520 4168 685 4223 Deum
712 4174 932 4238 praestet
957 4166 1234 4232 intentum,
1257 4162 1420 4220 eftlcit
1441 4173 1614 4221 tamen
1640 4164 1692 4218 in
1714 4177 1835 4220 sese

250 4263 485 4321 mordax
513 4260 693 4317 saeculi
721 4275 845 4316 cura
873 4259 1179 4315 sollicitum.

323 4358 382 4413 5.
429 4353 586 4423 Quod
628 4354 674 4408 si
721 4354 834 4407 haec
871 4352 1173 4422 frequenter
1210 4341 1265 4406 ei
1294 4350 1591 4421 importune
1637 4350 1836 4420 patitur

251 4449 520 4519 religioso
547 4444 717 4500 labori
747 4443 985 4510 deditus,
1019 4457 1283 4514 nunquam
1322 4443 1560 4513 profecto
1607 4442 1836 4497 illisca-

253 4541 395 4597 rebit
420 4538 651 4594 otiosus.
683 4535 830 4590 Nunc
855 4534 1103 4606 quoniam
1141 4533 1438 4589 studiorum
1478 4533 1716 4588 membra
1755 4531 1837 4588 di-

251 4634 547 4706 gessimus,
575 4645 784 4687 morum
811 4637 1094 4701 augmenta
1121 4627 1469 4682 cumulemus.
1497 4625 1630 4681 lllud
1657 4633 1836 4682 autem

253 4741 364 4782 non
395 4733 550 4781 extra
573 4721 1040 4778 commonitionem
1067 4728 1194 4791 puto
1214 4760 1227 4784 ,
1253 4726 1312 4773 ut
1346 4720 1416 4773 sit
1443 4719 1614 4773 victus
1641 4717 1833 4785 facilis,

255 4820 597 4886 vestitusque
623 4815 776 4884 vilis,
820 4828 940 4870 cum
983 4813 1105 4868 Inice
1137 4810 1348 4881 tegendi
1388 4810 1628 4881 corporis
1671 4809 1838 4879 gratia

254 4919 480 4982 reperta
507 4910 633 4971 sint,
667 4921 772 4963 non
802 4905 1024 4962 ornandi
1056 4923 1068 4959 :
1099 4914 1152 4960 et
1180 4905 1265 4958 illa
1293 4903 1624 4959 sustinenda?
1645 4902 1840 4957 animae

255 5003 444 5074 potius
473 5014 632 5071 quam
663 4997 967 5054 obruenda).
1003 4995 1095 5050 llis
1111 5010 1284 5066 ergo,
1319 5009 1437 5064 quae
1474 5009 1633 5065 supra
1662 5002 1843 5049 osten-

257 5097 464 5158 dimus,
497 5091 701 5148 actibus
727 5092 1080 5161 mancipatus,
1103 5104 1262 5145 omne
1283 5088 1461 5144 odium
1483 5088 1714 5157 deponat
1741 5085 1842 5141 ini-

256 5188 412 5243 mici.
462 5185 574 5242 Nec
623 5185 726 5240 hoc
773 5192 976 5239 tantum
1027 5183 1131 5238 ﬁne
1177 5190 1493 5246 contentus,
1541 5179 1840 5234 simultates

258 5295 454 5335 amore
499 5285 824 5345 commutet,
864 5277 1000 5332 iram
1043 5275 1310 5347 patientiae
1350 5281 1612 5343 temperet
1653 5271 1836 5338 freno,

258 5369 546 5425 avaritiam
576 5366 913 5424 abstinentiae
934 5367 1058 5423 forti
1086 5367 1266 5421 vincat
1293 5363 1539 5434 imperio,
1570 5371 1625 5418 et
1653 5363 1843 5432 praeci-

260 5479 372 5536 pue
416 5464 650 5534 linguam
692 5460 933 5516 custodia
963 5457 1338 5514 taciturnitatis
1385 5457 1656 5526 obsepiat,
1691 5470 1758 5509 ne
1791 5455 1843 5508 in

261 5556 500 5627 litigium
529 5554 858 5610 contentiosa
880 5555 1158 5617 fervescat,
1183 5565 1250 5605 ne
1278 5549 1329 5604 in
1357 5546 1696 5603 maledictum
1723 5560 1846 5616 pro-

263 5664 371 5705 cax
401 5649 672 5713 incurrat,
702 5659 768 5701 ne
794 5647 848 5700 in
879 5644 1316 5700 obtrectationem
1343 5639 1602 5696 maledica
1632 5645 1806 5708 serpat
1829 5677 1846 5703 ,

266 5756 340 5796 ne
373 5737 767 5806 injnrationem
798 5735 965 5791 facilis
995 5733 1316 5803 prolabatur,
1348 5746 1416 5787 ne
1439 5732 1493 5785 in
1516 5729 1847 5784 mendacium

271 5837 397 5887 ticta
431 5829 663 5894 simulet,
693 5843 761 5883 ne
785 5829 836 5883 in
857 5827 1310 5883 circumveutlone
1339 5832 1508 5880 astuta
1536 5819 1746 5889 calleat,
1781 5835 1848 5876 ne
1890 5878 1891 5881 η

483 5921 750 5982 Panos.
795 5915 1022 5979 XVIII.

1855 3200 1909 3268 6

1860 4580 1916 4643 D

1928 1950 1996 2006 de
2021 1949 2322 2022 bujusmodi
2349 1953 2525 2008 studio
2555 1953 2840 2022 discipulos
2869 1954 3103 2011 erudiret
3122 1995 3138 2022 ,
3173 1957 3340 2025 ipsum
3381 1971 3502 2026 pro-

1931 2041 2138 2097 nuntiat
2174 2043 2495 2109 maximum,
2545 2043 2634 2114 qui
2675 2044 2924 2100 minimus
2964 2046 3092 2102 velit
3130 2060 3251 2102 esse
3285 2056 3503 2103 cuncto-

1928 2148 2070 2189 rum.
2099 2133 2226 2189 Esto
2251 2134 2319 2189 ab
2347 2133 2611 2204 aliquibus
2637 2134 2802 2191 frater
2832 2145 2951 2191 tuus
2981 2137 3297 2207 propensius
3337 2138 3503 2193 hono-

1929 2233 2101 2294 retur,
2135 2239 2234 2280 nec
2254 2225 2376 2280 illos
2397 2226 2545 2296 quasi
2571 2227 2746 2282 minus
2773 2228 2974 2283 amicos
3001 2228 3215 2292 habeas,
3244 2243 3340 2284 nec
3366 2229 3506 2284 hunc

1929 2319 2082 2386 quasi
2109 2319 2358 2374 aemulum
2387 2320 2621 2389 praelatae
2655 2321 3016 2377 venerationis
3045 2321 3306 2378 attendas.
3338 2321 3505 2389 Quin-

1932 2409 2040 2464 imo
2086 2409 2264 2480 judica
2309 2410 2450 2466 circa
2501 2420 2552 2467 te
2587 2420 2928 2483 augmentum
2972 2412 3114 2469 illius
3155 2413 3372 2468 honoris
3416 2429 3507 2468 ac-

1932 2515 2210 2568 crescere,
2252 2501 2429 2559 sciens
2466 2503 2724 2574 scriptum
2759 2519 2776 2559 :
2808 2503 2869 2560 Si
2895 2506 3027 2559 enim
3066 2505 3312 2577 gloriatur
3351 2521 3508 2559 unum

1933 2595 2232 2662 membrum,
2261 2596 2579 2666 congaudent
2597 2598 2770 2652 omnia
2795 2597 3038 2652 membra.
3075 2598 3176 2653 Vos
3196 2609 3358 2653 autem
3388 2600 3507 2653 estis

1933 2696 2120 2755 corpus
2142 2685 2366 2753 Christi,
2397 2695 2446 2742 et
2479 2689 2704 2744 membra
2735 2688 2780 2761 (l
2804 2688 2922 2745 Cor.
2952 2705 3056 2756 xu,
3090 2688 3202 2760 26).
3233 2689 3362 2744 Nam
3389 2691 3506 2759 qui-

1933 2793 2143 2850 cunque
2188 2778 2418 2849 aliquem
2446 2777 2682 2836 Vestrum
2708 2781 2913 2853 diligit,
2944 2790 3156 2838 omnem
3196 2781 3501 2852 dignitatem

1936 2871 2045 2925 Deo
2065 2909 2082 2936 ,
2125 2871 2178 2925 in
2208 2877 2364 2940 quem
2394 2887 2488 2926 vos
2517 2873 2672 2929 coitis
2691 2913 2705 2937 ,
2736 2873 3007 2929 adscribit.
3047 2874 3102 2927 In
3142 2872 3242 2928 hoc
3281 2875 3406 2928 mite
3433 2875 3507 2929 si-

1934 2960 2155 3016 lentium
2197 2961 2406 3030 placet,
2450 2961 2503 3016 in
2546 2962 2648 3016 hoc
2688 2961 2970 3017 affabilitas
3013 2961 3205 3017 blanda
3249 2963 3503 3034 diligitur.

1935 3051 2088 3107 Hunc
2115 3052 2265 3108 rudis
2294 3060 2349 3108 et
2373 3053 2552 3107 innata
2581 3053 2924 3124 simplicitas,
2971 3051 3122 3108 hunc
3140 3053 3358 3109 scientia
3387 3069 3508 3109 eru-

1935 3145 2042 3202 dita
2079 3145 2441 3202 commendat.
2473 3145 2641 3215 Hujus
2672 3146 2724 3201 in
2763 3146 2947 3216 jejunii
2974 3147 3196 3217 jugitate
3222 3149 3468 3216 patientia
3491 3190 3505 3214 ,

1939 3235 2095 3306 hujus
2124 3237 2179 3292 in
2202 3235 2538 3292 abstinentia:
2567 3236 2762 3292 virtute
2784 3246 3151 3307 contemptus,
3183 3237 3339 3307 hujus
3360 3238 3410 3292 in
3433 3239 3511 3294 le-

1936 3327 2131 3384 ctionis
2152 3327 2461 3384 assiduitate
2488 3325 2764 3394 sedulitas,
2790 3342 2885 3396 pro
2905 3327 3204 3384 divinorum
3227 3344 3510 3386 munerum

1935 3420 2244 3477 diversitate
2273 3419 2541 3475 laudatur.
2575 3416 2699 3474 Haec
2719 3429 2920 3485 autem,
2946 3420 3084 3476 sicut
3107 3421 3361 3492 scriptum
3388 3431 3507 3476 est:

1941 3511 2197 3584 Operatur
2227 3527 2359 3564 unus
2395 3518 2544 3578 atque
2579 3509 2713 3564 idem
2735 3509 2972 3580 spiritus,
3007 3509 3236 3564 dividens
3259 3511 3508 3582 singulis,

1939 3613 2088 3675 prout
2116 3604 2240 3659 ruit.
2285 3603 2433 3660 Sicut
2477 3602 2609 3658 enim
2661 3617 2844 3672 corpus
2890 3618 3046 3656 unum
3101 3603 3319 3657 membra
3365 3602 3512 3658 habet

1938 3698 2098 3751 multa
2116 3737 2130 3762 ,
2159 3696 2331 3750 omnia
2357 3704 2523 3749 autem
2550 3693 2773 3749 membra
2800 3696 3026 3764 corporis
3055 3710 3170 3748 cum
3195 3697 3296 3749 sint
3325 3694 3508 3762 multa,

1937 3804 2096 3843 unum
2123 3795 2291 3841 tamen
2319 3803 2500 3858 corpus
2523 3796 2668 3853 sunt,
2701 3786 2773 3840 ita
2801 3793 2848 3840 et
2869 3784 3118 3841 Christus.
3157 3787 3343 3843 Omnes
3379 3789 3512 3842 enim

1938 3897 2028 3934 nos
2069 3880 2123 3933 in
2160 3893 2264 3932 uno
2297 3878 2510 3948 spiritu,
2556 3879 2610 3930 in
2647 3892 2802 3931 unum
2848 3885 3034 3946 corpus
3064 3876 3304 3948 baptiz'ati
3340 3895 3512 3933 sumus

1937 3973 2126 4043 (Ibid.,
2159 3972 2269 4043 11).
2302 3971 2510 4042 Singuli
2539 3970 2689 4026 vobis
2717 3970 2940 4040 potestis
2973 3970 3210 4026 omnium
3251 3971 3512 4026 bonorum

1936 4080 2200 4124 summam
2229 4077 2576 4136 praesumere,
2611 4063 2654 4118 si
2681 4063 2855 4119 nullus
2876 4079 2935 4119 se
2964 4063 3178 4133 incipiat
3203 4064 3254 4118 in
3281 4078 3346 4119 eo
3369 4064 3512 4134 quod

1936 4159 2075 4214 alter
2118 4157 2379 4227 praecellit
2418 4155 2629 4211 ell‘erre.
2676 4154 2781 4210 Sed
2821 4169 2940 4210 cum
2970 4168 3065 4210 vos
3110 4154 3335 4208 invicem
3372 4169 3514 4210 nexu

1863 4305 1868 4308 ,
1937 4249 2172 4304 astrictze
2200 4246 2478 4320 charitatis
2503 4245 2798 4310 arctabitis,
2832 4253 2958 4299 tunc
2981 4258 3075 4298 eos
3101 4245 3186 4313 qui
3211 4243 3344 4299 loris
3363 4252 3510 4312 sunt,

1937 4350 1993 4399 et
2019 4342 2072 4398 in
2098 4341 2345 4396 smculari
2382 4347 2505 4394 actu
2536 4337 2711 4392 adhuc
2736 4336 3093 4392 mundialibus
3115 4336 3341 4393 vinculis
3364 4337 3514 4393 colli-

1939 4443 2151 4506 gantur,
2184 4433 2346 4488 nolite
2391 4428 2695 4486 attentioris
2721 4429 2845 4484 vitae
2879 4430 3192 4485 austeritate
3224 4429 3511 4498 damnare,

1941 4527 2168 4583 scientes
2197 4523 2452 4595 scriptum
2478 4538 2492 4576 :
2521 4521 2660 4577 Nolo
2675 4522 2937 4596 judicetis,
2962 4537 3024 4577 ne
3038 4523 3336 4594 judicemini
3361 4522 3512 4593 (Luc.

1943 4636 2017 4686 Vl,
2048 4618 2160 4689 57).
2203 4618 2270 4673 Et
2295 4616 2528 4673 iterum:
2564 4615 2642 4669 Tu
2669 4618 2780 4685 quis
2820 4633 2901 4684 es,
2933 4617 3018 4686 qui
3044 4618 3252 4687 judicas
3289 4617 3516 4671 alienum

1944 4727 2141 4767 servum
2182 4709 2357 4781 (Rom.
2389 4724 2498 4774 xw,
2525 4708 2623 4777 4)?
2661 4707 2890 4763 Domino
2933 4721 3031 4762 suo
3073 4716 3178 4762 stat
3220 4716 3310 4762 aut
3349 4707 3511 4763 cadit.

1947 4806 2145 4860 Potens
2173 4811 2256 4857 est
2283 4802 2425 4857 enim
2455 4809 2693 4856 statuere
2721 4800 2867 4854 illum
2899 4798 3057 4854 Deus.
3087 4798 3246 4868 Magis
3274 4799 3516 4866 benigni-

1947 4896 2071 4950 tatis
2093 4892 2555 4949 adhortationibus
2578 4901 2630 4946 et
2655 4891 2905 4946 illiciente
2929 4889 3290 4945 blandimento
3314 4891 3395 4943 via
3423 4904 3512 4943 ve-

1948 4988 2124 5043 ritatis
2153 4995 2362 5042 ostensa
2381 5025 2397 5050 ,
2427 4983 2619 5040 nubem
2647 4982 2845 5038 erroris
2873 4981 3104 5052 aperite,
3149 4990 3204 5036 ut
3245 4995 3348 5034 non
3379 4979 3518 5034 trahi

1951 5080 2166 5148 incipiat
2199 5076 2580 5145 unusquisque,
2605 5073 2703 5130 sed
2732 5073 2880 5144 sequi
2910 5072 3320 5138 praecedentem.

2018 5170 2072 5223 4.
2103 5169 2328 5238 Semper
2347 5166 2560 5221 duriora
2589 5163 2850 5220 ﬂectenda
2878 5171 3021 5227 sunt,
3054 5177 3121 5217 ne
3141 5160 3341 5213 viril-us
3367 5159 3516 5212 incli-

1949 5271 2071 5318 nata
2115 5261 2384 5328 curvatio,
2424 5260 2728 5328 priusquam
2767 5259 2820 5311 in
2863 5255 3122 5310 circulum
3170 5251 3348 5304 veniat
3392 5249 3517 5305 fati-

1949 5370 2105 5412 scens
2131 5355 2368 5424 fragmen
2417 5351 2669 5407 offendat.
2721 5349 2819 5404 llic
2864 5348 3003 5403 enim
3035 5343 3227 5413 saepius
3270 5343 3517 5397 scandala

1949 5449 2089 5518 vulgi
2119 5445 2377 5501 dicaciter
2409 5444 2718 5514 gignuntur,
2748 5439 2873 5495 dum
2907 5436 2974 5491 ad
3003 5432 3271 5502 religionis
3298 5434 3517 5503 iugum,

1953 5539 2256 5596 censorium
2287 5544 2565 5606 arrogatur
2593 5533 2894 5602 imperium.
2924 5525 3042 5582 Vita
3081 5533 3261 5581 nostra
3303 5525 3516 5594 jubeat,

1955 5632 2133 5701 lingua
2193 5626 2548 5697 persuadeat,
2605 5622 2728 5694 quia
2791 5619 2910 5690 plus
2959 5616 3288 5674 auctoritatis
3349 5623 3522 5685 gestat

1955 5722 2284 5789 exemplum,
2327 5715 2602 5786 ctingerit
2643 5711 3002 5782 appetentiam
3027 5711 3109 5768 sui
3150 5721 3358 5764 morum
3387 5705 3521 5760 lenis

1959 5812 2221 5868 formatio.
2261 5810 2318 5864 In
2361 5807 2502 5862 omni
2547 5805 2703 5873 igitur
2731 5812 2851 5860 actu
2883 5812 3082 5867 vestro,
3111 5799 3263 5870 quasi
3303 5793 3521 5864 speculo
