4032 6446
587 373 666 474 ¹τις
747 418 752 422 ’
1885 401 2140 464 aucror

2257 401 2439 461 ANON
2449 401 2484 459 Υ
2496 403 2562 463 λιι
3780 411 3850 471 το

595 525 887 588 relucente,
921 520 1132 592 fulgete.
1166 515 1371 588 Ubique
1397 515 1768 586 circumspecti
1786 555 1801 582 ,
1834 513 2029 584 ubique
2055 513 2164 568 sol-
2189 515 2244 576 Δ
2270 514 2537 584 pradictos
2569 516 2740 571 victus
2765 515 2833 572 ab
2861 517 2970 573 ullo
2995 517 3265 590 quippiam
3299 521 3656 609 praesumatis,
3680 524 3847 579 scien.

597 617 762 684 liciti,
793 631 862 672 ne
888 615 1012 685 quid
1049 613 1184 668 livor
1211 611 1476 676 inveniat,
1521 624 1589 664 ne
1628 607 1754 681 quid
1795 622 1980 664 rumor
2007 606 2171 664 falsus

599 709 815 781 inﬁigat.
849 707 1097 764 Feminas
1127 702 1319 776 probas
1345 711 1399 758 et
1423 700 1692 773 religionis
1722 699 1897 756 studio
1924 714 2054 754 vero
2080 698 2172 754 de-

596 807 733 862 ditas
774 819 893 860 cum
925 817 1175 858 mensura
1221 798 1579 856 venerationis
1623 796 1910 859 honorate,
1965 805 2021 848 ut
2072 808 2171 849 ncc

598 898 876 952 austeritas
908 894 1226 958 inhumana,
1263 905 1365 948 nec
1391 890 1646 946 sedulitas
1689 889 1758 943 sit
1787 887 2031 943 remissa.
2067 887 2170 941 Ac-

595 1002 777 1045 cessus
805 985 871 1042 ad
905 1000 995 1042 vos
1031 984 1262 1040 invicem
1291 991 1469 1038 vester
1499 995 1604 1038 non
1649 980 1886 1050 ingestus
1925 979 2028 1044 sit,
2074 977 2170 1032 sed

594 1081 831 1145 innatus,
860 1093 1017 1149 quem
1040 1090 1198 1132 causa
1223 1072 1429 1142 fecerit,
1455 1090 1558 1128 non
1581 1087 1736 1143 quem
1764 1071 2168 1140 supervacuitas

593 1171 864 1228 relaxarit.
895 1167 1083 1224 Plures
1110 1167 1288 1222 audite
1313 1181 1432 1222 cum
1461 1164 1698 1237 pluribus
1717 1205 1730 1228 ,
1767 1170 1858 1216 aut
1884 1163 1927 1218 si
1955 1163 2168 1232 quando

592 1264 809 1319 alterius
838 1275 996 1318 sexus
1027 1260 1322 1330 frequentia
1349 1257 1550 1327 deerit,
1582 1255 1664 1311 vel
1703 1270 1964 1311 annorum
1991 1256 2164 1326 cujus-

592 1357 713 1412 dam
740 1365 792 1412 et
819 1355 1036 1426 probata
1064 1351 1322 1424 gravitas,
1347 1350 1428 1406 vel
1455 1349 1740 1406 celebritas
1767 1349 1892 1413 loci,
1916 1347 2001 1403 vel
2028 1348 2165 1402 ratio

593 1447 846 1518 temporis
867 1447 918 1501 id
944 1446 1206 1510 honestet,
1231 1444 1352 1514 quia
1374 1441 1640 1513 praecipue
1660 1441 1812 1495 vobis
1836 1449 1983 1504 aetas,
2008 1439 2160 1508 hora,

558 1546 564 1553 ‘
591 1537 853 1604 solitudo,
881 1536 1098 1592 vitanda
1145 1543 1289 1590 sunt.
1326 1534 1442 1589 Non
1474 1548 1580 1604 quo
1610 1533 1738 1587 mihi
1771 1522 1852 1586 fas
1879 1531 1947 1585 sit
1985 1530 2051 1585 de
2080 1530 2163 1586 his

588 1629 678 1699 qui
705 1643 831 1684 vere
858 1627 1022 1684 semel
1058 1626 1247 1683 devota
1278 1626 1389 1681 Deo
1416 1634 1629 1696 pectora
1669 1624 1982 1679 dicaverunt
2007 1637 2161 1678 secus

587 1719 850 1776 aestimare
876 1719 1099 1790 aliquid,
1129 1719 1222 1773 sed
1247 1726 1304 1771 ut
1328 1733 1392 1771 ex
1417 1716 1706 1772 abundanti
1733 1716 1810 1770 sic
1839 1729 1997 1771 omne
2018 1714 2159 1786 quod

588 1811 714 1882 ﬁngi
753 1819 956 1880 potest,
987 1819 1234 1876 tanquam
1275 1809 1447 1878 possit
1482 1818 1535 1864 et
1575 1809 1721 1864 credi
1750 1823 2058 1875 caveamus,
2091 1821 2162 1864 ne

2275 617 2356 665 tes
2385 609 2638 680 scriptum
2672 628 2683 663 :
2715 610 2770 667 Si
2801 611 2942 667 enim
2972 612 3214 667 voluntas
3257 622 3496 684 prompta
3524 623 3627 682 est,
3660 629 3846 671 secun-

2273 701 2398 758 dum
2429 702 2481 756 id
2514 701 2656 772 quod
2691 702 2851 758 habet
2879 711 3155 773 acceptum
3187 711 3294 769 est,
3325 720 3432 759 non
3474 705 3762 761 secundum
3790 707 3843 762 id

2271 791 2414 863 quod
2443 808 2547 848 non
2580 793 2756 848 habet.
2790 793 2880 850 Sic
2908 794 2996 848 illa
3030 793 3329 865 Evangelici
3373 795 3636 852 sermonis
3667 796 3842 854 divina

2271 885 2566 952 sententia,
2607 900 2765 939 anum
2811 899 3098 955 pauperem
3141 886 3280 941 inter
3326 886 3471 957 larga
3520 887 3840 958 locupletum

2271 994 2488 1034 munera
2529 980 2738 1051 gemina
2782 990 2985 1036 tantum
3036 996 3140 1036 a~ra
3185 981 3520 1048 mittentem,
3569 984 3841 1053 magniﬁca

2269 1083 2485 1143 accepta
2536 1073 2816 1144 largitione
2857 1073 3068 1129 ditavit.
3114 1073 3244 1141 Quia
3293 1090 3396 1129 non
3444 1083 3618 1145 potest
3656 1092 3840 1146 parum

2269 1182 2418 1235 esse,
2451 1167 2590 1237 quod
2628 1176 2791 1223 totum
2820 1177 2920 1223 cst.
2960 1167 3140 1239 Neque
3180 1167 3458 1239 quisquam
3495 1170 3725 1240 amplius
3754 1171 3842 1226 di:-

2267 1259 2364 1322 dit,
2393 1275 2549 1330 quam
2575 1261 2664 1330 qui
2689 1260 2788 1315 sibi
2811 1255 2943 1315 nihil
2974 1262 3287 1317 reservavit.
3749 1334 3752 1336 γ

2337 1352 2390 1407 5.
2426 1352 2548 1408 litec
2585 1354 2628 1408 si
2667 1353 2752 1408 cui
2782 1363 2974 1423 praeter
3001 1367 3096 1408 vos
3132 1353 3351 1409 nimium
3389 1353 3714 1409 videbuntur
3746 1355 3838 1407 ati°

2265 1444 2506 1512 stricta,_
2534 1446 2620 1515 qui
2664 1444 2759 1500 Dei
2803 1446 3032 1500 claustra
3078 1447 3292 1516 pulsare
3338 1445 3649 1511 tentaverit,
3688 1456 3839 1515 [runt

2265 1536 2402 1589 ratio
2431 1551 2524 1589 sua
2555 1536 2764 1601 tulerit,
2793 1535 3054 1592 relaxaliit
3089 1557 3100 1590 :
3144 1553 3210 1593 ne
3245 1539 3365 1608 quis
3405 1539 3540 1594 forte
3580 1549 3670 1592 aut
3713 1555 3839 1594 cnn-

2266 1642 2439 1681 nexus
2471 1627 2541 1682 sit
2570 1628 2815 1699 conjuge,
2847 1639 2936 1684 aut
2961 1629 3144 1685 liberis
3170 1631 3473 1700 impeditus.
3511 1633 3679 1688 liabet
3707 1650 3836 1702 νηρ-

2263 1729 2344 1776 ter
2385 1721 2499 1776 haec
2546 1735 2690 1776 arcta
2739 1722 3039 1779 substantia
3089 1724 3312 1794 plurima
3357 1741 3477 1796 quas
3524 1737 3834 1797 sequantur.

2260 1807 2445 1883 Neque
2475 1828 2533 1869 se
2574 1814 2844 1884 repulsum
2877 1816 3090 1883 credat,
3131 1807 3224 1872 sed
3259 1817 3405 1873 aditu
3432 1818 3649 1874 alterius
3689 1835 3837 1874 voca-

587 1905 639 1959 in
670 1903 813 1958 nullo
854 1905 1004 1957 fama:
1049 1913 1245 1957 nostrae
1272 1903 1494 1958 vulnere
1528 1912 1708 1972 serpat
1751 1913 1874 1957 nata
1902 1902 1968 1957 ab
1995 1917 2153 1958 occa~
2183 1891 2232 1955 Β
2261 1909 2424 1964 tionis
2444 1909 2758 1979 admissum,
2788 1913 2927 1968 sicut
2955 1914 3210 1984 scriptum
3243 1925 3326 1970 est
3352 1935 3362 1969 :
3401 1915 3762 1989 Unusquisque
3785 1921 3837 1973 in

585 1995 737 2050 sione
765 1983 1015 2063 suspicio.
1049 1993 1164 2062 Ipsa
1195 1992 1349 2048 famae
1372 1995 1598 2062 semina,
1630 1996 1933 2065 priusquam
1960 1993 2154 2064 linguis

586 2093 906 2150 nutriantur,
939 2084 1222 2140 intereant.
1264 2085 1382 2139 Non
1422 2094 1598 2140 tamen
1637 2084 1788 2140 nobis
1823 2084 1955 2140 ﬁdes
1994 2082 2151 2151 facti,

583 2175 1023 2249 sedpossibiliitas
1042 2176 1204 2234 etiam
1227 2175 1988 2248 religandamendacii..Beata
2008 2175 2152 2230 enim

584 2271 688 2324 vita
717 2280 800 2325 est
823 2280 875 2326 et
904 2271 1189 2339 praeclara,
1222 2271 1290 2326 de
1318 2286 1418 2340 qua
1457 2271 1585 2325 nihil
1633 2271 1755 2324 licet
1785 2269 2022 2324 falsitati.
2051 2267 2154 2323 Ne-

582 2378 684 2432 que
711 2363 849 2418 cnim
876 2377 976 2432 ego
997 2362 1100 2418 hoc
1120 2363 1376 2432 judicium
1401 2379 1574 2419 meum
1595 2372 1836 2418 austerus
1856 2375 2052 2418 censor
2073 2376 2154 2414 ar-

581 2456 748 2526 ripui,
797 2456 888 2512 sed
922 2456 1138 2512 cmleste
1182 2456 1460 2527 imperium
1513 2458 1744 2512 monitor
1792 2456 2018 2511 blandus
2065 2470 2152 2509 as-

580 2547 783 2615 sumpsi
815 2565 826 2600 :
860 2563 982 2600 nam
1023 2558 1076 2603 et
1113 2550 1190 2603 sic
1231 2549 1307 2602 ait
1346 2549 1628 2619 Apostolus
1658 2567 1669 2600 :
1703 2548 1884 2601 Zelans
1927 2564 2012 2601 vos
2051 2547 2152 2628 pei

579 2638 719 2700 zelo,
761 2638 1010 2708 despondi
1048 2654 1133 2692 vos
1169 2641 1255 2692 uni
1285 2640 1390 2692 viro
1425 2642 1664 2711 virginem
1695 2649 1884 2693 castam
1919 2637 2152 2693 exhibere

580 2724 782 2780 Christo
815 2727 878 2796 (ll
904 2724 1026 2781 Cor.
1057 2745 1140 2794 ιι,
1171 2729 1256 2798 2),
1283 2733 1458 2785 sciens
1485 2731 1736 2800 scriptum
1765 2744 1884 2784 esse
1909 2748 1921 2783 :
1955 2729 2036 2784 Ne
2058 2747 2151 2798 po-

577 2819 711 2872 natis
734 2818 1081 2887 o/fensionem,
1104 2823 1180 2875 vel
1198 2822 1494 2876 scandalum
1518 2825 1665 2894 fratri
1692 2821 1865 2890 (Rom.
1890 2837 1997 2887 xw,
2024 2819 2146 2892 l3);

575 2920 629 2965 et
653 2911 845 2966 iterum
877 2929 889 2964 :
922 2911 1049 2966 Sine
1075 2913 1351 2982 o/fensione
1378 2922 1534 2968 estote
1557 2913 1752 2968 Judteis
1790 2923 1837 2967 et
1869 2911 2145 2982 Gentibus,

573 3012 618 3056 et
644 3000 1013 3077 Ecclesiaz‘Dei
1038 3005 1085 3075 (l
1116 3005 1233 3059 Cor.
1278 3022 1340 3070 ι,
1373 3004 1497 3075 52);
1528 3017 1583 3062 et
1611 3005 1798 3062 iterum
1828 3023 1840 3058 :
1876 3005 1997 3060 Non
2025 3022 2147 3077 ergo

574 3075 943 3165 blasphematur
981 3095 1167 3149 bonum
1202 3106 1427 3150 nostrum
1472 3096 1646 3167 (Rom.
1679 3113 1784 3162 XIV,
1817 3096 1933 3167 16);
1965 3106 2020 3153 et
2049 3075 2147 3152 itze-

572 3200 688 3238 rum
717 3203 730 3237 :
767 3183 833 3238 Ut
856 3185 975 3254 quid
1000 3185 1133 3238 enim
1162 3185 1366 3239 libertas
1387 3196 1561 3240 nostra
1578 3187 1838 3258 jtttlicetur
1864 3190 1926 3243 ab
1946 3187 2148 3257 inﬁdeli

2256 2015 2358 2068 qua
2385 2002 2643 2055 vocatione
2664 2011 2870 2057 vocatus
2900 2014 2991 2069 est,
3019 2004 3071 2057 in
3095 2021 3154 2058 ea
3186 2019 3474 2075 permaneat
3508 2009 3547 2079 (l
3579 2008 3700 2068 Cor.
3729 2026 3834 2078 vn,

2255 2094 2369 2166 24).
2401 2094 2518 2150 Νοη
2549 2105 2725 2152 tamen
2753 2105 2812 2152 ut
2838 2098 3243 2168 propensiorem
3268 2115 3449 2157 curam
3479 2104 3801 2172 patrimonio
3820 2148 3833 2172 ,

2255 2200 2410 2255 quam
2438 2187 2680 2258 religioni
2709 2189 2760 2243 in
2785 2190 3002 2246 caducis
3028 2192 3197 2261 magis
3220 2201 3512 2264 occupatus
3537 2195 3830 2266 impendat,

2255 2293 2550 2348 agnoscens
2591 2281 2848 2352 scriptum
2891 2297 3058 2341 esse:
3098 2293 3152 2340 et
3196 2287 3535 2355 possidentes
3583 2299 3832 2361 tanquam

2255 2385 2359 2424 non
2390 2369 3003 2446 possidentesyS'Lquem
3031 2384 3207 2434 tamen
3229 2379 3556 2448 posteritatis
3577 2384 3833 2451 compede

2257 2461 2461 2519 felicior
2489 2476 2713 2533 natura,
2766 2468 2809 2522 si
2862 2469 3210 2540 intelligatur,
3243 2469 3568 2538 absolverit,
3615 2489 3830 2529 causam

2257 2554 2492 2611 haerendi
2533 2557 2587 2611 in
2616 2558 2851 2624 mundo,
2898 2560 3000 2615 nisi
3040 2561 3251 2631 ignarus
3289 2571 3372 2616 est
3401 2562 3494 2618 Dei
3521 2578 3829 2634 munerum,

2255 2660 2360 2700 non
2392 2646 2627 2704 habebit.
2653 2648 2761 2705 Cur
2785 2651 2926 2705 enim
2956 2641 3168 2706 vivendi
3199 2652 3474 2708 voluntate
3503 2669 3608 2709 non
3634 2655 3828 2724 solvat,

2254 2737 2394 2807 quod
2421 2726 2682 2795 moriendi
2713 2741 2828 2811 lege
2851 2743 3203 2812 rumpendum
3234 2753 3338 2810 est,
3365 2744 3566 2802 faciens
3591 2746 3656 2802 de
3683 2758 3831 2805 s-.vrtc

2254 2830 2553 2885 mercedem
2572 2873 2586 2897 ,
2619 2842 2676 2886 ut
2702 2832 2770 2888 de
2799 2835 3115 2895 necessitate
3137 2836 3388 2892 virtutem
3411 2841 3638 2909 augeat?
3657 2841 3827 2908 Quin-

2253 2920 2390 2985 imo,
2429 2922 2518 2990 qui
2559 2921 2612 2976 in
2651 2938 2744 2977 sua
2785 2939 2842 2979 re
2882 2925 3123 2980 familiari
3159 2926 3226 2982 de
3265 2929 3443 2996 parvis
3489 2944 3710 3002 magna,
3761 2933 3830 2990 de

2251 3009 2440 3066 vilibus
2473 3012 2702 3080 pretiosa
2731 3059 2744 3081 ,
2775 3024 2976 3071 aeterna
3007 3017 3130 3072 facit
3160 3018 3227 3072 de
3257 3021 3468 3076 caducis
3487 3060 3505 3089 ,
3535 3022 3682 3076 solus
3713 3033 3824 3090 est,

2251 3109 2531 3171 postquam
2564 3105 2864 3172 pervenerit
2897 3107 2984 3161 ubi
3016 3109 3374 3178 sempiternus
3407 3112 3708 3182 patrimonii
3744 3115 3826 3170 sui

2250 3194 2418 3261 possit
2450 3209 2570 3251 esse
2604 3211 2900 3265 possessor.
2930 3202 2983 3256 Si
3027 3217 3219 3258 avarus
3252 3219 3356 3260 non
3388 3215 3498 3272 est,
3533 3208 3693 3263 debet
3721 3218 3827 3265 ter-

572 3275 870 3328 eonscientia
898 3274 951 3344 (ι
981 3273 1098 3328 Cor.
1139 3291 1200 3340 ι,
1241 3273 1368 3346 29);
1397 3286 1453 3330 et
1482 3277 1668 3331 iterum
1700 3294 1715 3331 :
1750 3279 1938 3332 Onmia
1977 3289 2146 3334 autem
2175 3271 2220 3336 C
2251 3285 2496 3341 minantia
2521 3296 2894 3357 contemnere;
2927 3291 2974 3348 si
3000 3295 3192 3350 avarus
3215 3305 3315 3361 est,
3337 3271 3492 3352 debet
3514 3298 3825 3356 desiderare

571 3379 756 3434 vestra,
784 3369 995 3423 honesta
1013 3370 1140 3438 ﬁant
1166 3369 1206 3440 (l
1228 3368 1346 3424 Cor.
1373 3385 1478 3435 xlv,
1502 3370 1624 3441 40);
1655 3382 1708 3426 et
1732 3374 1920 3426 iterum
1948 3391 1959 3426 :
1991 3367 2143 3432 Coin-

570 3461 861 3515 ntendantes
889 3462 1222 3550 nosmetipsos
1256 3462 1324 3515 ad
1357 3478 1553 3516 omnem
1592 3465 1947 3518 conscientiam
1976 3466 2142 3520 homi-

569 3570 690 3607 num
711 3569 882 3609 coram
905 3551 1012 3608 Deo
1035 3548 1112 3624 (ll
1142 3553 1259 3608 Cor.
1284 3569 1356 3619 tv,
1388 3553 1484 3625 2),
1515 3563 1568 3609 et
1600 3556 1788 3610 iterum
1818 3575 1827 3607 ε
1860 3555 2141 3612 Provideri-

568 3663 678 3700 mus
704 3644 836 3700 bona
866 3661 966 3700 non
997 3646 1160 3700 solum
1183 3662 1355 3700 coram
1381 3646 1519 3714 Deo,
1545 3650 1632 3703 sed
1660 3651 1812 3703 etiam
1846 3667 2018 3706 coram
2047 3653 2140 3707 Ito-

566 3739 786 3795 ntinibus
818 3738 993 3810 (Rom.
1023 3755 1123 3805 sn,
1149 3739 1266 3811 l7);
1299 3749 1354 3795 et
1378 3740 1600 3797 iterum:
1632 3743 1697 3798 Ut
1720 3745 1792 3812 is,
1815 3747 1903 3815 qui
1927 3748 2138 3802 adverso

567 3842 660 3900 est,
686 3835 1054 3904 confundatur,
1082 3835 1211 3890 nihil
1236 3836 1424 3892 habens
1455 3841 1618 3893 dicere
1647 3844 1768 3895 mali
1794 3841 1923 3912 (Tit.
1952 3859 2020 3910 ll,
2055 3845 2133 3914 8).

565 3925 744 3996 Neque
774 3941 860 3982 me
891 3929 1125 3992 prteterit
1152 3931 1426 3986 saecularis
1458 3932 1638 3987 livoris
1667 3934 1916 3990 invidiam
1960 3937 2010 3991 in
2039 3938 2136 3992 ob-

566 4020 931 4077 trectationem
960 4036 1172 4094 semper
1197 4023 1470 4096 religionis
1497 4025 1719 4094 ardere,
1750 4036 1802 4080 et
1829 4027 2131 4084 mordacem

563 4113 806 4183 malignis
857 4117 1163 4174 rumoribus
1201 4118 1413 4175 dentem
1470 4122 1787 4191 impressum
1835 4121 2134 4179 dicacitatis

560 4207 802 4279 inﬁgere.
846 4208 1035 4266 Utatur
1077 4226 1172 4267 sua
1211 4215 1441 4269 mundus
1489 4225 1708 4283 natura,
1747 4217 1872 4271 dum
1917 4216 2045 4270 nihil
2076 4217 2130 4272 in

560 4307 742 4355 nostra
770 4300 1005 4356 inveniat
1026 4302 1326 4373 disciplina.
1359 4304 1586 4360 b‘alsitas
1615 4323 1677 4361 ex
1707 4324 1856 4364 more
1877 4309 2126 4378 jactetnr,

557 4385 683 4441 dum
717 4402 817 4443 nec
844 4390 1135 4447 verisimile
1161 4395 1372 4463 quidem
1407 4401 1571 4464 possit
1601 4414 1722 4454 esse
1751 4401 1890 4470 quod
1915 4401 2126 4456 dicitur.

557 4479 725 4536 Nemo
753 4480 876 4538 ideo
900 4482 1058 4538 debet
1085 4494 1424 4541 contemnere
1463 4491 1656 4544 vulnus
1700 4493 1961 4560 infamiae,
2002 4495 2128 4564 quia

556 4587 766 4642 semper
791 4575 1129 4628 consueverit
1153 4591 1334 4630 rumor
1354 4578 1637 4643 simulare;
1671 4582 1762 4636 sed
1785 4598 1849 4638 eo
1872 4586 2127 4639 attentius

2249 3389 2502 3446 perpetua
2524 3421 2538 3447 ,
2568 3380 2744 3436 sciens
2782 3383 3036 3452 scriptum
3069 3402 3187 3444 esse
3221 3406 3235 3442 :
3276 3389 3454 3444 Nolite
3483 3390 3826 3448 tltesaurizare

2246 3475 2384 3551 vobis
2419 3474 2677 3532 thesauros
2717 3480 2769 3532 in
2797 3487 2930 3534 terra
2951 3520 2966 3543 ,
2997 3483 3080 3537 ubi
3110 3486 3243 3539 tinea
3283 3498 3329 3541 et
3366 3487 3543 3560 rubigo
3585 3494 3824 3545 extermi-

2245 3577 2397 3633 nant,
2429 3577 2477 3622 ct
2507 3569 2590 3622 ubi
2624 3573 2762 3641 fures
2793 3570 3041 3639 e/fodiunt
3085 3585 3130 3630 et
3160 3577 3418 3646 furantur.
3456 3579 3821 3637 Tltesaurizate

2242 3647 2412 3713 autem
2440 3660 2578 3713 vobis
2610 3662 2871 3718 thesauros
2900 3665 2952 3719 in
2979 3667 3122 3729 ctelo,
3155 3670 3239 3722 ubi
3268 3686 3424 3742 neque
3462 3675 3624 3740 tinea,
3660 3691 3820 3746 neque

2242 3765 2412 3822 wrugo
2437 3755 2806 3824 exterminant,
2836 3765 2882 3810 et
2907 3758 2989 3811 ubi
3021 3759 3155 3822 fures
3182 3777 3282 3814 non
3307 3762 3581 3830 sﬂodiunt,
3615 3783 3702 3821 nec
3728 3772 3817 3838 fu-

2241 3856 2422 3898 rantur
2447 3843 2660 3915 (Matth.
2689 3861 2778 3901 xrx
2798 3887 2812 3913 ,
2840 3847 2953 3916 20).
2988 3849 3098 3906 lloc
3123 3852 3266 3907 enim
3299 3853 3380 3919 ei,
3415 3854 3507 3924 qui
3535 3871 3639 3910 non
3669 3867 3817 3913 caret

2243 3933 2394 4000 ﬁliis,
2435 3935 2824 3992 hortamentum
2863 3949 2987 3995 est:
3021 3943 3107 4011 qui
3145 3953 3324 4010 caret,
3357 3946 3660 4018 imperium.
3711 3949 3814 4006 lsta

2240 4042 2333 4080 vos
2363 4038 2551 4083 cuncta
2593 4045 2824 4101 congrua
2865 4030 3221 4104 temporibus,
3251 4049 3372 4108 apta
3412 4042 3654 4109 personis
3677 4084 3694 4111 ,
3729 4060 3816 4099 re-

2239 4118 2373 4174 ferta
2397 4122 2690 4192 exemplis,
2721 4125 2934 4181 condita
2965 4127 3265 4199 blanditiis,
3296 4132 3455 4189 all‘atu
3485 4134 3656 4203 illice,
3687 4137 3813 4193 lior-

2238 4214 2456 4267 tamenti
2489 4214 2629 4268 mitis
2673 4216 3004 4286 integritate,
3039 4220 3243 4277 facilius
3283 4233 3458 4293 potest
3486 4227 3811 4296 persuadere

2235 4304 2321 4374 qui
2359 4303 2502 4360 facit.
2539 4305 2718 4374 Neque
2747 4310 2889 4362 enim
2932 4309 3109 4380 aliqua
3141 4313 3326 4368 horum
3359 4317 3596 4374 omnium
3633 4319 3809 4378 fructu

2233 4395 2395 4451 invidi
2436 4398 2593 4462 eStis,
2629 4399 2940 4470 cujusquam
2968 4403 3320 4462 aestimatione
3346 4406 3645 4464 fraudandi.
3679 4411 3808 4468 Erat

2231 4489 2382 4545 vobis
2403 4500 2547 4545 certe
2567 4505 2761 4561 corpus
2779 4494 3013 4563 ﬁrmum,
3037 4505 3166 4550 tetas
3187 4496 3595 4568 integra,_rudes
3617 4502 3802 4572 animi,

2232 4581 2472 4648 quamvis
2503 4591 2724 4650 angusta
2759 4598 2850 4651 pro
2883 4582 3098 4640 humani
3131 4590 3340 4657 generis
3369 4593 3628 4647 varietate
3660 4603 3806 4662 pate-

555 4676 879 4731 praecavere,
911 4662 1051 4733 quod
1076 4663 1242 4719 soleat
1260 4667 1418 4720 etiam
1445 4668 1561 4726 ﬁcta
1589 4685 1928 4740 componere.
1955 4673 2124 4729 Nemo
2151 4644 2201 4707 Π
2227 4644 2379 4735 bant,
2410 4671 2489 4724 vel
2518 4671 2818 4742 negotiandi
2847 4690 2995 4742 usus,
3029 4678 3110 4732 vel
3131 4644 3369 4734 studium
3401 4644 3690 4750 militandi,
3721 4685 3804 4743 die

553 4751 620 4805 ab
649 4752 1054 4809 obtrectationis
1080 4764 1220 4810 metu
1250 4757 1490 4813 redditur
1516 4760 1845 4818 obtrectandi
1876 4764 2124 4822 solemni-

554 4850 660 4897 tate
687 4856 926 4898 securus.
950 4843 1133 4915 Neque
1161 4857 1244 4901 est
1263 4850 1593 4918 negligentiae
1623 4867 1782 4908 causa
1813 4856 2121 4914 sollicitudi-

549 4933 633 4987 nis
664 4934 970 4990 continuata
994 4938 1236 4993 materia.
1266 4939 1345 4993 Sit
1373 4940 1527 5009 igitur
1550 4943 1767 5011 pudoris
1790 4961 1850 5001 ac
1872 4962 2118 5006 reveren-

550 5025 636 5078 tiae
657 5035 847 5081 vestra:
866 5035 974 5081 tuta
998 5043 1060 5083 ac
1080 5030 1464 5101 circumspecta
1489 5035 1744 5090 custodia.
1774 5037 2113 5100 Necessarius

551 5134 580 5173 e
601 5117 783 5186 domo,
815 5127 868 5174 et
895 5134 1048 5174 rarus
1074 5136 1340 5192 egressus,
1373 5139 1532 5194 quem
1560 5138 1649 5181 aut
1676 5129 1950 5200 religionis
1976 5137 2112 5190 ratio

542 5211 813 5278 extulerit,
845 5221 937 5267 aut
962 5213 1024 5266 ad
1058 5213 1407 5270 substantiam
1435 5217 1609 5273 victus
1638 5233 1796 5276 causa
1823 5228 2110 5283 exercendi

540 5303 718 5369 operis
742 5301 1013 5358 ordinarit.
1046 5304 1350 5361 Muneribus
1381 5311 1603 5377 cunctis,
1629 5312 1730 5367 nisi
1753 5330 1870 5382 quae
1889 5317 1955 5371 ad
1977 5334 2109 5388 quo-

538 5389 794 5446 tidianum
814 5393 990 5449 cibum
1012 5410 1351 5467 annuumque
1363 5403 1609 5458 vestitum
1631 5417 1934 5478 suppetant,
1951 5411 2108 5467 absti-

537 5490 744 5538 nentes.
773 5482 1014 5540 Scientes
1040 5489 1294 5558 scriptum
1329 5507 1447 5549 esse
1472 5514 1486 5567 ξ
1521 5494 1775 5554 Habentes
1801 5510 1972 5557 autem
1999 5505 2101 5559 ali-

531 5582 701 5666 menta
740 5583 790 5628 et
827 5574 1008 5644 quibus
1033 5587 1280 5650 tegantur,
1309 5585 1389 5638 Itis
1415 5591 1637 5644 contenti
1672 5608 1845 5648 sumus
1874 5595 1894 5666 (
1913 5595 1930 5650 l
1965 5595 2098 5653 Tim.

529 5664 743 5758 vt,_8);
773 5673 828 5721 et
865 5667 1054 5724 iterum
1083 5687 1098 5726 :
1134 5672 1200 5728 Ut
1238 5675 1446 5733 honeste
1474 5681 1740 5738 ambuletis
1783 5685 1852 5739 ad
1886 5664 1971 5742 eos
2009 5691 2099 5758 qui

527 5752 652 5850 [oris
665 5763 808 5850 sunt,
828 5768 876 5812 et
895 5760 1086 5817 nullius
1107 5766 1301 5835 aliquid
1322 5769 1615 5827 desideretis
1630 5772 1865 5844 (lThess.
1885 5793 1953 5841 Iv,
1976 5752 2089 5850 li).

2227 4778 2395 4818 versae
2424 4773 2587 4830 artes,
2619 4766 2892 4823 innumera
2923 4769 2976 4824 in
3003 4771 3208 4827 actibus
3237 4774 3419 4828 mundi
3445 4776 3701 4846 augendae
3724 4776 3801 4831 fa-

2224 4857 2433 4911 cultatis
2481 4857 2675 4915 ofﬁcia.
2727 4860 3003 4918 Postremo
3051 4880 3156 4919 non
3205 4865 3417 4935 deerat,
3471 4871 3547 4924 vel
3597 4885 3800 4940 pauper

2223 4963 2379 5016 uxor,
2411 4965 2528 5019 quze
2572 4951 2782 5008 vivendi
2825 4965 3036 5023 pararet
3060 4958 3384 5026 voluptatem
3415 4969 3468 5014 et
3499 4960 3653 5015 insita
3697 4962 3797 5016 hu-

2220 5041 2393 5096 manis
2447 5044 2690 5099 sensihus
2746 5045 3022 5114 pignorum
3084 5048 3464 5105 blandimenta.
3517 5053 3645 5120 Qua:
3696 5071 3795 5112 vos

2216 5133 2390 5188 omnia
2413 5135 2621 5203 quidem
2653 5150 2878 5204 corpore
2914 5146 2962 5191 et
2993 5139 3151 5193 castis
3183 5142 3428 5198 sensibus
3456 5156 3790 5214 reSpuentes,

2215 5224 2409 5279 divinae
2432 5229 2708 5282 sententia:
2731 5227 2954 5298 formam
2978 5230 3240 5300 religiosis
3264 5234 3467 5288 actibus
3489 5237 3787 5306 custoditis,

2167 5345 2176 5358 -
2212 5315 2422 5372 dicente
2447 5316 2716 5387 Scriptura
2743 5336 2756 5373 :
2785 5320 3082 5391 Quicunque
3107 5324 3223 5392 plus
3263 5341 3340 5378 me
3361 5327 3528 5395 fecerit
3556 5327 3782 5396 domum,

2209 5419 2294 5462 aut
2326 5425 2569 5477 uxorem,
2601 5421 2688 5463 aut
2714 5411 2880 5477 ﬁlios,
2921 5428 3021 5466 non
3050 5424 3124 5469 est
3150 5433 3228 5470 me
3251 5417 3434 5487 dignus
3457 5417 3477 5490 (
3500 5417 3685 5473 Matth.
3717 5436 3748 5474 ι
3770 5462 3785 5488 ,

2209 5507 2321 5576 27).
2354 5509 2540 5563 Vestra
2568 5509 2727 5578 igitur
2758 5509 3026 5567 intuentes
3052 5513 3314 5584 exempla,
3348 5529 3446 5570 nec
3473 5515 3546 5568 illi
3575 5515 3641 5570 de
3670 5531 3784 5570 mo-

2205 5598 2427 5654 riturum
2457 5613 2663 5654 summa
2692 5610 2911 5672 angusta
2942 5604 3023 5658 sui
3066 5606 3422 5660 aestimatione
3459 5608 3779 5677 desperent,

2199 5687 2292 5758 qui
2322 5689 2618 5745 substantia
2645 5691 2797 5761 parili
2823 5693 2889 5748 ad
2925 5694 3156 5750 studium
3198 5695 3323 5750 vitae
3349 5696 3507 5766 hujus
3546 5698 3779 5756 advene-

2197 5790 2340 5836 runt.
2370 5781 2424 5835 In
2454 5781 2554 5838 hoc
2577 5798 2703 5854 ergo
2727 5785 2818 5842 ﬁlii
2845 5785 3147 5843 charissimi
3170 5785 3381 5844 vivendi
3410 5791 3622 5846 tramite
3642 5805 3772 5847 con-

523 5840 630 5900 Nec
653 5847 864 5914 quidem
906 5854 1201 5958 [trahendis
1239 5858 1592 5930 elecmosynae
1631 5840 1800 5932 gratia
1841 5840 1974 5923 ultra
2007 5840 2090 5925 δίι-
2193 5873 2382 5941 stituti,
2412 5884 2592 5934 vacate
2613 5840 2666 5934 ei
2694 5878 2868 5936 videte
2897 5881 3144 5951 quoniam
3175 5883 3350 5939 suavis
3381 5893 3462 5941 est
3491 5883 3767 5940 Dominus.
