4032 6446
109 498 173 553 77
1116 485 1564 546 EXHORTATIO
1605 484 1696 541 AD
1738 482 2054 542 SPONSAM
2094 483 2372 546 CHRISTI.
3331 490 3400 548 78

112 611 230 665 Dies
261 615 560 679 noctesque
591 604 908 662 lectionibus
943 611 1101 672 atque
1133 602 1467 657 orationibus
1497 600 1696 665 ducite,
1729 602 1780 664 Α
1809 598 2001 654 buistis
2047 599 2270 668 eligere,
2305 606 2631 654 mementote
2669 617 2679 651 :
2723 597 2973 672 Vigilate,
3021 607 3147 655 state
3175 601 3228 656 in
3269 602 3401 672 ﬁde,

109 714 158 754 et
186 701 289 756 mei
312 714 554 768 semper,
582 713 739 768 quem
772 698 822 749 in
851 710 1015 764 opere
1047 703 1099 748 et
1141 692 1362 747 scientia
1394 691 1696 746 abortivum

111 793 347 848 omnium
386 791 761 856 sacerdotum,
810 797 1196 857 prrcceptorem
1241 785 1394 840 vobis
1437 785 1567 838 tanti
1614 784 1708 838 ha-

1807 691 2020 747 uiriliter
2047 691 2213 760 agite,
2245 691 2640 762 confortamini,
2669 694 2838 745 omnia
2874 702 3037 746 t'estra
3066 696 3118 747 in
3159 696 3405 751 clior-itote

1811 784 1962 852 ﬁant,
1992 791 2036 837 et
2067 781 2206 836 Deus
2235 784 2373 852 pacis
2401 782 2494 836 erit
2525 783 2771 837 vobiscum
2806 784 2858 854 (Ι
2890 783 3006 838 Cur.
3044 802 3148 851 xu,
3185 788 3291 854 15).

138 916 3388 947 ῤ--ῤ-Ἦ-ᾙ-ᾠ-ῄ--ψ

639 1021 1430 1106 EXHORTATIO
1511 1025 1667 1106 AD
1751 1024 2293 1109 SPONSAM
2377 1026 2875 1112 CHRISTI.

190 1185 237 1236 Ι.
281 1182 546 1246 Quantam
579 1181 631 1235 in
671 1180 979 1235 caelestibus
1010 1179 1390 1235 beatitudinem
1438 1181 1712 1250 virginitas

117 1283 304 1330 sancta
348 1273 661 1343 possideat,
716 1282 912 1341 praeter
942 1270 1340 1342 Scripturarum
1383 1273 1713 1340 testimonia,

119 1366 376 1424 Ecclesiae
405 1366 567 1421 etiam
615 1363 1006 1420 consuetudine
1030 1363 1318 1420 edocemur
1352 1384 1364 1419 :
1397 1367 1518 1435 quia
1551 1365 1715 1420 disci-

120 1476 238 1516 mus
270 1459 541 1529 peculiare
567 1457 643 1512 illi
673 1457 964 1512 subsistere
992 1457 1265 1525 meritum,
1294 1457 1446 1526 cujus
1473 1459 1720 1526 specialis

123 1565 199 1610 est
229 1551 588 1608 consecratio.
620 1549 749 1604 Nam
776 1564 896 1606 cum
928 1551 1175 1606 universa
1206 1551 1357 1605 turba
1386 1551 1720 1607 credentium

121 1646 270 1718 paria
295 1645 481 1716 gratiae
509 1644 650 1699 dona
681 1643 967 1714 percipiat,
999 1653 1055 1699 et
1083 1642 1282 1700 eisdem
1313 1659 1502 1698 onmes
1533 1645 1722 1699 Sacra-

125 1749 433 1795 mentorum
463 1736 929 1793 benedictionibus
955 1735 1269 1807 glorientur,
1302 1736 1415 1790 isne
1451 1735 1722 1808 proprium

124 1831 325 1902 aiiquid
352 1847 463 1902 prze
487 1830 698 1886 caneris
720 1829 936 1892 habent,
959 1843 1080 1884 eum
1112 1828 1178 1884 de
1206 1828 1299 1883 illo
1327 1837 1511 1883 sancto
1537 1838 1590 1883 et
1619 1829 1723 1882 im-
1759 1837 1780 1857 δ

126 1927 397 1980 maculato
428 1923 681 1978 Ecclesite
711 1937 869 1992 grege
895 1962 909 1990 ,
951 1919 1104 1992 quasi
1132 1921 1428 1976 sanctiores
1460 1921 1726 1990 puriores-

1815 1181 2117 1236 divinarttm
2150 1182 2489 1238 mansionum
2531 1184 2827 1240 habitacula
2869 1189 3177 1242 reseranda.
3221 1190 3326 1246 Sed
3357 1200 3415 1247 ut

1820 1274 2083 1328 illustrius
2113 1274 2429 1344 virginitatis
2480 1278 2729 1332 meritum
2771 1279 2966 1334 clareat
2990 1321 3003 1343 ,
3035 1292 3088 1335 ct
3114 1297 3272 1350 quam
3305 1283 3415 1339 Deo

1821 1367 1981 1433 digna
2010 1369 2078 1420 sit
2107 1368 2440 1424 manifestius
2473 1369 2639 1436 possit
2669 1371 2889 1440 intelligi
2920 1414 2934 1437 ,
2970 1372 3096 1426 illud
3128 1374 3413 1444 Cugiieltlr,

1824 1459 1964 1525 quod
1996 1459 2252 1517 Dominus
2277 1469 2330 1516 et
2360 1462 2597 1516 salvator
2624 1472 2804 1517 noster
2847 1463 3018 1528 Deus,
3051 1481 3172 1520 cuin
3202 1476 3420 1536 propter

1827 1552 2044 1606 humani
2090 1553 2302 1621 generis
2353 1555 2576 1609 salutem
2628 1557 2896 1610 hominem
2927 1557 3238 1625 dignaretur
3268 1575 3420 1615 assu-

1827 1661 1974 1700 mere
1997 1690 2012 1712 ,
2069 1661 2173 1699 non
2203 1646 2363 1700 alium
2395 1661 2554 1716 quam
2582 1647 2898 1717 virginalem
2931 1652 3152 1718 elegerit
3185 1663 3417 1708 uterum.

1829 1740 1895 1794 Et
1929 1749 1984 1793 ut
2013 1739 2318 1809 huiusmodi
2365 1739 2650 1809 plurimum
2704 1741 2804 1795 sibi
2836 1744 3047 1810 placere
3076 1754 3422 1813 monStraret,

1829 1841 1883 1888 et
1908 1832 2177 1901 pudicitia:
2205 1833 2400 1886 bonum
2435 1833 2644 1901 utrique
2672 1835 2822 1887 sexui
2848 1834 3137 1901 intimaret,
3162 1838 3424 1907 virginem

1833 1927 2015 1980 habuit
2061 1935 2284 1981 matrem
2338 1928 2488 1996 virgo
2537 1943 2821 1982 mansurus
2856 1945 2870 1992 ;
2921 1930 2970 1983 in
3002 1945 3060 1986 se
3092 1933 3218 1986 viris
3243 1975 3257 1998 ,
3290 1944 3343 1988 et
3373 1937 3425 1990 in

127 2031 228 2087 que
255 2016 450 2071 hostia
481 2026 576 2084 pro
605 2012 890 2069 voluntatis
929 2027 1043 2066 sua:
1083 2011 1288 2066 merilis
1323 2026 1352 2064 a
1394 2020 1583 2065 sancto
1607 2010 1726 2077 Spi-
1755 2011 1804 2070 B
1835 2028 2005 2073 matre
2036 2018 2248 2073 feminis
2298 2020 2526 2087 praebuit
2571 2021 2890 2089 virginitatis
2934 2025 3241 2094 exemplum
3276 2043 3287 2077 :
3322 2044 3427 2097 quo

128 2111 233 2166 ritu
262 2108 568 2176 eliguntur,
598 2117 651 2160 et
683 2120 778 2173 per
803 2118 1069 2158 summum
1099 2102 1442 2158 Sacerdotem
1475 2101 1566 2156 Dei
1598 2099 1728 2154 offe-

131 2213 322 2256 runtur
349 2199 562 2253 altario.
596 2197 764 2268 Digna
794 2210 979 2251 revera
1009 2193 1235 2249 Domino
1265 2193 1435 2248 hostia
1470 2202 1574 2247 tam
1609 2207 1729 2261 pre-

132 2294 251 2348 tiosi
312 2291 561 2346 animalis
634 2288 834 2343 oblatio
867 2329 882 2352 ,
939 2295 993 2342 et
1045 2286 1185 2340 nulla
1244 2285 1411 2354 magis
1466 2288 1513 2338 ei
1572 2299 1729 2352 quam

131 2382 380 2454 imaginis
427 2395 538 2436 suae
585 2379 757 2434 hostia
808 2378 1086 2448 placitura.
1155 2377 1230 2432 De
1277 2374 1538 2445 ejusmodi
1586 2373 1729 2430 enim

131 2475 447 2546 Apossolum
500 2472 766 2541 praecipue
801 2470 1002 2525 dixisse
1051 2483 1172 2525 reor
1225 2485 1236 2520 :
1294 2468 1513 2522 Obsecro
1562 2476 1732 2520 autem

133 2585 216 2621 ros
244 2609 260 2634 ,
293 2571 482 2637 [ratus
511 2606 524 2630 ,
577 2581 665 2634 per
713 2562 1112 2616 misericordiam
1167 2558 1303 2625 Dei,
1353 2572 1406 2614 ut
1454 2560 1733 2614 exhibeatis

134 2675 351 2731 corpora
381 2668 544 2712 uestra
585 2657 804 2710 hostiam
832 2655 1077 2708 viventem
1099 2694 1114 2717 ,
1160 2664 1390 2707 sanctam
1414 2693 1429 2716 ,
1473 2652 1580 2708 Deo
1620 2653 1734 2722 pla-

135 2766 326 2810 centem
363 2755 538 2824 (Rom.
567 2768 657 2818 sn,
687 2751 762 2823 i).
788 2749 1031 2805 Possidet
1060 2763 1190 2818 ergo
1216 2747 1497 2818 virginitas
1518 2745 1734 2816 etquod

139 2848 222 2902 alii
265 2846 512 2910 habent,
543 2851 591 2898 et
625 2844 764 2911 quod
797 2841 886 2897 alii
919 2856 1026 2896 non
1068 2841 1265 2896 habent
1300 2859 1312 2893 :
1347 2841 1471 2894 dum
1501 2851 1555 2896 et
1589 2854 1737 2894 eom-

137 2953 356 2993 munem
383 2945 438 2991 et
468 2935 789 3005 peculiarem
819 2932 1026 2987 obtinet
1049 2931 1296 3002 gratiam,
1326 2939 1380 2986 et
1413 2932 1651 3000 proprio,
1678 2937 1739 2985 ut

138 3031 202 3084 ita
234 3027 500 3093 dixerim,
525 3025 946 3081 consecrationis
973 3023 1253 3093 privilegio
1283 3023 1496 3091 gaudet.
1528 3021 1657 3075 Nam
1685 3029 1741 3076 et

137 3121 335 3176 Christi
394 3131 619 3188 sponsas
681 3116 914 3186 virgines
955 3115 1133 3168 dicere
1176 3113 1549 3168 Ecclesiastica
1584 3111 1739 3165 nobis

142 3216 405 3286 permittit
443 3212 766 3277 auctoritas;
796 3211 924 3266 dum
949 3211 1004 3264 in
1027 3224 1342 3280 sponsarum
1373 3208 1588 3263 modum
1612 3223 1742 3278 quas

141 3316 423 3364 consecrat
453 3305 682 3360 Domino
714 3304 854 3359 velat
893 3322 904 3354 :
940 3302 1230 3358 ostendens
1267 3317 1358 3357 eas
1383 3302 1464 3356 vel
1513 3303 1742 3357 maxime

1833 2111 2294 2166 demonstraretur
2325 2113 2377 2166 in
2409 2120 2636 2182 utroque
2667 2128 2798 2166 sexu
2829 2113 3038 2168 beatam
3070 2117 3428 2187 integritatem

1831 2204 2123 2258 divinitatis
2162 2204 2378 2266 haberi,
2413 2216 2465 2260 et
2509 2206 2894 2274 plenitudinem
2943 2210 3249 2275 meruisse;
3300 2211 3428 2268 dum

1832 2306 2001 2354 totum
2032 2299 2084 2351 in
2110 2307 2280 2352 matre
2320 2298 2433 2362 fuit,
2465 2299 2721 2368 quidquid
2751 2299 3047 2356 habebatur
3074 2303 3124 2355 in
3148 2302 3274 2356 iilio.
3322 2303 3429 2362 Sed

1834 2389 1960 2460 quid
1989 2404 2090 2458 ego
2118 2399 2304 2459 satago
2342 2391 2616 2446 excellens
2662 2406 2724 2447 ac
2770 2392 2995 2446 sublime
3027 2394 3293 2463 pudicitia:
3323 2411 3431 2450 mea

1835 2485 1996 2537 ritum
2027 2485 2296 2547 revelare,
2329 2496 2381 2539 et
2403 2481 2652 2551 gloriosa:
2684 2487 3003 2555 virginitatis
3031 2489 3226 2543 bonum
3253 2502 3432 2546 osten-

1835 2575 1995 2638 dere;
2045 2591 2166 2630 cum
2214 2575 2282 2630 de
2327 2574 2428 2630 bac
2473 2592 2532 2631 re
2581 2577 2861 2648 plerosque
2891 2595 3172 2646 perorasse
3203 2596 3308 2634 non
3343 2597 3434 2638 ne-

1838 2669 2034 2735 sciam,
2069 2678 2122 2722 (ιι
2159 2671 2274 2738 ejus
2308 2669 2690 2727 beatitudinem
2723 2672 3172 2727 manifestissimis
3214 2675 3435 2728 rationi-

1839 2759 1936 2814 bus
1967 2761 2348 2829 comprobasse
2370 2802 2385 2826 ,
2414 2772 2467 2814 et
2500 2762 2628 2815 nulli
2661 2763 2887 2833 sapienti
2921 2766 3101 2819 venire.
3132 2766 3181 2819 in
3214 2764 3434 2819 dubium

1840 2866 1998 2923 posse
2025 2895 2040 2919 ,
2070 2869 2188 2907 eam
2220 2869 2331 2907 rem
2361 2855 2580 2921 majoris
2601 2870 2722 2911 esse
2753 2858 2926 2911 meriti
2959 2872 3075 2922 ane
3114 2859 3183 2912 sit
3208 2858 3436 2926 amplia-

1841 2944 1917 2999 ris
1964 2943 2197 2998 iahoris?
2253 2944 2508 3014 Quisquis
2553 2946 2695 3000 enim
2747 2948 3050 3015 pudicitiam
3099 2959 3189 3000 aut
3241 2949 3437 3003 nullius

1843 3036 2044 3106 prtemii
2071 3073 2106 3096 ,.
2133 3045 2225 3087 aut
2255 3037 2401 3105 parvi
2431 3035 2736 3102 existimat,
2789 3047 2995 3091 certum
3047 3047 3124 3091 est
3154 3037 3300 3090 illum
3345 3047 3439 3092 aut

1843 3129 2111 3198 ignorare,
2145 3136 2235 3182 aut
2264 3143 2370 3182 non
2418 3128 2776 3182 voluntarium
2825 3129 2965 3183 ferre
2995 3128 3248 3182 laborem.
3287 3125 3439 3184 Unde

1843 3218 1917 3274 illi
1946 3234 2159 3290 semper
2185 3219 2418 3274 castitati
2464 3221 2760 3290 derogant,
2810 3220 2898 3288 qui
2929 3235 3044 3274 eam
3092 3229 3180 3274 aut
3209 3237 3312 3274 non
3347 3221 3441 3274 ha-

1846 3313 1995 3381 bent,
2026 3323 2120 3368 aut
2148 3314 2348 3370 habere
2374 3323 2636 3383 coguntur
2667 3313 2841 3367 inviti.

144 3400 420 3454 habituras
463 3397 705 3467 spiritale
753 3395 1113 3458 connubium,
1162 3411 1277 3464 qua:
1326 3394 1745 3464 subterfugerint
1773 3387 1818 3448 C
1921 3407 1975 3461 5,
2019 3405 2168 3460 Nunc
2213 3405 2392 3475 itaque
2442 3405 2690 3474 quoniam
2734 3405 2914 3475 paucis
2962 3403 3441 3471 ticer,ran1|abo_

142 3491 364 3546 carnale
392 3487 743 3544 consortium.
796 3486 862 3541 Et
904 3485 1066 3557 digne
1117 3485 1234 3540 Deo
1278 3501 1370 3553 per
1416 3486 1740 3540 matrimonii

141 3582 604 3652 comparationem
635 3578 946 3649 spiritaliter
974 3579 1290 3648 copulantur
1316 3619 1330 3644 ,
1373 3593 1490 3646 quae
1517 3578 1633 3646 ejus
1662 3577 1742 3631 die

142 3681 396 3736 lectionis
424 3692 580 3732 causa
614 3677 841 3731 humana
871 3675 1134 3732 connubia
1182 3687 1519 3746 Spreverunt.
1575 3677 1627 3730 In
1661 3676 1744 3730 his

143 3787 304 3843 (tum
347 3771 583 3826 niaxime
623 3771 876 3840 impletur
922 3769 1048 3824 illud
1095 3770 1334 3840 Apostoli
1386 3785 1399 3821 :
1448 3769 1548 3834 Qui
1576 3779 1745 3822 autem

142 3868 376 3921 adfuere:
411 3863 632 3918 Domino
660 3878 793 3916 mitts
823 3861 1029 3933 spiritus
1059 3871 1130 3915 est
1162 3861 1204 3931 (1
1237 3859 1356 3916 Cor.
1391 3877 1462 3925 vr,
1495 3860 1608 3929 i7).

209 3959 273 4013 2.
317 3955 535 4012 Grande
576 3954 658 4012 esi
695 3965 752 4011 et
801 3954 1135 4022 immortale,
1169 3963 1223 4008 et
1255 3969 1396 4022 pene,
1427 3954 1563 4007 uitra
1593 3961 1749 4007 natu-

146 4066 261 4104 ram
295 4059 614 4118 corpoream
640 4085 656 4112 ,
697 4047 875 4117 sepire
919 4045 1184 4100 luxuriam
1218 4053 1274 4101 et
1300 4045 1750 4116 concupiscentiae

150 4141 423 4194 flammam
466 4137 848 4193 adolescentia:
893 4137 1096 4192 facilius
1137 4151 1415 4192 accensam
1446 4137 1611 4190 animi
1644 4138 1751 4191 vir-

150 4243 258 4290 tte
311 4231 678 4302 restinguere,
722 4241 774 4286 et
811 4231 1036 4301 spiritali
1085 4243 1280 4288 conatu
1340 4231 1447 4285 vim
1506 4232 1752 4302 genuinae

59 4395 66 4403 .
149 4323 529 4381 oblectationis
557 4323 1060 4390 exeiudere,vivere
1089 4335 1274 4378 contra
1294 4323 1507 4379 humani
1537 4325 1751 4395 generis

154 4431 386 4482 morem,
413 4414 692 4484 despicere
714 4414 900 4470 solatia
927 4415 1234 4485 conjugum,
1259 4415 1597 4470 dulcedinem
1622 4431 1756 4470 con-

155 4517 402 4563 temnere
451 4507 788 4571 iiberorum,
836 4515 888 4561 et
924 4522 1254 4577 qurecunque
1307 4507 1586 4577 praesentis
1636 4508 1757 4564 vita;

158 4614 272 4655 esse
307 4599 594 4655 commoda
624 4609 870 4669 possunt,
895 4615 992 4670 pro
1039 4598 1207 4654 nihilo
1235 4614 1330 4670 spe
1371 4598 1562 4654 futura:
1591 4599 1759 4655 beati-

163 4691 361 4746 tudinis
389 4699 724 4760 computare.
771 4691 958 4761 Magna
1006 4690 1152 4758 haec,
1191 4699 1250 4746 ut
1276 4691 1406 4758 dixi,
1436 4701 1492 4746 et
1522 4692 1757 4747 admira-

1846 3512 1959 3553 rem
1991 3513 2151 3566 quam
2201 3499 2448 3552 meritum
2494 3497 2813 3566 integritatis
2841 3497 3208 3562 ostendimus;
3259 3513 3326 3552 ne
3357 3509 3443 3552 res

1849 3605 1967 3660 quas
1995 3588 2182 3660 grandi
2208 3589 2404 3645 virtute
2434 3598 2665 3653 constat,
2698 3598 2752 3644 et
2794 3587 2992 3659 in'genti
3026 3589 3247 3660 praemio
3275 3588 3443 3643 desti-

1855 3692 2032 3752 patur,
2067 3698 2252 3738 carere
2281 3683 2450 3736 fructu
2485 3697 2584 3737 suo
2619 3683 2807 3752 possit,
2839 3682 3140 3751 diligentius
3171 3682 3444 3736 excuban-

1889 3790 1974 3828 um
2003 3783 2103 3829 est.
2135 3775 2344 3842 Quanto
2369 3775 2513 3830 enim
2542 3789 2874 3844 qua-cunque
2911 3775 3118 3843 species
3161 3772 3445 3841 pretiosior

1852 3871 2034 3935 fuerit,
2065 3880 2213 3925 tanto
2243 3871 2428 3941 majori
2457 3871 2818 3927 sollicitudine
2845 3869 3162 3925 custoditur.
3209 3869 3275 3925 Et
3312 3883 3446 3938 quo-

1852 3963 1994 4019 niam
2043 3963 2224 4017 multm
2269 3973 2394 4018 sunt
2439 3978 2557 4033 quae
2604 3962 2744 4018 bono
2799 3962 3014 4033 proprio
3063 3971 3288 4028 carent,
3343 3962 3447 4016 nisi

1857 4055 2077 4111 aliarum
2106 4069 2286 4109 rerum
2306 4055 2560 4125 juventur
2580 4053 2805 4109 auxilio'
2840 4063 2894 4108 ut
2915 4064 2995 4109 est
3019 4054 3192 4108 mellis
3215 4054 3445 4122 species,

1857 4164 1975 4218 quze
2003 4149 2102 4203 nisi
2125 4163 2368 4203 cerarum
2393 4147 2598 4202 custodi
2620 4168 2628 4194 ι
2652 4157 2706 4202 et
2730 4146 2969 4201 favorum
2996 4144 3202 4200 cellulis
3227 4160 3447 4200 conser-

1856 4249 2008 4294 vetur
2038 4280 2050 4302 ,
2081 4248 2135 4292 et
2185 4238 2265 4304 (ut
2294 4237 2473 4291 verius
2502 4235 2757 4306 dixerim)
2809 4235 3071 4290 nutriatur
3100 4275 3113 4298 ,
3149 4233 3447 4288 naturalem

1857 4333 2079 4404 gratinm
2103 4330 2298 4400 perdit,
2321 4340 2372 4384 et
2398 4329 2691 4383 subsistere
2720 4342 2815 4395 per
2835 4342 2893 4381 se
2925 4327 3095 4398 ipsam
3124 4342 3226 4380 non
3251 4335 3448 4396 potest.

1860 4425 2008 4480 Sicut
2052 4431 2108 4477 et
2135 4423 2241 4476 vini
2281 4421 2489 4490 species
2513 4461 2528 4486 ,
2571 4419 2712 4492 quod
2745 4419 2845 4474 nisi
2881 4418 3006 4473 boni
3032 4419 3214 4473 odoris
3240 4433 3330 4472 vas
3358 4418 3449 4485 sit,

1863 4526 1914 4570 et
1945 4513 2210 4584 reparatis
2238 4512 2479 4567 crebrius
2522 4510 2730 4581 p7cibus
2772 4509 3036 4574 foveatur,
3068 4509 3313 4579 genuina:
3343 4510 3453 4564 vim
3524 4527 3533 4538 ·

1863 4605 2143 4663 suavitatis
2171 4605 2389 4659 amittit.
2441 4602 2876 4670 Attentius‘ergo
2921 4599 3309 4670 providendum
3346 4611 3448 4667 est,

1866 4715 1934 4754 ne
1966 4699 2102 4753 forte
2132 4707 2185 4752 et
2213 4696 2500 4768 virginitati
2529 4696 2631 4749 alia
2664 4695 2770 4749 sint
2800 4693 3101 4747 necessaria
3121 4733 3135 4757 ,
3179 4693 3296 4747 sine
3333 4676 3452 4761 qui-

159 4783 280 4838 bilis
323 4785 500 4837 Virilis
547 4791 666 4851 εει,
721 4791 777 4837 ει
820 4799 924 4838 non
973 4783 1242 4839 immerito
1273 4799 1367 4853 PI’O
1398 4784 1758 4854 magnitudine
1787 4775 1836 4835 Ῑ)
1864 4793 1964 4847 bus
2000 4804 2335 4860 nequaquam
2376 4788 2604 4842 fructum
2635 4785 2826 4840 afferre
2863 4784 3093 4840 sufﬁciat
3137 4801 3148 4836 :
3194 4791 3250 4839 et
3277 4793 3456 4839 tantus

165 4876 363 4931 laboris
417 4876 499 4929 sui
538 4876 735 4945 ingenti
775 4877 1000 4946 prmmio
1037 4877 1323 4930 destinata.
1373 4876 1515 4930 Dabo
1538 4916 1554 4941 ,
1589 4877 1759 4946 inquit

165 4968 428 5022 Dominus
455 5008 472 5034 ,
509 4967 822 5035 spadonibus
852 4967 974 5022 meis
1010 4968 1062 5020 in
1101 4967 1251 5021 doma
1282 4983 1391 5020 mea
1415 5009 1429 5033 ,
1461 4976 1506 5022 et
1537 4969 1588 5020 in
1615 4983 1760 5021 muro

167 5076 273 5112 meo
327 5061 502 5113 locum
548 5060 867 5112 nominatum
913 5061 1172 5114 meliorem
1218 5078 1250 5112 a
1299 5061 1421 5125 ﬁliis
1465 5072 1510 5114 ct
1561 5060 1764 5129 ﬁliabus

169 5150 337 5204 Israel
365 5196 380 5220 ,
435 5167 617 5204 nomen
663 5160 912 5205 ceternum'
950 5151 1082 5205 dabo
1117 5153 1191 5206 eis
1242 5153 1378 5222 quod
1421 5168 1520 5205 non
1568 5152 1768 5221 deﬁciet

173 5241 328 5310 (lui.
385 5259 491 5308 ινι,
544 5243 621 5312 4).
681 5243 754 5298 De
796 5245 986 5312 quibus
1035 5244 1360 5313 spadonibus
1404 5245 1661 5300 Dominus
1716 5246 1769 5301 in

172 5336 470 5407 Evangelia
500 5336 728 5406 repetit,
758 5337 940 5392 dicens
991 5356 1002 5389 :
1050 5337 1184 5392 Sunt
1230 5339 1361 5392 enim
1408 5340 1659 5410 spadones
1686 5339 1773 5409 qui

175 5429 368 5498 scipsos
397 5438 747 5482 castraverunt
784 5440 992 5500 propter
1020 5446 1230 5502 regnum
1266 5432 1504 5485 cwtarum
1557 5431 1770 5499 (Matt/1.

179 5536 290 5583 xix,
327 5519 441 5588 12).
492 5521 712 5590 Magnus
762 5521 976 5591 quidem
1017 5531 1100 5577 est
1144 5523 1410 5592 pudicitiae
1442 5523 1590 5579 labor
1615 5567 1629 5591 ,
1681 5524 1775 5579 sed

181 5614 358 5682 majus
383 5615 662 5682 prmmium
697 5631 710 5667 :
745 5616 1050 5685 temporalis
1079 5616 1320 5672 custodia
1347 5662 1360 5686 ,
1409 5619 1501 5672 sed
1533 5633 1781 5675 remune-

181 5704 325 5759 ratio
345 5715 568 5760 aeterna.
597 5705 673 5761 De
698 5707 780 5762 his
806 5707 946 5762 enim
968 5719 1020 5762 et
1048 5708 1480 5766 bealusJoannes
1510 5714 1782 5781 apostolus

187 5794 423 5863 loquitur
455 5837 471 5863 ,
531 5797 670 5866 quod
719 5809 998 5869 sequuntur
1057 5817 1247 5871 agnum
1309 5817 1604 5872 quocunque
1669 5806 1781 5858 ierit

189 5890 377 5960 ίΑροο.
407 5906 516 5957 xiv,
547 5893 624 5961 4).
655 5893 806 5960 Quod
836 5896 906 5948 ita
933 5894 1337 5966 intelligendum
1369 5907 1492 5966 puta
1521 5941 1535 5967 ,
1571 5898 1775 5955 nullum

194 5981 272 6037 eis
298 5979 474 6040 locum
502 5984 559 6039 in
586 5985 787 6042 calenti
820 5987 937 6042 auls
965 5984 1317 6045 claudendum
1347 6023 1360 6055 ,
1394 5994 1447 6044 et
1476 6000 1665 6046 suum
1700 5994 1778 6047 eis

1869 4885 1996 4939 nihil
2049 4882 2289 4952 proderit
2325 4880 2474 4935 labor
2502 4919 2518 4945 ,
2563 4879 2688 4934 dum
2739 4893 2873 4931 vane
2916 4875 3170 4945 prodesse
3219 4877 3457 4932 creditur

1871 4975 2010 5046 quod
2083 4973 2284 5043 absque
2341 4972 2504 5028 rebus
2570 4969 2888 5026 necessariis
2953 4968 3272 5039 possidetur.
3346 4968 3459 5022 Nisi

1872 5070 2012 5124 enim
2045 5067 2239 5133 fallor,
2290 5067 2358 5120 ob
2407 5064 2642 5120 ccclesiis
2672 5062 2821 5132 regni
2869 5059 3147 5130 prtemium
3189 5059 3459 5129 pudicitia:

1876 5170 2116 5219 servatur
2162 5160 2440 5230 integritas
2466 5199 2480 5225 ,
2523 5157 2666 5228 quod
2700 5156 2816 5211 sine
2856 5163 3072 5210 :eternte
3115 5154 3238 5207 vitae
3268 5153 3460 5207 metito

1881 5257 2148 5308 neminem
2176 5251 2429 5322 consequi
2458 5264 2614 5320 posse
2643 5249 2769 5303 satis
2799 5255 3000 5302 certum
3031 5255 3129 5299 est.
3178 5243 3457 5302 Eternam

1878 5362 2008 5401 vero
2040 5349 2200 5400 vitam
2246 5360 2351 5401 non
2392 5344 2493 5399 nisi
2527 5357 2624 5414 per
2653 5355 2864 5396 omnem
2917 5338 3221 5392 divinorum
3260 5352 3463 5406 praece-

1878 5449 2090 5509 ptorum
2120 5437 2415 5492 custodiam
2460 5434 2752 5506 promereri
2796 5444 2955 5500 posse
2993 5427 3268 5498 Scriptura
3302 5439 3464 5486 testa-

1883 5541 1996 5595 tur,
2039 5532 2265 5587 dicens:
2301 5531 2360 5587 Si
2395 5531 2466 5585 vis
2507 5530 2574 5584 ad
2619 5529 2771 5581 vitam
2818 5524 3011 5589 venire,
3041 5538 3182 5579 serva
3222 5527 3466 5580 mandata

1888 5626 2100 5695 (Matth.
2130 5642 2216 5679 χιχ
2244 5667 2256 5690 ,
2292 5625 2402 5696 Π).
2461 5624 2632 5678 Vitam
2687 5633 2815 5688 ergo
2865 5631 2969 5673 non
3015 5616 3178 5674 habet
3224 5617 3326 5673 nisi
3377 5617 3468 5687 qui

1891 5731 2078 5778 cuncta
2133 5723 2264 5793 legis
2316 5720 2560 5775 mandata
2608 5714 2900 5770 servaverit
2929 5731 2945 5768 ι
2972 5722 3026 5769 et
3052 5714 3142 5784 qui
3172 5713 3333 5767 vitam
3364 5725 3470 5767 non

1894 5814 2138 5869 habuerit
2164 5853 2177 5877 ,
2213 5811 2446 5867 caelestis
2480 5806 2628 5876 regni
2662 5820 2766 5860 non
2815 5812 2990 5877 potest
3025 5817 3144 5860 esse
3174 5815 3476 5873 possessor,

1893 5906 1943 5959 in
1974 5922 2078 5975 quo
2108 5921 2210 5959 non
2240 5901 2435 5958 mortui
2463 5940 2477 5968 ,
2511 5899 2603 5954 sed
2631 5901 2736 5954 vivi
2763 5899 2956 5970 quique
2984 5895 3299 5966 regnabunt.
3331 5890 3472 5947 Nihil

1892 6008 2016 6065 ergo
2041 5993 2318 6065 virginitas
2343 5994 2452 6049 sola
2483 5989 2745 6061 proficiet,
2777 6004 2891 6059 quin
2923 5986 3155 6044 caelestis
3185 5982 3331 6054 regni
3360 5980 3473 6051 αισι
