4032 6470
599 427 670 484 79
1902 409 2241 470 aucroms
2279 408 2587 465 ANONYMI
3783 410 3846 466 ες)

599 539 734 595 riam
763 541 972 606 sperat;
1001 532 1098 587 nisi
1125 539 1177 586 et
1208 528 1338 584 illud
1372 525 1643 592 habuerit,
1675 525 1758 578 Cui
1792 532 2042 592 pcrpclna
2071 522 2176 574 vita
2207 523 2258 583 Α
2284 528 2366 574 est
2395 519 2537 572 aliud
2563 532 2718 588 quam
2752 532 2854 570 non
2889 529 3129 584 peccare.
3164 515 3274 570 Non
3309 529 3531 585 peccare
3558 526 3754 581 autem.
3777 529 3854 576 est

599 629 926 701 promittitur
952 671 965 695 ,
997 641 1092 695 per
1113 639 1269 694 quam
1296 621 1530 677 caelestis
1573 618 1721 688 regni
1753 617 2027 687 praemium
2057 629 2180 685 pos-

600 723 825 778 sideiur.
849 719 988 774 Ante
1017 733 1144 786 ergo
1167 715 1344 770 omnia
1377 712 1680 784 pudicitiam
1714 710 2180 777 integritatemque

599 813 937 868 servantibus
973 819 1022 866 et
1063 808 1178 878 ejus
1227 805 1709 862 remunerationem
1741 819 1767 854 a
1802 801 1894 854 Dei
1929 801 2180 869 :equitate

599 903 936 975 sperantibus
965 900 1333 955 mandatorum
1361 907 1482 952 sunt
1510 892 1858 951 custodienda
1887 901 2180 962 praecepta,

601 1014 670 1052 ne
700 995 946 1066 gloriosa:
974 993 1234 1049 castitatis
1264 1001 1318 1047 et
1340 989 1683 1044 continentia:
1709 986 1858 1041 labor
1888 985 1941 1039 in
1970 983 2177 1038 irritum

602 1090 916 1145 deducatur.
941 1086 1113 1156 Supra
1143 1085 1448 1139 mandatum
1471 1085 1551 1137 vel
1578 1087 1894 1150 pra-ceptum
1928 1090 2048 1132 esse
2076 1075 2183 1128 vir-

603 1181 878 1251 ginitatem
904 1218 919 1243 ,
969 1177 1180 1246 sapiens
1228 1184 1281 1231 et
1319 1176 1500 1244 legens
1531 1172 1705 1227 nullus
1744 1171 1989 1240 ignorat;
2045 1167 2183 1236 Apo-

603 1273 744 1328 stolo
772 1271 981 1325 dicente
1011 1287 1024 1320 :
1059 1267 1132 1321 De
1157 1266 1429 1338 virginibus
1454 1275 1619 1318 autem
1649 1269 1956 1332 prwceptum
1978 1257 2181 1312 Domini

605 1380 705 1419 non
727 1363 885 1417 habeo
908 1402 924 1428 ,
954 1361 1221 1416 consilium
1248 1367 1416 1412 autent
1460 1356 1525 1409 do
1555 1354 1598 1426 (l
1620 1353 1738 1408 Cor.
1769 1368 1861 1416 vn,
1890 1348 2006 1419 '25).
2049 1349 2180 1403 Cum

606 1474 736 1526 ergo
761 1457 1064 1512 obtinendm
1102 1451 1414 1522 virginitatis
1454 1447 1733 1504 consilium
1765 1446 1875 1509 dat,
1909 1459 2017 1498 non
2049 1456 2186 1511 pra:-

606 1561 820 1620 ceptum
849 1548 1059 1611 statuit;
1092 1559 1255 1614 supra
1280 1542 1585 1597 mandatum
1613 1539 1693 1592 vel
1720 1546 2041 1606 prmceptum
2064 1548 2184 1588 eam

607 1659 727 1700 esse
787 1640 1057 1712 professus
1119 1645 1221 1692 est.
1285 1636 1598 1702 Quicunque
1650 1645 1777 1700 ergo
1823 1627 2183 1698 virginitatem

604 1744 856 1801 servant,
889 1733 1056 1803 magis
1083 1744 1240 1800 quam
1292 1734 1615 1796 przeceptum
1645 1733 1727 1778 est
1770 1721 1984 1775 faciunt.
2017 1719 2186 1792 _Tunc

605 1831 748 1886 enim
793 1825 1032 1898 proderit
1079 1822 1305 1892 amplius
1336 1819 1524 1875 fecisse
1563 1833 1720 1887 quam
1748 1816 1955 1884 jussum
1986 1826 2066 1870 est
2092 1856 2107 1881 ,
2138 1815 2185 1870 si
2235 1813 2264 1837 ⁸

2285 613 2418 683 legis
2445 621 2702 682 praecepta
2733 625 2967 665 servare.
3023 609 3414 679 Prmceptorum
3463 621 3635 665 autem
3679 612 3854 667 obser-

2285 706 2427 758 vatio
2450 702 2646 771 duplici
2671 716 2873 769 genere
2902 701 3236 756 custoditur:
3272 709 3330 754 ut
3372 702 3499 755 nihil
3533 717 3714 757 eorum
3746 721 3856 774 qum

2286 795 2636 866 prohibentur
2663 794 2822 848 facias
2847 837 2862 861 ,
2913 802 2968 848 ct
2990 803 3178 849 cuncta
3206 810 3325 864 quze
3363 795 3618 864 jubentur
3648 798 3857 867 implere

2285 887 2597 942 contendas.
2635 887 2746 942 Hoc
2775 895 2858 942 est
2880 886 3020 956 quod
3051 886 3178 941 dicit
3210 886 3440 942 :Recedc
3469 905 3500 942 a
3526 890 3683 953 malo,
3710 898 3752 942 et
3785 893 3860 960 [ac

2284 980 2473 1035 bonum
2506 979 2730 1050 (Psalm.
2775 995 2939 1035 χχχιιι
2965 1021 2979 1045 ,
3014 980 3128 1049 15).
3175 980 3310 1034 Nolo
3330 981 3470 1035 enim
3499 994 3650 1050 putes
3688 983 3738 1036 in
3769 983 3859 1035 hoc

2285 1085 2534 1129 constare
2556 1073 2840 1143 justitiam,
2872 1081 2930 1126 ut
2953 1071 3148 1126 malum
3184 1087 3288 1128 non
3312 1072 3500 1136 facias;
3545 1089 3664 1128 cum
3696 1083 3750 1127 et
3778 1074 3861 1128 bo-

2286 1181 2414 1220 num
2447 1180 2551 1218 non
2583 1163 2756 1220 facere
2787 1165 2984 1218 malum
3015 1163 3084 1219 sit
3110 1206 3124 1231 ,
3153 1173 3207 1219 et
3233 1167 3284 1218 in
3318 1172 3543 1234 utroque
3573 1164 3708 1234 legis
3737 1180 3862 1233 pra:-

2286 1259 2538 1312 varicatio
2580 1257 2964 1312 committatur.
2997 1257 3256 1326 Quoniam
3288 1259 3378 1326 qui
3406 1259 3540 1313 dixit
3568 1275 3583 1311 :
3622 1259 3809 1313 lleccde
3833 1277 3862 1313 a

2286 1354 2452 1419 malo;
2483 1362 2535 1406 et
2564 1351 2676 1423 ipse
2705 1351 2873 1417 dixit,
2929 1355 3012 1422 {ac
3041 1352 3243 1407 bonum.
3279 1352 3334 1408 Si
3387 1367 3417 1406 a
3447 1353 3587 1407 malo
3633 1368 3863 1408 recesse-

2288 1446 2360 1499 ris
2387 1453 2442 1499 et
2464 1458 2566 1500 non
2598 1444 2790 1500 feceris
2822 1445 3040 1509 bonum,
3075 1451 3436 1513 transgressor
3455 1458 3513 1497 es
3538 1442 3722 1512 Legis;
3754 1458 3862 1512 qna:

2289 1550 2395 1589 non
2427 1544 2629 1589 tantum
2659 1536 2708 1589 in
2742 1535 3003 1590 malorum
3042 1545 3257 1590 actuum
3299 1534 3699 1590 abominatione
3726 1576 3740 1599 ,
3775 1534 3860 1589 sed

2287 1635 2342 1682 et
2363 1628 2415 1682 in
2447 1627 2706 1682 bonorum
2735 1643 2956 1698 operum
2986 1627 3312 1698 perfectione
3335 1628 3656 1697 completur.
3691 1627 3863 1696 Neque

2289 1721 2431 1774 enim
2458 1719 2558 1775 hoc
2578 1720 2747 1774 solum
2775 1720 2868 1774 tibi
2890 1721 3196 1791 prmcipitur
3215 1761 3230 1785 ,
3265 1730 3323 1774 ut
3352 1719 3600 1776 vestitqu
3630 1720 3743 1774 suis
3767 1734 3864 1773 non

2289 1812 2487 1882 spolies
2521 1811 2881 1876 indumentis;
2911 1808 3004 1866 sed
3025 1822 3079 1867 et
3106 1819 3164 1866 ut
3191 1811 3472 1882 spoliatum
3495 1810 3706 1879 operias
3728 1811 3860 1864 tuis:

607 1921 751 1992 quod
793 1920 994 1988 iussum
1043 1927 1126 1971 est
1174 1915 1357 1969 facias.
1405 1911 1637 1982 Cupiens
1681 1910 1915 1964 divinum
1966 1908 2185 1977 implere
2217 1902 2262 1960 B
2290 1919 2464 1974 neque
2497 1912 2556 1959 ut
2589 1904 2806 1959 habenti
2842 1918 3068 1974 panem,
3093 1919 3198 1960 non
3228 1904 3440 1960 auferas
3475 1919 3659 1971 suum,
3686 1904 3784 1959 sed
3817 1915 3865 1958 ut

609 2012 912 2073 consilium,
946 2017 1068 2064 ante
1097 2007 1275 2062 omnia
1301 2019 1455 2060 serva
1480 2000 1785 2057 mandatum
1820 2017 1833 2052 :
1863 1999 2050 2052 volens
2081 1996 2188 2051 vir-

609 2103 846 2172 ginitatis
874 2099 1146 2170 priamium
1169 2096 1444 2165 consequi,
1472 2094 1596 2148 vita:
1621 2095 1943 2162 amplectere
1973 2090 2183 2158 merita,

610 2203 670 2250 ut
694 2204 781 2250 tua
808 2191 1134 2248 remunerari
1160 2189 1380 2247 castitas
1408 2187 1594 2257 possit.
1626 2186 1753 2240 Nam
1779 2195 1836 2239 ut
1861 2184 2019 2237 vitam
2047 2196 2186 2251 pra:-

611 2296 717 2344 stat
739 2283 1100 2341 remuneratio
1127 2282 1528 2344 mandatorum;
1556 2280 1626 2333 ita
1654 2293 1686 2334 e
1712 2275 1980 2332 contrario
2003 2288 2186 2328 eorum

610 2385 834 2451 generat
863 2375 1230 2447 praevaricatio
1258 2384 1506 2428 mortem.
1541 2371 1606 2426 Et
1632 2370 1722 2441 qui
1758 2383 1853 2438 per
1877 2366 2188 2437 pratvarica-

611 2471 812 2525 tionem
838 2469 891 2522 in
922 2475 1148 2522 mortem
1177 2463 1337 2520 fuerit
1361 2457 1662 2533 deputatus,
1695 2458 2010 2530 virginitatis
2033 2471 2188 2512 coro-

613 2578 736 2616 nam
765 2575 983 2631 sperare
1013 2573 1115 2614 non
1145 2558 1370 2627 poterit;
1414 2567 1586 2625 neque
1615 2550 1877 2623 pudicitia:
1910 2549 2188 2621 prtemium

609 2662 922 2723 exspectare
950 2651 1271 2706 constitutus
1302 2650 1354 2703 in
1383 2662 1559 2718 poena.

588 2763 597 2790 ι
621 2812 634 2824 ,
681 2747 734 2801 ι.
774 2745 907 2800 Tres
935 2743 1073 2800 enim
1104 2743 1311 2812 species
1337 2749 1478 2807 sunt,
1503 2754 1596 2809 per
1625 2753 1758 2808 quas
1785 2735 2016 2791 cmlestis
2038 2735 2186 2805 regni

610 2839 876 2907 possessio
925 2837 1190 2891 introitur.
1248 2834 1425 2890 Prima
1471 2843 1552 2887 est
1601 2829 1898 2902 pudicitia;
1954 2828 2186 2884 secunda

609 2928 790 2984 mundi
813 2937 1183 2996 contemptus;
1214 2927 1365 2981 tertia
1395 2940 1521 2980 vero
1546 2923 1749 2994 justitia
1784 2940 1797 2976 :
1825 2936 1944 2992 qua:
1977 2929 2032 2975 ut
2057 2935 2187 2976 con-

611 3037 761 3078 nexa:
794 3020 1077 3090 plurimum
1109 3032 1169 3073 se
1219 3015 1614 3088 possidentibus
1663 3021 1954 3085 przestant;
2005 3013 2074 3067 ita
2105 3013 2186 3067 di-

606 3116 740 3170 visa:
789 3114 1047 3182 prodesse
1092 3110 1308 3166 difficile
1361 3119 1580 3180 possunt
1628 3128 1638 3161 :
1687 3109 1813 3163 dum
1861 3121 2188 3176 unaquzrque

606 3219 793 3260 earum
822 3217 926 3256 non
956 3211 1170 3271 propter
1199 3216 1257 3255 se
1289 3203 1490 3255 tantum
1515 3243 1529 3267 ,
1561 3200 1653 3254 sed
1683 3208 1899 3268 propter
1922 3199 2080 3254 aliam
2112 3199 2188 3252 ef-

2286 2011 2394 2050 non
2416 1995 2632 2050 habenti
2656 2035 2672 2061 ,
2708 2005 2854 2050 tuum
2893 1996 3123 2052 libenter
3147 1995 3460 2066 impertias:
3485 2011 3659 2066 neque
3698 1996 3864 2051 solum

2288 2099 2346 2142 ut
2375 2102 2664 2157 pauperem
2686 2101 2786 2142 suo
2821 2103 2924 2143 non
2957 2090 3126 2159 pellas
3161 2091 3427 2160 hospitio;
3457 2081 3628 2145 sed‘ut
3650 2091 3861 2160 pulsum

2288 2190 2468 2235 etnon
2495 2180 2778 2237 habentem
2802 2182 3031 2252 recipias
3055 2192 3164 2238 tuo.
3195 2183 3526 2253 Praeceptum
3549 2185 3690 2240 enim
3721 2185 3868 2241 nobis

2287 2281 2391 2340 est,
2421 2271 2570 2327 Flere
2590 2288 2707 2327 cum
2726 2274 2963 2342 ﬂentibus
2985 2275 3160 2344 (Rom.
3186 2291 3282 2343 xtl,
3309 2276 3418 2347 15).
3447 2276 3726 2342 Quomodo
3753 2292 3866 2332 cum

2289 2365 2396 2420 illis
2417 2366 2695 2432 ﬂemus,,si
2719 2369 2768 2422 in
2793 2368 2938 2422 nullo
2958 2383 3143 2424 eorum
3165 2371 3571 2427 necessitatibus
3592 2373 3868 2442 participa-

2289 2471 2429 2525 mus,
2454 2472 2551 2512 nec
2572 2456 2788 2527 aliquod
2811 2458 2890 2512 eis
2916 2459 2969 2512 in
3000 2458 3084 2512 his
3110 2469 3331 2530 propter
3361 2476 3491 2530 quas
3514 2463 3870 2534 lacrymantur

2289 2550 2467 2604 causis
2525 2551 2827 2620 praebemus
2885 2552 3190 2608 auxilium?
3248 2554 3431 2626 Neque
3468 2557 3609 2612 enim
3652 2558 3869 2614 ﬂetuum

2293 2654 2596 2697 nosworum
2620 2642 2761 2698 Deus
2784 2642 3168 2702 infructuosum
3209 2648 3401 2716 qumrit
3435 2648 3742 2716 humorem;
3780 2651 3869 2706 sed

2293 2734 2416 2804 quia
2451 2733 2700 2804 lat-ryma:
2735 2735 2934 2790 doloris
2973 2737 3223 2792 indicium
3259 2746 3404 2806 sunt,
3433 2740 3543 2793 vult
3569 2749 3621 2795 te
3647 2741 3718 2794 ita
3740 2741 3872 2796 alte-

2294 2827 2405 2879 rius
2425 2826 2697 2895 angustias
2722 2826 2924 2881 sentire
2954 2835 3010 2881 ut
3037 2837 3188 2892 tuas;
3225 2837 3279 2882 ct
3298 2829 3566 2898 quomodo
3587 2831 3680 2885 tibi
3704 2830 3760 2886 in
3788 2832 3871 2887 tali

2295 2917 2634 2973 tribulatione
2655 2916 2699 2970 si
2721 2931 2870 2971 esses
2891 2917 3160 2973 subveniri
3195 2932 3439 2988 cuperes,
3469 2921 3538 2975 ita
3561 2921 3718 2977 alteri
3742 2923 3871 2977 sub-

2295 3010 2477 3064 venias
2522 3018 2741 3080 propter
2785 3009 2913 3064 illud
2956 3027 2969 3062 :
3031 3011 3350 3079 Quaecunque
3386 3012 3538 3068 vultis
3584 3022 3638 3066 ut
3680 3014 3870 3082 faciant

2291 3103 2429 3158 vobis
2478 3104 2704 3158 homines
2755 3103 2884 3156 bona
2909 3144 2923 3170 ,
2973 3104 3047 3157 ila
3088 3113 3136 3159 et
3182 3121 3269 3158 vos
3311 3106 3461 3176 facile
3493 3105 3596 3161 illis
3638 3109 3873 3164 similiter

2291 3194 2504 3266 (Matth.
2537 3211 2631 3259 vn,
2667 3195 2777 3264 lt).
2802 3195 2932 3250 Nam
2955 3210 3074 3252 cum
3104 3197 3267 3254 ﬂente
3289 3197 3445 3264 ﬂere,
3476 3209 3530 3256 et
3559 3200 3714 3269 nihil,
3749 3218 3870 3260 cum

608 3297 895 3366 ﬂagitator.
929 3292 982 3348 In
1011 3293 1196 3362 primis
1225 3307 1354 3361 ergo
1381 3291 1638 3361 quaeritur
1669 3289 1938 3359 pudicitia,
1973 3299 2031 3344 ut
2060 3288 2189 3343 faci-
2211 3277 2260 3341 C
2293 3287 2498 3357 possis,
2541 3287 2688 3342 ﬂenti
2727 3287 2996 3355 conferre,
3035 3290 3487 3358 subsannationis,
3519 3306 3625 3348 non
3657 3293 3873 3362 pietatis

608 3387 712 3441 lius
757 3385 1114 3454 subsequatur
1159 3382 1341 3437 mundi
1389 3389 1727 3452 contemptus
1763 3399 1773 3433 :
1803 3381 1924 3451 quia
1964 3381 2031 3435 ab
2084 3381 2186 3436 illis

609 3479 839 3536 mundus
869 3478 1136 3533 contemni
1169 3477 1335 3531 levius
1366 3484 1574 3545 potest,
1617 3474 1706 3546 qui
1736 3474 2059 3528 matrimonii
2091 3488 2187 3530 ne-

608 3572 763 3627 xibus
793 3585 908 3626 non.
931 3578 1196 3625 tenentur.
1226 3569 1401 3622 Mundi
1434 3583 1558 3624 vero
1581 3576 1915 3636 contemptus
1944 3568 2186 3634 exposci-

609 3673 699 3720 tur
719 3705 735 3732 ,
767 3674 822 3719 ut
853 3664 1051 3733 iustitia
1080 3670 1461 3725 conservetur;
1513 3665 1670 3731 quam
1717 3659 1940 3729 implere
1969 3658 2186 3714 dilﬂcile

611 3767 864 3826 possunt.
904 3757 992 3827 qui
1042 3753 1373 3809 smcularium
1416 3753 1672 3810 bonorum
1703 3761 1756 3807 et
1798 3750 2184 3806 mundanarum

609 3847 938 3920 voluptatum
973 3846 1194 3917 negotiis
1224 3845 1594 3917 implicantur!
1625 3845 1871 3913 Quisquis
1901 3859 2027 3912 ergo
2059 3857 2184 3912 pos.

609 3939 747 3996 sidet
779 3941 998 4009 primam
1047 3938 1280 4007 speciem
1319 3936 1585 4006 pudicitia:
1610 3977 1624 4000 ,
1657 3944 1710 3990 et
1752 3933 2035 3988 secundam
2066 3948 2185 4003 qua:

611 4041 694 4086 cst
722 4030 905 4085 mundi
933 4037 1266 4097 contemptus
1291 4071 1306 4093 ,
1332 4042 1438 4082 non
1469 4028 1693 4093 obtinet,
1727 4041 1860 4096 pene
1884 4027 1998 4081 sine
2027 4039 2185 4082 causa

610 4123 849 4192 possidet
873 4122 1130 4191 primam,
1162 4119 1374 4190 quando
1403 4118 1688 4174 secundam
1719 4133 1825 4173 non
1855 4117 2031 4183 habet,
2064 4133 2190 4187 pro-

609 4224 730 4284 pter
749 4227 905 4282 quam
929 4212 1093 4282 prima
1116 4213 1335 4283 quaesita
1366 4223 1465 4267 est.
1500 4212 1562 4267 Et
1591 4212 1634 4266 si
1669 4210 1892 4282 primam
1920 4221 1974 4267 et
1997 4226 2188 4267 secun-

611 4308 732 4361 dam
768 4308 989 4371 habeat,
1021 4307 1102 4362 cui
1136 4307 1318 4372 tertia,
1351 4321 1468 4376 qua:
1498 4315 1580 4361 est
1604 4306 1811 4376 justitia
1833 4346 1848 4372 ,
1880 4305 2050 4372 desit;
2085 4303 2190 4360 fru-

614 4408 722 4452 stra
756 4398 958 4451 laborat
989 4414 1002 4450 :
1038 4400 1285 4466 quoniam
1317 4399 1620 4467 superiores
1649 4398 1766 4454 dua:
1795 4404 2010 4468 propter
2033 4397 2188 4468 justi-

618 4491 743 4542 tiam
802 4488 1067 4557 prtecipue
1131 4489 1495 4557 requiruntur.
1567 4490 1703 4555 Quid
1760 4491 1903 4544 enim
1973 4490 2189 4558 prodest

617 4589 834 4649 propter
874 4577 1056 4632 mundi
1095 4587 1455 4646 contemptum
1509 4578 1814 4648 pudicitiam
1859 4579 2087 4645 habere,
2135 4587 2190 4632 et

2289 3377 2540 3433 indicium
2571 3387 2672 3433 est.
2717 3377 2956 3447 Denique
2992 3378 3239 3435 Salvator
3271 3389 3455 3436 noster
3475 3398 3594 3438 cum
3616 3383 3783 3440 Maria
3823 3394 3874 3441 et

2290 3469 2493 3524 Martha
2535 3467 2717 3522 Lazari
2741 3467 3017 3523 sororibus
3042 3469 3221 3534 ﬂevit;
3262 3479 3318 3525 et
3353 3471 3630 3546 immensa:
3667 3474 3874 3531 miseri.

2288 3561 2486 3618 cordia:
2513 3561 2759 3617 affectum
2793 3559 3148 3629 lacrymarum
3181 3563 3572 3620 contestatione
3603 3575 3866 3623 monstra-

2290 3654 2384 3720 vit,
2409 3661 2464 3709 ct
2486 3669 2626 3708 vera:
2648 3651 2858 3722 pietatis
2879 3651 3072 3709 indicia
3095 3669 3218 3709 mox
3237 3669 3396 3725 opera
3416 3656 3701 3712 subsecuta
3721 3668 3871 3730 sunt,

2289 3761 2410 3802 cum
2441 3745 2728 3801 suscitatus
2769 3744 3001 3800 Lazarus
3025 3785 3043 3813 ,
3089 3745 3242 3817 cujus
3283 3762 3440 3804 causa
3487 3749 3869 3819 fundebantur,

2289 3839 2562 3896 sororibus
2600 3836 2860 3893 redditur.
2901 3838 3015 3894 Hoc
3053 3837 3152 3894 fuit
3180 3839 3266 3908 pie
3293 3854 3414 3896 cum
3449 3841 3698 3899 ﬂentibus
3719 3845 3871 3912 ﬂere,

2290 3932 2630 3986 occasionem
2653 3931 2810 3985 ﬂetus
2832 3928 3063 3985 auferre.
3094 3927 3199 3985 Sed
3220 3931 3369 4000 quasi
3401 3939 3611 4001 potens,
3635 3933 3871 4003 inquies,

2292 4022 2436 4077 fecit.
2480 4022 2675 4076 Verum
2711 4035 2810 4077 nec
2843 4021 2934 4076 tibi
2959 4021 3286 4092 impossibile
3319 4022 3514 4095 aliquid
3537 4025 3870 4096 imperatur:

2291 4117 2528 4184 implevit
2561 4115 2738 4172 omnia
2771 4117 2859 4186 qui
2891 4115 3032 4186 quod
3061 4117 3230 4186 potuit
3260 4117 3403 4174 fecit.

2363 4212 2416 4266 6.
2458 4209 2588 4276 Sed,
2631 4217 2686 4264 ut
2725 4208 2905 4264 dicere
2937 4223 3292 4279 coeperamus,
3337 4225 3444 4265 non
3483 4210 3678 4268 sufficit
3715 4211 3872 4272 Chri-

2292 4303 2469 4360 stiano
2492 4318 2520 4357 a
2543 4303 2697 4359 malis
2727 4318 2788 4359 se
2812 4302 3102 4368 abstinere,
3135 4304 3234 4358 nisi
3258 4305 3420 4359 etiam
3443 4304 3708 4362 bonorum
3747 4322 3878 4379 ope-

2295 4414 2411 4453 rum
2446 4397 2618 4453 ofﬁcia
2658 4396 2958 4467 perfecerit.
3005 4396 3156 4464 Quod
3199 4397 3288 4453 illo
3326 4398 3410 4453 vel
3451 4399 3682 4455 maxime
3721 4403 3877 4458 testi-

2294 4493 2475 4548 monio
2533 4492 2949 4562 comprobatur.
3009 4490 3152 4561 quod
3212 4491 3564 4549 comminatur
3615 4493 3877 4552 Dominus

2295 4583 2477 4636 :eterni
2505 4583 2642 4650 ignis
2667 4596 2788 4636 reos
2819 4583 2950 4648 fore,
2977 4582 3068 4651 qui
3107 4583 3348 4650 quamvis
3373 4584 3498 4638 mali
3538 4578 3667 4638 nihil
3689 4600 3874 4655 gesse-

615 4685 833 4745 propter
860 4675 997 4744 quod
1029 4690 1146 4730 eam
1191 4674 1276 4728 hal
1295 4689 1387 4730 eas
1438 4690 1541 4729 non
1574 4673 1769 4729 habere
1795 4691 1810 4738 ;
1859 4673 1942 4726 vel
1973 4688 2065 4727 cur
2103 4685 2189 4726 res
2215 4658 2269 4718 Β
2293 4672 2418 4738 rint,
2439 4687 2546 4726 non
2569 4670 2965 4727 fecerintomne
2979 4673 3120 4741 quod
3142 4674 3338 4728 bonum
3359 4683 3461 4739 est,
3482 4675 3665 4734 dicens
3689 4692 3702 4728 :
3730 4675 3877 4731 Tunc

616 4762 798 4821 mundi
829 4777 1172 4833 contemnas,
1205 4771 1246 4822 si
1274 4767 1560 4837 justitiam,
1595 4777 1810 4838 pr0pter
1840 4780 1994 4836 quam
2043 4763 2190 4834 pudi-

615 4857 793 4913 citiam
823 4870 874 4912 et
905 4859 1083 4913 mundi
1108 4867 1465 4928 contemptum
1499 4859 1695 4915 habere
1721 4867 1771 4915 te
1791 4857 2059 4922 convenit,
2082 4871 2190 4912 non

615 4951 927 5004 custodias?
974 4950 1105 5016 Quia
1137 4961 1193 5005 ut
1223 4953 1390 5021 prima
1421 4952 1624 5021 species
1654 4960 1871 5022 propter
1899 4951 2184 5006 secundam

616 5049 728 5105 est;
782 5043 846 5094 ita
893 5043 1058 5111 prima
1091 5053 1144 5098 et
1186 5044 1415 5098 secunda
1466 5051 1680 5113 propter
1712 5045 1919 5099 tertiam
1950 5059 1965 5098 :
1995 5057 2114 5112 qua:
2141 5041 2187 5097 si

615 5148 721 5187 non
747 5133 921 5200 fuerit,
955 5148 1054 5189 nec
1079 5137 1247 5204 prima
1279 5149 1376 5191 nec
1397 5136 1628 5191 secunda
1656 5138 1913 5206 proticiet.

685 5223 735 5279 εἰ.
785 5227 924 5282 Dicis
955 5225 1205 5294 forsitan,
1239 5227 1370 5282 doce
1405 5242 1532 5298 ergo
1557 5242 1642 5282 me
1673 5227 1798 5297 quid
1847 5229 1916 5283 sit
1937 5227 2181 5298 justitia;

614 5325 669 5368 ut
696 5332 810 5372 eam
835 5319 878 5373 si
907 5319 1246 5389 cognoverim
1291 5319 1494 5375 facilius
1534 5321 1754 5391 implere
1781 5320 2061 5378 sufficiam.
2095 5321 2186 5377 Di-

615 5422 729 5461 cam
763 5413 990 5466 breviter
1010 5423 1065 5466 ut
1094 5413 1267 5480 valeo,
1299 5421 1354 5467 et
1389 5413 1672 5469 verborum
1703 5424 1820 5469 utar
1848 5414 2186 5486 simplicitate

614 5503 973 5556 communium
1009 5521 1018 5554 :
1053 5505 1174 5572 quia
1220 5517 1380 5560 causa
1427 5505 1493 5559 de
1533 5520 1634 5575 qua
1680 5505 1885 5575 agimus
1933 5507 2053 5562 talis
2081 5516 2180 5575 cst,

614 5609 732 5661 quae
762 5594 1128 5652 discrtioribus
1171 5597 1428 5654 facundia:
1474 5600 1809 5655 sermonibus
1851 5614 2181 5670 nequaquam

613 5686 773 5740 debet
801 5689 1068 5742 obscurari
1096 5733 1108 5755 ,
1139 5690 1234 5746 sed
1273 5691 1682 5761 simplicioribus
1712 5692 2030 5761 eloquentia:
2059 5705 2179 5746 nar-

614 5777 904 5834 rationibus
936 5780 1093 5850 pandi
1138 5797 1152 5834 :
1194 5797 1279 5839 res
1319 5784 1458 5839 enim
1490 5784 1542 5838 in
1571 5797 1855 5840 commune
1884 5783 2183 5838 necessaria

614 5871 876 5926 communi
899 5873 1056 5930 debet
1080 5889 1328 5933 sermone
1350 5876 1652 5935 monstrari.
1687 5874 1892 5931 Justitia
1922 5889 2048 5947 ergo
2079 5889 2183 5932 non

2293 4764 2422 4816 dicet
2450 4763 2562 4817 Rea:
2593 4763 2671 4816 his
2697 4764 2783 4834 qui
2818 4764 2885 4817 ad
2908 4763 3166 4818 sinistram
3203 4775 3319 4819 sunt
3354 4780 3372 4821 :
3401 4763 3659 4820 Discedite
3697 4783 3731 4819 a
3768 4783 3875 4834 me,

2292 4855 2588 4920 maledicti,
2636 4856 2688 4907 iu
2715 4855 2881 4927 ignem
2900 4865 3179 4924 Meritum,
3210 4872 3353 4924 quem
3380 4857 3684 4927 prwparavit
3712 4856 3878 4915 Pater

2293 4964 2429 5004 meus
2473 4949 2674 5003 diabolo
2727 4958 2774 5002 et
2817 4949 3009 5020 angelis
3045 4953 3176 5020 ejus.
3238 4949 3442 5002 Esuritti
3479 4950 3644 5014 enim,
3685 4959 3731 5002 et
3767 4967 3879 5005 non

2273 5042 2499 5097 dedistis
2526 5041 2651 5096 mihi
2683 5043 3017 5106 manducare,
3049 5050 3151 5096 etc.
3195 5039 3404 5113 (Matth.
3437 5056 3561 5107 xxv,
3597 5043 3710 5108 41).
3752 5040 3876 5098 Non

2291 5135 2460 5190 dixit:
2485 5133 2752 5189 Discedite
2789 5149 2957 5198 a'me,
2999 5131 3308 5199 maledicti,
3334 5133 3457 5202 quia
3502 5132 3874 5199 homicidium,

2289 5230 2410 5297 quia
2438 5227 2778 5294 adulterium,
2823 5235 2912 5279 aut
2949 5227 3070 5295 quia
3112 5224 3248 5279 furta
3294 5225 3494 5281 fecistis
3532 5243 3545 5280 :
3577 5241 3684 5282 non
3725 5229 3875 5284 enim

2287 5321 2408 5391 quia
2441 5319 2634 5373 malum
2667 5317 2947 5380 fecissent;
2980 5315 3073 5371 sed
3101 5317 3224 5388 quia
3261 5317 3456 5373 bonum
3501 5334 3605 5372 non
3630 5318 3877 5378 fecerant

2287 5414 2709 5469 condemnantur
2747 5418 2800 5464 et
2847 5419 3060 5465 aeterna:
3105 5411 3362 5479 gehennae
3408 5412 3682 5482 suppliciis
3721 5415 3877 5471 addi-

2288 5515 2480 5561 cuntur
2515 5523 2529 5560 :
2561 5518 2659 5558 nec
2696 5501 2820 5570 quia
2863 5517 2980 5572 qua:
3020 5501 3284 5571 prohibita
3321 5510 3447 5556 sunt
3486 5502 3871 5571 admisissent;

2289 5599 2382 5656 sed
2405 5599 2524 5668 quia
2549 5611 2666 5666 qua:
2692 5602 2953 5665 praecepta
2992 5602 3145 5649 erant
3179 5593 3404 5664 implere
3442 5594 3683 5650 noluere.
3715 5595 3874 5651 Unde

2287 5693 2671 5751 advertendum
2710 5701 2828 5759 est,
2879 5705 3036 5760 quam
3092 5703 3240 5758 spem
3291 5688 3489 5744 habere
3537 5687 3740 5758 possint
3776 5691 3870 5758 qui

2290 5787 2460 5843 adhuc
2498 5785 2694 5855 aliquid
2735 5799 2917 5841 eorum
2952 5783 3152 5838 faciunt
3178 5796 3295 5851 qua:
3328 5782 3708 5853 prohibentur;
3740 5797 3868 5838 cum

2290 5883 2446 5938 etiam
2487 5879 2563 5936 rei
2605 5887 2725 5934 sunt
2750 5878 2836 5946 qui
2877 5890 2981 5932 non
3013 5875 3250 5932 fecerunt
3287 5875 3693 5947 qurejubentur.
3731 5873 3870 5932 Nolo
