4032 6454
175 381 234 441 ει
1171 374 1612 434 ΕΧΙΙΟΠΤΑΤΙΟ
1653 379 1742 435 AD
1781 379 2084 441 SPONSAM
2124 384 2405 445 CHRISTI.
2521 419 2532 434 ι
2762 400 2766 404 ’
3352 401 3422 458 82

172 492 314 548 enim
339 491 433 545 tibi
458 491 508 544 in
532 490 631 546 hoc
652 487 960 558 blandiaris,
988 490 1030 544 si
1054 491 1224 560 aliqua
1255 509 1356 546 non
1386 496 1598 558 feceris,
1622 499 1742 564 quia
1773 501 1820 556 Α
1849 499 1900 552 in
1931 515 2090 556 carne
2122 503 2360 571 placendi
2381 506 2555 562 studio
2583 515 2790 588 compte:
2815 521 2868 566 et
2891 522 3077 570 ornate
3099 516 3420 584 procedant;

174 585 346 652 aliqua
376 582 586 647 feceris,
635 597 752 636 cum
785 584 1040 652 scriptum
1065 595 1144 637 est
1176 603 1189 641 :
1221 584 1321 650 Qui
1362 586 1647 638 universam
1679 589 1750 639 Ie—

170 696 280 752 gein
323 677 593 734 servaverit
618 719 632 742 ,
666 676 889 744 o/fendat
914 672 1079 731 (intem
1110 678 1161 731 in
1189 693 1290 731 uno
1314 718 1330 743 ,
1361 681 1525 747 {actus
1553 687 1622 732 est
1650 695 1750 732 om-

173 772 314 824 nium
341 787 459 824 reus
487 768 626 838 (Jac.
657 785 714 834 ll,
745 767 854 839 10).
895 769 1065 824 Adam
1104 770 1244 824 cttim
1285 772 1449 825 semel
1489 772 1745 840 peccavit,

172 872 226 918 et
253 873 498 917 mortuus
525 872 607 916 est
635 881 646 913 :
673 872 725 916 et
758 871 813 916 tu
856 870 906 917 te
945 864 1124 917 vivere
1146 863 1418 916 exist’mas
1448 863 1573 918 illud
1605 879 1748 931 saepe

171 955 540 1019 committens,
572 955 712 1024 quod
745 954 902 1010 alium
925 954 1049 1008 dum
1080 955 1247 1010 semel
1271 964 1634 1024 pcrpetrasset
1666 969 1749 1008 uc-

166 1049 331 1104 cidit?
353 1050 436 1104 An
452 1049 652 1119 grande
675 1049 820 1102 illum
840 1047 1172 1102 commisisse
1191 1047 1393 1101 crimen
1417 1055 1590 1117 putas,
1609 1041 1748 1100 unde

168 1143 365 1198 merito
399 1154 556 1212 poena
603 1140 882 1195 damnatus
917 1139 986 1195 sit
1014 1139 1205 1194 acriori
1235 1140 1257 1192 ?
1314 1139 1592 1194 Videamus
1620 1152 1748 1208 ergo

166 1235 295 1304 quid
319 1235 505 1290 fecerit
524 1243 708 1289 contra
732 1233 1058 1288 mandatum.
1091 1232 1166 1288 De
1191 1231 1363 1287 fructu
1386 1232 1592 1287 arboris
1613 1230 1745 1288 edit.

165 1326 303 1395 Quid
323 1327 490 1397 ergo?
530 1327 754 1396 Propter
791 1326 996 1381 arboris
1039 1324 1268 1380 fructum
1304 1324 1444 1380 Deus
1477 1323 1747 1379 hominem

164 1429 340 1474 morte
371 1418 673 1473 mulctavit?
719 1418 832 1473 Non
875 1427 1092 1488 prOpter
1124 1418 1332 1474 arboris
1364 1417 1618 1483 fructum,
1651 1415 1746 1473 sed

166 1523 387 1582 propter
425 1513 658 1567 mandati
703 1524 1088 1583 contemptum.
1141 1514 1280 1584 Ergo
1325 1526 1431 1567 non
1467 1511 1640 1582 agitur
1678 1511 1747 1568 de

163 1605 425 1674 qualitate
452 1606 678 1676 peccati,
706 1606 800 1660 sed
832 1606 898 1660 de
931 1605 1354 1676 transgressione
1386 1603 1643 1659 mandati.
1677 1602 1746 1659 Et

162 1698 251 1764 qui
276 1696 413 1752 dixit
433 1697 591 1764 Adae,
622 1709 678 1752 ut
699 1697 766 1752 de
797 1696 1003 1752 arboris
1037 1696 1211 1751 fructu
1241 1710 1347 1751 non
1377 1695 1589 1761 ederet;
1632 1695 1744 1766 ipse

161 1789 255 1842 tibi
292 1789 546 1859 prmeepit
577 1797 634 1843 ut
667 1803 772 1842 non
805 1787 1119 1855 maledicas,
1155 1803 1262 1842 non
1307 1787 1610 1852 mentiaris,
1634 1801 1742 1841 non

1851 591 1894 646 si
1926 592 2100 662 aliqua
2140 609 2289 664 quae,
2329 605 2387 650 ut
2419 599 2644 665 assolet,
2678 601 2853 656 illicita
2885 615 3010 659 sunt
3043 605 3263 674 faciant,
3297 607 3425 678 quid

1851 684 2085 753 proderit
2113 686 2190 740 eis
2216 689 2488 759 sprevisse
2517 693 2655 761 quod
2687 693 2871 761 licuit,
2923 706 2977 750 et
3003 711 3256 754 exercere
3283 699 3424 769 quod

1851 793 1956 831 non
1988 779 2148 833 licet?
2187 780 2243 837 Si
2272 783 2354 836 vis
2383 783 2637 852 prodesse
2669 785 2758 841 tibi
2784 787 2927 857 quod
2955 788 3154 844 licitum
3186 801 3426 847 contem-

1852 871 2040 939 psisti;
2096 872 2217 927 vide
2261 889 2328 929 ne
2357 875 2482 942 quid
2522 891 2705 932 eorum
2751 894 2867 948 quae
2914 895 3020 935 non
3052 881 3210 937 licent
3238 881 3418 937 facias.

1849 960 2078 1016 Stultum
2109 964 2249 1019 enim
2280 975 2359 1021 est
2402 967 2640 1026 timuisse
2681 971 2821 1039 quod
2867 972 3044 1028 minus
3086 983 3204 1043 est,
3235 983 3422 1030 etnon

1852 1053 2039 1108 timere
2084 1056 2226 1124 quod
2275 1058 2444 1129 majus
2472 1071 2554 1117 est
2583 1079 2595 1114 :
2629 1073 2720 1118 aut
2748 1064 2816 1118 ab
2860 1064 2944 1120 bis
2974 1079 3076 1120 non
3120 1066 3272 1120 vitari
3302 1083 3423 1136 qua:

1849 1144 2242 1216 prohibentur,
2307 1152 2350 1205 si
2406 1153 2818 1225 subterfugerint
2865 1173 2984 1228 qua;
3035 1159 3420 1215 conceduntur.

1851 1237 1986 1294 Dicit
2033 1242 2174 1296 enim
2215 1243 2502 1311 Apostolus
2550 1263 2564 1300 :
2610 1245 2835 1318 Innupta
2862 1251 3044 1321 cegitat
3074 1267 3186 1319 qua:
3215 1250 3422 1305 Domini

1845 1342 1993 1399 sunt,
2025 1334 2276 1402 quomodo
2307 1336 2501 1404 placeat
2528 1337 2634 1392 Deo
2657 1379 2673 1405 ,
2720 1347 2774 1392 ut
2817 1340 2882 1395 sit
2922 1349 3097 1395 sancta
3137 1358 3346 1411 corpore
3374 1351 3424 1396 et

1846 1423 2046 1494 spiritu.
2081 1425 2209 1490 Qua
2244 1437 2416 1482 autem
2442 1439 2600 1500 nupta
2625 1440 2736 1496 est,
2773 1433 2956 1502 cogitat
2981 1448 3094 1502 quia
3121 1441 3238 1486 sunt
3267 1435 3421 1505 hujus

1847 1519 2052 1585 mundi,
2083 1520 2331 1589 quomodo
2358 1521 2553 1590 placeat
2576 1523 2682 1576 viro
2712 1523 2754 1590 (l
2784 1523 2899 1578 Cor.
2928 1540 3018 1590 vti,
3048 1523 3162 1595 54).
3195 1524 3418 1593 Nuptam

1847 1611 2060 1681 placere
2106 1611 2223 1667 viro
2273 1613 2504 1678 asserit,
2553 1614 2834 1684 cogitando
2875 1632 2994 1686 quae
3041 1617 3414 1674 mundisunt:

1846 1701 2120 1773 innuptam
2151 1717 2280 1760 vero
2308 1703 2419 1760 Deo
2440 1745 2454 1769 ,
2485 1719 2550 1760 eo
2579 1706 2722 1776 quod
2765 1707 2908 1760 nulla
2946 1722 3070 1762 cura
3107 1708 3180 1762 illi
3217 1707 3286 1762 sit
3320 1722 3419 1762 sa:-

1845 1793 1974 1849 culi.
2003 1794 2156 1852 Dicat
2173 1811 2302 1867 ergo
2330 1795 2460 1853 mihi
2480 1813 2598 1866 qua:
2625 1797 2794 1854 virum
2824 1815 2928 1854 non
2963 1799 3140 1865 habet,
3164 1811 3216 1855 et
3241 1809 3417 1854 tanien

160 1881 438 1948 detrahas,
461 1896 570 1937 non
595 1881 965 1938 detrahentem
1001 1879 1289 1945 auscultes,
1312 1889 1369 1933 ut
1395 1878 1612 1933 omnino
1633 1892 1738 1933 non
1768 1875 1819 1937 B
1844 1901 1964 1955 qua:
2008 1897 2133 1942 sunt
2184 1888 2368 1944 mundi
2415 1890 2652 1959 cogitat,
2705 1891 2788 1945 cui
2844 1890 3054 1959 placere
3098 1890 3364 1946 desiderat
3400 1893 3421 1942 ΐ

159 1972 330 2043 iures,
355 1983 412 2028 ut
437 1989 544 2029 non
566 1975 930 2044 concupiscas,
956 1989 1060 2029 non
1097 1973 1356 2039 invideas,
1383 1989 1487 2028 non
1508 1973 1583 2026 sis
1607 1972 1739 2040 tepi—

160 2064 284 2132 dus,
308 2080 416 2120 non
437 2068 513 2121 sis
532 2082 757 2131 avarus;
783 2077 838 2121 ut
860 2066 987 2121 nulli
1021 2066 1216 2121 malum
1242 2081 1338 2135 pro
1361 2066 1498 2119 malo
1526 2063 1739 2130 reddas,

161 2167 221 2214 ut
243 2159 490 2215 inimicos
517 2169 634 2215 tuos
653 2160 862 2230 diligas,
888 2170 942 2216 ut
973 2159 1412 2215 tnaledicentibus
1434 2154 1738 2226 be‘nedicas,

161 2261 218 2306 ut
261 2267 360 2322 pro
399 2252 875 2308 calumniatoribus
912 2261 967 2308 et
1014 2268 1110 2323 pro
1166 2251 1596 2323 persecutoribus
1637 2251 1743 2305 tuis

162 2360 310 2409 ores,
335 2356 392 2402 ut
412 2346 728 2416 percutienti
757 2347 1024 2402 maxillam
1049 2348 1274 2402 alteram
1301 2346 1544 2416 praebeas
1561 2386 1576 2410 ,
1608 2354 1664 2400 ut
1689 2345 1744 2399 in

161 2438 361 2510 judicio
383 2439 628 2495 smeulari
650 2455 753 2495 non
775 2439 970 2511 litiges,
994 2449 1052 2496 ut
1072 2441 1117 2495 si
1139 2442 1256 2510 quis
1287 2449 1375 2495 tua
1410 2439 1621 2495 auferre
1643 2454 1742 2493 vo.

163 2531 358 2600 luerit,
388 2541 662 2602 gratanter
685 2533 921 2600 amittas,
949 2543 1006 2588 ut
1036 2548 1133 2589 nec
1163 2528 1473 2598 iracundiis,
1497 2545 1596 2587 nec
1622 2530 1742 2597 zeli,

163 2639 265 2680 nec
301 2625 485 2680 livoris
521 2626 719 2682 malum
757 2625 892 2681 intra
927 2635 1113 2696 pectus
1152 2625 1432 2691 admittas,
1459 2623 1748 2679 utcrimcn

162 2717 407 2772 avaritiae
432 2717 633 2789 fugias,
665 2727 720 2773 ut
750 2719 923 2774 omnis
957 2719 1220 2789 superbiae
1250 2735 1313 2774 ac
1336 2718 1604 2789 iactantiae
1635 2733 1748 2773 ma-

163 2811 276 2866 lum
306 2825 527 2879 caveas,
554 2821 608 2866 et
636 2810 850 2866 humilis
888 2826 950 2866 ac
979 2811 1122 2866 mitis
1153 2810 1350 2867 Christi
1388 2807 1532 2867 v’ii'ias
1560 2816 1747 2868 exem-

162 2905 254 2974 plo
287 2923 304 2964 ;
344 2905 606 2960 malorum
646 2905 916 2959 consortia
950 2904 1002 2959 in
1045 2913 1247 2959 tantum
1289 2893 1494 2971 vittins,
1533 2911 1593 2959 ut
1625 2918 1748 2960 cum

164 2995 609 3061 fornicatoribus,
647 3005 739 3051 aut
767 2996 977 3064 avaris,
1015 3005 1108 3052 aut
1148 2985 1618 3065 maledicéniib’us,
1659 3003 1752 3050 aut

163 3087 381 3151 invidis,
409 3097 503 3141 aut
527 3085 936 3154 detractoribus,
961 3096 1053 3143 aut
1073 3087 1333 3154 ebriosis,
1357 3092 1448 3142 au‘t
1471 3087 1751 3158 rapacibus

164 3199 265 3241 nec
284 3183 467 3240 cibum
496 3185 695 3254 capias.
723 3183 892 3250 Quem
927 3183 972 3238 si
996 3185 1046 3238 in
1071 3183 1248 3254 aliquo
1268 3182 1680 3252 conteinpseris,
1703 3181 1751 3238 si

164 3275 409 3346 pepercit
426 3251 578 3341 Adae,
601 3284 785 3345 parcet
808 3284 864 3331 et.
883 3275 995 3331 tibi.
1021 3276 1130 3331 lmo
1151 3251 1226 3331 illi
1245 3275 1410 3347 magis
1426 3273 1749 3345 parc'enduin
1774 3251 1822 3315 (ἶ

164 3368 381 3436 fuerat,
414 3367 503 3437 qui
539 3367 712 3423 adhuc
749 3367 896 3423 rudis
932 3376 989 3424 at
1022 3368 1261 3423 novellus
1293 3376 1436 3434 erat,
1470 3378 1524 3422 et
1547 3367 1752 3424 nullius

119 3463 126 3470 '
165 3469 291 3514 ante
319 3460 588 3530 peccantis
613 3471 668 3514 et
708 3470 925 3529 pr0pter
964 3453 1239 3528 pe'ccatum
1279 3475 1432 3514 suum
1475 3459 1753 3516 morientis

165 3551 547 3608 retrahebatur
581 3552 828 3624 exemplo
869 3549 894 3609 ἕ
931 3553 1025 3608 tibi
1075 3568 1202 3608 vero
1245 3563 1364 3622 post
1399 3561 1542 3608 tanta
1584 3551 1753 3609 docu-

93 3635 100 3640 ’
167 3657 378 3710 metue,
416 3652 536 3713 post
569 3644 762 3715 legem,
795 3655 913 3714 post
949 3633 1270 3714 Pro'pbeta's,
1306 3654 1424 3715 post
1446 3633 1752 3716 Eirangelia,

164 3747 293 3808 post
323 3738 606 3807 Apostolos
638 3778 652 3805 ,
695 3737 742 3792 si
784 3737 1097 3808 delinquere
1155 3737 1388 3794 volueris
1430 3756 1442 3792 :
1488 3737 1754 3810 quomodo

165 3832 450 3902 indulgere
484 3832 652 3900 possit
682 3831 891 3900 ignoro.

241 3924 296 3978 7.
339 3923 423 3976 An
463 3922 554 3976 tibi
606 3921 672 3976 de
710 3923 1028 3993 virginitatis
1067 3923 1414 3993 praerogativa
1453 3922 1754 3980 blandiris?

167 4025 445 4072 memento
466 4015 633 4072 Adam
655 4027 708 4073 et
735 4015 894 4072 Evam
918 4017 1148 4089 virgines
1168 4016 1478 4087 deliquisse,
1501 4033 1598 4074 nec
1619 4017 1756 4075 inte-

169 4111 422 4179 gritatem
462 4109 701 4178 corporis
735 4107 998 4179 profuisse
1035 4109 1394 4179 peccantibus.
1434 4111 1598 4179 Virgo
1634 4113 1755 4183 qua:

172 4209 384 4270 peccat,
425 4200 571 4270 Evae,
604 4217 712 4256 non
746 4200 926 4256 Maria:
945 4204 1303 4272 comparanda
1324 4211 1422 4257 est.
1447 4204 1563 4258 Non
1593 4217 1755 4275 nega-

173 4306 294 4346 mus
317 4293 369 4346 in
395 4295 642 4360 prmsenti
669 4303 908 4363 tempore
935 4294 1264 4364 poenitentia:
1295 4294 1616 4362 remedium;
1659 4296 1755 4352 sed

174 4383 458 4438 hortamur
513 4386 680 4454 magis
736 4387 1008 4455 praemium
1064 4402 1282 4457 sperare
1338 4389 1534 4444 debere
1596 4404 1753 4458 quam

173 4476 407 4530 veniam.
477 4474 656 4545 Turpe
700 4484 783 4530 cst
820 4477 962 4532 enim
1006 4477 1110 4532 illis
1155 4477 1333 4534 delicti
1375 4480 1754 4550 indulgentiam

177 4569 482 4636 postulare,
521 4584 638 4638 qua:
673 4569 899 4637 palmam
938 4571 1252 4641 virginitatis
1299 4582 1650 4644 exspectant;
1702 4584 1757 4631 et

180 4662 415 4718 illicitum
452 4662 649 4730 aliquid
681 4663 971 4731 incurrere,
1001 4679 1120 4736 qua:
1143 4679 1202 4720 se
1225 4666 1388 4721 etiam
1417 4683 1446 4722 a
1477 4668 1637 4724 licitis
1663 4683 1756 4723 ca-

178 4761 431 4810 straverc.
486 4754 712 4810 Licitum
750 4757 945 4826 quippe
977 4765 1060 4810 est
1096 4759 1415 4813 matrimonii
1456 4759 1591 4814 inire
1622 4773 1753 4816 con-

179 4846 419 4902 sortium.
454 4845 522 4900 Et
557 4854 614 4901 ut
650 4845 929 4906 laudanda:
962 4857 1111 4915 sunt,
1147 4863 1266 4918 qua:
1307 4858 1526 4919 propter
1557 4849 1757 4908 Christi

177 4954 412 4994 antorem
443 4947 500 4995 et
537 4939 773 4994 caelestis
805 4940 954 5009 regni
991 4940 1214 5010 gloriam
1251 4943 1494 5012 c0pulam
1521 4952 1758 4998 contem-

179 5032 380 5098 pserint
427 5033 765 5100 nuptiarum;
814 5033 886 5087 ita
924 5032 1239 5090 damnandze
1283 5051 1386 5091 non
1432 5045 1594 5102 sunt,
1640 5052 1758 5106 quae

179 5133 396 5194 propter
425 5123 744 5179 innocentia:
781 5125 1106 5180 voluntatem
1139 5126 1371 5182 nondum
1417 5129 1526 5183 Deo
1554 5130 1760 5185 devota:

180 5215 419 5271 remedio
441 5216 731 5284 apostolico
759 5217 1066 5272 abutuntur.
1100 5217 1258 5288 Ergo,
1286 5227 1343 5272 ut
1364 5219 1613 5286 diximus,
1645 5238 1762 5291 qua:

182 5311 444 5363 connubia
469 5309 719 5364 deserunt
743 5350 759 5376 ,
792 5325 896 5364 non
933 5309 1115 5365 illicita
1142 5351 1157 5375 ,
1185 5311 1280 5367 sed
1308 5311 1450 5366 licita
1481 5323 1758 5379 Spernunt.

186 5400 460 5471 Eiusmodi
500 5413 676 5459 autem
718 5404 765 5460 si
789 5403 968 5474 jurent
990 5447 1006 5474 ,
1038 5405 1084 5461 si
1122 5406 1442 5461 maledicant
1465 5448 1478 5472 ,
1512 5407 1555 5461 si
1586 5407 1761 5461 detra-

188 5494 309 5548 hant
332 5537 347 5559 ,
379 5496 425 5549 si
453 5495 793 5552 detrahentes
819 5498 1084 5566 patiantur
1111 5498 1297 5554 audire
1319 5539 1334 5564 ,
1365 5499 1409 5552 si
1437 5499 1632 5553 malum
1669 5515 1763 5566 pro

188 5591 325 5644 malo
352 5589 617 5656 reddant,
663 5592 705 5644 si
739 5590 1042 5660 cupiditatis
1071 5591 1123 5645 in
1147 5591 1336 5646 alienis
1361 5633 1376 5658 ,
1408 5600 1499 5645 aut
1528 5592 1763 5646 avaritia:

192 5681 240 5734 in
284 5681 518 5751 propriis
549 5683 749 5738 crimen
798 5684 1070 5738 incurrant
1094 5723 1108 5750 ,
1139 5683 1182 5738 si
1211 5683 1312 5738 zeli
1341 5694 1429 5738 aut
1462 5683 1642 5739 livoris
1670 5699 1763 5738 ve-

193 5785 323 5826 nena
354 5771 681 5841 possideant,
710 5772 753 5827 si
779 5784 960 5829 contra
992 5773 1179 5843 Iegalia
1207 5781 1263 5830 et
1289 5774 1582 5843 apostolica
1609 5775 1763 5830 inati-

196 5871 297 5916 tuta
333 5863 586 5922 indecens
623 5864 819 5933 aliquid
847 5875 940 5922 aut
979 5865 1260 5934 loquantur
1291 5875 1382 5925 aut
1407 5867 1680 5938 cogitent;
1720 5869 1768 5929 si

1844 1975 2031 2033 Nonne
2070 1978 2287 2050 incipiet
2325 1979 2403 2035 illi
2443 1990 2605 2050 nupta
2646 1982 2926 2050 praeponi?
2982 1981 3104 2050 quia
3146 1981 3238 2035 illa
3279 1982 3422 2050 cogi-

1846 2070 2008 2126 tando
2045 2087 2162 2142 qua:
2202 2073 2385 2128 mundi
2424 2083 2570 2141 sunt,
2603 2075 2900 2145 cumplacet
2941 2075 3026 2129 vel
3068 2074 3259 2129 marito
3286 2093 3297 2129 :
3324 2076 3420 2128 ista

1845 2179 1974 2221 vero
2010 2182 2117 2222 non
2156 2166 2366 2236 marito,
2412 2182 2568 2240 quem
2608 2184 2714 2225 non
2755 2168 2932 2234 habet,
2974 2177 3146 2239 potest
3188 2167 3416 2238 placere,

1846 2273 1946 2314 nec
1970 2259 2100 2315 Deo.

1915 2351 1972 2406 8.
2007 2351 2114 2408 Sed
2153 2366 2253 2408 nec
2293 2351 2422 2410 illud
2458 2353 2674 2409 silentio
2705 2353 2982 2423 praeterire
3011 2365 3110 2407 nos
3137 2350 3420 2414 convenit,

1845 2442 1988 2512 quod
2015 2442 2185 2498 dixit:
2229 2443 2461 2514 Innupta
2495 2445 2686 2516 cogitat
2714 2460 2827 2514 qua:
2850 2443 3060 2498 Domini
3098 2451 3246 2508 sunt,
3289 2457 3420 2510 quo-

1847 2536 2000 2590 modo
2040 2535 2236 2605 placeat
2276 2536 2416 2603 Deo,
2465 2545 2521 2590 ut
2561 2538 2626 2590 sit
2665 2546 2844 2591 sancta
2888 2551 3098 2607 corpore
3145 2545 3191 2589 et
3240 2535 3422 2605 spiritu

1852 2625 1897 2696 (Ι
1923 2625 2042 2681 Car.
2073 2643 2164 2693 vn,
2194 2627 2304 2698 54).
2357 2627 2488 2694 Qua:
2515 2628 2641 2682 sunt
2679 2642 2808 2698 ergo
2836 2627 3070 2694 Domini,
3101 2626 3243 2681 dicat
3279 2626 3423 2694 Apo-

1849 2717 2056 2773 stolus:
2109 2717 2433 2788 Quazcunque
2476 2727 2595 2772 sunt
2636 2728 2844 2782 sancta,
2900 2733 3207 2788 quacunque
3244 2720 3419 2788 justa,

1848 2824 2159 2880 quaecunque
2197 2809 2464 2875 amabilia,
2509 2825 2819 2880 quwcuuque
2846 2809 2988 2864 bona:
3016 2811 3184 2880 [autem
3233 2808 3295 2863 Si
3322 2822 3424 2877 qua

1851 2900 2030 2966 uirtus,
2057 2903 2101 2956 si
2139 2917 2238 2971 qua
2279 2903 2391 2955 laus
2417 2902 2700 2971 disciplina:
2725 2900 2992 2973 (f’sal.1v,
3024 2900 3102 2970 8).
3156 2899 3257 2953 Ista
3299 2907 3426 2952 sunt

1853 2991 2084 3058 Domini,
2115 3007 2234 3062 quae
2261 3001 2456 3047 sancta:
2485 2999 2541 3047 et
2568 3007 2732 3059 verm,
2781 2999 2836 3047 et
2862 2990 3166 3060 apostolicae
3192 2988 3424 3056 virgines

1853 3085 1941 3142 die
1962 3095 2228 3156 noctuque
2250 3086 2366 3142 sine
2387 3077 2497 3140 ullo
2521 3085 2774 3156 temporis
2797 3084 3079 3140 intervallo
3101 3082 3426 3138 meditantur

1853 3187 1908 3233 et
1935 3177 2186 3248 cogitant.
2236 3177 2446 3234 Domini
2483 3187 2566 3234 est
2605 3193 2826 3248 regnum
2868 3177 3164 3240 caelorum;
3215 3173 3426 3228 Domini

1854 3281 1939 3328 est
1979 3271 2301 3328 resurrectio
2331 3281 2703 3336 mortuorum;
2740 3270 2964 3325 Domini
3012 3267 3421 3331 immortalitas;

1856 3367 2187 3437 incorruptio
2220 3366 2429 3422 Domini
2471 3379 2592 3432 eSt;
2641 3365 2894 3436 splendor
2935 3363 3060 3419 solis
3100 3363 3188 3433 qui
3229 3360 3426 3416 sanctis

1855 3461 2185 3530 promittitur
2215 3459 2422 3514 Domini
2452 3469 2563 3528 est,
2607 3459 2745 3515 sicut
2774 3459 2826 3514 in
2854 3457 3144 3528 Evangelia
3169 3457 3427 3526 scripturn

1856 3561 1975 3609 est:
2023 3552 2164 3606 Tunc
2203 3553 2328 3620 iusti
2374 3550 2638 3624 fulgebunt
2681 3551 2811 3606 sicut
2852 3551 2930 3605 sol
2969 3551 3023 3603 in
3069 3565 3228 3620 regno
3269 3548 3430 3618 patris

1858 3661 2034 3701 eorum
2063 3644 2276 3714 (Matth.
2301 3643 2441 3714 xm).
2493 3643 2702 3700 Domini
2739 3652 2866 3699 sunt
2900 3643 3082 3715 plures
3122 3649 3428 3697 sanctorum

1858 3737 1911 3793 in
1936 3735 2246 3792 caelestibus
2272 3736 2609 3799 mansiones;
2658 3734 2870 3790 Domini
2909 3743 2992 3790 est
3031 3733 3236 3789 fructus
3267 3733 3430 3786 trice-

1857 3829 2024 3885 simus
2065 3837 2120 3884 et
2157 3829 2516 3899 sexagesimus
2544 3831 2702 3898 atque
2728 3826 3071 3883 centesimus.
3121 3825 3243 3881 llaec
3281 3823 3430 3893 cogi-

1857 3929 1992 3988 tant,
2025 3931 2079 3978 et
2106 3921 2297 3992 quibus
2325 3919 2530 3992 possint
2570 3918 2824 3989 operibus
2860 3919 3151 3990 promereri
3182 3932 3301 3988 quae
3329 3916 3432 3970 Do-

1858 4015 1989 4071 mini
2029 4025 2152 4071 sunt
2186 4015 2444 4084 cogitant.
2499 4007 2708 4068 Domini
2747 4021 2829 4068 est
2867 4013 3025 4068 etiam
3067 4011 3152 4066 lex
3202 4009 3334 4064 Novi
3377 4019 3433 4064 et

1860 4107 2068 4163 Veteris
2087 4106 2436 4174 Testamenti,
2457 4105 2510 4160 iii
2532 4105 2726 4176 quibus
2745 4105 2855 4160 oris
2879 4104 2994 4174 eius
3017 4103 3221 4173 eloquia
3249 4111 3433 4157 sancta

1859 4200 2151 4270 refulgent;
2202 4215 2321 4271 quae
2367 4201 2411 4254 si
2457 4215 2578 4270 qua:
2608 4198 2840 4270 virgines
2879 4197 2996 4253 sine
3037 4195 3434 4252 intermissione

1859 4292 2203 4360 meditantur,
2230 4307 2348 4362 quae
2375 4291 2586 4347 Domini
2612 4299 2736 4346 sunt
2759 4289 3023 4360 cogitant;
3059 4295 3114 4344 et
3137 4287 3435 4357 completur

1860 4389 1912 4441 in
1944 4387 2022 4442 eis
2049 4386 2176 4441 illud
2209 4385 2618 4456 propheticum:
2655 4382 3013 4438 Fundamenta
3053 4392 3242 4438 (eterna
3282 4396 3436 4451 super

1861 4487 2057 4548 petram
2078 4478 2336 4532 solidam:
2366 4486 2415 4531 et
2443 4476 2689 4532 mandata
2713 4471 2921 4529 Damiui
2951 4476 3004 4529 in
3033 4475 3185 4529 corde
3210 4472 3436 4527 mulieris

1861 4581 2050 4625 sancta:
2067 4569 2289 4642 (Eccles.
2315 4586 2464 4636 xxvi,
2487 4568 2603 4641 24).
2637 4567 2919 4637 Sequitur:
2947 4567 3215 4633 Quomodo
3241 4565 3440 4637 placeat

1786 4628 1838 4688 D
1864 4666 1993 4720 Deo.
2043 4628 2184 4733 Deo,
2229 4628 2475 4735 inquam,
2520 4628 2624 4718 non
2658 4628 3004 4717 hominibus:
3055 4659 3122 4714 Ut
3159 4628 3440 4715 sit'sancta

1864 4774 2076 4830 corpore
2103 4766 2151 4812 et
2178 4757 2364 4825 spiritu
2393 4757 2448 4828 (I
2477 4755 2596 4811 Cor.
2627 4771 2721 4820 vn,
2749 4753 2864 4825 54).
2916 4752 3030 4808 Νοη
3062 4753 3223 4817 dixit,
3270 4760 3330 4806 ut
3369 4751 3440 4805 sit

1865 4859 2053 4908 saneta“
2073 4849 2313 4906 membro
2338 4859 2424 4903 aut
2454 4862 2678 4918 corpore
2701 4857 2933 4911 tantum;
2961 4844 3077 4913 sed,
3102 4853 3156 4898 ut
3181 4845 3244 4898 sit
3265 4853 3440 4898 sancla

1865 4956 2076 5011 corpore
2103 4950 2147 4994 et
2178 4940 2379 5010 spiritu.
2427 4937 2721 4993 Membrum
2749 4936 2891 4992 enim
2918 4950 3024 4990 una
3048 4934 3289 5004 corporis
3314 4946 3438 5003 pars

1866 5042 1949 5088 est
1973 5051 1987 5087 :
2016 5047 2206 5101 corpus
2228 5046 2356 5087 vero
2377 5030 2612 5084 omnium
2636 5043 2893 5098 compago
2933 5027 3292 5083 membrorum
3332 5032 3436 5078 est.

1863 5127 1996 5182 Cum
2025 5141 2151 5197 ergo
2180 5125 2307 5181 dicit
2337 5143 2348 5177 :
2396 5133 2450 5178 ut
2493 5124 2557 5178 sit
2598 5131 2775 5178 sancta
2812 5136 3053 5192 corpore,
3096 5135 3160 5174 ex
3192 5115 3438 5172 omnibus

1865 5221 2120 5277 membris
2145 5235 2261 5273 eam
2290 5217 2610 5273 sanctificari
2636 5216 2834 5270 debere
2868 5224 3106 5270 testatur.
3156 5210 3288 5278 Quia
3331 5223 3439 5262 non

1867 5313 2104 5383 proderit
2128 5320 2444 5366 ceterorum
2477 5307 2830 5363 sanctificatio
2858 5303 3252 5366 membrorum,
3289 5299 3334 5353 si
3360 5299 3442 5353 in-

1866 5404 2107 5456 veniatur
2131 5402 2214 5456 vel
2246 5403 2297 5454 in
2328 5415 2433 5454 uno
2458 5399 2748 5468 corruptio.
2787 5397 2850 5451 Et
2870 5396 2978 5465 jam
3004 5407 3108 5448 non
3132 5392 3233 5446 erit
3256 5401 3439 5446 saneta

1871 5508 2115 5561 corpore,
2145 5492 2287 5563 quod
2315 5507 2380 5547 ex
2407 5493 2654 5547 omnibus
2681 5497 2891 5544 constat
2920 5484 3196 5555 membris,
3218 5501 3336 5557 quae
3359 5483 3442 5540 vel

1872 5588 2030 5642 unius
2057 5587 2214 5642 fuerit
2242 5585 2674 5656 coinquinatione
2701 5581 2923 5652 polluta.

1943 5681 1995 5736 9.
2037 5680 2142 5737 Sed
2179 5691 2236 5735 ut
2264 5681 2405 5751 quod
2432 5679 2554 5734 dico
2582 5673 2916 5732 manifestius
2956 5681 3013 5729 et
3052 5672 3278 5728 lucidius
3317 5671 3438 5733 flat;

1875 5785 2014 5843 esto,
2056 5778 2126 5831 sit
2168 5789 2498 5844 quaecunque
2541 5769 2776 5824 omnium
2816 5767 3174 5824 membrorum
3205 5762 3441 5818 sanctiﬁ-

1876 5871 2086 5926 catione
2116 5879 2363 5940 lurgata,
2410 5879 2463 5924 ct
2492 5867 2665 5936 lingua
2699 5863 3060 5936 tantummodo
3089 5870 3301 5933 peccet.
3341 5873 3442 5927 qua

2434 6024 2480 6033 ἣν
