4032 6468
575 305 642 363 ss
1444 309 1452 318 κ
1874 287 2212 348 Αυετοιιιε
2251 288 2556 346 ΑΝοΝγιιι
3763 288 3834 355 ει

575 422 663 468 aut
687 412 1034 482 blasphemet,
1063 417 1152 466 aut
1180 409 1370 465 falsum
1400 403 1762 462 testimonium
1791 401 1961 462 dicat;
2014 415 2147 453 nun-
2175 403 2227 459 Α
2254 399 2376 452 dum
2410 404 2533 467 sint,
2565 400 2624 454 ad
2660 401 2888 454 dandum
2919 411 3094 456 autem
3126 403 3383 466 collectae,
3414 416 3509 456 nec
3539 403 3603 456 ad
3632 402 3834 457 ferien-

577 504 702 574 guid
745 503 1042 559 liberabunt
1071 502 1248 556 omnia
1295 498 1534 555 membra
1579 494 1787 549 unum?
1835 507 1900 546 an
1935 499 2150 561 propter

579 609 738 652 unum
764 595 1144 666 iudicabuntur
1171 602 1224 649 et
1248 591 1486 648 caetera?
1536 589 1677 659 Ergo
1712 588 1754 641 si
1794 600 1890 640 nec
1925 584 2149 639 aliorum

579 689 940 746 membrorum
970 687 1322 743 sanctificatio
1353 684 1614 754 proderit,
1663 696 1782 736 cum
1835 682 1886 734 in
1935 692 2040 731 uno
2086 676 2156 730 sit

577 782 795 847 .vitium;
839 791 1038 852 quanto
1077 781 1245 850 magis
1272 780 1317 834 si
1349 779 1684 834 diversorum
1713 773 1914 843 ﬂagitio
1953 785 2154 838 pecca—

583 884 754 932 torum
802 875 980 930 omnia
1028 883 1474 943 corrumpantur,
1527 870 1684 925 unius
1735 867 1865 921 nihil
1919 861 2157 934 proderit

583 967 904 1036 integritas?
954 966 1106 1023 Unde
1131 981 1314 1037 quaeso
1345 974 1417 1034 te,
1448 963 1616 1033 virgo,
1647 975 1818 1031 neque
1845 960 1896 1014 in
1926 958 2036 1012 sola
2065 954 2159 1010 tibi

585 1058 830 1126 pudicitia
860 1059 1183 1123 blandiaris,
1232 1071 1298 1112 ne
1327 1057 1382 1111 in
1413 1055 1567 1110 unius
1599 1051 1824 1109 membri
1856 1048 2160 1119 integritate

585 1149 851 1208 confidas:
875 1149 969 1205 sed
992 1149 1285 1204 secundum
1309 1148 1620 1218 Apostolum
1644 1145 1739 1200 soli
1768 1145 1878 1200 Deo
1903 1154 2160 1197 conserva

586 1244 827 1311 corporis
865 1246 1220 1298 sanctitatem.
1275 1241 1465 1296 Munda
1494 1241 1559 1294 ab
1584 1238 1730 1295 omni
1763 1237 2162 1306 inqttiuatttento

587 1343 784 1402 caput:
831 1335 952 1404 quia
980 1337 1182 1392 crimen
1213 1346 1294 1391 est
1325 1334 1454 1389 illud
1485 1343 1603 1402 post
1631 1330 1936 1385 chrismatis
1967 1326 2165 1381 sancti-

588 1423 911 1493 Icationem,
934 1433 1025 1479 aut
1049 1426 1211 1493 croci,
1237 1435 1327 1480 aut
1351 1425 1568 1480 alterius
1588 1421 1873 1492 cujuslibet
1902 1416 2163 1489 pigmenti

591 1513 711 1570 fuco
751 1515 832 1569 vel
882 1515 1105 1584 pulvere
1152 1516 1449 1580 sordidari;
1501 1524 1593 1569 aut
1640 1527 1769 1568 auro
1813 1511 1895 1565 vel
1943 1509 2167 1580 gemmis

592 1606 954 1679 cujuscunque
1006 1617 1232 1665 terrente
1268 1608 1466 1680 speciei
1496 1606 1674 1662 comi:
1721 1603 1862 1675 quod
1899 1602 2005 1672 jam
2053 1615 2166 1656 caa-

591 1698 740 1756 lestis
788 1712 1010 1758 ornatus
1055 1703 1343 1772 splendore
1392 1699 1639 1772 refulget.
1694 1697 1922 1755 Grandis
1973 1695 2169 1766 quippe

592 1789 784 1848 divina:
812 1795 994 1864 gratias
1023 1793 1344 1848 contumelia
1382 1802 1464 1848 est
1505 1791 1758 1847 mundani
1803 1797 1858 1846 et
1896 1786 2169 1843 saecularis

594 1885 896 1940 ornamenti
928 1885 1190 1954 praelatio.
1225 1885 1415 1940 Munda
1443 1884 1692 1949 frontem,
1725 1895 1780 1938 ut
1809 1881 2038 1936 humana
2066 1895 2170 1934 non

597 1973 779 2030 divina
809 1990 969 2044 opera
1000 1975 1309 2041 erubescat,
1359 1987 1412 2032 et
1455 1978 1598 2032 illam
1629 1975 2000 2032 confusionem
2034 1974 2171 2027 reci-

596 2064 734 2134 piat,
783 2081 903 2135 qua:
943 2082 1049 2121 non
1096 2077 1408 2136 peccatum,
1461 2068 1554 2124 sed
1598 2069 1690 2124 Dei
1732 2068 1957 2135 gloriam
2002 2064 2171 2135 parit,

597 2155 868 2226 Scriptura
900 2158 1150 2218 dicente:
1191 2160 1282 2215 Est
1311 2161 1543 2232 confusio
1573 2162 1830 2215 adducens
1872 2166 2129 2229 peccatum
2154 2171 2173 2210 :

599 2255 643 2300 et
671 2257 743 2301 est
766 2248 996 2318 confusio
1022 2251 1283 2306 adducens
1305 2251 1519 2323 gloriam
1539 2250 1725 2320 (Eccli.
1747 2267 1816 2316 tv,
1840 2249 1953 2319 25).
1984 2249 2172 2304 Munda

605 2339 832 2410 collum,
885 2352 942 2396 ut
987 2357 1095 2396 non
1140 2357 1300 2398 aurea
1348 2343 1568 2398 reticula
1607 2342 1828 2412 capillus
1858 2351 2072 2412 portet,
2121 2352 2173 2397 et

600 2445 858 2502 suspensa
889 2433 1125 2498 monilia,
1157 2434 1250 2488 sed
1290 2433 1375 2488 illa
1405 2435 1581 2502 potius
1609 2442 1922 2488 ornamenta
1948 2434 2176 2488 circum.-

601 2520 755 2590 ferat,
781 2523 849 2578 de
877 2523 1068 2593 quibus
1093 2524 1363 2594 Scriptura
1391 2525 1516 2580 dicit
1542 2543 1552 2577 :
1591 2526 1946 2579 Misericordia
1973 2537 2019 2580 et
2046 2527 2174 2594 ﬁdes

600 2629 700 2667 non
729 2614 970 2682 deﬁciunt
1001 2632 1031 2669 α
1058 2626 1134 2680 te,
1173 2617 1423 2684 suspende
1449 2627 1619 2670 autem
1653 2617 1746 2670 illa
1783 2617 1834 2668 in
1864 2618 2013 2669 cora’e
2040 2616 2175 2670 velut

599 2703 654 2756 in
683 2685 816 2758 co'llo
841 2713 928 2758 tuo
951 2703 1130 2780 (Ιζνου.
1156 2722 1232 2774 ιιι,
1257 2705 1370 2776 l5).
1403 2706 1592 2762 Munda
1613 2706 1818 2771 oculos,
1842 2705 1967 2760 dum
1994 2721 2086 2760 eos
2108 2708 2174 2762 ab

553 2845 560 2849 _
603 2796 747 2850 omni
775 2798 1205 2866 concupiscentia
1231 2798 1482 2864 retrahis,
1505 2809 1556 2853 et
1577 2799 1645 2853 ab
1668 2797 1857 2853 intuitu
1883 2811 2176 2867 pauperum

601 2899 870 2955 nunquam
921 2890 1148 2957 avertis,
1194 2900 1246 2944 et
1289 2889 1356 2946 ab
1391 2890 1642 2945 omnibus
1683 2889 1824 2946 fucis
1870 2889 2067 2946 liberos
2111 2903 2175 2946 ea

601 2988 718 3043 quae
762 2988 792 3029 a
836 2977 943 3032 Deo
986 2979 1108 3034 facti
1139 2991 1264 3036 sunt
1304 2981 1613 3036 sinceritate
1638 2980 1928 3036 custodias.
1981 2981 2173 3037 Munda

602 3065 832 3135 linguam
865 3084 895 3122 a
922 3071 1238 3127 mendacio:
1271 3073 1415 3142 quia,
1456 3088 1510 3126 os
1545 3073 1681 3143 quod
1712 3075 1953 3128 mentitur
1991 3073 2174 3127 occidit

601 3157 823 3211 animum
850 3159 1007 3228 (Sap.
1033 3177 1074 3230 ι,
1102 3162 1214 3230 Η).
1267 3135 1458 3219 blanda
1501 3135 1618 3220 eam
1663 3180 1692 3218 a
1739 3167 2099 3234 detractione,
2145 3181 2175 3220 a
2202 3135 2251 3200 ο

602 3244 921 3314 iuramento,
953 3249 1020 3304 ab
1048 3250 1377 3318 adulatione,
1422 3269 1449 3306 a
1487 3255 1743 3324 perjurio.
1796 3256 1932 3310 Nolo
1962 3271 2174 3326 praepo-

602 3344 801 3392 sterum
850 3339 1094 3396 ordinem
1149 3352 1334 3411 putes,
1385 3345 1527 3413 quod
1580 3345 1726 3414 prius
1773 3362 1802 3400 a
1848 3347 2172 3417 jurameuto,

602 3441 758 3496 quam
789 3444 816 3482 a
847 3431 1079 3501 perjurio
1109 3434 1340 3502 linguam
1367 3436 1477 3490 dixi
1508 3436 1705 3494 debere
1730 3439 1976 3493 mundari
2003 3456 2015 3492 :
2052 3441 2176 3510 quia

605 3528 731 3573 tunc
761 3523 1050 3589 perjnrium
1081 3523 1290 3581 facilius
1317 3525 1557 3597 effugies,
1583 3530 1626 3582 si
1658 3529 1708 3582 in
1741 3538 1850 3592 toto
1874 3545 1977 3585 non
2002 3531 2174 3599 jures.

603 3607 886 3677 ltnpleatur
918 3614 969 3668 in
1013 3625 1063 3671 te
1105 3617 1192 3670 illa
1230 3620 1528 3676 sententia:
1563 3619 1750 3675 Cohibe
1780 3622 2004 3692 linguam
2033 3633 2177 3677 tuam

603 3717 634 3754 a
657 3704 810 3770 malo,
840 3714 885 3759 et
913 3705 1048 3761 labia
1075 3717 1162 3762 tua
1191 3726 1250 3764 ne
1277 3710 1550 3782 loquantur
1572 3713 1751 3768 dolum
1771 3714 1945 3784 (Psal.
1968 3718 2175 3787 XXXIII).

604 3793 670 3847 Et
701 3810 906 3852 memor
934 3812 1050 3855 esto
1078 3801 1305 3859 dicentis
1335 3807 1576 3874 Apostoii
1604 3825 1617 3860 :
1651 3807 1960 3874 Benedicite,
2007 3820 2051 3863 et
2087 3828 2178 3864 no-

603 3885 691 3940 lite
736 3889 1036 3946 maledicere
1083 3892 1259 3956 (Rom.
1302 3911 1396 3964 xu,
1446 3899 1556 3968 ii).
1611 3899 1715 3954 Sed
1761 3900 1890 3955 illud
1937 3902 2176 3957 crebrius

604 3979 886 4036 recordare
911 3999 924 4036 :
960 3981 1135 4037 Videte
1161 4001 1222 4039 ne
1243 3988 1357 4055 quis
1388 3991 1580 4042 malum
1609 4007 1701 4060 pro
1730 3994 1858 4046 bono
1886 3993 2040 4046 alicui
2061 3997 2178 4046 red-

604 4067 710 4135 dat,
745 4086 904 4143 neque
930 4076 1255 4131 maledictum
1275 4095 1368 4148 pro
1409 4079 1708 4148 maledicto;
1747 4085 1836 4138 sed
1891 4089 2175 4140 econtrario

603 4162 946 4222 benedicentes
965 4185 984 4222 .'
1009 4171 1129 4237 quia
1154 4172 1206 4224 in
1234 4171 1329 4227 hoc
1357 4176 1519 4229 vocati
1543 4178 1678 4243 estis,
1707 4189 1758 4232 ut
1783 4179 2177 4234 benedictionem

602 4251 895 4313 haereditate
921 4261 1222 4329 possideatis
1243 4265 1286 4334 (ι
1310 4263 1448 4320 Petr.
1478 4283 1554 4332 ιιι,
1581 4266 1667 4337 9);
1700 4278 1757 4324 et
1783 4269 1946 4326 illud:
1979 4271 2039 4326 Si
2064 4273 2179 4342 quis

602 4355 768 4404 autem
804 4350 857 4402 in
895 4351 1066 4420 lingua
1101 4371 1203 4409 non
1240 4355 1482 4427 o/fendit,
1526 4361 1607 4414 hic
1649 4363 1897 4430 perfectus
1933 4375 2007 4418 est
2033 4363 2173 4435 (Jac.

603 4447 684 4499 ut,
711 4435 789 4505 2).
829 4437 988 4498 Nefas
1017 4453 1098 4498 est
1127 4449 1274 4499 enim
1299 4458 1352 4500 ut
1381 4449 1516 4504 labia
1552 4451 1639 4506 illa
1669 4454 1861 4521 quibus
1891 4455 2172 4511 Dominum

604 4527 894 4622 confiteris,
930 4548 1104 4604 rogas,
1137 4537 1430 4604 benetlicis,
1472 4551 1526 4596 et
1559 4512 1769 4610 laudas,
1800 4548 2026 4622 alicujus
2064 4550 2178 4617 pol-
2201 4512 2256 4572 D

604 4615 816 4674 luantur
863 4623 1021 4679 sorde
1074 4629 1296 4695 peccati.
1354 4632 1542 4686 Nescio
1590 4651 1692 4704 qua
1745 4615 2078 4695 conscientia
2121 4652 2176 4696 et

604 4706 779 4778 lingua
809 4713 927 4781 quis
959 4715 1124 4770 Deum
1161 4731 1340 4790 rogat,
1383 4739 1488 4791 qua
1515 4735 1607 4778 aut
1637 4729 1912 4794 mentitur,
1941 4739 2034 4785 aut
2063 4748 2176 4786 ma-

603 4799 799 4866 ledicit,
832 4813 926 4858 aut
950 4807 1202 4864 detrahit.
1256 4812 1416 4867 Labia
1447 4828 1628 4871 sancta
1661 4820 1874 4876 exaudit
1909 4823 2076 4890 Deus;
2121 4837 2176 4881 et

602 4889 729 4959 ipsis
765 4897 953 4952 annuit
987 4899 1095 4954 cito
1139 4905 1410 4972 precibus,
1458 4924 1589 4976 quas
1622 4912 1799 4982 lingua
1833 4889 2175 4973 immaculata

601 4987 928 5049 pronuntiat.
976 4989 1168 5048 Munda
1198 5009 1377 5063 aures,
1428 5009 1486 5052 ut
1533 5017 1636 5054 non
1687 5004 1788 5058 nisi
1834 5008 2170 5063 sermonibus

600 5077 798 5133 sanctis
828 5089 882 5135 et
909 5084 1045 5138 veris
1075 5085 1311 5141 auditum
1344 5090 1642 5158 praebeant;
1681 5106 1737 5148 ut
1781 5113 2048 5169 nunquam
2077 5099 2174 5154 ob-

600 5180 786 5260 scena,
829 5180 921 5225 aut
951 5175 1155 5243 turpia,
1203 5188 1294 5234 aut
1321 5182 1599 5239 saecularia
1632 5187 1794 5242 verba
1845 5193 2170 5260 suscipiant,

600 5265 690 5351 aut
726 5259 954 5328 aliquem
983 5263 1048 5318 de
1074 5267 1244 5322 altero
1280 5273 1498 5329 audiant
1527 5276 1908 5346 derogantem,
1957 5259 2173 5351 propter

600 5347 728 5443 illud
757 5354 896 5420 quod
926 5357 1180 5426 scriptum
1207 5372 1322 5418 est:
1365 5366 1488 5438 Sepi
1532 5386 1681 5426 aures
1726 5382 1840 5427 tuas
1886 5347 2076 5443 spinis,
2123 5386 2176 5430 et

601 5441 706 5495 noli
726 5445 906 5499 audire
927 5448 1151 5520 linguam
1173 5470 1386 5525 nequam
1403 5457 1589 5530 (Ecclt'.
1609 5478 1796 5530 xxvut,
1818 5441 1944 5534 29);
1973 5473 2032 5519 ut
2051 5441 2173 5522 cum

601 5549 667 5590 eo
689 5535 892 5631 habere
923 5554 1120 5609 partem
1153 5551 1359 5617 possis,
1405 5551 1472 5608 de
1515 5570 1622 5621 quo
1661 5554 1878 5622 dicitur,
1921 5558 2172 5631 quoniam

600 5628 781 5683 auditu
810 5640 862 5687 ει
888 5633 1003 5689 visu
1034 5636 1202 5703 justus
1231 5651 1374 5708 erat;
1408 5642 1511 5699 hoc
1540 5653 1644 5710 est,
1678 5661 1775 5699 nec
1804 5628 2046 5716 auribus,
2072 5665 2171 5705 nec

601 5720 768 5776 oculis
795 5722 1154 5794 delinquebat.
1204 5731 1387 5789 Manus
1415 5749 1482 5790 ne
1511 5744 1776 5802 porrectae
1805 5738 1870 5793 ad
1906 5740 2171 5806 accipien-

2253 495 2376 547 dum
2412 503 2631 562 parata},
2663 496 2752 548 seti
2789 495 2853 548 ad
2886 495 3063 548 omnia
3105 495 3483 549 misericordiae
3522 503 3575 548 et
3615 494 3832 564 pietatis

2254 599 2414 653 opera
2442 587 2571 639 satis
2603 599 2880 655 promptae.
2917 586 3104 655 Munda
3137 585 3318 655 pedes,
3349 600 3415 640 ne
3441 587 3598 639 latam
3628 594 3678 638 et
3705 601 3835 654 spa-

2258 679 2445 732 tiosam
2479 689 2699 748 pergant
2728 678 2887 745 viam,
2921 694 3039 748 qua:
3069 679 3218 733 ducit
3246 677 3311 732 ad
3341 678 3619 747 splendida
3647 680 3834 732 saeculi

2259 779 2312 825 et
2338 772 2564 840 pretiosa
2593 773 2862 835 convivia;
2895 772 2988 826 sed
3019 772 3240 826 arduum
3271 773 3438 842 magis
3467 782 3521 826 et
3545 781 3834 841 angustum

2259 863 2564 931 gradiantur
2588 865 2705 928 iter,
2727 864 2864 932 quod
2898 863 3066 919 tendit
3094 863 3159 917 ad
3189 864 3403 930 caelum,
3432 863 3551 932 quia
3575 862 3837 933 scriptum

2261 961 2341 1007 est
2368 971 2379 1005 :
2420 951 2526 1008 Iter
2553 965 2745 1008 rectum
2770 955 2921 1024 facile
2948 954 3156 1024 pedibus
3185 956 3360 1009 uestris
3392 952 3538 1026 (lsai.
3563 969 3688 1018 Lvtt,
3720 953 3837 1022 Η).

2263 1048 2502 1118 Agnosce
2553 1050 2646 1104 tibi
2695 1066 2722 1104 a
2777 1050 2883 1104 Deo
2930 1051 3132 1106 artifice
3178 1065 3280 1105 non
3326 1050 3390 1104 ad
3424 1050 3576 1116 vitia,
3626 1050 3722 1104 sed
3772 1050 3839 1103 ad

2263 1139 2512 1194 virtutem
2547 1139 2783 1194 membra
2816 1139 3037 1195 formata
3067 1157 3078 1192 :
3126 1149 3178 1196 et
3218 1155 3336 1196 cum
3367 1140 3647 1194 universos
3687 1148 3842 1193 artus

2267 1233 2607 1289 mundaveris
2649 1235 2716 1288 ab
2759 1234 2902 1288 omni
2951 1233 3108 1288 sorde
3153 1234 3378 1302 peccati,
3421 1243 3476 1288 et
3519 1241 3632 1287 toto
3674 1231 3844 1287 fueris

2268 1325 2593 1380 sanctificata
2639 1340 2890 1394 corpore,
2939 1335 3063 1379 tunc
3110 1325 3200 1380 tibi
3243 1325 3539 1380 castitatem
3570 1323 3845 1392 intelligas

2272 1418 2626 1487 profuturam,
2653 1426 2706 1473 et
2731 1433 2850 1472 cum
2881 1417 3025 1472 omni
3055 1415 3245 1473 ﬁducia
3271 1417 3496 1487 palmam
3523 1414 3846 1486 virginitatis

2269 1521 2542 1580 exspecta.

2344 1604 2430 1660 10.
2473 1604 2608 1669 Quid
2648 1605 2714 1657 sit
2753 1612 2989 1657 sanctam
3018 1616 3137 1658 esse
3177 1617 3410 1671 corpore,
3451 1599 3683 1655 breviter
3726 1597 3848 1669 qui-

2273 1695 2416 1764 dem,
2450 1695 2540 1750 sed
2573 1696 2726 1764 plene
2757 1709 2841 1750 me
2872 1695 3182 1764 exposuisse
3210 1693 3476 1748 arbitror:
3521 1705 3663 1746 nunc
3703 1689 3849 1760 quod

2199 1770 2546 1862 Bsequitur,
2590 1800 2637 1844 et
2669 1789 2885 1856 spiritu,
2932 1802 3089 1844 nosse
3128 1787 3425 1844 debemus:
3477 1785 3578 1840 hoc
3624 1793 3739 1850 est,
3796 1790 3852 1838 ιιι

2275 1884 2414 1955 quod
2445 1897 2607 1953 opere
2639 1881 2788 1936 nefas
2829 1891 2911 1936 est
2941 1880 3088 1947 fleri,
3137 1895 3235 1936 nec
3279 1877 3357 1937 fas
3405 1879 3476 1933 sit
3521 1875 3851 1947 cogitatione

2274 1977 2577 2045 concipere.
2629 1975 2721 2029 Illa
2762 1976 2902 2029 enim
2943 1986 3025 2029 est
3067 1982 3246 2028 sancta
3291 1981 3396 2027 tam
3436 1984 3663 2040 corpore
3689 1977 3852 2040 quain

2275 2069 2483 2138 spiritu,
2519 2082 2635 2135 quae
2669 2080 2765 2121 nec
2803 2076 3002 2131 mente,
3034 2079 3131 2120 nec
3157 2066 3320 2120 certe
3346 2061 3636 2132 delinquit;
3673 2063 3852 2116 sciens

2276 2159 2434 2214 etiam
2485 2157 2664 2212 cordis
2714 2171 2835 2212 esse
2883 2158 3238 2226 inspectorem
3291 2155 3498 2212 Deum:
3549 2164 3600 2210 et
3651 2153 3853 2208 idcirco

2275 2250 2464 2320 satagit
2508 2258 2565 2303 ut
2607 2249 2917 2304 omnimodo
2959 2249 3118 2303 etiam
3161 2247 3396 2302 animum
3452 2261 3570 2301 cum
3621 2259 3854 2316 corpore

2277 2340 2531 2395 mundum
2579 2340 2768 2394 habeat
2813 2353 2842 2393 a
2885 2349 3124 2409 peccato,
3174 2339 3347 2394 sciens
3389 2338 3645 2407 scriptum
3690 2351 3852 2392 esse:

2281 2432 2433 2486 Omni
2461 2432 2694 2486 custodia
2720 2448 2862 2485 serva
2891 2447 2977 2486 cor
3009 2440 3151 2485 tuum
3178 2429 3358 2502 (Prov.
3390 2445 3460 2496 tv,
3481 2429 3609 2498 23);
3661 2438 3716 2483 ει
3762 2431 3857 2484 ite-

2279 2541 2394 2580 rum
2423 2543 2434 2576 :
2470 2523 2652 2595 Diligit
2681 2523 2931 2579 Dominus
2957 2534 3132 2578 sancta
3162 2525 3350 2589 corda;
3391 2524 3577 2594 accepti
3609 2530 3728 2576 sunt
3759 2539 3855 2575 au-

2279 2625 2376 2669 tem
2397 2616 2442 2668 ei
2463 2630 2634 2668 omnes
2656 2616 2996 2682 inmaculati;
3027 2624 3079 2670 et
3099 2615 3222 2670 alilti
3249 2633 3260 2666 :
3294 2614 3439 2669 Beati
3465 2614 3652 2667 mundo
3679 2615 3853 2676 corde,

2278 2707 2511 2776 quoniam
2549 2707 2648 2776 ipsi
2685 2705 2849 2761 Deum
2875 2707 3112 2761 videbunt
3143 2707 3354 2779 (Matth.
3388 2722 3443 2774 v,
3477 2707 3553 2775 8).
3602 2705 3759 2771 Quod
3793 2706 3858 2759 de

2280 2797 2384 2853 illis
2415 2798 2517 2852 dici
2551 2797 2805 2863 arbitror,
2850 2815 2984 2868 quos
3021 2799 3344 2854 conscientia
3384 2799 3437 2853 itt
3482 2797 3624 2852 nulla
3670 2785 3855 2852 reditr-

2279 2889 2391 2958 guit
2419 2890 2573 2958 culpa
2605 2890 2828 2958 peccati.
2879 2889 2954 2943 De
2992 2890 3196 2959 quibus
3221 2887 3479 2944 Joannem
3520 2888 3572 2943 in
3604 2888 3854 2958 Epistula

2279 2980 2478 3035 dixisse
2508 2995 2665 3035 reor:
2715 2981 2774 3035 Si
2821 2995 2907 3033 cor
2948 2987 3175 3034 nostrum
3224 2997 3316 3034 nos
3368 2996 3467 3034 non
3511 2978 3854 3048 reprehendit,

2281 3074 2530 3142 ﬁduciam
2557 3073 2796 3127 habemus
2824 3074 2893 3126 ad
2922 3072 3108 3140 Deum,
3140 3082 3186 3126 et
3228 3089 3538 3142 quaecunque
3567 3073 3859 3140 petierimus

2281 3168 2589 3235 accipiemus
2617 3165 2680 3219 ab
2709 3183 2766 3220 eo
2796 3167 2838 3237 (Ι
2862 3165 3018 3219 Joan.
3053 3181 3137 3232 ιιι,
3167 3166 3283 3236 20).
3330 3165 3463 3220 Nolo
3491 3165 3770 3220 existimes
3811 3168 3860 3220 te

2280 3261 2484 3315 crimen
2512 3260 2708 3329 fugisse
2739 3262 2971 3328 peccati,
3017 3261 3058 3313 si
3094 3248 3423 3316 voluntatem
3461 3248 3564 3316 n‘on
3602 3271 3860 3332 sequatur

2281 3351 2521 3420 effectus,
2553 3367 2672 3406 cum
2705 3353 2961 3420 scriptutit
2993 3353 3098 3406 sit:
3131 3345 3432 3423 Quicunqué
3467 3354 3647 3407 viderit
3678 3355 3859 3408 mulie-

2283 3461 2390 3499 rem
2418 3445 2485 3497 ad
2525 3446 2974 3516 concupiscendam
3018 3463 3156 3512 eam,
3200 3450 3314 3519 jam
3361 3447 3633 3502 masc/tatus
3682 3459 3755 3503 est
3810 3450 3859 3503 it't

2285 3539 2435 3590 corde
2463 3554 2555 3591 suo
2583 3531 2861 3609 (Matth.ir,
2889 3539 2998 3607 i7).
3032 3534 3136 3593 Nec
3167 3540 3332 3606 dicas,
3365 3541 3588 3609 cogitavi
3616 3529 3857 3610 quidem,

2283 3629 2376 3684 sed
2411 3644 2514 3683 non
2544 3628 2739 3697 perfeci
2770 3649 2780 3681 :
2823 3631 2942 3699 quia
2975 3631 3134 3684 etiam
3167 3633 3546 3700 concupiscere
3573 3632 3724 3687 nefas
3751 3643 3856 3687 cs’t.

2287 3723 2435 3777 Unde
2460 3723 2645 3777 beatus
2673 3723 2859 3777 Petrus
2889 3725 3142 3792 praecepit
3170 3724 3351 3778 dicens
3377 3725 3630 3777 ;.Animas
3669 3736 3862 3779 vestras

2282 3816 2616 3880 casti/icantes
2646 3815 2686 3884 (I
2719 3814 2857 3868 Prtr.
2887 3832 2922 3879 ι,
2945 3815 3059 3886 2'2),
3092 3817 3179 3884 qui
3210 3817 3253 3870 si
3284 3817 3479 3870 nullam
3506 3818 3697 3871 animae
3728 3833 3858 3873 con-

2282 3906 2664 3970 Stuprationent
2691 3915 2890 3973 nosset,
2913 3922 3010 3961 nec
3031 3897 3312 3961 castifictiri
3335 3922 3449 3960 eam
3473 3908 3856 3967 desiderasset.

2283 3998 2385 4052 Scal
2418 4007 2471 4051 et
2514 3999 2685 4052 locum
2728 3999 2874 4053 illum
2905 4015 3010 4068 quo
3051 4000 3393 4054 continetur:
3435 3999 3508 4054 Hi
3543 4014 3657 4055 sunt
3687 4004 3776 4070 qui
3809 4021 3862 4058 se

2283 4107 2396 4144 cum
2445 4089 2739 4145 mulieribus
2787 4107 2886 4143 non
2931 4093 3413 4162 coinquinaverunt,
3463 4095 3677 4167 virgines
3722 4098 3862 4150 enim

2283 4192 2707 4252 permanserunt:
2745 4183 2799 4236 hi
2840 4196 3119 4254 sequuntur
3148 4184 3368 4256 Agnum,
3413 4203 3706 4256 quocunque
3745 4189 3861 4241 ierit

2285 4274 2466 4344 (Apoc.
2515 4289 2621 4341 xw,
2668 4274 2758 4344 4).
2811 4275 3065 4330 attentius
3113 4276 3452 4330 considerare
3499 4277 3757 4331 debemus
3804 4290 3861 4333 et

2283 4368 2732 4433 animadvertere,
2765 4368 2808 4420 si
2832 4369 2998 4422 solius
3026 4369 3343 4438 integritatis
3375 4371 3639 4439 pudicitia:
3665 4373 3859 4426 merito

2286 4460 2382 4529 ipsi
2411 4460 2594 4515 divino
2633 4462 2905 4515 comitatui
2945 4464 3279 4529 copulentur,
3325 4473 3378 4517 et
3417 4480 3512 4532 per
3537 4464 3709 4518 omnia
3743 4480 3855 4520 coe'

2284 4552 2453 4606 lerunt
2500 4553 2729 4607 tabulata
2767 4552 3104 4607 discurrant:
3151 4566 3218 4606 an
3255 4564 3307 4607 et
3344 4554 3444 4607 alia
3485 4555 3617 4621 sint,
3663 4557 3857 4625 quibus

2283 4643 2528 4712 adjuncta
2561 4643 2838 4712 virginitas
2881 4651 3038 4698 tanta:
3083 4644 3423 4699 beatitudinis
3461 4647 3682 4715 gloriam
3727 4663 3858 4701 con-

2283 4746 2553 4806 sequatur.
2583 4735 2688 4790 Sed
2717 4732 2856 4788 unde
2881 4734 2982 4788 hoc
3008 4735 3144 4790 scire
3170 4737 3499 4804 poterimus?
3530 4737 3604 4792 De
3628 4754 3859 4808 sequen-

2284 4829 2445 4894 tibus,
2480 4827 2580 4880 nisi
2625 4825 2797 4894 fallor,
2843 4826 2892 4879 in
2923 4827 3113 4894 quibus
3153 4829 3406 4896 scriptum
3436 4839 3550 4884 est:
3598 4829 3670 4882 Hi
3698 4833 3858 4902 empti

2282 4932 2399 4974 sunt
2439 4937 2500 4974 ea:
2537 4920 2824 4973 hominibus
2867 4921 3106 4988 primitiae
3149 4921 3253 4975 Deo
3295 4930 3342 4975 et
3381 4922 3544 4994 Agna,
3591 4935 3635 4977 et
3677 4926 3729 4978 in
3772 4943 3859 4980 ore

2285 5013 2511 5080 ipsorum
2552 5027 2649 5066 non
2703 5023 2776 5066 est
2821 5014 3074 5066 inventum
3119 5014 3434 5067 mendacium
3459 5030 3476 5068 :
3504 5016 3614 5068 sine
3653 5019 3858 5070 macula

2288 5105 2419 5157 enim
2448 5115 2562 5155 sunt
2595 5101 2755 5173 (Ibid.
2791 5119 2868 5169 tv,
2906 5105 2979 5172 5).
3018 5104 3174 5158 Vides
3203 5119 3331 5174 ergo
3359 5106 3497 5174 quod
3531 5122 3630 5159 noti
3665 5106 3716 5160 in
3751 5124 3858 5163 uno

2289 5202 2490 5247 tantum
2519 5195 2760 5249 membro
2785 5195 3064 5250 dominicis
3090 5199 3388 5252 referantur
3414 5199 3673 5252 inhaerere
3697 5200 3858 5254 vesti-

2287 5287 2420 5355 giis;
2463 5289 2555 5343 sed
2590 5290 2658 5341 illi
2689 5292 2774 5359 qui
2809 5298 3004 5358 praeter
3032 5290 3385 5360 virginitatem
3414 5291 3531 5344 abo
3557 5293 3644 5345 ι-ιιὶ
3675 5301 3859 5347 conta-

2285 5378 2443 5447 gione
2474 5382 2674 5448 peccati
2713 5379 3102 5435 immaculatatn
3138 5384 3398 5451 gesserint
3427 5385 3605 5438 vitam.
3655 5384 3857 5440 Idcirco

2285 5471 2435 5539 virgo
2479 5473 2560 5526 vel
2599 5473 2828 5526 maxime
2858 5472 3070 5542 nuptias
3100 5475 3330 5542 spernit,
3375 5485 3429 5527 ιιι
3458 5475 3583 5529 dum
3614 5476 3858 5532 securior

2283 5573 2383 5624 est.
2420 5562 2645 5626 facilius,
2681 5564 2817 5633 quod
2848 5565 3009 5619 etiam
3050 5581 3078 5619 a
3117 5565 3436 5621 nubentibus
3465 5569 3742 5636 quaeritur,
3786 5568 3854 5621 ab

2282 5653 2430 5708 omni
2468 5669 2528 5709 se
2563 5654 2756 5708 delicto
2786 5654 3070 5722 custodiat,
3095 5667 3147 5710 et
3172 5658 3418 5712 universa
3447 5657 3574 5726 legis
3603 5656 3852 5711 mandata

2277 5745 2542 5810 perﬁciat.
2575 5745 2704 5802 Nam
2732 5748 2774 5804 si
2807 5763 2910 5805 non
2939 5748 3122 5813 nubat,
3148 5756 3202 5806 et
3227 5763 3288 5806 ea
3320 5748 3666 5808 nihilominus
3693 5747 3852 5808 faciat
