4032 6442
235 379 308 442 85
1232 388 1671 448 EXHORTATIO
1712 392 1802 449 AD
1843 392 2154 454 SPONSAM
2192 396 2480 459 CHRISTI.

235 503 265 543 ε
312 490 506 560 quibus
557 499 612 546 et
657 500 833 561 nuptas
883 508 1000 547 esse
1051 495 1304 563 jubentur
1347 498 1645 567 immunes,
1698 517 1802 559 non
1831 506 2001 567 Ased
2051 507 2395 568 interioribus
2443 525 2802 590 ornamentis,
2857 533 2910 579 et
2955 528 3322 599 spiritualiter,
3376 549 3484 589 non

233 583 482 652 nupsisse
508 585 632 654 quid
661 584 936 654 proderit?
982 589 1293 658 Quanquam
1326 595 1467 648 enim
1500 597 1629 652 nulli
1652 596 1808 652 Chai-

232 675 530 730 stianorum
577 692 798 746 peccare
828 680 1012 748 liceat,
1061 691 1115 737 ct
1152 699 1338 741 omnes
1368 689 1669 761 quicunque
1697 694 1806 762 spi-

233 767 404 821 ritalis
435 768 628 824 lavacri
673 769 1092 829 sanc‘tiﬁcatione
1123 787 1434 847 purgantur,
1465 781 1802 839 immaculata

230 858 516 914 decurrere
543 865 826 918 conveniat
851 864 984 930 vita;
1029 876 1084 920 ut
1117 868 1366 926 Ecclesia:
1396 888 1514 942 quae
1544 875 1659 930 sine
1691 891 1803 932 ma-

227 952 370 1016 cula,
397 955 509 1008 sine
531 970 679 1024 ruga,
704 957 818 1012 sine
841 957 1017 1028 aliquo
1039 960 1300 1028 ejusmodi
1321 979 1442 1020 esse
1464 966 1799 1038 describitur,

226 1047 434 1114 possint
462 1048 758 1103 visceribus
787 1049 1018 1106 intimari
1044 1069 1057 1106 ;
1101 1054 1269 1110 multo
1297 1059 1465 1128 magis
1494 1069 1667 1116 tamen
1701 1062 1802 1118 hoc

225 1135 500 1204 Virginem
533 1137 754 1209 implere
784 1155 1004 1198 necesse
1037 1153 1138 1208 est,
1167 1161 1323 1217 quam
1353 1165 1448 1205 nec
1475 1152 1672 1221 mariti,
1703 1169 1800 1210 nec

224 1227 480 1294 filiorum,
501 1245 597 1286 nec
619 1232 838 1288 alterius
862 1236 1193 1294 necessitatis
1206 1253 1362 1294 causa
1385 1243 1649 1311 prohibet,
1669 1261 1800 1315 quo-

221 1321 403 1376 minus
430 1321 659 1378 divinam
692 1325 1018 1396 Scripturam
1066 1332 1336 1400 perficiat;
1386 1351 1484 1392 nec
1523 1338 1720 1409 aliqua,
1753 1341 1796 1395 si

221 1425 432 1485 peccet,
465 1420 657 1485 poterit
684 1424 1024 1478 excusatione
1055 1424 1284 1484 defendi.

301 1507 383 1560 ll.
425 1507 467 1563 0
498 1508 674 1580 Virgo,
699 1524 851 1565 serva
880 1516 1208 1585 propositum
1239 1519 1333 1574 tibi
1358 1535 1550 1592 magno
1576 1527 1796 1594 praemio

217 1598 567 1656 destinatum.
622 1603 881 1658 Praeclara
912 1617 994 1660 est
1023 1609 1160 1678 apud
1192 1609 1357 1666 Deum
1388 1615 1702 1685 virginitatis
1743 1627 1796 1675 et

218 1691 492 1760 pudicinize
519 1693 705 1763 virtus,
730 1696 775 1751 si
804 1713 905 1752 non
936 1699 1055 1754 aliis
1083 1713 1422 1770 peccatorum
1452 1718 1505 1762 et
1532 1709 1793 1767 malorum

217 1784 459 1850 lapsibus
488 1786 811 1844 infirmetur.
859 1792 1102 1861 Agnosco
1134 1805 1327 1852 Statum
1363 1806 1532 1869 tuum,
1565 1817 1793 1873 agnosce

1910 601 2196 657 carnaliter
2222 618 2572 675 componatur
2599 629 2609 663 :
2640 614 2759 683 quia
2792 615 2928 670 Deus
2960 633 3064 672 non
3095 622 3359 689 corporis,
3390 626 3483 680 sed

1908 691 2098 748 animae
2129 694 2376 754 decorem
2409 701 2458 755 in
2491 701 2578 756 illa
2610 708 2932 763 considerat.
2983 712 3122 781 Ergo
3150 722 3203 767 et
3234 725 3309 779 tu,
3339 731 3485 785 quae-

1907 797 2116 854 cunque
2164 789 2409 872 animam
2450 803 2590 849 tuam
2658 814 2686 851 a
2739 799 2847 855 Deo
2894 801 3041 872 diligi
3095 812 3148 858 et
3198 805 3481 862 inhabitari

1905 878 2260 946 concupiscis,
2290 870 2432 937 omni
2477 901 2594 940 eam
2623 889 2893 959 diligentia
2923 909 3202 962 compone,
3237 905 3290 966 et
3319 899 3478 966 spiri-

1906 965 2099 1022 talibus
2131 969 2455 1028 indumentis
2485 991 2706 1033 exorna.
2759 980 2899 1036 Nihil
2943 984 2995 1037 in
3032 999 3094 1038 ea
3133 965 3475 1056 dedecorum,

1906 1056 2034 1115 nihil
2075 1061 2272 1118 lardum
2324 1081 2598 1137 appareat.
2650 1072 3012 1143 Resplendeat
3057 1093 3186 1133 auro
3233 1079 3475 1147 iustitiae,

1902 1153 2128 1222 gemmis
2168 1155 2427 1228 refulgeat
2468 1162 2798 1231 sanctitatis,
2847 1180 2909 1220 ac
2954 1168 3336 1236 pretiosissima
3381 1187 3476 1239 pu-

1903 1242 2095 1300 dicitite
2151 1252 2440 1319 margarito
2483 1265 2750 1311 coruscet.
2818 1258 2923 1312 Pro
2964 1260 3122 1329 bysso
3169 1270 3222 1315 ct
3265 1263 3473 1331 serico,

1901 1338 2288 1398 misericordiae
2327 1353 2380 1398 et
2420 1347 2632 1415 pietatis
2672 1352 2847 1405 tunica
2875 1353 3149 1418 vestiatur,
3183 1355 3474 1410 secundum

1901 1430 2041 1498 quod
2074 1433 2331 1504 scriptum
2361 1446 2442 1490 est
2467 1457 2476 1489 :
2516 1438 2722 1494 lnduite
2747 1459 2864 1512 ergo
2893 1460 2999 1506 vos.
3028 1445 3157 1498 sicut
3181 1447 3328 1500 electi
3359 1446 3475 1512 Dei,

1901 1521 2065 1574 sancti
2093 1533 2138 1576 et
2170 1524 2367 1590 dilecti,
2416 1529 2608 1585 viscera
2647 1533 3040 1601 tuiscricortliaz,
3087 1537 3473 1607 benignitatem,

1900 1609 2266 1683 humilitatem,
2298 1617 2400 1672 etc‘.
2434 1620 2622 1690 (Colos.
2671 1639 2746 1687 nt,
2797 1626 2905 1695 l2).
2961 1627 3026 1681 Et
3075 1643 3179 1682 non
3223 1629 3474 1701 decorem
3549 1653 3555 1664 ι

1900 1701 2132 1760 cerussae
2159 1716 2249 1761 aut
2272 1710 2491 1766 alterius
2516 1713 2766 1782 pigmenti
2790 1726 3014 1786 quaerat,
3038 1719 3131 1773 sed
3159 1721 3477 1777 innocentia:

1900 1809 1960 1850 ac
1977 1797 2332 1867 simplicitatis
2349 1805 2635 1860 candorem
2658 1806 2866 1862 habeat.
2890 1809 3120 1865 Roseum
3143 1815 3476 1871 verecundia:

218 1877 422 1944 locum,
457 1887 1067 1970 agnosce’propositum.
1109 1887 1304 1944 Christi
1336 1907 1530 1961 sponsa
1561 1896 1782 1964 diceris;

1896 1887 2131 1945 colorem
2165 1901 2216 1946 et
2254 1909 2578 1963 purpureum
2604 1900 2812 1954 ruboris
2835 1901 3154 1972 pudoriSqne
3182 1906 3472 1974 possideat.

218 1967 341 2023 vide
389 1985 455 2023 ne
500 1971 623 2039 quid
667 1959 936 2044 indignum
974 1991 1065 2042 co,
1110 1980 1193 2034 cui
1224 1959 1542 2051 desponsata
1574 1959 1792 2056 videris,

215 2058 504 2116 admittas:
542 2063 646 2117 cito
672 2065 871 2121 scribet
910 2069 1222 2138 repudium,
1267 2074 1310 2127 si
1354 2075 1406 2130 in
1440 2085 1490 2131 te
1515 2077 1595 2132 vel
1628 2095 1789 2136 unum

217 2152 414 2207 viderit
459 2154 796 2211 adulterium.
866 2160 1206 2233 Quaecunque
1249 2168 1390 2221 enim
1439 2168 1789 2228 humanorum

215 2246 611 2314 sponsaliorum
643 2249 952 2320 pignoribus
979 2255 1348 2324 subarrhatur,
1397 2263 1573 2316 statim
1620 2281 1648 2318 a
1693 2265 1792 2323 do-

212 2337 473 2403 mesticis,
506 2353 534 2392 a
562 2338 933 2410 familiaribus,
967 2345 1032 2400 ab
1061 2349 1244 2402 amicis
1269 2353 1451 2419 sponsi
1483 2355 1709 2412 sollicite
1737 2367 1791 2415 ct

213 2427 502 2499 diligenter
530 2420 754 2506 'requirit
797 2445 851 2490 et
899 2454 927 2491 a
968 2441 1213 2508 servulis,
1248 2446 1666 2515 qualesjuvenis
1696 2451 1790 2506 ha-

209 2521 340 2574 beat
366 2529 564 2588 mores,
597 2525 724 2595 quid
755 2529 1086 2596 potissimum
1115 2533 1332 2605 diligat,
1376 2540 1500 2608 quid
1531 2545 1786 2614 accipiat,

205 2629 316 2682 quo
349 2632 447 2670 usu
476 2619 650 2685 vivat,
696 2637 795 2691 qua
841 2639 900 2678 se
943 2631 1327 2688 consuetudine
1372 2645 1551 2706 regat,
1595 2639 1788 2709 quibus

207 2717 392 2762 utatur
419 2710 664 2779 dapibus,
697 2715 887 2784 quibus
918 2721 1181 2790 prtccipue
1222 2726 1383 2782 rebus
1411 2728 1704 2786 delectetur
1734 2741 1788 2789 et

202 2801 460 2869 gaudeat.
491 2803 619 2871 Qua:
648 2821 767 2862 cum
798 2807 1065 2878 didicerit,
1102 2816 1168 2867 ita
1201 2831 1258 2870 se
1291 2818 1342 2871 in
1375 2821 1622 2876 omnibus
1653 2832 1788 2877 tem-

203 2904 393 2962 perat,
437 2905 495 2948 ut
520 2901 701 2964 Sponsi
733 2901 968 2958 moribus
997 2919 1148 2959 suum
1179 2907 1490 2979 obsequium
1511 2954 1525 2978 ,
1573 2929 1665 2967 sua
1695 2914 1784 2984 ju-°-

199 2988 484 3054 cunditas,
529 3005 622 3044 sua
654 2992 959 3062 diligentia;
1003 3012 1095 3052 sua
1128 3001 1230 3053 vita
1263 3000 1574 3060 concordet.
1624 3005 1691 3060 Et
1729 3017 1782 3062 tu

198 3094 324 3149 qua:
352 3079 625 3136 Christum
656 3099 908 3151 sponsum
943 3087 1127 3158 habes,
1157 3106 1185 3144 a
1213 3091 1522 3149 domesticis
1550 3105 1602 3150 et
1629 3095 1784 3151 fami-

198 3172 428 3228 liaribus
456 3175 591 3244 ejus,
627 3181 808 3247 sponsi
840 3181 910 3236 tui
944 3198 1119 3239 mores
1149 3187 1437 3257 interroga,
1472 3200 1524 3245 et
1565 3201 1783 3248 strenue

1901 1977 2112 2034 leesti
2141 1982 2384 2038 abluatur
2407 1987 2547 2041 nitro
2574 1988 2848 2054 doctrinae,
2873 2000 2927 2046 et
2949 1993 3196 2048 lamentis
3225 1997 3476 2064 spiritua-

1900 2071 2035 2127 Iibus
2062 2073 2400 2130 emundetur.
2455 2077 2606 2132 Nulla
2641 2079 2692 2134 in
2721 2095 2781 2136 ea
2815 2082 3061 2152 malitiae,
3106 2085 3249 2139 nulla
3279 2086 3477 2142 diaboli

1899 2163 2102 2217 macula
2150 2165 2518 2236 relinquatur;
2573 2181 2627 2226 et
2677 2188 2742 2227 ne
2792 2176 3004 2241 quando
3052 2177 3190 2231 male
3236 2177 3477 2234 redoleat

1897 2257 2063 2314 odore
2110 2262 2346 2328 peccati,
2401 2275 2670 2334 unguento
2719 2267 3050 2325 suavissimae
3084 2271 3376 2341 sapientiae
3421 2280 3475 2328 et

1895 2351 2133 2408 scientia:
2161 2353 2522 2421 perfundatur.

1969 2442 2055 2498 15.
2098 2443 2409 2514 Hujusmodi
2442 2449 2580 2506 Deus
2608 2454 2799 2521 quaerit
2835 2466 3101 2521 ornatum,
3143 2464 3198 2510 et
3239 2457 3472 2511 animam

1897 2534 2073 2590 taliter
2123 2540 2472 2608 compositam
2528 2545 2877 2615 concupiscit.
2948 2547 3215 2603 Memento
3272 2558 3322 2603 te
3374 2548 3470 2604 Dei

1895 2628 2054 2682 tiliam
2085 2630 2188 2686 dici
2234 2634 2526 2689 secundum
2575 2638 2716 2700 quod
2765 2640 2874 2694 ait:
2909 2642 3064 2710 Audi,
3098 2642 3228 2708 ﬁlia,
3263 2653 3307 2695 et
3358 2643 3470 2695 vide

1894 2716 2062 2790 (Psat.
2090 2719 2364 2794 sum“).
2416 2727 2521 2782 Sed
2552 2735 2606 2783 et
2632 2737 2684 2784 tu
2715 2730 2824 2799 ipsa
2853 2732 3274 2803 quotiescunque
3304 2733 3471 2787 Deum

1895 2819 2097 2878 patrem
2130 2816 2392 2881 nominas,
2430 2818 2520 2873 Dei
2551 2829 2602 2873 te
2629 2820 2790 2899 filiam
2820 2836 2939 2876 esse
2972 2823 3203 2876 testaris.
3253 2823 3391 2892 Ergo
3423 2822 3470 2875 si

1893 2900 1987 2956 Dei
2025 2902 2127 2958 tilia
2170 2919 2259 2970 es,
2302 2907 2421 2962 'vide
2466 2923 2533 2963 ne
2570 2911 2693 2978 quid
2735 2926 2921 2966 eorum
2951 2913 3143 2974 facias,
3195 2929 3313 2982 qua:
3361 2914 3470 2968 Deo

1893 2991 2037 3046 Patri
2068 2993 2356 3065 incongrua
2387 2998 2524 3064 sint;
2571 3000 2664 3054 sed
2703 3013 2799 3070 age
2827 3003 3006 3056 omnia
3033 3001 3179 3071 quasi
3215 3002 3314 3056 lilia
3351 3002 3464 3082 Dei.

1888 3083 2169 3154 Cognosce
2198 3088 2465 3156 quomodo
2512 3089 2672 3160 hujus
2716 3093 2899 3147 saaculi
2947 3093 3204 3148 nobilium
3247 3107 3307 3149 se
3346 3092 3470 3148 ﬁliae

1887 3188 2093 3246 gerant,
2115 3179 2308 3249 quibus
2329 3191 2641 3237 assuescant
2663 3183 2923 3250 moribus,
2951 3185 3210 3255 quibusve
3231 3197 3290 3239 se
3309 3184 3470 3240 disci-

197 3279 263 3319 ac
295 3267 528 3322 solerter
558 3268 797 3338 inquire;
844 3274 894 3328 in
939 3275 1129 3344 quibus
1174 3280 1436 3348 praciptte
1465 3281 1778 3353 delectetur,

1891 3269 2048 3340 plinis
2080 3271 2379 3328 instituant.
2425 3274 2593 3330 Tanta
2636 3277 2950 3346 quibusdam
2995 3277 3315 3333 verecundia
3359 3286 3466 3346 est,

201 3357 419 3424 qualem
447 3363 888 3429 compositionem
919 3365 970 3420 in
1004 3375 1056 3421 te
1089 3371 1313 3424 vestium
1348 3372 1551 3442 diligat,
1601 3377 1780 3444 cujus-

199 3447 347 3502 modi
379 3452 724 3519 concupiscat
751 3466 1018 3511 ornatum.
1071 3458 1219 3514 Dicat
1265 3462 1353 3516 tibi
1393 3465 1508 3533 ejus
1549 3467 1779 3524 familia-

195 3541 452 3596 rissimus
483 3543 700 3611 Petrus,
745 3549 833 3618 qui
879 3565 944 3605 ne
985 3554 1163 3622 nuptis
1191 3554 1404 3624 quidem
1446 3561 1778 3626 corporalem

195 3631 465 3700 permittit
504 3647 781 3706 ornatum,
832 3642 968 3696 sicut
1013 3643 1066 3698 in
1115 3645 1337 3714 epistola
1383 3663 1478 3704 sua
1524 3652 1774 3720 scripsit:

197 3721 448 3777 Mulieres
492 3727 724 3782 similiter
753 3731 992 3803 subjecta
1033 3735 1153 3791 viris
1195 3739 1329 3804 suis,
1377 3752 1428 3794 ut
1465 3744 1511 3795 si
1549 3745 1636 3805 qui
1674 3761 1778 3799 non

193 3817 412 3871 credunt
441 3821 611 3885 verbo,
641 3839 729 3893 per
753 3826 1017 3880 mulierum
1045 3833 1470 3888 conversationem
1496 3837 1602 3890 sine
1633 3838 1777 3892 verbo

190 3910 460 3979 lucriﬁant
483 3927 502 3964 .°
533 3917 908 3972 considerantes
946 3920 997 3973 in
1024 3922 1200 3977 timore
1225 3921 1321 3978 Dei
1347 3937 1535 3980 castam
1565 3945 1774 3984 conrer-

187 4004 448 4057 sationem
477 4017 710 4075 vestram,
745 4026 961 4077 quarum
994 4013 1058 4066 sit
1091 4029 1190 4068 non
1218 4019 1527 4073 extrinsecus
1561 4021 1775 4092 capilla-

189 4106 331 4160 tnra,
376 4106 466 4149 aut
507 4098 835 4153 circumdatio
866 4103 1000 4167 auri,
1049 4114 1136 4157 aut
1181 4107 1466 4162 indumenti
1508 4113 1780 4168 vestimen-

187 4198 360 4240 torum
389 4189 594 4252 cultus;
632 4193 720 4245 sed
749 4196 833 4262 qui
872 4197 1142 4250 absconsus
1183 4200 1350 4254 cordis
1389 4210 1458 4256 est
1497 4203 1676 4268 homo,
1721 4205 1774 4259 in

177 4280 672 4345 meorrupttbilitate
695 4288 846 4347 qu'ctz‘
879 4295 920 4336 vt
954 4286 1162 4338 modesti
1187 4289 1422 4357 spiritus,
1452 4297 1588 4362 quod
1616 4304 1690 4349 est
1718 4297 1771 4349 in

185 4377 468 4436 conspectu
501 4365 594 4422 Dei
625 4369 847 4439 locuples
872 4375 913 4442 (Ι
944 4375 1086 4432 Petr.
1121 4394 1208 4445 ιιι,
1247 4383 1270 4434 1
1308 4382 1487 4452 seqq.).
1533 4385 1682 4438 Dicat
1720 4396 1774 4441 et

184 4458 326 4514 alius
375 4461 655 4528 apostolus
697 4463 882 4519 beatus
913 4465 1140 4537 Paulus,
1190 4471 1279 4539 qui
1325 4473 1390 4526 ad
1428 4473 1788 4530 Timotheum“

183 4551 432 4605 scribens
476 4552 814 4624 episc0pum,
861 4556 1044 4612 eadem
1085 4559 1151 4614 de
1189 4559 1420 4618 fidelium
1454 4563 1772 4623 feminarum

1891 3368 2032 3416 tanta
2058 3360 2311 3433 gravitas,
2343 3362 2485 3418 tanta
2515 3364 2800 3432 modestia,
2848 3376 2906 3422 ut
2951 3376 3268 3423 canet-orum
3299 3367 3470 3422 homi-

1849 3519 1862 3531 ι
1889 3469 2014 3508 num
2064 3455 2224 3510 ritum
2271 3457 2465 3512 intuitu
2505 3458 2750 3514 humanae
2790 3459 3130 3530 ingenuitatis
3167 3460 3462 3516 excedant:

1888 3553 1942 3599 et
1988 3558 2054 3599 ne
2103 3551 2260 3614 quam
2308 3545 2549 3604 honestis
2597 3550 2909 3618 parentibus
2957 3550 3069 3606 suis
3118 3566 3213 3621 per
3260 3551 3464 3622 lapsum

1887 3649 2042 3691 suum
2074 3636 2308 3693 inlamiaé
2337 3639 2553 3696 inhrant
2583 3651 2785 3709 notam,
2819 3643 3041 3698 alteram
3078 3644 3179 3699 sibi
3208 3644 3467 3714 quodam-

1888 3729 2049 3784 modo
2080 3730 2218 3785 inter
2245 3731 2492 3787 homines
2541 3735 2942 3790 consuetudinis
2989 3736 3240 3792 studeant
3286 3735 3464 3792 facere

1887 3830 2152 3876 naturam.
2199 3821 2266 3877 Et
2296 3830 2352 3877 tu
2381 3839 2508 3895 ergo
2535 3827 2796 3896 originem
2840 3837 2982 3883 tuam
3013 3829 3254 3899 respice,
3295 3843 3466 3898 genus

1883 3910 2112 3976 intuere,
2141 3911 2366 3982 gloriam
2403 3915 2699 3972 nobilitatis
2731 3919 2952 3974 adverte
2977 3937 2988 3973 :
3023 3933 3251 3988 agnosce
3281 3929 3332 3975 te
3357 3936 3464 3977 non

1884 4001 2146 4072 hominis,
2193 4004 2287 4060 sed
2319 4005 2414 4062 Dei
2442 4006 2604 4063 tiliam
2624 4050 2638 4074 ,
2683 4018 2738 4064 et
2767 4009 2962 4066 divina:
2993 4012 3283 4067 nativitatis
3311 4012 3466 4066 nobi-

1883 4093 2032 4150 litate
2061 4095 2390 4152 decoratam.
2451 4099 2526 4155 Ita
2569 4109 2620 4154 te
2661 4099 2875 4166 exhibe,
2928 4110 2987 4156 ut
3033 4103 3088 4157 in
3135 4111 3188 4158 te
3229 4103 3465 4158 caelestis

1882 4187 2130 4240 natlvitas
2159 4197 2364 4256 pareat,
2410 4200 2463 4244 et
2507 4191 2807 4259 ingenuitas
2837 4191 3018 4246 divin'a
3046 4191 3329 4246 clarescat.
3380 4191 3464 4247 Sit

1881 4275 1936 4329 in
1967 4285 2020 4332 te
2046 4291 2180 4332 nova
2207 4278 2468 4348 gravitas,
2519 4280 2771 4336 honestas
2799 4282 3152 4348 admirabilis,
3201 4284 3463 4352 stupenda

1879 4369 2236 4437 verecundia,
2284 4371 2416 4427 mira
2448 4372 2731 4441 patientia,
2764 4374 3042 4444 virginalis
3083 4375 3357 4444 incessus,
3406 4387 3462 4432 et

1882 4475 2026 4516 verae
2056 4462 2324 4532 pudicitia:
2355 4463 2588 4530 habitus,
2616 4475 2668 4520 et
2698 4480 2877 4522 sermo
2900 4481 3132 4538 "semper
3160 4467 3458 4533 modestus,

1879 4562 1934 4608 et
1959 4569 2059 4610 suo
2092 4555 2142 4609 in
2172 4565 2415 4624 tempore
2446 4557 2835 4627 proferendus;
2877 4569 2933 4614 ut
2963 4560 3203 4630 quisquis
3234 4570 3284 4615 te
3314 4560 3463 4616 vide-

183 4640 475 4711 disciplina
509 4651 764 4699 testatur:
794 4646 1032 4704 Mulieres
1055 4651 1290 4707 similiter
1309 4655 1361 4707 in
1386 4655 1563 4711 habitu
1590 4671 1772 4714 ornato
1803 4641 1975 4714 D-ril,
2007 4648 2305 4705 admiretur
2335 4659 2389 4705 (ει
2415 4651 2558 4706 diem
2585 4670 2595 4703 ε
2629 4668 2748 4722 quin
2790 4655 2903 4708 ⁵³πο
2943 4669 3094 4709 "om
3124 4653 3266 4710 me"
3288 4655 3462 4710 homi’

185 4747 298 4786 cum
330 4736 641 4789 verecundia
671 4746 717 4791 et
748 4740 1016 4796 sobrietate
1041 4754 1278 4800 ornantes
1308 4763 1388 4810 se,
1429 4765 1529 4803 non
1567 4750 1770 4806 intortis

180 4824 434 4889 crinibus,
474 4834 565 4877 aut
600 4842 742 4893 auro,
773 4839 862 4883 aut
892 4835 1204 4903 margaritis,
1237 4845 1323 4889 aut
1350 4846 1481 4892 veste
1509 4841 1769 4909 pretiosa;

179 4918 274 4969 sed
315 4921 456 4987 quod
497 4919 636 4974 decet
670 4922 910 4979 mulieres
960 4929 1304 4992 promittentes
1353 4931 1635 4986 castitatem
1679 4951 1770 5004 per

178 5009 372 5061 bonum
402 5013 832 5068 conversationem
856 5014 897 5087 (l
921 5016 1052 5073 Tim.
1078 5034 1134 5086 ιι,
1157 5018 1238 5091 9).

255 5101 348 5154 12.
391 5103 498 5156 Sed
538 5103 759 5160 forsitan
797 5106 965 5162 dicis:
1013 5126 1108 5165 cur
1147 5111 1259 5167 haec
1302 5112 1490 5174 iisdem
1536 5118 1767 5186 apostoli

181 5193 488 5261 virginibus
520 5211 623 5250 non
647 5197 965 5266 jusserunt?
994 5203 1127 5270 Quia
1157 5220 1260 5260 non
1291 5208 1652 5262 necessarium
1679 5209 1768 5278 ju-

177 5282 478 5338 dicabant:
517 5301 586 5341 ne
615 5288 733 5343 talis
763 5291 1055 5359 virginibus
1084 5295 1432 5350 commonitio
1471 5297 1650 5366 potius
1688 5299 1770 5352 in-

171 5373 325 5441 juria
355 5391 512 5444 quam
555 5381 857 5434 emendatio
902 5381 1189 5453 videretur.
1245 5385 1352 5441 Sed
1397 5402 1492 5441 nec
1533 5402 1624 5443 eas
1666 5405 1766 5444 un-

176 5479 346 5533 quam
371 5477 529 5522 tanta:
553 5472 863 5527 temeritatis
886 5473 998 5530 fore
1017 5477 1390 5544 credidissent,
1416 5489 1472 5534 ut
1499 5496 1563 5534 ne
1585 5483 1764 5552 nuptis
1848 5525 1854 5533 .

176 5558 401 5625 quidem
430 5575 682 5617 concessa
709 5565 945 5621 carnalia
969 5579 1281 5624 ornamenta
1307 5580 1361 5624 et
1391 5578 1599 5626 terrena
1628 5588 1765 5642 prte-

176 5661 484 5706 sumerent.
554 5655 758 5711 Revera
798 5674 989 5716 ornare
1033 5677 1092 5717 se
1136 5671 1190 5717 et
1233 5679 1557 5733 componere
1595 5666 1762 5737 Virgo

175 5741 381 5798 debet:
425 5760 549 5798 nam
589 5750 855 5816 quomodo
899 5767 1096 5821 sponso
1142 5768 1238 5808 suo
1281 5756 1491 5824 placere
1535 5759 1757 5826 poterit,

177 5834 283 5887 nisi
316 5841 607 5898 cou‘tposila
639 5850 689 5895 et
719 5853 902 5898 ornata
932 5846 1299 5908 processerit?
1328 5855 1548 5904 ornetur
1569 5849 1756 5918 plane,

1886 4756 1982 4799 nes
2003 4742 2280 4812 gravitatis
2303 4744 2555 4812 patientia
2577 4745 2694 4798 est?
2722 4746 2851 4812 Quae
2875 4746 3091 4815 pudoris
3107 4746 3462 4802 verecundia?

1883 4835 2014 4900 Quae
2040 4835 2342 4890 honestatis
2367 4835 2623 4891 modestia
2647 4837 2671 4890 ?
2699 4836 2829 4903 Quae
2852 4839 3126 4892 maturitas
3149 4839 3461 4908 sapientiae?

1883 4927 2000 4983 Non
2031 4936 2113 4982 est
2143 4928 2212 4982 ita
2243 4926 2472 4982 humana
2505 4929 2788 4996 institutio,
2829 4944 2927 4986 nec
2954 4931 3232 5002 disciplina
3263 4938 3461 4986 morta-

1886 5021 1954 5075 lis
1979 5037 1990 5072 :
2025 5020 2247 5077 cmleste
2273 5020 2402 5075 mihi
2431 5021 2630 5092 aliquid
2657 5022 2709 5076 in
2736 5031 2952 5079 terreno
2979 5036 3203 5094 corpore
3232 5023 3456 5080 redolet.

1885 5111 2022 5167 Puto
2063 5112 2203 5182 quod
2249 5111 2452 5168 habitet
2500 5114 2550 5168 in
2599 5115 2914 5184 quibusdam
2965 5117 3266 5172 hominibus
3295 5114 3456 5169 Deus.

1885 5205 1954 5260 Et
1983 5219 2102 5260 cum
2136 5213 2186 5260 te
2212 5205 2412 5260 Christi
2442 5205 2693 5262 famulam
2725 5223 2846 5265 esse
2875 5209 3213 5279 cognoverit,
3257 5207 3460 5276 majore

1880 5308 2104 5368 stupore
2136 5299 2422 5365 tenebitur,
2455 5308 2511 5355 et
2539 5302 2790 5370 cogitabit
2829 5302 3003 5371 qualis
3047 5301 3138 5355 ille
3179 5301 3248 5354 sit
3279 5300 3460 5355 Domi-
3545 5373 3550 5377 Δ

1880 5405 2003 5456 nus,
2030 5390 2182 5460 cujus
2213 5390 2336 5446 talis
2361 5391 2553 5446 ancilla
2582 5401 2683 5447 est.

1953 5481 2041 5538 M.
2083 5482 2139 5539 Si
2167 5483 2250 5540 vis
2279 5497 2405 5552 ergo
2437 5499 2557 5539 esse
2587 5498 2707 5539 cum
2744 5482 2989 5548 Christo,
3037 5488 3091 5535 et
3129 5490 3334 5551 partem
3367 5482 3460 5534 ha-

1878 5575 2030 5646 bere,
2049 5589 2168 5631 cum
2209 5575 2456 5641 Christo,
2502 5576 2699 5632 Christi
2745 5575 2836 5629 tibi
2882 5573 3128 5644 exemplo
3167 5573 3456 5629 vivendum

1873 5676 1988 5729 est,
2032 5667 2120 5738 qui
2163 5669 2230 5724 ab
2257 5669 2399 5724 omni
2434 5669 2638 5723 malitia
2670 5675 2724 5722 et
2755 5665 2988 5737 nequitia
3032 5667 3104 5722 ita
3148 5667 3244 5722 fuit
3282 5675 3460 5722 extra-

1816 5768 1821 5773 ‘
1873 5775 2028 5823 nens,
2062 5769 2116 5814 ut
2146 5775 2246 5816 nec
2275 5761 2499 5816 inimicis
2541 5760 2754 5829 quidem
2787 5759 2956 5816 vicem
2998 5759 3284 5825 redderet,
3329 5758 3456 5828 quin

1773 5920 1833 5954 ί
1869 5849 2052 5921 potius
2097 5859 2150 5908 et
2187 5866 2286 5923 pro
2328 5851 2460 5920 ipsis
2503 5860 2702 5909 oraret.
2746 5851 2880 5912 Nolo
2923 5852 3066 5909 enim
3111 5865 3204 5909 eas
3248 5849 3468 5930 animas
