4032 6442
578 454 643 508 87
1210 444 1543 503 AUCTORIS
1585 444 1889 499 ANONYMI
1934 440 2374 499 EXIIORTATIO
2414 440 2504 496 AD
2542 438 2855 497 SPONSAM
2894 436 3182 499 CHRISTI.
3769 438 3837 499 88

577 562 907 621 Christianas
945 561 1245 628 existimes,
1285 576 1405 630 quae
1446 571 1537 615 aut
1575 561 1769 615 fratres
1808 570 1898 614 aut
1938 572 2151 614 sorores
2178 568 2231 619 Α
2258 560 2470 629 εῢιιίὺε,
2500 572 2553 615 et
2581 562 2661 615 ori
2690 569 2779 616 tuo
2808 562 3014 616 frenum
3048 561 3203 630 Legis
3242 560 3495 632 impone;
3535 571 3590 617 ut
3616 570 3758 627 tunc,
3791 566 3835 620 sl

581 673 687 713 non
717 658 836 711 dico
864 655 1121 723 oderunt,
1168 654 1265 709 sed
1298 670 1415 723 quae
1455 655 1729 723 proximos
1758 663 1868 707 toto
1897 653 2057 707 corde
2100 662 2155 708 et

578 750 902 806 conscientia
930 762 1109 803 coram
1140 747 1233 801 Dei
1264 746 1574 803 testimonio
1614 762 1719 801 non
1746 745 2000 814 diligunt;
2033 760 2152 800 cum

576 842 911 909 Christianis,
931 840 1128 897 Christi
1146 839 1513 903 similitudine,
1535 840 1777 894 inimicos
1795 837 1953 893 etiam
1972 853 2154 895 amare

579 949 798 990 necesse
826 936 910 989 sit.
960 933 1017 990 Si
1048 944 1353 989 sanctorum
1386 934 1537 1004 cupis
1567 932 1766 989 habere
1796 934 2149 999 consortium,

576 1043 605 1082 a
634 1028 849 1083 malitiae
875 1036 927 1083 et
954 1028 1203 1097 nequitiae
1229 1027 1463 1097 cogitatu
1491 1034 1677 1095 pectus
1702 1025 1957 1081 emunda.
1984 1024 2152 1081 Nemo

578 1132 631 1177 te
659 1121 1072 1188 circumveniat,
1121 1135 1278 1175 nemo
1320 1128 1373 1175 te
1416 1118 1589 1172 fallaci
1621 1131 1872 1173 sermone
1909 1116 2149 1173 seducat.

575 1215 691 1270 Non
723 1214 825 1269 nisi
867 1224 1081 1268 sanctos
1109 1221 1163 1267 et
1184 1212 1356 1280 justos
1383 1218 1437 1266 et
1464 1209 1732 1280 simplices
1756 1218 1809 1266 et
1836 1210 2152 1266 innocentes

574 1316 629 1361 et
658 1319 818 1375 puros
842 1305 1074 1361 caelestis
1103 1305 1223 1358 aula
1250 1302 1526 1371 suscipiet.
1573 1301 1788 1357 Nullum
1814 1302 1953 1372 apud
1984 1301 2150 1357 Deum

575 1398 735 1455 habet
766 1397 965 1453 malitia
994 1397 1189 1451 locum.
1220 1394 1304 1449 Ab
1325 1394 1471 1449 omni
1498 1393 1731 1463 nequitia
1764 1402 1817 1448 et
1843 1392 1969 1449 dolo
1996 1407 2151 1447 mun-

574 1491 700 1546 dum
722 1506 841 1547 esse
863 1503 1081 1545 necesse
1104 1497 1207 1553 est,
1231 1488 1321 1557 qui
1348 1486 1495 1554 cupit
1522 1500 1745 1555 regnare
1768 1500 1890 1540 cum
1911 1484 2145 1539 Christo.

573 1578 713 1637 Nihil
762 1592 867 1635 tam
915 1579 1265 1645 contrarium,
1316 1577 1450 1632 nihil
1484 1586 1590 1631 tam
1637 1575 1968 1631 exsecrabile
2012 1574 2144 1641 Deo,

573 1689 729 1744 quam
757 1673 987 1743 aliquem
1023 1673 1235 1735 odisse,
1283 1670 1516 1739 aliquem
1557 1668 1695 1723 velle
1737 1667 1970 1722 laedere:
2016 1666 2147 1721 nihil

573 1778 679 1821 tam
709 1765 1005 1835 probabile,
1036 1778 1197 1833 quam
1225 1776 1414 1818 omnes
1442 1774 1647 1815 amare.
1694 1757 1848 1826 Quod
1878 1758 2145 1827 Propheta

570 1860 745 1913 sciens
786 1866 1009 1912 testatur
1032 1844 1264 1911 dicens:
1300 1855 1401 1921 Qui
1437 1853 1651 1924 diligitis
1680 1852 1977 1921 Dominum,
2009 1852 2144 1909 adite

569 1949 761 2001 malum
788 1946 961 2017 (Psal.
992 1962 1132 2015 xcw,
1166 1946 1280 2016 10).

642 2039 729 2093 15.
757 2036 890 2092 Vide
915 2052 981 2092 ne
1012 2039 1065 2092 in
1095 2038 1272 2109 aliquo
1312 2037 1598 2093 humanam
1637 2035 1859 2105 gloriam
1898 2034 2090 2107 diligas
2125 2052 2141 2101 ;

569 2144 637 2184 ne
658 2138 711 2184 et
736 2137 825 2183 tua
842 2130 983 2186 inter
1003 2129 1124 2185 illos
1146 2129 1322 2199 portio
1342 2136 1701 2199 computetur,
1723 2126 1916 2197 quibus
1942 2127 2143 2184 dictum

568 2230 651 2277 est
672 2236 687 2276 :
713 2222 977 2288 Quomodo
1001 2237 1087 2276 vos
1110 2222 1319 2289 potestis
1340 2221 1564 2286 credere,
1587 2219 1805 2291 gloriam
1835 2220 1899 2274 ab
1926 2220 2143 2275 inuicem

567 2328 848 2388 querentes
868 2317 1050 2391 (Joan.
1074 2332 1133 2385 v,
1155 2316 1249 2395 44)
1272 2317 1295 2371 ‘t
1317 2316 1383 2371 Et
1401 2317 1468 2373 de
1486 2316 1679 2387 quibus
1703 2330 1797 2385 per
1817 2315 2141 2385 Prophetam

567 2410 763 2465 dicitur
787 2428 798 2462 :
832 2410 973 2479 Auge
998 2410 1069 2464 eis
1101 2408 1260 2475 mala,
1288 2423 1418 2479 auge
1444 2406 1581 2461 mala
1610 2407 1846 2477 gloriosis
1877 2416 2043 2485 term.
2076 2406 2144 2463 Et

566 2503 693 2557 alibi
716 2498 735 2555 Ξ
769 2502 1150 2573 Confundimini
1177 2518 1210 2555 a
1237 2500 1540 2571 gloriatione
1562 2509 1749 2568 vestra,
1781 2500 1843 2554 ab
1870 2499 2142 2571 approbrio

565 2596 620 2648 in
646 2603 915 2661 conspectu
936 2593 1034 2648 Dei
1055 2592 1212 2664 (lsai.
1236 2591 1389 2662 XLV).
1408 2591 1540 2647 Nolo
1559 2591 1704 2647 enim
1726 2590 1842 2647 illas
1862 2591 2140 2661 respicias,

565 2700 684 2755 quae
708 2683 915 2751 saeculi,
942 2698 1047 2739 non
1069 2681 1265 2739 Christi
1290 2692 1413 2739 sunt
1438 2683 1675 2753 virgines
1700 2698 1715 2745 ;
1740 2697 1858 2754 quae
1883 2682 2143 2752 propositi

564 2776 646 2829 sui
674 2786 729 2831 et
754 2775 1099 2845 professionis
1128 2776 1473 2832 immemores
1502 2774 1734 2845 gaudent
1759 2774 1813 2830 in
1843 2774 2143 2838 deliciis,in

563 2866 756 2936 opibus
795 2867 1153 2935 delectantur,
1193 2877 1248 2923 et
1284 2881 1559 2938 corporeae
1600 2866 1891 2922 nobilitatis
1934 2865 2143 2936 origine

2258 652 2395 706 forte
2439 651 2697 721 loquaris,
2729 651 2940 722 quando
2976 662 3153 708 tacere
3192 662 3466 721 peccatum
3495 654 3586 721 sit,
3619 668 3747 709 cave
3771 670 3838 710 ne

2261 744 2390 816 quid
2437 745 2576 816 quod
2627 746 2681 800 in
2726 746 3198 816 reprehensionem
3247 747 3423 802 veniat
3461 747 3633 803 dicas.
3682 748 3838 818 Lapis

2256 839 2485 893 emissus
2530 847 2615 894 est
2654 852 2831 893 sermo
2870 840 3146 908 prolatus;
3192 850 3518 911 quapropter
3555 841 3647 897 diu
3677 850 3833 898 ante-

2254 945 2412 1000 quam
2455 930 2754 999 proferatur
2782 930 3094 1001 cogitandus
3135 940 3239 988 est.
3280 932 3442 989 Beata
3477 934 3672 1005 quippe
3701 935 3837 989 labia

2256 1031 2399 1087 sunt,
2447 1039 2566 1093 quae
2611 1039 2879 1094 nunquam
2923 1024 3065 1094 quod
3115 1039 3369 1081 revocare
3408 1026 3601 1081 iterum
3652 1027 3836 1097 velint,

2255 1113 2525 1169 emittunt.
2552 1114 2766 1170 Pudicae
2798 1114 2993 1170 mentis
3023 1130 3204 1172 sermo
3235 1117 3394 1172 etiam
3418 1115 3576 1172 debet
3600 1132 3723 1173 esse
3747 1135 3838 1187 pn-

2254 1205 2426 1271 dicus,
2471 1205 2560 1275 qui
2602 1206 2831 1263 aediﬁcet
2873 1222 3087 1276 semper
3125 1211 3314 1278 magis,
3356 1222 3512 1279 quam
3551 1210 3837 1280 aliquando

2254 1297 2491 1353 destruat
2530 1299 2827 1365 audientes,
2867 1300 3163 1356 secundum
3207 1303 3348 1371 quod
3388 1303 3642 1372 praecepit
3693 1307 3833 1373 Apa-

2252 1388 2420 1444 stolus
2442 1388 2627 1445 dicens
2660 1406 2673 1443 :
2720 1389 2897 1444 Omnis
2924 1407 3090 1446 sermo
3126 1392 3293 1446 malus
3331 1408 3395 1447 ea:
3419 1409 3505 1447 ore
3544 1402 3705 1447 oestro
3734 1410 3834 1447 non

2250 1479 2497 1550 procedat
2525 1496 2544 1534 :
2571 1480 2658 1535 sed
2684 1481 2728 1535 si
2754 1483 2867 1551 quis
2895 1481 3055 1537 bonus
3085 1483 3153 1537 ad
3182 1484 3579 1553 aediﬁcationem
3601 1485 3744 1554 ﬁdei,
3780 1480 3834 1538 ιιι

2250 1571 2332 1627 det
2358 1573 2572 1643 gratiam
2601 1574 2923 1630 audientibus
2956 1574 3173 1647 (Ephes.
3200 1591 3279 1644 tv,
3304 1576 3420 1645 29).
3454 1577 3691 1634 Pretiosa
3716 1578 3827 1633 Deo

2251 1663 2428 1735 lingua
2465 1676 2567 1733 est,
2611 1682 2729 1737 qua:
2760 1683 2863 1723 non
2898 1668 3015 1725 sine
3052 1669 3249 1725 divinis
3287 1670 3447 1727 rebus
3486 1671 3634 1726 novit
3671 1672 3832 1727 verba

2248 1766 2595 1823 construere;
2643 1769 2699 1815 et
2740 1770 2982 1817 sanctum
3026 1777 3107 1828 os,
3153 1764 3293 1821 unde
3336 1762 3577 1821 ctelestia
3617 1778 3833 1834 semper

2248 1850 2458 1921 eloquia
2493 1850 2856 1920 proferuntur.
2896 1852 3215 1909 Absentium
3256 1856 3648 1912 obtrectatores
3677 1854 3832 1926 quasi

2177 1924 2227 1985 Β
2252 1942 2531 2013 malignos,
2578 1942 2871 2012 Scripturae
2907 1945 3226 2001 auctoritate
3269 1946 3483 2003 deterre
3515 1964 3527 1999 :
3575 1924 3707 2016 quia
3728 1950 3833 2001 hoc

2246 2035 2386 2091 inter
2414 2035 2635 2093 virtutes
2661 2036 2885 2107 perfecti
2915 2037 3145 2093 hominis
3184 2038 3452 2108 Propheta
3487 2052 3823 2094 commemo-

2247 2136 2353 2195 rat,
2385 2128 2430 2183 si
2460 2138 2585 2186 ante
2629 2138 2974 2200 conspectum
2997 2130 3126 2200 justi
3174 2130 3438 2201 malignus
3481 2130 3548 2185 ad
3596 2113 3827 2186 nihilum

2246 2218 2563 2287 deducatur,
2591 2220 2681 2291 qui
2710 2228 2895 2276 contra
2925 2221 3227 2291 proximum
3252 2235 3358 2277 non
3400 2221 3670 2292 probanda
3702 2236 3829 2292 pro-

2247 2314 2456 2372 tulerit.
2490 2315 2605 2371 Non
2637 2315 2758 2370 licet
2786 2313 2881 2369 tibi
2901 2314 3122 2371 alterius
3141 2315 3586 2386 vituperationem
3609 2316 3827 2385 patien-

2251 2416 2337 2463 ter
2363 2406 2580 2473 audire;
2612 2406 2735 2476 quia
2758 2420 2857 2461 nec
2886 2404 2953 2462 ab
2975 2405 3093 2463 aliis
3117 2415 3267 2477 optas
3289 2406 3455 2477 recipi
3484 2416 3627 2461 tuam
3650 2406 3827 2475 (Psal.

2247 2513 2426 2565 mttv,
2461 2498 2537 2569 5).
2568 2496 2827 2566 lnjustum
2853 2495 3049 2567 quippe
3073 2505 3155 2552 est
3180 2496 3434 2568 quidquid
3464 2505 3648 2552 contra
3668 2495 3831 2552 Chri-

2251 2592 2322 2646 sti
2351 2589 2699 2660 Evangelium
2730 2589 2897 2653 venit,
2927 2590 2973 2644 si
3003 2588 3161 2644 alteri
3189 2588 3332 2660 quod
3360 2588 3454 2645 tibi
3484 2588 3551 2644 ab
3575 2588 3681 2643 alio
3711 2587 3831 2645 fieri

2247 2684 2534 2738 molestum
2555 2690 2655 2748 est,
2685 2680 2905 2751 patiaris
2933 2678 3140 2736 inferri.
3169 2680 3395 2750 Semper
3414 2680 3647 2750 linguam
3678 2687 3829 2735 tuam

2247 2773 2316 2830 de
2344 2773 2497 2829 bonis
2531 2773 2675 2843 loqui
2710 2771 2991 2839 adsuesce,
3019 2780 3075 2829 et
3104 2771 3343 2827 auditum
3377 2780 3525 2827 tuum
3560 2770 3627 2826 ad
3658 2773 3828 2828 bono-

2246 2881 2365 2921 rum
2382 2866 2548 2935 magis
2568 2864 2802 2934 laudem,
2818 2872 2977 2937 quam
3000 2864 3067 2921 ad
3089 2865 3351 2921 malorum
3378 2863 3829 2934 vituperationem

561 2958 914 3013 delectantur.
944 2958 1074 3026 Quae
1101 2960 1145 3013 si
1177 2958 1417 3029 profecto
1447 2959 1539 3015 Dei
1562 2959 1698 3014 filias
1722 2972 1781 3015 se
1805 2972 1925 3015 esse
1953 2958 2146 3015 crede:-
2247 2958 2617 3016 accommoda.
2676 2958 2804 3015 Vide
2849 2968 2907 3015 ut
2942 2958 3118 3015 omnia
3157 2972 3486 3029 quaecunque
3531 2956 3829 3023 benefacis,

562 3062 717 3117 rent,
755 3066 1026 3123 nunquam
1057 3062 1177 3123 post
1210 3051 1418 3108 divinos
1446 3052 1651 3108 natales
1679 3051 2011 3107 nobilitatem
2041 3050 2138 3108 ad-

561 3144 883 3197 mirarentur
916 3143 1224 3209 humanam,
1257 3158 1356 3200 nec
1376 3144 1736 3214 gloriarentur
1752 3143 1808 3199 in
1836 3153 1990 3215 patre
2009 3158 2141 3214 quo-

562 3234 692 3289 libet
720 3233 1019 3289 honorato:
1049 3235 1094 3289 si
1123 3235 1332 3290 Patrem
1362 3236 1523 3292 Deum
1556 3249 1614 3291 se
1636 3235 1831 3291 habere
1851 3236 2134 3307 sentirent,

562 3327 892 3384 nobilitatem
915 3327 1094 3382 carnis
1122 3336 1226 3382 non
1257 3336 1516 3382 amarent.
1553 3326 1692 3393 Quid
1722 3326 1816 3382 tibi
1842 3327 1895 3381 itt
1924 3326 2140 3397 generis

561 3418 835 3475 nobilitate
854 3416 1114 3474 blandiris
1138 3416 1192 3473 et
1215 3418 1557 3487 complaces?
1584 3417 1726 3473 Duos
1747 3416 1992 3474 homines
2011 3416 2141 3473 fecit

560 3509 629 3565 ab
655 3509 879 3565 exordio
915 3509 1078 3577 Deus,
1119 3523 1184 3564 ex
1229 3510 1421 3578 quibus
1461 3508 1624 3565 totius
1666 3510 1877 3579 generis
1919 3509 2139 3567 humani

560 3601 693 3657 silva
720 3601 997 3657 descendit
1027 3619 1039 3655 :
1073 3600 1396 3657 mundanam
1425 3601 1757 3657 nobilitatem
1798 3617 1905 3657 non
1933 3611 2137 3658 naturae

561 3694 783 3763 aequitas
800 3693 1068 3763 praestitit,
1082 3693 1175 3749 sed
1195 3692 1499 3764 cupiditatis
1514 3694 1754 3751 ambitio.
1768 3692 1928 3750 Certe
1946 3710 2138 3751 omnes

559 3800 654 3854 per
683 3786 845 3840 divini
875 3785 1073 3841 lavacri
1097 3786 1495 3855 generationem
1518 3787 1750 3856 aequales
1771 3785 2055 3852 efficimur.
2079 3798 2138 3845 et

560 3879 705 3933 nulla
735 3880 873 3934 inter
896 3893 990 3934 eos
1028 3886 1203 3947 potest
1240 3894 1360 3936 esse
1401 3880 1672 3946 discretio,
1715 3894 1851 3950 quos
1886 3882 2136 3939 nativitas

558 3969 788 4025 secunda
817 3971 1117 4041 generavit;
1164 3985 1261 4040 per
1291 3986 1450 4042 quam
1480 3981 1586 4028 tam
1622 3972 1777 4028 dives
1806 3987 1967 4039 quam
1998 3987 2135 4042 pau-

562 4075 679 4128 per,
708 4070 816 4116 tam
846 4061 981 4118 liber
1007 4076 1165 4131 quam
1195 4076 1405 4131 servus,
1431 4073 1538 4119 tam
1570 4062 1766 4118 nobilis
1794 4077 1951 4132 quam
1983 4064 2136 4133 igno-

2248 3062 2465 3125 propter
2494 3053 2662 3110 Deum
2694 3052 2887 3119 facias;
2910 3053 3087 3110 sciens
3107 3051 3223 3121 ejus
3244 3052 3321 3111 rei
3351 3059 3555 3107 tantum
3582 3059 3637 3107 te
3664 3066 3695 3105 a
3722 3050 3830 3107 Do-

2246 3148 2394 3203 mino
2423 3147 2759 3217 recepturam
2786 3161 2905 3203 esse
2932 3144 3258 3214 mercedem,
3283 3159 3443 3215 quam
3473 3144 3589 3214 ejus
3617 3145 3831 3202 timoris

2246 3247 2303 3294 et
2341 3236 2642 3296 dilectionis
2682 3254 2841 3296 causa
2884 3239 3193 3309 perfeceris.
3250 3237 3447 3295 Sancta
3497 3238 3665 3309 magis
3703 3254 3831 3297 esse

2243 3344 2404 3401 quam
2430 3331 2597 3387 videri
2628 3331 2781 3387 stude
2808 3349 2821 3383 :
2852 3330 2974 3402 quia
3003 3330 3135 3385 nihil
3161 3329 3378 3400 prodest
3401 3330 3654 3386 aestimari
3680 3330 3829 3400 quod

2244 3438 2351 3479 non
2389 3424 2460 3479 sit
2495 3441 2507 3477 :
2550 3433 2604 3480 et
2630 3423 2857 3495 duplicis
2885 3424 3086 3493 peccati
3127 3433 3305 3480 reatus
3344 3433 3449 3491 est,
3490 3438 3594 3480 non
3625 3423 3828 3481 habere

2200 3568 2215 3579 ,
2243 3515 2385 3585 quod
2408 3515 2662 3584 creditur,
2690 3525 2747 3571 et
2771 3515 2912 3586 quod
2936 3530 3041 3571 non
3072 3515 3270 3571 habeas
3296 3514 3567 3572 simulare.

2314 3611 2403 3665 17.
2446 3609 2503 3665 In
2543 3609 2759 3681 jejuniis
2808 3609 2977 3681 magis
3024 3624 3183 3680 quam
3214 3609 3267 3664 in
3308 3608 3480 3678 epulis
3526 3608 3825 3676 delt-ctare,

2242 3701 2387 3757 illius
2411 3702 2586 3758 viduae
2624 3708 2849 3770 membr,
2890 3716 3011 3770 quae
3037 3716 3144 3756 non
3175 3701 3482 3757 discedebat
3519 3701 3587 3756 de
3616 3702 3825 3771 templo

2239 3792 2455 3863 jejuniis
2475 3802 2531 3851 et
2558 3792 3018 3850 obsecrationibus
3049 3792 3155 3848 Deo
3177 3793 3417 3849 serviens
3437 3791 3523 3847 die
3550 3807 3611 3847 ac
3635 3802 3823 3849 nocte.

2243 3884 2311 3939 Et
2338 3886 2383 3939 si
2414 3884 2571 3940 vidua
2601 3884 2815 3955 quidem
2840 3884 2892 3939 in
2913 3883 3095 3940 Judaea
3119 3884 3236 3939 talis
3260 3893 3375 3939 erat
3398 3900 3413 3949 ;
3443 3883 3652 3953 qualem
3675 3900 3825 3939 nunc

2242 3975 2505 4046 virginem
2535 3975 2786 4032 convenit
2813 3989 2933 4032 esse
2964 3974 3187 4031 Christi.
3219 3969 3423 4030 Divinas
3444 3974 3611 4045 magis
3635 3974 3824 4031 lectio-

2242 4066 2327 4123 nis
2355 4067 2657 4123 convivium
2688 4066 2871 4136 dilige,
2910 4075 2965 4121 ct
3001 4064 3332 4135 spiritalibus
3363 4075 3418 4121 te
3454 4067 3679 4121 saturari
3718 4068 3822 4120 da-

556 4156 697 4223 bitis,
730 4154 821 4247 Dei
849 4155 1080 4247 efficitur
1106 4153 1305 4222 Filius;
1339 4166 1393 4211 et
1428 4165 1635 4212 terrena
1669 4154 1917 4211 nobilitas
1952 4132 2194 4247 splen-ir,
2223 4158 2399 4228 .pibus
2422 4157 2740 4229 concupisce
2760 4132 2860 4224 ;_et
2880 4153 3004 4214 illos
3026 4132 3203 4228 potius
3231 4172 3411 4227 quaere
3424 4157 3598 4247 cibos,
3624 4156 3823 4227 quibus

555 4247 685 4302 dore
709 4246 944 4303 caelestis
958 4245 1143 4317 gloriae
1169 4247 1537 4313 adumbratur,
1556 4257 1611 4303 et
1631 4262 1888 4318 nusquam
1911 4227 2215 4329 omnino
2238 4227 2417 4307 anima
2450 4227 2618 4321 magis
2648 4266 2807 4321 quam
2847 4227 3046 4320 corptis
3080 4249 3375 4305 reticiatur.
3406 4246 3597 4303 Carnis
3625 4258 3679 4302 et
3704 4250 3819 4304 vini

550 4338 661 4404 jam
689 4349 999 4407 comparet:
1040 4338 1167 4394 dum
1196 4340 1285 4408 qui
1322 4352 1467 4396 retro
1496 4342 1549 4395 in
1588 4338 1935 4396 saecularibus
1964 4324 2445 4413 bono-vispecies
2466 4343 2615 4413 quasi
2646 4342 2841 4398 caloris
2867 4340 3101 4398 fomenta
3123 4349 3178 4397 et
3204 4340 3438 4396 libidinis
3469 4340 3821 4397 incitamenta

514 4431 520 4437 '
556 4426 704 4480 ribus
730 4427 962 4496 impares
989 4428 1222 4496 fuerant,
1252 4431 1485 4485 caelestis
1523 4438 1579 4485 et
1607 4430 1801 4486 divinae
1839 4431 2132 4488 nobilitatis
2237 4434 2384 4505 fuge,
2413 4443 2467 4491 et
2494 4442 2640 4499 tunc,
2671 4434 2716 4489 si
2753 4432 2913 4501 forte,
2954 4432 3081 4488 vino
3116 4432 3305 4502 exiguo
3336 4440 3506 4496 utere,
3537 4446 3657 4486 cum
3701 4441 3818 4489 sto-

554 4515 724 4585 gloria
763 4517 1038 4587 aequaliter
1076 4519 1392 4572 vestiuntur.
1436 4518 1621 4573 Nullus
1659 4520 1769 4588 jam
1812 4520 2129 4589 ignobilitati

555 4612 722 4678 locus,
755 4626 853 4667 nec
879 4610 1112 4681 degener
1137 4612 1415 4681 quisquam
1443 4621 1556 4677 est,
1585 4627 1742 4680 quem
1769 4612 1961 4668 divina:
1988 4614 2126 4668 nati-

2239 4529 2415 4585 machi
2444 4530 2598 4585 dolor
2630 4538 2683 4585 et
2711 4528 2870 4583 nimia
2907 4527 3147 4597 corporis
3181 4526 3469 4595 compellat
3507 4525 3812 4581 infirmitas.

2236 4622 2569 4678 lracundiam
2603 4622 2781 4687 vince;
2810 4620 3201 4676 animositatem
3227 4618 3448 4683 cohibe;
3474 4626 3528 4673 et
3550 4618 3815 4689 quidquid

555 4704 736 4759 vitatis
759 4672 1059 4759 sublimitas
1088 4672 1394 4767 oriaatiuisi
1426 4702 1565 4772 apud
1589 4703 1730 4769 illos,
1763 4704 1854 4773 qui
1884 4721 1992 4761 non
2020 4720 2122 4774 pu-

2242 4715 2367 4771 iliud
2389 4714 2647 4785 est,quod
2671 4722 2791 4785 post
2816 4713 3015 4770 factum
3042 4712 3405 4785 paenitentiam
3434 4712 3646 4783 ingerit,
3664 4672 3815 4767 velut

552 4802 667 4847 tant
700 4795 944 4849 humanis
986 4794 1225 4850 ctelestia
1266 4794 1621 4863 praeponenda
1663 4804 1800 4850 :aut
1826 4797 1871 4850 si
1915 4805 2124 4866 putant,

549 4900 707 4957 quam
738 4900 929 4941 vanum
959 4896 1059 4953 est,
1085 4894 1143 4940 ut
1168 4900 1228 4941 se
1257 4886 1364 4941 illis
1395 4886 1446 4939 in
1487 4885 1781 4942 minoribus
1806 4887 2116 4955 praeferant.

548 4991 681 5047 quos
703 4978 803 5032 sibi
832 4976 885 5031 in
906 4976 1197 5046 majoribus
1224 4991 1381 5046 pares
1408 4978 1602 5041 sciunt,
1637 4987 1690 5032 et
1720 4979 1869 5046 quasi
1896 4978 2031 5033 infra
2056 4994 2123 5035 se

546 5072 749 5137 positos
777 5070 828 5124 in
858 5078 996 5125 terra
1023 5071 1349 5135 existiment,
1380 5084 1515 5141 quos
1545 5071 1643 5125 sibi
1674 5072 1905 5140 aequales
1936 5072 1989 5126 in
2009 5087 2120 5129 ete-

544 5160 765 5216 lestibus
788 5160 1051 5218 credunt?
1088 5161 1164 5215 Tn
1189 5172 1363 5217 autem
1400 5176 1731 5232 quaecunque
1758 5162 1980 5229 Christi,
2010 5180 2122 5219 non

542 5253 719 5306 saeculi
752 5253 906 5323 virgo
934 5269 1013 5320 es,
1036 5269 1248 5310 omnem
1280 5255 1557 5322 praesentis
1583 5254 1709 5310 vitae
1728 5254 1949 5325 gloriam
1972 5257 2111 5327 fuge,

541 5354 595 5395 ut
626 5358 742 5399 eam
774 5362 890 5412 qua:
913 5348 966 5401 in
988 5345 1165 5401 futuro
1192 5348 1517 5416 promittitur
1544 5350 1910 5418 consequaris.

610 5433 697 5489 16.
737 5434 1147 5493 Contentionum
1195 5438 1377 5504 verba,
1423 5447 1477 5493 et
1518 5438 1875 5494 attintositatis
1921 5454 2112 5497 causas

538 5526 706 5589 evita;
739 5526 1122 5585 discordiarum
1150 5546 1359 5601 quoque
1379 5540 1432 5585 et
1460 5531 1630 5585 litium
1652 5532 1958 5588 occasiones
1985 5532 2112 5587 sub-

538 5618 762 5688 terfttge.
806 5619 935 5674 Nam
974 5622 1018 5674 si
1055 5624 1205 5691 juxta
1237 5624 1478 5693 Apostoli
1514 5624 1811 5679 doctrinam
1845 5643 1856 5679 :
1892 5625 2111 5681 Servum

535 5709 746 5765 Domini
785 5714 986 5783 litigare
1009 5730 1111 5769 non
1138 5725 1330 5784 oportet
1365 5716 1429 5787 (Il
1466 5716 1598 5770 Tim.
1647 5732 1706 5784 tt,
1745 5717 1866 5787 24);
1909 5729 2111 5785 quanto

531 5808 697 5876 magis
724 5808 816 5864 Dei
842 5810 1127 5866 ancillam?
1149 5809 1299 5877 cujus
1321 5824 1426 5878 quo
1450 5811 1803 5866 verecundior
1824 5822 1907 5866 est
1924 5827 2105 5879 sexus,
2158 5858 2164 5866 .

2235 4807 2462 4876 proximi
2486 4806 2723 4863 criminis
2752 4805 3204 4863 abominationem
3238 4804 3468 4859 declina.
3500 4803 3642 4858 Satis
3675 4812 3817 4857 tran-

2232 4898 2453 4969 quillam
2482 4908 2536 4955 et
2560 4900 2791 4969 quietam
2817 4898 3064 4953 convenit
3085 4910 3203 4951 esse
3220 4904 3471 4961 mentem,
3495 4904 3547 4949 et
3572 4894 3639 4948 ab
3662 4896 3813 4949 omni

2232 4992 2635 5063 perturbatione
2671 4993 2865 5048 furoris
2892 4991 3142 5056 alienam,
3176 5003 3298 5060 quae
3328 4988 3421 5044 Dei
3443 4987 3810 5043 habitaculum

2232 5100 2353 5141 esse
2374 5086 2673 5151 desiderat;
2704 5084 2795 5154 qui
2824 5099 2917 5154 per
2945 5084 3264 5153 Prophetam
3295 5090 3522 5139 testatur
3548 5090 3601 5136 et
3630 5079 3765 5135 dicit
3794 5098 3805 5132 ε

2232 5178 2403 5249 Super
2427 5195 2573 5249 quem
2601 5179 2908 5246 requiescant
2942 5176 3121 5242 alium,
3159 5176 3258 5230 nisi
3295 5193 3447 5248 super
3474 5175 3717 5229 humilem
3759 5185 3811 5230 et

2231 5274 2478 5343 quietum,
2529 5282 2574 5327 et
2623 5280 2913 5326 trementem
2956 5270 3105 5324 verba
3148 5285 3258 5323 mea
3307 5268 3473 5339 (Iani.
3520 5283 3667 5334 vat,
3710 5268 3812 5336 '5)?

2231 5362 2479 5419 Omnium
2524 5377 2744 5432 opertttn
2804 5369 2858 5416 et
2891 5360 3267 5429 cogitationum
3310 5369 3518 5415 tuarum
3561 5359 3811 5428 specula-

2231 5465 2404 5510 torem
2426 5454 2593 5508 Deum
2617 5451 2797 5518 crede,
2820 5461 2873 5508 et
2889 5467 3017 5507 cave
3040 5470 3105 5506 ne
3127 5453 3415 5522 quidquam
3440 5450 3580 5519 quod
3610 5450 3808 5506 divinis

2230 5538 2398 5594 oculis
2429 5538 2699 5608 indignum
2731 5537 2817 5599 sit,
2847 5547 2936 5593 aut
2958 5538 3215 5607 opereris,
3246 5546 3335 5591 aut
3362 5537 3584 5605 cogites.

2300 5630 2389 5683 18.
2429 5629 2562 5684 Cum
2590 5629 2884 5684 orationem
2913 5629 3183 5685 celebrare
3209 5629 3517 5693 desideras,
3548 5627 3707 5682 talem
3752 5636 3807 5681 te

2228 5720 2421 5779 exhibe
2442 5720 2592 5791 quasi
2613 5735 2730 5789 quae
2752 5721 2826 5775 sis
2845 5736 2963 5776 cum
2979 5721 3204 5774 Domino
3229 5721 3489 5774 locutura.
3514 5718 3644 5773 Cum
3670 5717 3805 5786 psal-

2227 5829 2372 5869 mum
2402 5812 2556 5883 dicis,
2585 5811 2739 5882 cujus
2777 5813 2938 5868 verba
2976 5812 3107 5866 dicis
3144 5827 3404 5880 agnosce;
3450 5819 3505 5864 et
3549 5810 3600 5864 in
3651 5823 3803 5865 cum-

529 5902 736 5965 auitttus
765 5900 922 5965 debet
952 5916 1070 5963 esse
1100 5901 1411 5961 modestior.
1445 5900 1702 5973 Linguam
1732 5918 1759 5962 at
1789 5905 2180 6003 maliloquio"
2224 5905 2514 5979 punctione
2535 5908 2701 5977 magis
2732 5905 2895 5961 animi
2928 5920 3081 5977 quam
3108 5904 3159 5959 in
3189 5904 3405 5961 tinnula:
3434 5920 3477 5959 ν.
3502 5904 3577 5960 cis
3620 5903 3801 5959 dulce-

2093 6016 2147 6079 1
