4032 6442
311 435 377 491 89
773 435 828 492 S.
869 436 1189 496 AMBROSH
1229 439 1593 503 SEKMONES
1632 447 1805 506 TRES
1845 452 1939 508 EX
1975 453 2134 510 COD.
2177 450 2704 515 SESSORIANO.—
2744 457 3126 518 PREFATIO.
3483 466 3554 521 90

310 547 431 602 dine
451 547 740 647 delectare.
764 549 1048 647 hacrymas
1072 556 1214 647 enim
1235 557 1510 626 psallentis
1537 561 1678 617 Deus
1699 565 1871 634 magis
1900 568 1954 628 Α
1980 582 2136 637 quam
2165 569 2362 624 mariti.
2389 569 2539 627 Unde
2554 573 2774 641 pulchre
2794 573 3032 630 Romana
3051 574 3310 641 Ecclesia,
3325 575 3552 647 Aposto-

309 656 467 711 quam
497 643 645 697 vocis
663 644 889 712 gratiam
917 646 1252 717 comprobat,
1275 653 1412 706 sicut
1427 651 1694 724 PrOpheta
1717 654 1874 714 dicit:

311 733 506 789 Seruite
535 735 756 791 Domino
783 738 839 792 in
875 739 1074 808 timore,
1112 751 1159 796 et
1191 745 1437 800 exsultate
1467 747 1514 802 ei
1547 765 1661 802 cum
1698 750 1879 806 timore

199 821 208 832 '
314 824 481 896 (Psal.
508 843 566 894 ιι,
598 825 708 898 ll).
739 827 841 884 Ubi
870 829 1028 886 timor
1055 841 1111 886 et
1137 842 1338 890 tremor
1365 845 1468 904 est,
1493 837 1566 894 ibi
1594 854 1702 895 non
1729 840 1878 898 vocis

309 920 469 976 elatio
494 929 597 988 est,
628 922 722 978 sed
756 924 947 980 anima:
976 925 1171 982 ﬁebilis
1204 938 1259 984 et
1293 929 1587 1002 iacrymosa
1621 932 1876 1004 dejectio.

305 1010 567 1069 Omnibus
604 1013 811 1070 actibus
846 1016 950 1071 tuis
985 1015 1311 1088 diligentiam
1347 1021 1561 1092 adhibe,
1593 1025 1714 1095 quia
1743 1027 1879 1082 scri-

308 1113 454 1176 ptum
476 1115 558 1162 est
581 1123 597 1161 :
622 1105 929 1162 Maledicta“
958 1109 1109 1164 homo
1127 1113 1212 1181 qui
1233 1113 1358 1183 facit
1389 1131 1518 1186 opus
1558 1115 1770 1173 Domini
1798 1135 1878 1175 ne-

307 1197 553 1270 gligenter
579 1196 788 1271 (lenm.
820 1215 964 1269 vat,
993 1203 1104 1272 10).
1133 1203 1352 1260 Crescat
1393 1208 1447 1262 in
1480 1217 1532 1264 te
1574 1223 1694 1264 cum
1723 1211 1878 1267 annis

304 1292 499 1361 gratia,
529 1302 736 1348 crescat
775 1308 897 1349 cum
923 1300 1080 1349 aetate
1107 1294 1344 1364 justitia;
1377 1307 1429 1353 et
1457 1299 1592 1356 ﬁdes
1613 1315 1679 1356 eo
1705 1299 1879 1370 perle-

303 1380 442 1436 ctior
468 1381 730 1451 videatur,
764 1398 869 1454 quo
893 1384 1074 1440 senior
1097 1399 1159 1441 es
1200 1403 1213 1438 :
1249 1386 1372 1456 quia
1403 1386 1660 1444 Dominus
1693 1399 1878 1446 noster

303 1475 480 1542 Jesus,
507 1475 598 1546 qui
624 1476 779 1532 nobis
799 1477 1012 1533 vivendi
1039 1477 1256 1550 reliquit
1275 1481 1602 1550 exemplum,
1633 1483 1879 1554 proﬁcie-

301 1570 399 1627 bat
440 1585 544 1625 non
572 1580 720 1626 tetate
757 1580 960 1628 tantum
999 1587 1278 1644 corporea,
1315 1575 1409 1630 sed
1453 1583 1509 1631 et
1535 1575 1787 1645 sapientia
1829 1585 1877 1631 et

301 1663 471 1732 gratia
508 1662 733 1733 spiritali
763 1679 934 1718 coram
959 1662 1064 1718 Deo
1091 1671 1139 1719 et
1175 1663 1463 1720 hominibus
1490 1665 1640 1738 (Luc.
1674 1682 1733 1735 il,
1760 1665 1873 1738 25).
1911 1711 1918 1722 .

299 1755 478 1809 (tione
506 1761 714 1825 tempus
736 1753 790 1810 in
819 1769 926 1823 quo
952 1765 1003 1810 te
1029 1770 1136 1810 non
1181 1756 1456 1812 meliorem
1488 1758 1744 1824 senseris,
1777 1758 1880 1814 hoc

301 1856 358 1902 te
373 1847 577 1902 aestima
601 1847 916 1919 perdidisse.
933 1847 1183 1919 Cmptum
1205 1850 1521 1921 virginitatis
1547 1853 1878 1922 propositum

1980 659 2085 714 lico
2113 659 2228 714 sine
2248 660 2428 726 dubio,
2457 662 2606 732 cujus
2638 664 2819 720 sedem
2841 665 3064 732 obtinet,
3085 666 3273 736 spiritu
3293 667 3548 733 animata,

1982 759 2086 806 tam
2117 764 2360 807 severam
2390 768 2562 823 nuper
2589 754 2893 826 hujusmodi
2919 757 3235 814 sententiam
3266 760 3468 825 statuit,
3494 767 3551 812 ut

1979 843 2088 908 vix,
2118 841 2202 898 vel
2231 843 2541 913 poenitentia
2571 845 2783 917 dignam
2809 847 3088 917 judicaret,
3108 865 3226 920 qua:
3253 850 3551 905 sanctiﬁca-

1980 943 2092 991 tum
2133 935 2246 991 Deo
2281 950 2474 1006 corpus
2503 935 2785 994 libidinosa
2818 939 3246 1009 coinquinatione
3279 940 3546 996 violasset.

2051 1024 2140 1082 i9.
2180 1026 2312 1083 Esto
2336 1041 2465 1098 ergo
2487 1027 2736 1100 omnibus
2762 1028 2974 1086 vivendi
3004 1030 3193 1096 forma,
3224 1041 3341 1086 esto
3369 1046 3550 1086 exem-

1980 1117 2160 1188 plum;
2197 1119 2441 1190 praecede
2473 1127 2527 1174 et
2552 1119 2606 1174 in
2633 1128 2754 1175 actu
2791 1135 2926 1191 quos
2955 1119 3009 1176 in
3034 1122 3290 1177 castitatis
3317 1123 3549 1176 sanctiﬁ-
3655 1161 3667 1171 ς

1979 1212 2192 1268 catione
2234 1213 2538 1282 praecurris.
2571 1212 2842 1284 Virginem
2871 1225 2924 1271 te
2956 1214 3011 1270 in
3049 1215 3298 1272 omnibus
3324 1216 3546 1282 exhibe;

1980 1303 2115 1360 nihil
2137 1304 2498 1377 corruptionis
2528 1305 2810 1376 objiciatur
2835 1307 2996 1377 capiti
3024 1314 3140 1374 tuo,
3179 1307 3330 1378 cujus
3355 1322 3549 1378 corpus

1981 1400 2248 1471 integrum
2277 1409 2377 1466 est,
2425 1408 2563 1457 utet
2606 1409 2695 1456 tua
2722 1401 2794 1456 sit
2833 1400 3150 1457 inviolabilis
3195 1402 3549 1457 conversatio.

1984 1493 2048 1549 Et
2071 1493 2322 1563 quoniam
2352 1493 2492 1548 sicut
2514 1493 2566 1547 in
2596 1492 2818 1548 exordio
2843 1491 3084 1563 epistola:
3112 1493 3317 1563 praelati
3345 1507 3548 1556 sumus.

1980 1599 2035 1646 te
2069 1588 2163 1644 Dei
2203 1587 2523 1644 sacriﬁcium
2556 1586 2782 1652 factum;
2820 1588 2962 1659 quod
2998 1588 3184 1658 utique
3212 1589 3550 1644 sanctitatem

1980 1697 2132 1739 suam
2159 1681 2320 1738 etiam
2353 1680 2474 1736 aliis
2510 1680 2784 1751 impertit;
2824 1689 2884 1736 ut
2916 1681 3157 1753 quisquis
3192 1695 3258 1737 ex
3299 1695 3366 1736 eo
3393 1680 3550 1750 digne

1981 1773 2291 1844 sumpserit,
2327 1771 2765 1828 sanctiﬁcationis
2797 1779 2854 1827 et
2882 1771 2995 1842 ipse
3032 1772 3103 1828 sit
3140 1770 3439 1842 particeps;
3482 1772 3551 1824 ita

1983 1881 2111 1937 ergo
2136 1875 2192 1923 et
2229 1881 2323 1935 per
2352 1875 2422 1931 te,
2457 1864 2609 1937 quasi
2645 1879 2740 1935 per
2771 1863 3012 1920 divinam
3053 1863 3280 1920 hostiam
3318 1861 3554 1917 sanctiﬁ-

298 1939 372 1994 ad
405 1940 566 1996 ﬁnem
596 1954 766 2012 usque
792 1955 1092 2008 conserva;
1141 1943 1266 2013 quia
1302 1959 1408 1998 non
1446 1942 1729 2000 inchoasse
1758 1953 1874 2000 tan-

1980 1970 2169 2016 centur
2186 1968 2240 2015 et
2260 1968 2490 2023 caeteras,
2519 1972 2641 2012 cum
2664 1955 2856 2027 quibus
2878 1944 2931 2012 te
2953 1955 3023 2011 ita
3049 1955 3105 2010 in
3131 1954 3379 2010 omnibus
3405 1951 3549 2010 exhis

298 2041 440 2098 tum,
478 2033 572 2089 sed
605 2033 896 2103 perfecisse
926 2033 1139 2090 virtutis
1164 2045 1268 2098 est,
1309 2037 1450 2092 sicut
1485 2035 1540 2092 in
1584 2037 1875 2109 Evangelia

299 2123 561 2183 Dominus
599 2126 674 2183 ait
711 2146 724 2181 :
760 2127 862 2196 Qui
895 2131 1279 2200 perseveraverit
1311 2147 1467 2201 usque
1503 2134 1558 2186 in
1597 2133 1752 2201 ﬁnem
1791 2134 1874 2188 hic

292 2218 473 2271 salvus
499 2218 597 2274 erit
624 2217 840 2290 (Matth.
872 2236 999 2285 χχιι,
1033 2222 1147 2292 l0).
1176 2219 1318 2279 Cave
1345 2238 1412 2278 ne
1439 2223 1526 2279 cui
1556 2223 1638 2279 vel
1677 2239 1875 2280 concu-

292 2309 542 2380 piscendi
567 2312 899 2369 occasionem
926 2314 1130 2371 tribuas
1153 2332 1167 2370 :
1191 2316 1316 2386 quia
1339 2331 1568 2386 sponsus
1593 2327 1714 2374 tuus
1734 2317 1875 2373 Deus

289 2402 479 2457 zelans
519 2411 601 2459 est
643 2421 656 2460 :
688 2404 1026 2462 criminosior
1059 2416 1143 2462 est
1179 2409 1323 2464 enim
1361 2407 1560 2465 Christi
1605 2409 1872 2477 adultera,

1979 2053 2128 2122 beas,
2160 2061 2218 2108 ut
2254 2051 2495 2123 quisquis
2537 2051 2702 2105 vitam
2737 2057 2881 2105 tuam
2919 2057 3013 2105 aut
3045 2048 3228 2104 auditu
3269 2045 3553 2116 contigerit

1979 2156 2074 2202 aut
2114 2145 2252 2209 visu,
2292 2143 2729 2201 sanctiﬁcationis
2772 2143 2877 2198 vim
2908 2143 3122 2209 sentiat,
3161 2149 3218 2196 et
3258 2139 3311 2195 in
3349 2148 3551 2194 tantum

1979 2240 2081 2314 sibi
2098 2239 2361 2310 intelligat
2376 2239 2600 2310 gratiam
2614 2252 2676 2293 ex
2696 2245 2782 2292 tua
2801 2234 3208 2292 conversatione
3227 2230 3548 2296 transfundi,

1981 2341 2039 2389 ut
2065 2333 2191 2389 dum
2224 2342 2275 2388 te
2305 2331 2502 2387 imitari
2537 2329 2888 2401 concupiscit,
2927 2327 3019 2384 Dei
3052 2325 3316 2384 sacriﬁcio
3343 2335 3397 2382 et
3440 2327 3549 2394 ipse

1979 2429 2050 2482 sit
2077 2427 2289 2498 dignus.

1734 2647 2106 2713 MONITUM
2791 2682 2794 2685 ·
3113 2718 3116 2720 ν

735 2799 844 2884 ΙΝ
915 2799 1006 2884 S.
1064 2799 1625 2886 AMBROSII
1700 2800 2324 2888 SERMONES
2403 2795 3115 2908 SEQUENTES.

371 3127 466 3183 llis
492 3141 623 3208 sane
655 3130 824 3208 tribus
845 3131 1182 3208 sermonibus
1223 3133 1400 3188 locum
1445 3129 1582 3208 inter
1609 3125 2124 3208 S._Mediol_t_tnensis
2146 3129 2399 3208 episcopi
2416 3141 2579 3199 opera
2619 3129 2756 3208 sicut
2796 3127 2952 3208 ratio,
2977 3127 3046 3181 ita
3077 3125 3226 3208 ordo
3246 3122 3546 3208 vindicabat

280 3199 724 3272 chronologicus.
752 3198 859 3256 Cur
884 3217 1010 3272 ergo
1065 3204 1116 3256 in
1159 3202 1262 3258 hoc
1287 3214 1433 3272 temo
1459 3201 1617 3270 paulo
1663 3199 1818 3254 devia
1844 3198 2080 3256 editione
2104 3194 2310 3272 donati
2336 3194 2484 3272 'sint',
2521 3199 2812 3268 prtesertim
2854 3199 2905 3254 in
2947 3211 3105 3272 causa
3115 3195 3407 3272 _fuit_ta_n_ta
3425 3194 3548 3272 _illos

279 3285 348 3324 ex
360 3266 601 3352 piscandi
632 3269 915 3354 difﬁcultas
944 3266 1001 3327 ut
1033 3273 1343 3354 non_niinus
1373 3266 1541 3354 tritius
1565 3271 1652 3328 vel
1683 3278 1912 3354 quatuor
1943 3270 2218 3326 mensibus
2356 3266 2531 3354 Patris
2555 3285 2775 3354 operum
2817 3269 3028 3354 recusio
3051 3266 3549 3354 dili'errihdebnisset

282 3335 615 3423 ut_’ipso.rnm
643 3343 950 3423 accessione
987 3345 1368 3423 complet-etuti.
1399 3342 1569 3410 Quam
1597 3335 1841 3423 _quidetn
1879 3356 2082 3423 moram
2112 3357 2216 3396 non
2245 3335 2775 3423 diligentiaadtantnm
2815 3349 3032 3423 nostris,
3067 3338 3161 3421 sed
3191 3338 3349 3392 etiam
3381 3335 3549 3423 avidis

280 3408 716 3492 subscriptor-um
744 3414 881 3492 votis'
912 3408 1300 3492 intolerabilem
1329 3408 1446 3492 _fore
1474 3408 1786 3492 sentientes,
1817 3411 2287 3492 Atnbrosianarum
2317 3408 2743 3492 lucubrationum
2766 3409 3210 3492 seriem..quippe
3243 3423 3361 3477 qua:
3391 3408 3539 3492 locu-

280 3477 584 3554 pletissima
609 3482 719 3554 jam
745 3483 1012 3551 evaderet,
1042 3486 1149 3539 cito
1175 3486 1488 3554 clausimus,
1519 3483 1867 3554 sequentique
1896 3489 2040 3537 tomo
2061 3497 2336 3554 sermones
2363 3483 2715 3538 Sessonianos
2749 3477 3157 3538 destinavimus
3176 3494 3240 3534 co
3279 3477 3448 3548 magis
3476 3477 3537 3531 li-

279 3551 479 3608 benter
506 3552 650 3622 quod
677 3555 827 3624 quasi
867 3555 1174 3626 appendicis
1200 3557 1318 3611 vice
1343 3556 1410 3611 ad
1429 3551 1674 3625 quartum
1701 3551 1954 3609 saeculum
1975 3561 2153 3609 tomus
2183 3553 2272 3609 ille
2295 3555 2572 3608 iuncturus
2600 3563 2766 3609 esset.

949 3819 1111 3920 ι).
1200 3817 1888 3925 LEANDRI
1959 3765 2920 3922 PRXEFATIO.’

351 4186 397 4244 l.
440 4186 620 4244 Sancti
668 4185 919 4241 Ambrosii
946 4186 1136 4257 scripta
1171 4201 1368 4241 summo
1393 4189 1446 4240 in
1477 4185 1662 4242 honore
1694 4186 1864 4242 habita
1891 4186 1940 4251 C
1969 4187 2200 4244 alienum
2233 4186 2517 4242 redderent
2542 4186 2642 4258 (b).
2671 4186 2847 4254 Quare
2871 4169 2973 4239 non
3011 4182 3288 4239 defuerunt
3325 4181 3546 4236 Romani

275 4288 425 4345 sunt,
449 4296 606 4347 eaque
640 4279 694 4332 in
736 4278 910 4333 multis
939 4279 1062 4334 olim
1086 4278 1264 4342 vititua
1283 4295 1316 4333 a
1345 4277 1600 4334 Maurinis
1631 4293 1867 4348 praepar-

275 4380 405 4440 gata
461 4374 623 4440 fuere.
655 4399 724 4410 --
764 4369 946 4425 Sancti
992 4369 1286 4438 Ambrosii,
1313 4371 1402 4442 qui
1446 4371 1644 4428 saeculo
1680 4379 1869 4442 quarto

275 4461 647 4531 episcopalem
661 4459 942 4517 Mediolani
955 4461 1339 4520 nobilissimam
1352 4463 1530 4520 sedem
1544 4463 1734 4531 tenuit,
1751 4463 1868 4533 plu-

275 4551 410 4608 rimi
448 4566 664 4623 semper
691 4552 888 4622 scripta
911 4551 1101 4609 iecisse
1139 4551 1347 4624 Patres,
1387 4555 1665 4625 pontiﬁces
1695 4556 1866 4612 maxi-

275 4659 425 4711 mo=,
457 4644 683 4700 concilia
723 4643 1072 4712 mcumenica,
1116 4654 1170 4702 et
1212 4647 1468 4717 ipsosmet
1513 4648 1866 4706 heterodoxos

275 4753 449 4794 nemo
497 4736 732 4792 eruditus
771 4724 982 4806 ignorat
1024 4735 1124 4808 (a).
1181 4739 1426 4795 Attamen
1473 4754 1623 4810 aeque
1667 4748 1866 4797 norunt

277 4844 476 4884 omnes
505 4868 520 4894 ,
589 4830 728 4884 inter
774 4842 935 4898 opera
962 4828 1185 4898 hujusce
1248 4831 1568 4886 sanctissimi
1627 4831 1869 4900 praesulis

278 4921 594 4991 apocrypha
624 4919 787 4975 multa
821 4919 983 4975 fuisse
1024 4920 1190 4975 relata
1233 4921 1520 4992 multisque
1565 4921 1701 4978 adeo
1729 4921 1871 4978 vitiis

279 5013 509 5090 referta,
540 5021 601 5067 ut
625 5012 876 5090 quiddam
917 5013 1078 5070 etiam
1121 5028 1152 5068 a
1173 5013 1437 5071 catholico
1463 5029 1624 5072 sensu
1651 5030 1872 5086 prorsus

359 5146 392 5179 "
421 5143 721 5216 Epistolam
767 5144 1227 5215 nuncUpatoriam,
1255 5160 1374 5216 qua:
1411 5144 1542 5216 huic,
1570 5146 1870 5216 prmfationi

282 5213 531 5287 prmpmii
558 5213 810 5287 debebat,
846 5213 1028 5287 errore
1061 5213 1238 5272 autem
1268 5213 1651 5287 iypographico
1677 5219 1874 5274 omissa

282 5296 395 5344 est.
428 5285 620 5357 legesis
646 5285 712 5340 ad
737 5287 939 5341 calcem
969 5286 1127 5357 hujus
1155 5285 1307 5343 torni.
1330 5285 1486 5343 Eutr.

363 5357 442 5427 (a)
487 5355 689 5427 Videsis
740 5357 934 5412 selecta
987 5355 1224 5413 veterum
1271 5359 1602 5426 testimonia,
1653 5373 1775 5427 qua:
1818 5359 1873 5423 in

285 5426 469 5500 primo
495 5426 762 5500 volumine
799 5427 858 5500 ὃ.
885 5429 1150 5500 Ambrosii
1180 5443 1333 5500 oper.
1365 5429 1464 5485 sub
1502 5426 1810 5500 praefatione
1843 5445 1874 5484 a

288 5498 548 5552 blant-iiiis
577 5498 796 5551 collecta
825 5498 1108 5556 habentur.

367 5567 446 5637 (b)
478 5567 652 5639 Porro
673 5568 799 5622 olim
833 5568 888 5623 S.
917 5569 1200 5626 Ambrosio
1228 5569 1294 5624 ad
1341 5569 1586 5626 Paulinas
1613 5570 1871 5639 epistolas

1978 4279 2277 4350 p0ntiﬁces,
2312 4279 2400 4349 qui
2434 4293 2556 4334 cum
2587 4287 2693 4333 tam
2720 4277 2914 4334 veteris
2952 4285 3164 4345 tamque
3199 4275 3333 4330 bene
3375 4273 3551 4328 meriti
3615 4343 3626 4355 δ

1974 4372 2041 4426 de
2066 4370 2306 4428 Ecclesia
2334 4369 2505 4426 Patris
2533 4370 2729 4439 scripta
2759 4368 2826 4424 ad
2863 4382 3009 4424 sana:
3035 4367 3294 4423 doctrina:
3332 4365 3543 4421 laudem

1962 4467 2230 4536 'cuperent
2254 4464 2608 4533 elﬁorescere,
2640 4464 2768 4520 viris
2793 4463 2964 4520 doctis
2991 4463 3338 4519 vehementer
3367 4470 3548 4517 essent

1975 4567 2244 4626 auctores,
2275 4567 2330 4613 ut
2360 4557 2572 4614 collatis
2611 4555 2776 4624 curis,
2816 4556 3110 4612 ad'vnovam
3145 4555 3432 4612 editionem
3457 4569 3552 4609 ex-

1978 4649 2272 4707 cudendam
2297 4651 2514 4720 Optimae
2541 4658 2681 4705 nota:
2707 4647 2922 4704 codices
2947 4647 3135 4703 sedqu
3157 4646 3548 4725 perquirerent,

1975 4743 2240 4813 simulque
2262 4741 2602 4807 conferrent;
2641 4755 2712 4796 ex
2757 4739 2948 4810 quibus
2977 4747 3031 4794 et
3056 4738 3316 4809 genuinos
3337 4743 3553 4806 possent

1977 4835 2358 4891 Ambrosianus
2387 4833 2525 4890 fetus
2557 4831 2806 4902 seligere,
2839 4830 3000 4886 falsos
3041 4843 3314 4898 respuere,
3342 4836 3396 4882 et
3430 4839 3550 4880 ccr-

1975 4935 2058 4982 tas
2082 4924 2321 4996 ejusdem
2367 4923 2608 4995 praesulis
2653 4921 2949 4978 sententias
2977 4920 3190 4977 elicere.
3234 4918 3367 4974 Hinc
3406 4927 3553 4968 man-

1977 5017 2114 5074 datis
2153 5031 2483 5073 snmmorum
2519 5014 2825 5086 pontiﬁcum
2853 5013 2932 5069 Pii
2957 5012 3044 5079 ιγ,
3069 5020 3125 5068 et
3154 5011 3230 5067 Pii
3254 5009 3316 5077 γ,
3351 5007 3554 5076 Grego-

1985 5147 2242 5202 eoluntate
2282 5147 2571 5204 demantur:
2612 5160 2717 5199 esse
2743 5145 2804 5197 ab
2828 5159 2999 5198 errore
3036 5141 3248 5195 resilire.
3302 5135 3558 5203 Explora-

1986 5227 2094 5272 tum
2120 5234 2316 5287 quoque
2346 5218 2491 5272 ulcus
2512 5226 2604 5281 est,
2637 5217 2774 5288 quod
2815 5216 2993 5288 inurito
3021 5214 3287 5288 fastisque
3310 5222 3417 5288 esse
3439 5221 3558 5288 con-
3613 5234 3618 5238 -

1991 5279 2173 5356 tendit,
2200 5279 2357 5342 ua'ore
2386 5279 2595 5358 propter
2612 5279 2924 5340 adulterium
2955 5279 3255 5358 repudiata,
3281 5279 3437 5330 aliam
3480 5279 3548 5331 du

1986 5375 2098 5413 cere
2125 5375 2141 5412 :
2164 5355 2319 5412 uxori
2351 5355 2519 5412 autem
2550 5358 2611 5411 ab
2654 5358 2885 5410 adultero
2920 5355 3411 5425 conjugeseparatg;
3449 5365 3560 5401 cum

1986 5429 2091 5484 alio
2118 5430 2248 5483 inire
2267 5431 2561 5502 conjugium
2585 5431 2735 5482 licere
2776 5418 3103 5502 ne_gat_(ll'inc
3132 5418 3337 5502 canon,
3366 5418 3509 5502 Uxor
3529 5435 3560 5472 α

1987 5502 2095 5554 viro
2136 5502 2222 5564 l7,
2263 5492 2528 5562 cntt'sf52,
2576 5507 2763 5573 (tumst.
2795 5492 2869 5573 _7,
2911 5492 3124 5573 deﬂuo
3153 5492 3387 5573 _Romani
3436 5505 3558 5545 cor-

1989 5579 2224 5627 rectores
2258 5572 2468 5627 videndi
2499 5565 2665 5627 sun't).
2701 5567 2806 5621 Sed
2835 5581 2925 5619 nec
2959 5566 3053 5620 illa
3097 5565 3246 5619 eniam
3289 5565 3413 5616 satis
3435 5575 3559 5614 sana

291 5615 670 5712 tribuebantur
697 5615 1355 5712 commentariafquorum
1399 5656 1528 5697 sane
1564 5615 1750 5712 auctor
1769 5641 1876 5698 alio
1899 5615 1960 5679 Ῐ)
1985 5651 2128 5707 sunt,
2157 5642 2294 5712 quod
2338 5646 2523 5712 {uetant
2569 5615 2643 5694 cui
2680 5636 2954 5712 imaginem
2994 5637 3084 5690 Dei
3114 5636 3372 5712 mulierem
3412 5643 3559 5712 _esse:

289 5706 425 5780 quid
455 5723 572 5762 cum
603 5723 730 5763 sana
745 5710 983 5766 doctrina
1011 5706 1162 5766 haud
1175 5726 1469 5766 consonum
1495 5712 1672 5767 habet.
1696 5710 1868 5780 Certe,

290 5776 538 5853 scribunt
567 5780 889 5853 licuedictini
907 5782 1142 5837 editores
1162 5783 1214 5836 in
1235 5783 1490 5838 admonit.
1515 5798 1679 5853 praev.
1708 5791 1748 5837 t.
1773 5776 1866 5849 lV,

293 5848 356 5902 in
383 5849 608 5916 appetiti.
631 5849 741 5924 _col.
794 5853 883 5924 50,
918 5853 1121 5921 defendi
1145 5868 1242 5906 non
1266 5863 1424 5922 potest
1446 5848 1617 5908 eorum
1646 5855 1720 5924 (id
1760 5848 1863 5920 cst,

293 5919 824 5987 wmmentariorutn)
840 5919 1034 5993 auctor,
1049 5924 1170 5993 quin
1191 5919 1305 5978 cum
1327 5924 1546 5994 Origene
1560 5919 1793 5992 senserit,
1811 5927 1865 5980 in

1985 5703 2245 5784 episcopos
2299 5703 2611 5784 superiorem
2682 5703 3015 5784 ρνςῇὑψειιῄἰσ⁸
3042 5709 3258 5778 gradum
3320 5703 3561 5784 obtinere,

1985 5771 2075 5838 a'ut
2100 5771 2296 5838 n'i'versa
2321 5771 2516 5838 institui
2550 5771 2890 5842 ordinatione,
2924 5771 3222 5850 inficimur;
3253 5785 3299 5828 et
3326 5771 3560 5850 quieditur

1983 5856 2090 5908 alia
2113 5860 2370 5908 communi
2394 5853 2757 5909 catholicorum
2783 5854 2948 5908 sensui
2981 5843 3148 5905 minus
3175 5860 3401 5915 Cottgt'tta
3440 5843 3561 5895 sub-

1979 5926 2105 5980 inde
2136 5925 2313 5979 tradit.
