4032 6440
478 325 543 384 at
1443 321 1497 381 ε.
1537 317 1862 380 Αιιθιιοειι
1901 320 2441 381 usoromnsnsrs
2481 320 2782 382 EPISCOP!
3160 305 3167 311 ’
3666 326 3739 386 sa

476 440 540 497 rli
562 437 701 506 χιιι,
724 452 787 495 ac
816 438 994 495 studio
1018 445 1073 493 et
1096 437 1278 492 labore
1298 433 1433 493 Sixti
1465 434 1530 503 υ,
1560 431 1800 491 Romana
1830 435 2035 493 Ambro

2158 434 2261 505 bis,
2291 436 2506 508 accipio,
2536 442 2594 492 et
2612 433 2806 506 arripio
2832 449 2853 499 ;
2893 449 2987 489 con
3026 447 3152 489 vero
3176 442 3353 490 servat
3382 451 3415 490 n
3440 444 3560 492 ante
3585 435 3625 503 ι,
3658 453 3731 506 m,

475 532 540 590 sii
558 546 780 603 operum
820 532 984 591 editio
1012 537 1327 591 ceterarum
1365 529 1605 591 omnium
1653 528 2045 591 absolutissima

475 625 671 696 prodiit
698 626 749 681 in
771 625 942 681 lucem
973 621 1067 695 (α).
1097 622 1295 680 Verum
1320 636 1442 683 cum
1469 630 1527 681 et
1553 622 1605 681 in
1634 620 1724 683 illa
1752 636 1859 681 non
1881 634 2047 691 pauca

475 718 856 787 reperirentur,
900 731 1043 787 quat.
1088 724 1149 777 ut
1187 716 1240 773 in
1268 713 1510 784 ejusdem
1530 712 1589 769 S.
1620 712 1857 793 doctoris
1882 727 2048 782 opera

475 807 677 878 pralati
716 816 842 867 sunt
878 807 1101 870 ﬂatu-ini
1153 806 1253 879 (bl,
1300 820 1408 863 non
1460 804 1623 863 modo
1642 805 1711 863 ab
1752 804 2044 872 haereticis,

474 914 657 957 verum
685 903 846 957 etiam
868 901 938 958 ab
964 899 1281 956 orthodoxis
1308 898 1452 959 baud
1494 899 1613 959 sine
1637 911 1799 955 causa
1826 898 2048 957 minime

473 994 853 1063 probarentur;
894 1002 1093 1063 prresto
1137 992 1237 1049 fuit
1284 993 1396 1069 ipsa
1444 993 1802 1053 laminarum
1833 1006 2044 1058 manus,

392 1128 401 1134 ι
474 1087 563 1155 qui
592 1086 887 1153 Herculeis,
910 1095 969 1141 ut
997 1085 1069 1141 ita
1092 1086 1294 1157 dicam,
1337 1086 1506 1144 ferme
1532 1085 1818 1147 exantlatis
1848 1086 2050 1153 labari-

473 1173 572 1233 bus
602 1178 653 1233 iu
675 1178 935 1235 rimandis
960 1178 1321 1247 bibliothecis,
1344 1189 1398 1237 et
1419 1179 1690 1235 codicibus
1708 1178 2048 1236 conferendis

471 1267 711 1339 episcopi
760 1267 1172 1331 Mediolanensis
1216 1269 1413 1339 scripta
1446 1269 1597 1329 omni
1642 1284 1794 1327 navo
1824 1280 2048 1340 purgata

472 1371 682 1420 suomet
708 1363 1056 1420 restituerunt
1083 1364 1291 1429 honori.
1320 1378 1517 1421 novam
1548 1361 1907 1433 pervulgando
1934 1361 2047 1419 edi-

472 1451 695 1519 tionem.
719 1468 840 1524 qua
860 1454 1164 1525 superiores
1193 1469 1382 1513 omnes
1424 1453 1612 1524 iudicii
1652 1454 1957 1511 maturitate
1994 1463 2048 1515 et

471 1547 806 1606 multitudine
832 1549 1150 1609 eruditionis
1184 1550 1341 1609 facile
1366 1548 1642 1620 superavit
1665 1549 1762 1619 (ο).

539 1639 602 1695 11.
639 1639 894 1699 Moerim:
910 1657 998 1699 unt
1047 1642 1203 1701 editio
1251 1642 1422 1725 tribus
1479 1640 1675 1699 ditatur
1729 1641 2046 1699 sermonibus

2149 545 2205 598 ρ.
2235 543 2296 594 r;
2321 536 2481 599 atque
2508 528 2563 583 in
2586 541 2856 598 nunquam
2874 525 3100 582 dimittit
3122 544 3158 581 η
3188 533 3314 582 ante
3337 528 3389 593 li,
3421 542 3491 590 in,
3524 544 3579 598 p,
3605 544 3655 593 s,
3682 529 3731 584 si

2149 619 2338 688 impleo
2357 621 2576 678 verbum
2591 619 2886 689 exceperis.
2903 619 3180 677 Vocabula
3201 629 3381 676 autem
3410 621 3554 690 aput,
3575 623 3733 688 eaut,

2148 713 2286 781 illul,
2298 715 2441 778 istut,
2449 717 2622 787 jubet,
2638 723 2772 782 ιιι..
2786 728 3016 784 quorum
3027 713 3186 769 lectio
3199 714 3509 784 plerumque
3518 727 3549 768 a
3568 728 3735 770 sertae

2151 804 2357 864 aurium
2386 806 2671 863 scribentis
2690 806 2890 861 dictata
2911 806 3075 862 verba
3100 804 3416 875 excipientis
3439 805 3731 875 pendebat,
3835 794 3850 814 ⁸

2150 897 2263 957 lere
2283 912 2494 968 temper
2520 899 2744 955 recitato
2767 897 2927 955 modo
2952 899 3004 953 in
3027 896 3213 954 codice
3235 898 3431 967 scripta
3459 898 3721 966 reperies,

2151 986 2205 1042 in
2234 1003 2340 1057 quo
2381 988 2521 1045 bona
2570 997 2822 1060 rectaque
2861 988 3126 1058 scriptura
3178 987 3461 1056 habentur,
3507 989 3731 1056 caelum,

2150 1081 2676 1152 coudicio,intellsgo,
2690 1080 2935 1153 querella,
2954 1080 3153 1148 uincla,
3176 1092 3337 1151 atque
3351 1081 3454 1136 alia
3480 1080 3731 1151 plurima,

2151 1187 2271 1240 quae
2300 1173 2351 1231 in
2375 1174 2509 1231 meis
2545 1171 2766 1231 scboliis
2785 1172 3225 1243 palmographicis
3258 1173 3427 1229 textui
3448 1173 3737 1230 substratis

2152 1264 2294 1323 haud
2322 1265 2658 1323 inobservata
2694 1265 2904 1335 reliqui.
2954 1264 3105 1321 Nulla
3152 1273 3409 1334 praterea
3455 1265 3510 1320 in
3544 1264 3735 1321 codice

2150 1373 2314 1430 pausa
2377 1368 2482 1427 est,
2546 1358 2691 1414 nulla
2737 1357 3106 1414 admirationis
3158 1358 3246 1414 vel
3299 1357 3735 1428 interrogationis

2151 1450 2327 1520 signa,
2370 1449 2513 1507 nulla
2559 1449 2840 1507 verborum
2888 1449 3163 1507 distinctio
3208 1459 3454 1521 apparet;
3484 1449 3579 1507 sed
3611 1464 3738 1505 raro

2149 1554 2342 1614 puncta
2364 1554 2421 1601 et
2442 1545 2627 1602 eadem
2649 1558 2863 1616 semper
2890 1544 3085 1614 media,
3118 1559 3183 1601 ac
3217 1544 3290 1600 ita
3333 1552 3535 1600 temere
3560 1558 3737 1614 appo-

2135 1639 2274 1705 sita,
2304 1647 2361 1695 ut
2385 1638 2553 1708 magis
2588 1651 2780 1695 sensus
2807 1647 3036 1707 augeant
3063 1637 3486 1708 ambiguitatem.
3518 1637 3740 1692 Littera:

469 1744 497 1784 e
530 1728 703 1787 codice
757 1730 1061 1789 SOJOTIGHO
1095 1731 1425 1803 depromptis.
1450 1760 1519 1771 —
1543 1730 1659 1787 lam
1688 1746 1813 1786 vero
1854 1732 2043 1800 quibus
2079 1796 2117 1803 _
2150 1731 2204 1784 in
2232 1729 2339 1786 ﬁne
2363 1745 2617 1787 versuum
2641 1728 2931 1797 aliquando
2967 1729 3298 1795 minuuntur,
3333 1727 3419 1783 vel
3446 1727 3502 1783 in
3544 1741 3741 1783 mono-

467 1819 674 1881 laudata
718 1824 884 1882 elitio
908 1824 1094 1894 aug~~ri
1136 1796 1324 1893 possit,
1371 1838 1520 1893 ecce,
1559 1832 1615 1879 ut
1642 1839 1742 1895 ego
1787 1796 2045 1891 arbitror,
2075 1796 2125 1859 Β
2150 1838 2392 1894 gramma
2428 1833 2643 1880 coeunt.
2710 1796 2987 1880 Librarius
3038 1822 3248 1878 nonnisi
3292 1821 3504 1892 parcius
3543 1821 3741 1877 litteris

472 1922 583 1969 tres
613 1914 743 1970 mihi
766 1929 1047 1973 sermones
1074 1915 1260 1973 inediti
1295 1915 1347 1973 in
1379 1915 1707 1975 Sessorianis
1735 1932 1904 1985 nuper
1930 1918 2048 1987 plu-

468 2003 569 2059 teis
598 2004 925 2073 depreheusi
946 2013 1090 2072 sciit,
1107 2021 1241 2076 quos
1259 2007 1453 2069 eruditi
1474 2010 1569 2063 viri
1592 2009 1705 2066 sive
1726 2009 1887 2071 fontis
1907 2011 2048 2071 unde

468 2105 684 2155 manant
713 2104 1029 2159 velumtem
1058 2107 1321 2169 spectem,
1366 2099 1481 2159 sive
1507 2101 1826 2160 documenta
1874 2103 2047 2163 utilis-

470 2187 751 2258 sima,qua:
775 2187 902 2245 inde
927 2188 994 2244 ad
1016 2188 1384 2249 informandus
1414 2192 1839 2255 Christianorum
1870 2210 2048 2259 mores

466 2277 765 2339 redundare
814 2290 1018 2341 certum
1049 2290 1152 2351 est,
1204 2284 1473 2355 paulisper
1510 2286 1822 2357 respiciant,
1860 2277 2049 2358 dignos

466 2369 620 2439 plane
641 2383 949 2442 agnoscent,
992 2374 1222 2442 conlido,
1250 2391 1384 2447 quos
1424 2378 1613 2449 cupide
1643 2394 1830 2447 omnes
1867 2394 1931 2436 ac
1953 2380 2046 2437 be-

469 2465 656 2520 nevole
685 2466 978 2537 excipiant.

532 2556 621 2612 Ill.
652 2558 940 2614 Seueriani
979 2561 1166 2617 codicis
1187 2571 1427 2631 vetustas,
1456 2574 1503 2619 et
1545 2565 1951 2639 palwograpltia.
1978 2596 2047 2606 —

466 2648 607 2705 Fons
631 2652 839 2719 quidem
868 2652 1056 2709 borum
1082 2670 1388 2711 sermonum
1417 2657 1854 2726 praeclarissimas
1880 2659 2047 2715 codex

461 2741 554 2798 ille
581 2742 983 2801 Nonantulanus
1001 2756 1104 2817 est,
1132 2748 1319 2811 forma:
1358 2748 1470 2811 fere
1496 2750 1792 2822 quadratae,
1822 2760 1878 2808 et
1896 2754 2049 2811 setti-

461 2834 678 2890 lissimis
724 2837 1049 2896 membranis
1098 2851 1431 2910 compactos,
1485 2843 1573 2913 qui
1631 2843 1898 2914 quondam
1950 2861 2046 2900 nu-

450 2928 622 2982 meris
652 2926 744 2994 60,
772 2929 860 2999 90,
895 2939 989 2986 aut
1041 2932 1145 2989 154
1193 2934 1565 3006 praesignatus,
1614 2936 1775 2992 modo
1806 2938 1855 2992 in
1906 2952 2047 2994 novo

2148 1914 2506 1986 singularibus
2525 1916 2609 1972 vel
2634 1915 2782 1986 siglis
2802 1915 2989 1982 utitur,
3000 1921 3059 1970 et
3078 1912 3291 1983 quidem
3306 1912 3524 1984 iis,qutn
3545 1912 3741 1983 pri~cis

2152 2007 2444 2065 tabellariis
2483 2008 2642 2064 obvia
2691 2008 2925 2077 fuerunt,
2974 2018 3032 2063 ut
3061 2022 3150 2064 cx.
3179 2022 3263 2078 gr.
3294 2005 3447 2076 hisp,
3478 2004 3612 2072 Das,
3637 2005 3739 2072 Ds,

2148 2099 2249 2166 ilts,
2275 2116 2391 2171 :rps,
2415 2115 2523 2171 sps,
2567 2116 2667 2164 res,
2716 2115 2824 2165 nr.,
2869 2113 2968 2170 pro
3005 2098 3199 2169 Incipit
3239 2095 3528 2162 Dominus,
3569 2094 3739 2164 Deus,

2150 2189 2317 2257 Iesus,
2355 2189 2611 2259 Christus,
2646 2190 2895 2261 Spiritus,
2943 2189 3190 2257 Sanctus,
3223 2197 3414 2257 noster,
3446 2188 3584 2247 etin
3631 2189 3742 2247 lino

2152 2294 2337 2339 vocum
2362 2280 2413 2336 ιο
2440 2289 2496 2336 et
2517 2297 2572 2352 θ’
2597 2297 2718 2339 cum
2742 2280 2920 2343 medio
2943 2290 3141 2350 puncto
3170 2295 3267 2350 pro
3303 2279 3396 2339 bus
3432 2288 3488 2336 et
3518 2294 3645 2348 quc.

2216 2373 2306 2429 IV.
2350 2373 2669 2431 Ambrosiani
2697 2389 2950 2432 sermones
2991 2382 3092 2431 tm
3122 2375 3175 2431 in
3205 2372 3301 2431 hoc
3348 2372 3525 2429 eodem
3561 2374 3742 2429 codice

2147 2467 2370 2521 contenti
2395 2482 2495 2537 qua
2519 2467 2581 2520 de
2604 2482 2657 2520 re
2684 2474 2986 2527 censeantur
3017 2466 3213 2525 inediti.
3242 2494 3311 2507 -
3338 2465 3489 2535 Quod
3517 2479 3650 2524 vero
3677 2466 3730 2522 in

2148 2556 2251 2613 hoc
2277 2559 2648 2630 antiquissimo
2693 2559 2877 2615 codice
2915 2573 3193 2615 sermones
3225 2569 3331 2615 tres
3360 2558 3417 2615 S.
3469 2559 3740 2615 Ambrosii

2085 2668 2093 2676 ·
2147 2652 2363 2708 nomine
2407 2652 2692 2722 inscriptos
2734 2651 2960 2709 inveniri
3010 2650 3240 2708 ineditos
3273 2665 3545 2717 asseram,
3582 2665 3742 2707 coar-

2145 2754 2274 2823 goat
2299 2760 2385 2802 me
2407 2760 2601 2811 nemo;
2647 2760 2767 2803 nam
2797 2747 2841 2801 si
2894 2746 2947 2803 id
2977 2748 3153 2802 minus
3183 2755 3327 2807 recte
3347 2787 3362 2812 ,
3394 2745 3532 2799 baud
3558 2753 3737 2801 tamen

2146 2845 2350 2895 temere
2381 2840 2568 2894 dixero
2590 2851 2748 2905 ;’cum
2773 2837 3008 2893 adlubita
3030 2853 3155 2893 cura
3180 2854 3281 2909 qua
3314 2853 3415 2894 non
3449 2839 3593 2909 potui
3623 2857 3654 2889 ιι
3680 2853 3739 2893 a-

2140 2932 2282 3001 jore,
2318 2930 2438 2987 illos
2467 2945 2569 2987 nec
2606 2931 2659 2985 in
2690 2930 2958 2987 Ambrosii
2996 2930 3268 3003 hucusque
3294 2930 3517 3001 vulgatis
3547 2932 3733 3000 operi-

459 3020 704 3092 catalogo
745 3037 773 3075 a
821 3039 906 3078 me
952 3024 1201 3081 confecto
1250 3026 1744 3099 quinquagesimum
1794 3030 2042 3101 quintum
2143 3021 2275 3091 bus,
2306 3036 2405 3078 nec
2455 3024 2594 3078 inter
2629 3020 2729 3079 SS.
2761 3022 3074 3092 Augustini,
3107 3021 3323 3077 Maximi
3366 3028 3422 3077 et
3464 3021 3735 3092 Fulgentii

460 3112 684 3166 sortitus
727 3123 808 3167 cst
859 3130 1160 3172 numerum.
1206 3116 1347 3189 Ejus
1394 3118 1731 3189 scripturam,
1791 3136 1911 3192 quae
1966 3121 2039 3175 ita
2065 3151 2111 3217 ε
2144 3129 2329 3185 operi.
2358 3129 2480 3187 quat
2517 3122 2725 3171 vetusta
2754 3124 2910 3171 aelate
2937 3129 3060 3170 cum
3115 3114 3476 3170 Ambrosianis
3529 3115 3734 3172 scimus

457 3203 679 3259 evanida
701 3214 804 3269 est,
837 3213 894 3261 ut
922 3206 1098 3276 plures
1136 3217 1423 3267 occurrant
1457 3212 1665 3282 paginae
1693 3211 1849 3267 valde
1895 3212 2037 3271 lectu
2066 3203 2111 3217 “’
2143 3205 2303 3263 ivisse
2344 3208 2602 3276 permixta
2623 3248 2638 3273 ,
2678 3222 2775 3262 nec
2801 3208 2941 3263 inter
2967 3207 3190 3261 aliorum
3211 3205 3314 3263 SS.
3346 3205 3563 3263 Patrum
3594 3208 3732 3264 scri-

457 3293 706 3349 dilliciles
730 3305 786 3350 et
813 3295 1133 3363 obscuratae,
1160 3298 1216 3355 in
1245 3314 1445 3357 excuso
1474 3302 1789 3371 specimine,
1814 3302 1953 3372 quod
1985 3303 2036 3358 in
2142 3304 2230 3365 pta
2260 3297 2573 3366 repererim.
2608 3296 2882 3365 Praecipue
2908 3305 3084 3352 autem
3110 3311 3289 3353 meum
3331 3295 3434 3357 hoc
3472 3296 3732 3367 praeiudi-

2136 3389 2280 3446 cium
2309 3389 2654 3444 cumulabant
2682 3390 2778 3443 tria
2802 3389 2890 3444 illa
2922 3387 3072 3445 Isaiae
3101 3390 3402 3445 testimonia
3435 3405 3493 3453 ι,
3517 3388 3604 3455 55,
3635 3389 3731 3459 51,

2137 3488 2192 3535 et
2217 3495 2299 3549 xi,
2325 3480 2380 3545 5,
2412 3494 2531 3551 qua:
2559 3480 2761 3550 integra
2789 3479 3036 3550 leguntur
3066 3479 3119 3534 in
3144 3479 3302 3536 tertio
3331 3494 3580 3537 sermone
3610 3480 3728 3552 (f);

2136 3572 2255 3642 quia
2313 3586 2506 3641 nempe
2564 3570 2891 3627 Sabatierius
2951 3572 3005 3626 in
3052 3571 3163 3626 suis
3229 3571 3435 3626 biblicis
3495 3571 3732 3642 antiquae

2135 3664 2396 3724 versionis
2441 3663 2749 3736 fragmentis
2775 3662 2885 3729 vel,
2935 3668 2995 3718 ut
3027 3662 3113 3717 illa
3146 3678 3199 3729 x,
3242 3664 3332 3733 55,
3374 3662 3462 3731 51,
3508 3663 3728 3718 nonnisi

2132 3760 2318 3819 mutila
2366 3760 2586 3826 referat,
2613 3759 2698 3816 vel
2742 3764 2800 3812 ut
2827 3754 2955 3819 illud
2986 3758 3086 3827 x't,
3116 3756 3170 3821 5,
3220 3771 3437 3827 prorsus
3484 3758 3726 3813 omittat.

2132 3854 2266 3908 Cum
2296 3855 2439 3910 enim
2468 3862 2655 3908 auctor
2674 3852 2765 3908 ille
2801 3852 2857 3908 in
2885 3850 3187 3922 quaerendis
3216 3858 3454 3906 veterum
3484 3850 3716 3905 biblica-

2131 3962 2248 4002 rum
2271 3948 2577 4003 versiouum
2615 3946 2957 4015 testimoniis,
2987 3944 3217 4000 maxime
3244 3945 3297 4000 in
3333 3943 3594 4009 Patribus,
3629 3943 3719 3998 di-

2132 4038 2399 4108 ligentiam
2421 4053 2634 4094 omnem
2657 4036 2915 4093 adbibere
2941 4036 3128 4091 solitus
3176 4035 3355 4113 fuerit,
3402 4035 3526 4090 hinc
3568 4035 3717 4090 haud

456 3382 695 3438 Romana
722 3383 780 3442 S.
814 3385 1025 3443 Maximi
1056 3388 1292 3446 editione
1315 3390 1439 3444 anni
1476 3390 1633 3460 1784,
1666 3391 1773 3447 tab.
1812 3394 1862 3459 1,
1892 3408 1947 3447 n.
1978 3392 2034 3460 2,

457 3492 578 3548 pag.
606 3478 712 3534 200
740 3479 950 3548 visitur,
982 3492 1306 3551 cognoscent
1335 3482 1549 3538 eruditi.
1597 3483 1689 3538 Illa
1728 3484 1923 3556 quippe
1950 3501 2037 3543 se-

455 3568 667 3656 cundae,
705 3578 764 3625 ut
792 3570 997 3638 dicunt,
1055 3574 1309 3629 Romana:
1358 3578 1531 3631 aetatis
1579 3576 1646 3631 ad
1676 3577 2034 3649 Langobardi-

455 3674 578 3715 cum
630 3659 709 3731 (ιι)
757 3662 1084 3732 inclinantis,
1109 3680 1177 3720 ne
1202 3680 1322 3721 cum
1369 3665 1790 3725 eminentissimo
1823 3669 2034 3728 Besutio

453 3750 624 3808 dicam
672 3769 723 3807 vi
773 3753 867 3823 (e),
915 3755 1046 3810 mibi
1091 3758 1288 3819 smculo
1316 3775 1389 3816 vu
1419 3760 1501 3818 vel
1539 3763 1606 3819 ad
1656 3767 2032 3827 summumin-

452 3855 614 3901 eunte
641 3862 734 3902 vm
758 3860 973 3904 exarata
1013 3846 1243 3906 videtur.
1276 3853 1530 3922 Ejusdem
1572 3857 1717 3911 enim
1754 3858 2031 3928 orthogra-

452 3935 574 4006 pbia
606 3936 673 3992 ad
721 3939 951 4009 priscam
992 3956 1232 3997 normam
1264 3943 1560 4001 rectissime
1601 3951 1796 4019 scripta
1826 3957 1936 4015 est;
1976 3962 2029 4005 et

448 4028 662 4099 quidem
694 4032 955 4085 constanti
986 4031 1122 4087 adeo
1155 4043 1394 4089 veterum
1420 4035 1663 4091 codicum
1695 4039 2028 4095 auctoritate

449 4121 678 4193 llrmata,
713 4134 770 4181 ut
799 4124 958 4199 plane
996 4125 1064 4181 ad
1095 4127 1378 4187 rectiorem
1416 4128 1564 4187 illum
1612 4130 1882 4189 scribendi
1912 4148 2025 4188 mo-

444 4215 570 4271 dum
599 4220 793 4277 reverti
821 4234 1041 4279 necesse
1066 4220 1157 4277 sit.
1184 4222 1303 4285 iam
1337 4238 1467 4285 vero
1496 4223 1600 4281 boc
1625 4224 1815 4282 eodem
1850 4227 1902 4282 in
1930 4241 2024 4289 co-

443 4309 562 4365 dice
586 4327 850 4379 nunquam
888 4312 1056 4373 forma
1085 4312 1128 4373 γ
1159 4315 1431 4386 Scr-ibitur,
1468 4316 1564 4377 scd
1592 4332 1807 4387 semper
1829 4326 1919 4375 est
1938 4317 2021 4384 U;

2110 4129 2428 4189 inconsulte
2476 4128 2864 4199 conjiciendum
2912 4127 3130 4198 putavi,
3182 4141 3373 4197 reapse
3432 4126 3719 4185 Sabatierii

2127 4230 2286 4277 aetate
2312 4221 2485 4277 adhuc
2508 4218 2841 4315 membranis
2865 4217 2962 4281 bos
2986 4218 3263 4283 delituisse
3289 4233 3589 4274 sermones.

2201 4314 2264 4371 V.
2306 4312 2503 4371 Eorum
2549 4311 2839 4368 set-manuni
2887 4312 3020 4369 tituli
3050 4320 3099 4366 et
3146 4312 3392 4382 analysis.
3419 4311 3714 4368 —llorum

443 4414 615 4469 neque
640 4400 741 4454 ulla
767 4401 869 4456 alia
891 4417 1050 4472 quam
1074 4419 1176 4458 una
1191 4404 1550 4479 diphthongus
1577 4424 1635 4465 ae
1657 4408 1858 4480 absque
1879 4424 2020 4469 nexu
2069 4435 2094 4467 ν
2125 4415 2302 4465 autem
2336 4406 2538 4478 primus
2579 4419 2757 4463 sermo
2802 4403 3127 4468 inscribitur,
3173 4404 3236 4457 de
3262 4399 3501 4474 Perfecto
3525 4418 3545 4468 ;
3576 4404 3715 4458 alter

442 4500 759 4563 usurpatur;
791 4493 881 4561 qui
938 4494 990 4551 in
1042 4498 1361 4564 pervetustis
1408 4498 1681 4561 codicibus
1736 4511 2021 4579 perpetuus
2048 4523 2099 4585 υ
2124 4492 2191 4554 de
2218 4498 2408 4557 eodem
2432 4505 2766 4569 argumento,
2798 4496 3051 4555 Adversus
3089 4511 3173 4552 eos
3197 4496 3283 4569 qui
3313 4496 3490 4551 dicunt
3515 4513 3709 4568 posses-

439 4581 553 4638 fere
595 4597 710 4639 mos
738 4592 842 4639 est.
885 4584 1206 4645 Constanter
1233 4602 1446 4661 quoque
1487 4588 1541 4649 in
1576 4588 1668 4645 illo
1714 4592 2021 4661 praepositio
2051 4581 2081 4585 ⁷
2126 4590 2321 4647 sionem
2350 4605 2449 4645 non
2471 4588 2874 4656 distrahendum,
2906 4587 2994 4643 sed
3014 4586 3265 4660 fructibus
3294 4587 3697 4642 misericordiam

437 4674 506 4728 ad
532 4675 726 4733 retinet
756 4676 983 4735 litteram
1012 4679 1047 4733 d
1081 4686 1208 4736 ante
1242 4697 1290 4748 c,
1332 4696 1381 4748 ε,
1424 4696 1495 4747 tu,
1527 4698 1580 4747 η,
1611 4699 1663 4753 ρ,
1696 4698 1743 4749 r,
1771 4699 1817 4748 ε,
1846 4697 2015 4759 caque

437 4766 501 4825 ad
529 4775 841 4837 sequentem
866 4781 1159 4835 consonam
1181 4786 1286 4827 non
1307 4770 1648 4842 reformatur,
1682 4773 1784 4833 nisi
1815 4774 1869 4839 in
1892 4790 2011 4832 ver-
2076 4821 2079 4823 .

507 4930 580 5002 (α)
622 4931 702 4987 Ab
728 4947 868 4991 anno
898 4933 1036 4991 1580
1069 4935 1135 4992 ad
1166 4950 1253 4991 an.
1295 4935 1448 4992 1585.

509 5003 586 5088 μ’.)
624 5002 681 5088 .'."
709 5004 936 5088 omit!»
964 5015 1005 5088 ἓ·
1031 5006 1071 5061 '-

503 5072 578 5195 30)
624 5072 952 5159 Haeccditio,
975 5076 1202 5159 incrppta
1228 5092 1316 5161 an.
1350 5077 1505 5144 1686,
1529 5078 1771 5135 absoluta
1804 5079 2009 5133 fuitan.

539 5146 570 5198 0
589 5143 819 5227 Rarisus
838 5148 1046 5227 duobus
1061 5146 1294 5227 _tn_ololto_
1316 5151 1701 5227 voluminibus;
1727 5158 1783 5227 et
1801 5150 2009 5227 iterum

430 5212 672 5290 Venetiis
700 5226 928 5290 quatuor
974 5218 1186 5277 in-folio
1212 5219 1569 5277 voluminibus
1598 5212 1697 5276 an.
1722 5221 1877 5282 1718.
1907 5235 2008 5290 qua

432 5292 571 5365 utor.
603 5284 751 5365 lianc
794 5289 1646 5365 etiam_fiirmis__excudi_curavit
1688 5284 2009 5365 Franciscus

429 5353 763 5438 Pitteriusjn
802 5359 1136 5438 suaeflicina
1170 5361 1386 5417 libraria
1418 5361 1618 5419 Veneta
1648 5373 1768 5418 octo
1800 5363 2008 5418 in-l‘olio

429 5425 744 5489 voluminib.
774 5445 859 5484 an.
895 5432 1050 5488 1781.

613 5497 672 5579 ΙιΙΔ
701 5508 802 5579 est,
827 5515 950 5579 non
1000 5503 1066 5558 ad
1110 5519 1225 5579 eam
1258 5506 1599 5579 scripturam,
1641 5520 1743 5576 qua
1793 5503 2005 5579 Longo-

429 5568 581 5650 bardi
622 5568 924 5637 utebantur,
972 5575 1154 5650 pepuli
1186 5568 1402 5650 quidem
1451 5568 1732 5650 rudes_ct_
1760 5568 1998 5650 omnium

426 5638 723 5695 litterarum
754 5638 1160 5717 expertes,_'scd
1193 5638 1261 5702 ad
1289 5662 1429 5712 eam,
1462 5662 1566 5717 qua
1619 5644 1840 5717 Italiusi
1887 5654 2010 5717 sunt

425 5723 538 5792 quo
571 5719 807 5784 tempore
848 5710 1323 5784 Langobardorum
1375 5710 1560 5789 regum
1600 5714 1858 5789 parebant
1907 5716 2006 5769 im-

424 5792 596 5853 perm.

2127 4681 2433 4759 faciendam,
2452 4681 2640 4741 lenius
2668 4694 2818 4744 vero,
2850 4681 2912 4734 dc
2932 4678 3195 4737 Charitate
3223 4696 3285 4734 ea:
3313 4678 3523 4734 lectione
3548 4683 3708 4735 sancti

2120 4771 2279 4831 Pauli
2325 4772 2540 4847 apostoli
2568 4781 2746 4830 contra
2795 4774 2954 4833 malos
2996 4774 3083 4845 qui
3117 4774 3260 4828 bonis
3301 4773 3545 4841 invident,
3578 4774 3704 4829 titu-

2193 4938 2265 5009 (e)
2299 4938 2417 4994 Em.
2450 4938 2712 5005 Besutius,
2743 4939 2826 4992 vir
2861 4936 3133 5009 excellens
3164 4936 3309 5007 omni
3344 4936 3498 5009 laude
3534 4938 3700 4994 virtu-

2120 5008 2274 5065 tis'et
2300 5009 2519 5080 ingenii,
2553 5010 2801 5078 idemque
2843 5010 2983 5080 adeo
3008 5008 3226 5075 profana
3270 5008 3581 5080 ct_maxime
3610 5025 3700 5063 sa-

2117 5095 2206 5135 cra
2235 5078 2422 5138 doctus
2450 5081 2808 5153 archeologia,
2844 5089 2899 5134 ut
2927 5079 3023 5153 sibi
3056 5094 3175 5153 eum
3218 5078 3507 5153 academici
3542 5080 3700 5135 Etruo

2116 5167 2327 5223 scarum
2383 5148 2754 5223 antiquitatum
2809 5148 3219 5223 vetustissima;
3252 5148 3401 5223 urbis
3451 5151 3697 5223 (Σιινιοιιτη

2117 5222 2408 5292 principem
2450 5220 2733 5276 Lorumoni
2765 5220 2978 5276 nomine
3024 5220 3306 5292 elegerint,
3339 5221 3452 5276 haec
3484 5221 3549 5274 de
3598 5222 3697 5273 lmc

2114 5288 2301 5348 codice
2324 5293 2375 5347 in
2407 5293 2634 5356 tutadam
2672 5292 2948 5345 (-liartaccn
2976 5288 3227 5344 scbedula
3258 5288 3397 5346 circa
3432 5307 3517 5345 an.
3560 5292 3697 5345 1750

2116 5373 2295 5417 notata
2324 5363 2537 5430 reliquit
2566 5381 2579 5418 :
2606 5363 2730 5418 Cod.
2761 5360 2881 5423 154,
2913 5360 2964 5414 in
2990 5378 3214 5432 pergam.
3241 5360 3439 5431 iri-fol,
3470 5365 3694 5417 vt‘lllllii-

2114 5434 2230 5488 simi
2260 5434 2588 5495 rharacteris,
2613 5444 2657 5486 et
2684 5432 2916 5500 fortassis
2955 5433 3130 5485 διεθηιὶ
3153 5434 3300 5497 sexti,
3329 5441 3373 5485 et
3416 5444 3546 5485 certe
3583 5450 3695 5488 mea

2149 5504 2315 5558 uident
2363 5505 2609 5559 sententia
2672 5504 2787 5573 plus
2836 5500 2977 5556 mille
3028 5503 3212 5558 abhinc
3264 5504 3410 5556 annis
3452 5506 3688 5567 scriptus.

2149 5521 2315 5558 ument
2363 5521 2609 5559 sententia
2672 5521 2787 5573 plus
2836 5521 2977 5556 mute
3028 5521 3212 5558 aonmc
3264 5521 3410 5556 annis
3452 5521 3688 5567 srrtpllll.

2113 5521 2563 5698 aforecontinet,
2614 5584 2659 5630 et
2701 5574 2862 5647 primo
2892 5589 3167 5629 sermonem
3200 5574 3260 5629 S.
3313 5573 3585 5646 Augustini
3629 5576 3691 5631 tle

2176 5656 2348 5698 uoltis.
2382 5654 2484 5698 etc.

2176 5647 2348 5710 uptiis,
2382 5654 2484 5702 etc.

2188 5664 2568 5788 mug’lcolf'pp.
2601 5716 2669 5770 27
2702 5726 2752 5772 ct
2779 5716 2849 5774 28
2881 5716 3054 5788 (Infra
3086 5716 3203 5771 coll.
3240 5715 3341 5770 156
3365 5726 3409 5770 et
3437 5716 3577 5786 158).

3974 912 3980 1125 Ι
