4032 6430
303 321 367 379 93

972 321 1328 382 SERHONES
1367 322 1542 382 TRES
1582 324 1675 382 EX
1714 325 1864 383 COD.
1909 328 2346 390 SESSORIANO.
2376 363 2444 376 —
2482 334 2862 395 PREFATIO.

3472 346 3542 406 οι

300 436 405 526 lum
448 431 675 502 praefert.
732 434 784 488 In
844 435 1013 526 priori
1061 434 1544 525 sermonev'auctor
1593 439 1856 494 nonnullis
1883 443 1937 502 Α
1959 441 2198 499 striJesu
2219 441 2415 500 Christi
2452 446 2629 503 divina
2647 450 2938 506 ethumana
2962 462 3183 523 utraque
3197 457 3426 526 perfecta
3449 475 3543 514 na-

298 524 680 594 Scripturarum
735 525 1055 580 testimoniis
1107 507 1346 582 recitatis
1399 529 1653 594 ostendit,
1708 528 1860 583 Chri-

297 616 578 670 stianorum
608 630 748 678 esse,
780 625 838 670 ut
867 617 1144 686 pervenire
1185 618 1397 672 valeant
1446 619 1514 674 ad
1545 634 1855 689 supremum

297 707 508 778 gradum
537 707 896 776 perfectionis,
925 723 1050 762 suas
1078 723 1263 763 omnes
1309 709 1581 764 facultates
1607 711 1854 778 vendere,

296 810 346 855 et
371 799 592 870 pretium
623 800 944 868 pauperibus
979 799 1320 864 distribuere,
1372 817 1534 872 seque
1565 803 1654 857 Dei
1687 806 1860 872 provi-

295 889 479 946 dentiae
506 889 635 945 adeo
661 893 1013 958 committere,
1044 902 1099 946 ut
1128 892 1320 947 divina:
1350 893 1480 961 legis
1509 907 1720 960 semper
1742 910 1854 950 me-

293 981 542 1038 ditatione
578 983 779 1038 detenti
803 1025 818 1049 ,
849 999 1164 1053 semperque
1194 993 1576 1054 praceptorum
1618 988 1856 1042 custodia

293 1077 554 1145 occupati,
605 1090 712 1130 non
752 1074 981 1131 habeant
1006 1089 1227 1130 vacuum
1259 1084 1467 1144 tempus
1497 1092 1598 1145 quo
1624 1078 1861 1146 cogitent

294 1165 582 1230 saecularia,
619 1181 725 1236 quo
755 1182 889 1221 vane
937 1167 1090 1236 hujus
1129 1166 1310 1221 mundi
1358 1167 1704 1222 incommodis
1736 1185 1858 1236 per-

296 1261 598 1326 turbentur,
640 1277 748 1331 quo
799 1261 1131 1317 terrestrium
1163 1263 1466 1317 divitiarum
1536 1278 1630 1332 spe
1659 1262 1859 1321 caduca

292 1353 550 1408 fallantur.
595 1355 650 1408 In
684 1355 850 1409 altero
891 1355 1100 1419 eadem,
1133 1371 1249 1425 quae
1302 1357 1581 1426 superiore
1614 1371 1861 1410 sermone

289 1444 510 1512 dixerat,
551 1456 732 1500 auctor
766 1449 1080 1511 conllrmat;
1113 1455 1274 1516 atque
1316 1463 1493 1502 rerum
1523 1459 1857 1502 terrenarum

287 1545 637 1608 contemptus,
665 1545 722 1592 et
734 1538 996 1593 abdicatio
1018 1554 1175 1609 quam
1205 1539 1457 1610 gloriosa,
1489 1540 1636 1596 utilis
1667 1555 1729 1595 ac
1761 1556 1857 1596 ne-

289 1631 508 1684 cessaria
554 1629 644 1695 sit,
673 1628 872 1684 Christi
923 1640 1193 1701 praecepto
1243 1641 1402 1702 atque
1444 1632 1593 1686 Pauli
1634 1631 1858 1700 apostoli

287 1722 528 1792 exemplo
554 1723 858 1792 prepositis,
890 1734 1076 1780 contra
1123 1726 1264 1780 illius
1293 1725 1503 1781 virtutis
1530 1724 1856 1780 obtrectato-

1902 604 1920 619 '
1961 543 2099 602 tura,
2132 535 2303 606 deque
2325 539 2654 610 hypostatiea
2687 545 2884 600 unione
2911 560 2972 600 ac
2998 545 3064 600 de
3092 548 3207 617 ejus
3237 549 3498 618 baptismo
3519 596 3532 621 ,

1962 626 2229 694 passione,
2255 637 2426 684 morte
2456 639 2505 685 et
2555 632 2782 701 gloriosa
2837 638 3232 693 resurrectione
3288 641 3537 709 loquitur,

1963 731 2060 771 nec
2089 734 2192 772 non
2231 721 2470 786 quaedam
2525 723 2591 777 de
2641 740 2973 783 sacramento
3018 730 3348 798 baptismatis
3395 736 3536 803 ejus-

1961 809 2194 879 demque
2221 813 2495 870 ell‘ectihus
2532 817 2767 873 disserit.

2037 901 2116 958 Vl.
2165 903 2358 970 Quibus
2383 907 2586 962 indiciis
2631 911 2682 963 hi
2737 921 2838 966 tres
2890 929 3142 968 sermones
3181 918 3542 985 adjudirantur

1965 991 2330 1048 Mediolanensi
2380 999 2616 1070 episcopo
2665 1003 2946 1058 Ambrosio.
2977 1009 3214 1074 —Quod
3259 1019 3432 1064 autem
3491 1011 3542 1064 lii

1962 1097 2237 1141 sermones
2265 1086 2363 1155 ip~i
2414 1091 2698 1146 Ambrosio
2750 1095 3131 1152 Mediolanensi
3172 1101 3542 1170 epistmpotri-

1963 1175 2155 1231 buendi
2196 1179 2331 1242 sint,
2382 1181 2431 1234 id
2486 1185 2743 1252 permulta
2775 1196 2825 1240 et
2856 1187 3041 1242 idonea
3098 1191 3284 1245 indicia
3317 1192 3539 1247 demon-

1961 1277 2132 1321 strare
2165 1269 2432 1329 videntur.
2473 1275 2523 1326 l’
2553 1275 2605 1327 ln
2648 1276 2750 1329 illis
2779 1277 2974 1347 quippe
3009 1282 3374 1335 Ambrosianm
3404 1285 3543 1337 locu-

1961 1357 2138 1434 tiones
2188 1358 2493 1430 frequenter
2549 1377 2857 1432 occurrunt,
2911 1377 2964 1423 et
3027 1373 3328 1440 complures
3355 1375 3544 1429 crebro

1961 1450 2296 1518 reperiuntur
2339 1457 2643 1520 sententiae,
2675 1473 2793 1526 qua:
2823 1474 3042 1527 prorsus
3086 1463 3424 1520 Ambrosium
3453 1481 3541 1519 sa-

1963 1540 2141 1608 piunt;
2175 1543 2224 1596 id
2251 1544 2391 1612 quod
2424 1546 2476 1598 in
2506 1547 2725 1602 scholiis
2757 1548 3046 1604 identidem
3066 1553 3240 1622 palam
3259 1553 3379 1619 feci,
3399 1557 3542 1610 mul-

1963 1643 2121 1704 toque
2143 1635 2350 1704 plenius
2403 1646 2457 1692 et
2506 1638 2723 1694 uberius
2773 1639 2887 1696 fieri
2921 1651 3144 1711 poterat.
3175 1643 3268 1698 Cui
3320 1661 3418 1702 nec
3446 1647 3542 1700 ob-

1962 1739 2106 1784 stare
2135 1738 2190 1784 et
2219 1729 2439 1786 officere
2460 1725 2721 1798 videatur,
2751 1735 2792 1786 si
2815 1734 3099 1802 aliquando
3129 1751 3428 1792 sermonem
3459 1754 3544 1794 re-

287 1828 369 1869 res
395 1812 611 1869 evincit.
640 1812 857 1870 Demutn
887 1814 938 1868 in
971 1815 1127 1870 tertio
1155 1829 1402 1871 sermone
1430 1815 1498 1871 de
1538 1815 1734 1870 virtute
1763 1814 1866 1868 fra-
1896 1819 1942 1880 Β
1971 1821 2270 1876 missiorem
2314 1825 2363 1876 in
2391 1822 2495 1882 illis
2526 1839 2682 1893 quam
2713 1825 2762 1878 in
2795 1825 2915 1879 aliis
2946 1825 3003 1880 S.
3040 1827 3282 1894 praesulis
3310 1831 3544 1885 tractati-

289 1913 445 1960 terna:
465 1904 742 1960 elaaritatis
773 1905 882 1977 (qui
909 1905 980 1961 ita
1010 1905 1062 1960 in
1089 1906 1296 1977 longius
1325 1905 1655 1974 producitur,
1684 1916 1741 1961 ut
1766 1908 1862 1962 mi-

293 2014 385 2052 nus
401 2013 582 2054 sermo
596 2014 752 2069 quam
778 2005 1032 2055 tractatus
1056 1999 1402 2056 inseriberem
1454 1999 1672 2056 moralia
1698 2000 1862 2055 docu-
1899 2011 1905 2020 '

288 2099 458 2145 merita
491 2089 812 2159 dogmaticis
838 2091 1144 2147 cumulavit.
1190 2092 1282 2147 llla
1317 2091 1497 2162 itaque
1529 2093 1699 2160 primo
1734 2109 1861 2161 apo-

288 2182 469 2237 stoliea
496 2180 661 2238 verba
695 2182 712 2235 l
753 2181 998 2238 Corinth.
1041 2199 1164 2249 sui,
1195 2182 1249 2250 ι,
1279 2183 1334 2254 2,
1367 2183 1418 2248 5,
1449 2194 1634 2239 auctor
1663 2199 1862 2256 expen-

289 2274 432 2340 dens,
461 2273 596 2328 nihil
629 2275 780 2330 nobis
813 2274 1053 2330 omnium
1088 2274 1337 2331 virtutum
1366 2291 1562 2346 genera
1609 2276 1861 2346 prodesse

289 2369 432 2425 docet
483 2371 692 2440 absque
743 2370 1025 2439 charitate,
1076 2379 1260 2442 utpote
1314 2381 1433 2442 quae
1483 2387 1585 2426 una
1639 2378 1861 2427 ceteras

241 2521 243 2523 1
288 2475 461 2517 omnes
488 2462 842 2532 amplectatur
869 2464 1122 2531 virtutes,
1161 2472 1319 2533 atque
1345 2462 1506 2517 totius
1541 2461 1860 2517 Christiana

291 2554 625 2622 terfectionis
664 2555 732 2609 sit
784 2555 1252 2626 complementum.
1307 2554 1554 2610 Secundo
1611 2554 1674 2608 ad
1715 2555 1858 2608 varia

289 2645 559 2700 charitatis
581 2661 740 2716 opera
762 2645 1112 2711 descendens,
1141 2646 1268 2702 dum
1296 2660 1362 2701 ea
1385 2647 1652 2715 prmeipue
1683 2644 1860 2699 humi.

288 2734 461 2808 litatis,
481 2740 926 2805 mansuetudinis,
944 2739 1281 2810 benignitatis
1302 2748 1360 2797 et
1375 2738 1731 2810 simplicitatis
1741 2753 1861 2794 esse

289 2828 536 2897 declarat,
559 2832 850 2902 eademque
864 2832 919 2886 in
940 2831 1186 2887 Davidica
1206 2842 1258 2888 et
1275 2833 1560 2902 apostolica
1576 2832 1856 2896 electione,

289 2937 346 2976 ac
371 2921 421 2976 in
449 2925 728 2979 dominico
778 2925 1024 2996 exemplo
1061 2926 1470 2995 contemplanda
1501 2935 1558 2981 et
1604 2924 1859 2980 imitanda

289 3016 558 3083 proponit;
592 3015 644 3070 in
671 3017 937 3071 contraria
970 3017 1113 3084 vitia,
1143 3019 1345 3074 scilicet
1371 3004 1701 3088 superbiam,
1727 3017 1862 3071 invi-

289 3103 441 3171 diam,
462 3107 814 3176 7racundiam,
840 3109 1168 3164 inimicitiam
1189 3118 1492 3181 cteteraque
1516 3110 1567 3165 id
1584 3125 1747 3180 genus
1768 3125 1860 3164 ve-

1965 1911 2066 1965 bus
2109 1912 2387 1968 advertere
2416 1914 2520 1978 sit;
2554 1929 2696 1978 nam,
2751 1924 2809 1969 ut
2856 1915 3216 1971 Maurinorum
3248 1919 3422 1973 verbis
3468 1919 3544 1973 lo-

1965 2018 2118 2072 quar,
2155 2021 2173 2054 ι
2203 2003 2399 2074 stylum
2454 2005 2644 2060 variari
2695 2005 2762 2058 ab
2804 2006 3127 2072 auctoribus,
3175 2014 3230 2062 et
3274 2023 3368 2077 pro
3397 2025 3546 2074 reae

1968 2103 2212 2164 tempore
2263 2095 2421 2150 modo
2449 2096 2652 2162 attolli,
2702 2096 2860 2150 modo
2886 2097 3113 2166 deprimi
3185 2114 3288 2152 non
3339 2100 3546 2168 ignora-

1965 2203 2082 2242 mus
2112 2186 2208 2259 (ὰ).
2248 2206 2266 2239 ι
2299 2188 2459 2256 Quin,
2492 2198 2548 2243 ut
2589 2189 2684 2257 ipsi
2717 2203 2835 2242 cum
2866 2189 3078 2244 Gillotio
3108 2189 3340 2244 fatentur
3362 2233 3376 2256 ,
3433 2192 3539 2246 sci-

1965 2294 2103 2346 mus,
2133 2295 2327 2334 novum
2362 2299 2379 2332 ‹
2416 2295 2518 2336 non
2546 2295 2664 2334 esse
2687 2323 2700 2345 ,
2731 2281 2996 2350 inquiunt,
3043 2281 3085 2337 si
3117 2289 3334 2337 sanctus
3359 2282 3546 2346 doctor

1965 2387 2059 2441 pro
2085 2387 2165 2438 re,
2192 2372 2330 2438 loco,
2357 2381 2616 2442 tempore,
2643 2372 2902 2441 personis,
2933 2373 3127 2445 stylum
3156 2375 3376 2428 mutavit
3398 2373 3494 2444 (ὁ).
3523 2393 3540 2425 ο

1966 2465 2079 2522 Huc
2107 2468 2264 2521 etiam
2295 2465 2416 2520 addi
2448 2475 2638 2534 potest,
2679 2465 2917 2534 reliquis,
2950 2465 3039 2535 qui
3075 2467 3232 2520 modo
3259 2466 3542 2532 habentur,

1965 2558 2300 2613 sermonibus
2326 2558 2660 2612 Ambrosium
2687 2557 2874 2612 iterum
2902 2557 3248 2624 ostetriciam,
3278 2567 3334 2612 ut
3365 2559 3431 2612 ita
3463 2558 3547 2612 di-

1963 2664 2098 2716 cam,
2137 2666 2351 2704 manum
2383 2649 2705 2714 admovisse,
2740 2665 2858 2703 cum
2910 2650 3028 2704 illos
3076 2650 3332 2705 collectos
3379 2650 3431 2704 in
3485 2649 3549 2704 li-

1964 2743 2092 2799 bros
2118 2743 2416 2814 redegerit;
2466 2744 2535 2812 (ε)
2589 2752 2803 2797 nostros
2844 2750 3044 2808 autem,
3075 2757 3194 2797 cum
3255 2752 3405 2798 extra
3457 2758 3548 2796 va-

1963 2845 2215 2907 garentur
2277 2834 2572 2905 disjuncti,
2615 2849 2682 2889 eo
2751 2834 2910 2889 modo
2983 2843 3088 2904 q'uo
3145 2850 3209 2889 ex
3281 2836 3395 2904 ejus
3455 2849 3550 2889 ore

1965 2926 2198 2996 prolapsi
2247 2935 2390 2991 sunt,
2437 2939 2657 2981 munere
2703 2925 3050 2994 tachygraphi
3096 2925 3164 2978 ita
3207 2925 3270 2980 ad
3299 2940 3395 2980 nos
3424 2940 3547 2993 per-

1964 3033 2172 3074 measse
2209 3017 2498 3088 impolitos.
2529 3017 2819 3080 Cancrum,
2864 3016 2945 3070 his
2976 3017 3027 3070 in
3078 3015 3300 3085 gratiam
3339 3031 3544 3084 eorum,

1963 3110 2052 3180 qui
2109 3108 2266 3164 nimis
2313 3107 2531 3162 naribus
2583 3106 2876 3176 indulgent,
2929 3106 3180 3171 notatis;
3250 3105 3382 3160 nihil
3418 3120 3550 3161 sane

291 3197 586 3254 hementius
616 3200 854 3272 insurgit.
886 3201 1102 3258 Interim
1133 3217 1165 3258 e
1191 3219 1250 3259 re
1283 3212 1405 3258 nata
1434 3203 1499 3258 de
1530 3202 1736 3258 Domini
1761 3216 1859 3258 no-
1881 3195 1929 3258 C
1962 3203 2179 3259 omnino
2200 3201 2461 3258 contineri
2486 3202 2536 3256 in
2561 3200 2666 3255 illis
2687 3196 3550 3271 pronuntio,quodastylo,(d)iné

361 3383 430 3444 (a)
471 3378 527 3432 ln
559 3376 766 3445 praefat.
790 3377 855 3432 ad
885 3378 1050 3432 libros
1067 3378 1130 3432 de
1151 3378 1527 3442 Sacramentis,
1559 3386 1686 3433 tom.
1716 3378 1798 3433 ΙΙΙ.

361 3447 596 3521 tb)_Vide
613 3449 863 3521 adnpnit.
885 3449 1156 3519 praelium
1177 3449 1435 3516 opusculo
1449 3449 1512 3502 de
1522 3448 1832 3521 _Apolog._af
1841 3477 1866 3490 -

296 3529 391 3642 imi
415 3516 616 3642 'Dlavid,
645 3528 696 3574 et
744 3516 902 3573 illam'
938 3535 1054 3589 qua:
1095 3521 1432 3588 prtemittitur
1481 3516 1590 3573 lib.'
1621 3516 1855 3574 de'Tob.

315 3606 415 3642 om.
480 3628 495 3642 .

296 3600 415 3644 tom.
457 3600 495 3643 l.

364 3663 429 3730 (c)
469 3660 708 3731 Auctoris
739 3659 964 3729 quidem,
998 3659 1074 3731 ait
1098 3660 1169 3714 cl.
1201 3660 1369 3728 Majus
1397 3661 1459 3731 Ain
1492 3660 1642 3731 prmi.
1679 3644 1866 3731 adlib.

296 3732 356 3810 de
399 3733 474 3785 lie
505 3730 979 3810 pub._xitt;_hpag.
1013 3729 1080 3784 56
1107 3731 1235 3810 edit.
1284 3729 1447 3810 1828,
1492 3729 1868 3810 autographnm

298 3806 588 3870 plerumque
617 3807 756 3855 erant
806 3800 1038 3854 liberiore
1065 3802 1319 3869 scriptura
1349 3803 1571 3869 schedia,
1614 3800 1739 3872 quas
1770 3801 1869 3856 Isi-

295 3875 440 3926 dorus
471 3872 621 3943 Orig.
653 3879 732 3943 vl,
768 3873 865 3937 li,
893 3872 1076 3943 deﬁnit
1102 3887 1269 3943 esset
1305 3872 1444 3940 quod
1490 3873 1661 3926 adhuc
1688 3888 1870 3928 emen-

296 3944 463 4006 datur,
505 3941 830 3997 el‘necdum
859 3944 911 3996 in
965 3941 1110 3996 libris
1139 3942 1410 3998 redactum
1440 3953 1541 3996 est.
1577 3963 1592 3994 ι
1625 3943 1788 3998 Nemo
1821 3944 1868 3997 id

295 4013 622 4082 potissimum
652 4014 812 4068 moris
844 4013 1106 4067 Ambrosii
1137 4014 1297 4068 fuisse
1328 4014 1558 4082 negavit,
1583 4023 1640 4066 ut
1661 4013 1723 4067 ad
1749 4014 1858 4081 ple-

296 4086 406 4138 bem
428 4084 542 4152 jam
582 4086 688 4137 sine
714 4101 914 4156 ﬁmagna
956 4085 1328 4156 prteparatione
1354 4083 1536 4156 (Prmi.
1569 4084 1632 4136 ad
1676 4083 1766 4138 lib.
1802 4084 1864 4138 de

295 4151 453 4218 sacra,
489 4156 602 4210 col.
633 4155 757 4219 452,
804 4151 932 4209 (oin.
960 4151 1026 4208 lll
1053 4151 1072 4224 )
1105 4155 1320 4210 habitas
1350 4151 1652 4216 conciones,
1682 4164 1864 4223 postea

293 4227 683 4280 emendatasin
710 4225 873 4279 libros
895 4224 1259 4279 distribueret.

360 4298 436 4365 (d)
480 4297 536 4348 ln
580 4295 660 4350 his
690 4296 1022 4350 sermonibus
1050 4303 1174 4350 sunt
1200 4294 1479 4366 quzedam,
1506 4293 1692 4362 fateor,
1734 4310 1865 4366 pau—

293 4383 364 4420 c.1-
395 4369 655 4422 dictioncs
693 4381 811 4435 qua:
862 4366 1127 4420 nonnullis
1179 4365 1381 4436 nasutis
1438 4365 1866 4436 philologisfor-

293 4439 421 4490 sitan
449 4437 785 4491 stomachum
814 4437 1004 4495 facient
1024 4476 1037 4496 ,
1069 4451 1134 4490 eo
1159 4435 1298 4505 quod
1333 4436 1452 4489 illas
1473 4445 1565 4489 aut
1592 4435 1697 4491 non
1725 4438 1862 4491 refe-

297 4518 408 4561 rant
455 4510 732 4574 hucusque
772 4505 910 4560 edita
939 4506 1131 4574 scripta
1173 4505 1523 4561 Atnbrosiana
1544 4548 1558 4572 ,
1591 4517 1682 4562 aut
1710 4508 1863 4562 bona:

297 4577 612 4650 thlittiltitif,
647 4592 741 4648 pro
771 4591 952 4650 eorum
997 4579 1277 4650 sententia,
1323 4588 1508 4650 netam
1531 4593 1636 4650 non
1675 4578 1858 4650 praefe-

298 4659 429 4748 r'ant.
459 4648 607 4748 ;l'alia
635 4647 757 4702 Sunt
780 4648 960 4748 verba,
990 4647 1294 4748 demendam
1322 4663 1416 4716 pro
1431 4647 1574 4748 callide
1588 4647 1859 4714 mandare,
1890 4687 1944 4748 Β

332 4729 449 4748 ...ιη-
474 4735 574 4748 ...υη
609 4732 704 4748 nun
735 4734 844 4748 ..ιη-ι
865 4734 944 4748 Δίνη
1029 4727 1250 4748 “to-nn“.
1277 4734 1370 4748 -..Α
1393 4736 1475 4748 ..λην
1527 4720 1613 4748 id...
1670 4736 1835 4748 ...η-...η

296 4719 574 4791 distrahere
609 4732 705 4787 pro
735 4719 1250 4791 cenderepdistractio
1277 4720 1634 4791 propurrditio,
1668 4736 1867 4788 prer-

296 4806 410 4856 gure
437 4790 660 4860 pretium
686 4790 768 4842 vel
812 4789 1147 4860 quantitatem
1172 4791 1255 4843 vel
1279 4789 1438 4852 'odia,
1484 4806 1580 4856 pro
1607 4802 1725 4844 ante
1755 4809 1866 4846 ero-

295 4877 409 4928 gare
461 4861 681 4930 pretium
732 4861 813 4914 vel
863 4861 1228 4930 quantitaten‘t,
1269 4860 1352 4915 vel
1404 4869 1521 4912 ante
1575 4862 1749 4915 odium
1809 4866 1867 4922 in

297 4927 513 5002 aliquem
544 4927 746 4998 habere,
794 4945 819 4982 a
846 4927 951 5002 quo
981 4932 1322 5002 praerogatio;
1345 4943 1396 4985 et
1424 4933 1647 4986 similare
1674 4947 1769 5002 pro
1797 4939 1868 4990 si-

299 5001 463 5072 utilem
495 5003 663 5072 facere
700 5015 792 5055 seu
821 5001 1103 5054 assimilure
1130 5018 1249 5054 cum
1278 5002 1455 5072 dativo
1481 5001 1864 5072 constructum,

301 5067 504 5146 _V_erum'
550 5073 788 5146 quamvis
836 5073 916 5125 lite
947 5085 1104 5126 voces
1131 5114 1143 5131 ,
1172 5087 1232 5125 ea
1271 5071 1655 5146 significatione
1683 5091 1779 5146 qua
1814 5067 1865 5132 in

303 5140 379 5193 his
406 5140 746 5214 sermunibus
775 5151 1040 5214 ponuntur
1066 5151 1157 5196 aut
1182 5140 1414 5214 perbene
1436 5143 1620 5199 Latine
1651 5140 1753 5200 non
1779 5162 1865 5201 so-

302 5223 461 5276 nent,
505 5212 921 5288 _aut_A_mb_rosii
971 5212 1587 5288 liactenus_auctori_late
1613 5228 1864 5288 careant,

303 5288 473 5336 tamen
503 5283 640 5337 haud
672 5283 738 5338 ab
770 5283 1124 5339 Ambrosiano
1155 5284 1295 5352 stylo
1335 5285 1610 5340 recedunt.
1667 5283 1865 5346 Eadem

303 5353 437 5425 enim
467 5353 721 5408 vocabula
750 5355 832 5409 vel
851 5355 958 5422 jam
985 5356 1035 5408 in
1060 5364 1336 5409 auctorum
1359 5357 1570 5425 scriptis
1600 5359 1864 5418 Ambrosii

307 5420 708 5500 Mediolanensis
733 5420 890 5500 aetate
919 5427 1251 5500 superiorum
1280 5420 1578 5500 exstabant,
1615 5430 1693 5482 vel
1729 5431 1866 5500 apud

309 5503 511 5566 veteres
529 5496 935 5564 iurisconsultos
956 5497 1376 5566 reperiebantur.
1404 5498 1620 5553 Minime
1647 5496 1868 5566 proinde

307 5563 495 5618 mirum
525 5561 574 5641 si
611 5567 920 5621 Ambrosius
944 5561 1108 5641 (verba
1138 5567 1408 5641 adhibuit,
1439 5585 1558 5641 alii!)
1600 5561 1709 5638 jam
1750 5572 1866 5641 ejus

309 5641 541 5712 tempore
567 5639 615 5712 in
635 5647 939 5712 usu_erant;
965 5639 1184 5693 minime
1206 5637 1316 5712 suis
1345 5639 1580 5712 moribus
1604 5637 1864 5708 alienum,

306 5705 348 5780 si
375 5705 611 5780 jiiridicis
633 5708 810 5764 verbis
835 5709 1041 5764 locutus
1070 5719 1168 5763 est.
1218 5709 1336 5778 Ipse
1366 5711 1529 5776 enim,
1563 5723 1619 5764 ut
1643 5719 1765 5780 pote
1787 5705 1868 5766 vir

307 5773 502 5832 forensi
529 5788 638 5835 arte
672 5781 1010 5849 exercitatus,
1044 5773 1257 5851 passim"
1273 5780 1326 5838 in
1352 5782 1461 5839 suis
1487 5773 1740 5853 operibus
1769 5797 1868 5852 pro

1979 3381 2097 3434 loco
2126 3389 2180 3436 et
2210 3391 2450 3448 tempore
2473 3378 2698 3448 juridica
2741 3379 2898 3432 verba
2930 3379 3232 3447 usurpavit;
3279 3385 3336 3430 ut
3362 3378 3547 3448 saltem

1975 3451 2158 3506 videre
2178 3460 2278 3513 est,
2307 3447 2392 3503 ex.
2421 3447 2524 3518 gr},
2558 3460 2684 3504 tom.
2707 3450 2771 3515 ll,
2799 3455 2916 3516 pag.
2935 3449 3058 3513 558.
3083 3457 3136 3503 et
3159 3459 3284 3504 tom.
3306 3447 3399 3509 ΙΙΙ.
3425 3463 3544 3518 pag.

1975 3520 2111 3585 9l8,
2141 3531 2242 3575 etc.
2281 3517 2790 3575 .IurisConsultoium
2837 3535 2960 3573 vero
2993 3534 3093 3575 vox
3142 3519 3223 3574 est
3268 3517 3547 3572 distrahere

1974 3592 2332 3660 pro.vendere,
2364 3606 2464 3658 qua
2495 3605 2636 3655 saepe
2666 3591 2787 3644 usus
2817 3599 2898 3644 est
2939 3590 3191 3656 Ulpianus
3243 3591 3292 3641 in
3345 3587 3549 3660 ιτ.,,‹μιί

1974 3658 2133 3716 etiam
2158 3662 2409 3716 vocabula
2441 3663 2704 3714 distractio
2749 3676 2841 3729 pro
2869 3661 3083 3713 venditio
3116 3660 3167 3713 Π.
3217 3660 3301 3722 li,
3328 3660 3390 3720 5,
3436 3658 3488 3722 5,
3520 3675 3549 3713 ει

1975 3731 2453 3808 nied.ct_2,15,8,
2488 3732 2582 3808 cir.
2616 3733 2754 3808 med.
2775 3774 2793 3808 1
2817 3739 3548 3808 et‘prterOgareprohaiitecro-

1974 3821 2094 3874 gare
2126 3802 2179 3856 ιτ.
2214 3804 2313 3858 loc.
2348 3813 2402 3857 et
2427 3803 2606 3874 cond.
2635 3802 2669 3858 Ι.
2693 3801 2793 3874 sed
2820 3801 2978 3855 addes
3010 3801 3130 3874 trita
3155 3799 3358 3874 habuit,
3391 3810 3550 3874 atque

1978 3869 2191 3928 usitata.
2251 3875 2304 3927 ln
2353 3874 2512 3927 simili
2567 3873 2951 3938 significatione
3004 3869 3223 3926 verbuin
3273 3871 3551 3924 distrahere

1971 3945 2108 4013 apud
2131 3943 2298 3997 Tacit.
2333 3959 2379 3997 vt
2417 3949 2581 4009 Ann.,
2608 3943 2692 4005 l7,
2725 3942 2860 3996 Just.
2911 3959 2983 4001 ix.
3016 3945 3064 3998 1-.
3093 3953 3148 4013 et_
3178 3941 3312 4010 apud
3353 3940 3542 3995 Sueto-

1973 4006 2116 4068 nium
2144 4017 2193 4068 in
2231 4013 2384 4083 Vesp.
2421 4032 2537 4082 xvi,
2567 4006 2826 4079 occurrit,
2860 4013 2996 4082 apud
3021 4006 3249 4083 queinpt
3282 4028 3550 4082 prerogare

1974 4085 2238 4139 invenitur
2280 4071 2342 4137 in.
2363 4088 2495 4154 Aug.
2523 4071 2609 4147 ῗίὸ,
2642 4095 2694 4138 et
2735 4071 2857 4154 illud
2890 4071 3094 4137 obtinet
3119 4071 3548 4154 demandarcupro

1971 4157 2118 4208 valde
2140 4157 2381 4207 mandare
2405 4153 2463 4209 in,
2483 4156 2677 4208 Ncrnn.
2711 4155 2799 4212 '55.
2833 4153 2884 4206 in
2909 4155 3040 4223 Aug.
3081 4157 3165 4217 Ιυ,
3189 4153 3320 4221 etin
3349 4153 3543 4204 (3:95am

1973 4225 2061 4280 85.
2129 4225 2242 4280 Vox
2281 4225 2490 4294 quidem
2541 4225 2842 4294 praerogatio
2889 4241 2918 4275 a
2979 4224 3178 4294 Latinis
3208 4223 3547 4294 lexigraphis

1973 4299 2201 4364 primum
2228 4291 2464 4349 adhibita
2486 4294 2726 4347 dicitura
2752 4292 3054 4364 Fulgentiot
3084 4291 3373 4362 Mytholﬂ,
3392 4292 3544 4348 init.:

1972 4363 2026 4420 at
2053 4377 2110 4420 ut
2135 4367 2400 4435 antiquius
2428 4383 2454 4418 a
2483 4365 2764 4417 distrahere
2784 4363 3074 4435 distractio,
3106 4364 3174 4416 ita
3201 4377 3227 4414 a
3259 4377 3546 4435 prairogare

1970 4433 2278 4507 prwrogatio
2307 4437 2460 4492 facile
2479 4434 2622 4489 reddi
2653 4433 2842 4501 potuit.
2867 4433 3092 4488 Verbum
3121 4443 3298 4507 autem
3319 4433 3543 4488 similare

1971 4504 2305 4577 prasimilem
2355 4509 2540 4579 facere,
2601 4521 2692 4560 seu
2743 4506 3045 4579 assimilarc,
3093 4504 3390 4579 etquidem
3423 4521 3541 4579 cum

1970 4575 2148 4632 dativo
2170 4575 2558 4644 construi-tum,
2589 4584 2809 4644 usurpat
2837 4575 3234 4645 antiquissimus
3266 4575 3442 4628 Esdrzn
3466 4575 3542 4628 in-

1974 4661 2177 4718 terpres
2201 4652 2284 4704 li'i.
2326 4667 2393 4716 iv,
2425 4666 2470 4702 c.
2505 4649 2556 4711 8,
2591 4661 2708 4717 pag.
2737 4647 2823 4718 si,
2853 4644 3119 4715 quo’idem
3151 4644 3208 4718 ξς
3229 4645 3542 4718 Ambrosius

1974 4715 2076 4774 non
2112 4721 2272 4773 sonu-l
2331 4723 2378 4771 in
2434 4722 2543 4772 suis
2587 4715 2836 4788 operibus
2865 4731 2990 4770 usus
3023 4725 3135 4788 est.
3163 4715 3272 4788 llis
3297 4717 3452 4782 igitur
3478 4733 3540 4770 ex

1975 4793 2170 4853 verbis,
2201 4803 2254 4842 nt
2298 4792 2426 4854 dixi,
2468 4786 2739 4843 Ambrosii
2781 4796 2935 4840 aatate
2965 4787 3173 4840 usitatis
3197 4786 3276 4840 vel
3307 4788 3543 4854 iuridicis

1974 4862 2098 4914 nihil
2125 4873 2302 4913 contra
2322 4859 2626 4930 γνησιότητα
2642 4860 2825 4912 horum
2843 4873 3147 4930 sermonum
3168 4857 3540 4930 potestevinci.

1972 4932 2123 4999 Quod
2155 4933 2292 4985 enim
2323 4928 2528 4986 illanon
2557 4928 2956 5000 reperianturiu
2982 4928 3544 5000 hucusqneAmbrosio

1971 5003 2182 5072 scriptis
2210 5003 2448 5067 assertis,
2483 5001 2562 5054 Vcl
2592 5002 2728 5072 inter
2769 4999 3018 5072 vocabula
3035 5008 3207 5072 rectae
3247 4999 3543 5072 Latinitatis

1972 5064 2218 5129 non-siut
2245 5064 2506 5138 allata,'id
2537 5071 2748 5142 quidem
2783 5085 2884 5142 non
2909 5064 3105 5142 officit;
3137 5068 3542 5142 natn‘plcrmque

1972 5145 2230 5200 dictiones
2258 5152 2311 5200 et
2351 5144 2404 5198 in
2436 5138 2645 5213 scriptis
2681 5140 2946 5213 Ambrosii
2992 5139 3214 5213 vulgatis
3241 5138 3536 5213 habentur,

1971 5232 2090 5287 qua:
2131 5217 2179 5269 in
2213 5230 2319 5269 uno
2343 5215 2423 5270 vel
2461 5210 2628 5268 altero
2660 5211 2889 5287 libro,_et_
2923 5211 3066 5287 nullo
3094 5210 3201 5287 alio
3227 5210 3288 5287 _in
3323 5210 3438 5287 loco
3468 5210 3541 5265 le-

1973 5281 2188 5355 guntur,
2219 5287 2484 5355 pleneque
2513 5300 2632 5354 quae
2663 5298 2691 5336 a
2723 5282 2921 5336 Latinis
2950 5281 3270 5355 lexigraphis
3292 5281 3540 5335 omittun-

1976 5351 2082 5424 iur,
2111 5351 2204 5412 seu
2222 5351 2432 5412 diversa
2463 5351 2847 5424 significatione
2877 5361 3148 5407 notantur.
3193 5351 3288 5419 ita,
3322 5367 3410 5424 ex.
3435 5369 3538 5421 gr.,

1976 5428 2069 5482 lib.
2101 5444 2151 5482 tv
2181 5427 2452 5492 "eadem,
2479 5443 2564 5490 ιιι,
2597 5427 2679 5489 l0,
2712 5424 2993 5494 perfunctio
3025 5438 3120 5491 pro
3143 5425 3339 5492 fruitio,
3380 5423 3470 5477 lib.
3509 5440 3540 5476 ll

1975 5499 2041 5554 de
2063 5499 2191 5553 Cain
2215 5509 2267 5553 et
2290 5499 2416 5553 Abel
2445 5496 2733 5567 conspersio
2749 5511 2842 5563 pro
2864 5495 3112 5567 confusio,
3130 5495 3179 5548 in
3206 5496 3337 5564 psal.
3359 5510 3541 5560 εει-ιιι,

1977 5585 2139 5625 serm.
2190 5573 2242 5637 l,
2278 5585 2395 5638 pag.
2431 5570 2512 5632 15,
2561 5566 2841 5639 eofludium
2872 5580 2968 5634 pro
2995 5566 3226 5639 collusio.
3277 5576 3436 5639 alipta
3481 5586 3547 5622 ne

1977 5641 2181 5711 longius
2213 5637 2311 5693 sim
2343 5637 2663 5699 laniandum,
2699 5651 2793 5705 pro
2824 5637 2954 5689 lente
2993 5637 3318 5711 morandum,
3353 5637 3453 5694 ac,
3483 5639 3549 5695 υι

1977 5709 2133 5779 igitur
2167 5713 2333 5764 insani
2368 5711 2756 5781 hominiscsset
2782 5720 3024 5762 asserere
3044 5709 3282 5781 siti—gulos
3308 5711 3547 5764 laudatos

1977 5782 2140 5839 libros
2172 5781 2310 5837 haud
2343 5780 2608 5836 Ambrosii
2642 5793 2772 5850 opus
2800 5793 2937 5846 eSSe,
2967 5780 3089 5853 quia
3123 5780 3368 5839 vocabula
3402 5782 3544 5836 nullo
