4032 6460
403 393 473 454 95
1371 392 1426 447 S.
1467 389 1786 447 AMBROSII
1826 386 2372 462 MEDIOLANENSIS
2413 384 2707 442 EPISCOPI
3586 384 3654 441 96

405 508 583 579 genio,
628 517 681 564 et
721 506 1030 563 charactere
1077 505 1434 562 Ambrosiano
1492 506 1771 562 dissideat.
1818 506 1875 560 2°
1915 505 2210 568 EtAtiata
2255 505 2362 574 iam
2418 515 2652 573 tempora
2705 502 3052 571 imperotricis
3102 499 3320 556 Justinus
3371 502 3654 569 inciderat,

406 615 468 656 re
511 599 726 670 quidem
773 614 895 654 vera
951 597 1091 670 quod
1154 598 1472 655 Ambrosius
1533 598 1586 654 in
1652 600 1816 670 priori
1875 611 1989 653 ser-

407 706 568 748 mone
627 692 955 747 auditoribus
1033 690 1145 746 suis
1217 690 1355 746 bona
1421 691 1597 748 omnia
1672 689 1990 762 temporalia

408 785 709 856 relinquere
737 793 792 840 et
829 784 1151 854 pauperibus
1182 783 1504 840 distribuere
1531 783 1689 840 valde
1717 798 1992 840 commen-

411 876 520 945 det,
551 875 606 932 id
638 878 874 948 apprime
918 876 1130 946 ipsimet
1161 877 1432 941 convenit,
1465 891 1625 946 quem
1652 890 1838 932 omnes
1865 889 1990 931 suas

412 966 696 1024 facultates
742 968 1042 1036 reliquisse,
1069 977 1123 1023 et
1145 967 1397 1024 Ecclesiae
1427 967 1512 1024 vel
1539 969 1862 1039 pauperibus
1895 968 1992 1024 tri-

414 1060 595 1117 buisse
623 1077 690 1117 ex
719 1061 940 1117 historia
968 1060 1336 1132 cognoscimus
1367 1060 1477 1133 (a);
1503 1076 1660 1132 quem
1684 1061 1990 1130 huiusmodi

415 1154 598 1225 rigidis
651 1155 852 1211 ethices
899 1153 1217 1209 Christianae
1257 1153 1593 1225 dogmatibus
1616 1153 1816 1224 passim
1839 1167 1990 1209 suam

417 1245 628 1315 plebem
656 1259 815 1316 quam
857 1243 1257 1315 diligentissime
1297 1245 1537 1300 imbuere
1582 1244 1798 1299 solitum
1828 1243 1994 1299 fuisse

419 1351 486 1390 ex
511 1336 750 1406 ejusdem
762 1336 991 1406 vulgatis
1002 1335 1216 1405 scriptis
1235 1345 1384 1392 certo
1401 1337 1597 1394 certius
1623 1336 1879 1391 habemus
1893 1334 1990 1406 (b).

420 1426 478 1481 ὅθ
500 1426 840 1482 Ambrosium
870 1430 1032 1482 etiam
1061 1427 1113 1482 in
1133 1427 1243 1483 suis
1271 1427 1615 1483 concionibus
1636 1426 1884 1482 habuisse
1907 1441 1996 1480 so-

422 1516 599 1572 lemne
635 1518 762 1572 illud
795 1519 1059 1588 praecipua
1088 1519 1315 1588 quadam
1351 1533 1478 1574 cura
1511 1518 1798 1582 inculcare,
1830 1531 2000 1586 quan-

423 1617 609 1679 topere
637 1610 923 1666 Christiani
958 1610 1202 1666 homines
1229 1611 1296 1665 ad
1327 1609 1608 1680 fugiendas
1637 1608 1818 1664 saeculi
1849 1607 1997 1662 vani-

425 1710 559 1756 tates
587 1711 640 1756 et
666 1700 964 1757 anxietates
993 1701 1472 1771 obstringerentur,
1504 1709 1564 1755 ut
1589 1715 1756 1756 saera:
1779 1697 1996 1754 lectioni

422 1801 477 1844 et
509 1791 614 1847 Deo
642 1791 742 1862 ipsi
786 1798 1006 1862 possent
1024 1791 1116 1847 die
1140 1806 1202 1846 ac
1231 1799 1386 1847 nocte
1417 1791 1636 1847 liberius
1665 1806 1855 1847 vacare
1885 1798 1995 1845 tum

2095 611 2162 652 eo
2189 597 2454 667 praecipue
2480 609 2671 650 nervos
2706 593 2960 662 intenditf,
3005 602 3063 650 ut
3099 592 3358 649 adversus
3401 608 3661 650 venenum

2095 692 2437 755 Arianorum,
2471 689 2561 759 qui
2605 687 2888 743 Mediolani
2926 702 2990 743 ea
3023 697 3334 758 tempestate
3378 688 3662 757 plurimum

2095 791 2360 852 poterant,
2393 781 2643 853 populum
2677 795 2828 836 suum
2879 781 3233 835 communiret
3275 791 3432 850 atque
3468 780 3665 836 desue-

2097 886 2334 933 scentem
2361 876 2648 932 schismate
2695 875 2946 930 fraterna:
2973 874 3249 930 charitatis
3275 889 3476 929 morem
3508 873 3669 928 redu-

2097 979 2267 1025 ceret.
2296 969 2543 1025 Profecto
2569 969 2678 1024 illic
2703 967 3016 1024 Ambrosius
3037 967 3326 1037 praecipuas
3349 966 3668 1020 Arianorum

2099 1059 2353 1126 haereses,
2383 1060 2533 1131 queis
2571 1058 2771 1114 Christi
2821 1057 3070 1113 divinitas
3099 1057 3471 1128 impetebatur,
3499 1071 3669 1127 oppu-

2098 1165 2290 1221 gnans,
2315 1151 2638 1220 dogmatica,
2663 1157 2720 1204 ut
2739 1164 2895 1220 supra
2926 1148 3216 1216 innuimus,
3245 1147 3555 1202 documenta
3581 1147 3671 1200 lir-

2101 1243 2310 1300 mandac
2356 1242 2513 1299 Verbi
2562 1241 2828 1298 divinitati
2861 1242 3145 1311 peridonea
3191 1239 3376 1304 tradit;
3407 1238 3673 1308 simulque

2101 1335 2373 1391 auditores
2397 1349 2523 1390 suos
2563 1332 2855 1404 impensius
2885 1333 3160 1399 hortatur,
3193 1345 3260 1386 ne
3290 1338 3675 1400 persequantur

2102 1427 2160 1483 in
2189 1427 2407 1483 fratrem
2448 1428 2670 1498 gratiam
2714 1427 2796 1482 vel
2845 1424 3023 1480 divina
3053 1437 3156 1492 ope
3189 1423 3458 1488 collatam,
3488 1421 3570 1477 vel
3598 1420 3676 1474 la-

2103 1521 2330 1576 boribus
2365 1519 2709 1590 ieiuniorum,
2733 1518 2818 1574 vel
2861 1515 3169 1572 assiduitate
3210 1514 3506 1570 orationum
3533 1552 3549 1576 ,
3590 1512 3676 1567 vel

2106 1611 2409 1682 vigiliarum
2438 1611 2687 1666 instantia
2717 1608 3072 1678 omnibusque
3097 1607 3353 1662 virtutum
3392 1607 3678 1676 generibus

2105 1703 2462 1773 conquisitam
2495 1703 2592 1774 (e),
2639 1718 2773 1757 neve
2820 1701 2939 1757 ullis
2969 1699 3266 1756 invidorum
3300 1699 3680 1770 perturbentur

2104 1793 2332 1861 insidiis,
2373 1793 2494 1848 ullis
2522 1792 2856 1849 concitentur
2887 1791 3104 1848 offensis
3137 1790 3246 1862 (f);
3285 1789 3378 1846 sed
3409 1789 3682 1844 dominico

425 1896 491 1936 ex
518 1881 664 1938 libris
686 1885 748 1936 de
778 1881 930 1937 Isaae
955 1892 1003 1938 et
1033 1884 1238 1950 Anima,
1263 1883 1326 1937 de
1353 1881 1498 1938 Bono
1524 1884 1719 1950 mortis,
1743 1892 1798 1939 et
1829 1883 2000 1938 maxi-
2033 1891 2084 1953 Β
2110 1888 2354 1958 exemplo
2379 1887 2502 1942 odia
2529 1885 2712 1942 mundi
2739 1901 2847 1941 non
2882 1886 3259 1954 pertimescant
3287 1881 3395 1954 (g):
3419 1892 3579 1952 atque
3608 1880 3681 1936 ita

425 1989 512 2029 me
557 1975 620 2028 de
651 1974 800 2044 Fuga
831 1975 1026 2043 seaculi,
1051 1987 1268 2047 tumque
1306 1992 1377 2033 ex
1408 1975 1745 2032 Eum-ratione
1770 1977 1823 2031 in
1865 1979 2001 2047 psal.

427 2080 590 2120 cxvnt
619 2065 688 2136 (ε)
719 2066 1056 2123 manifestum
1084 2079 1200 2135 est;
1237 2079 1292 2125 et
1321 2069 1372 2124 id
1404 2070 1506 2125 hoc
1536 2078 1722 2125 nostro
1755 2085 2004 2126 sermone

427 2156 789 2212 confirmatur.
818 2157 882 2211 4ο
909 2159 1140 2216 Alterius
1168 2175 1295 2216 vero
1315 2161 1578 2216 sermonis
1605 2171 1750 2217 tanta
1777 2171 1862 2218 est
1882 2178 2001 2218 cum

429 2251 708 2321 superiore
729 2254 1016 2325 colligatio,
1048 2265 1104 2310 ut
1133 2255 1325 2312 horum
1355 2257 1511 2312 unius
1536 2258 1775 2326 cognito,
1808 2258 2006 2350 utrius-

430 2358 531 2412 que
559 2346 650 2414 qui
700 2345 860 2402 fuerit
889 2355 1076 2403 auctor
1123 2359 1496 2419 cognoscatur.
1525 2349 1586 2403 5°
1619 2350 1720 2415 Qui
1749 2364 1920 2406 nexus
1935 2345 2004 2406 'si

433 2452 644 2507 quoque
667 2437 901 2505 deesset,
933 2439 1319 2496 sententiarum
1361 2449 1547 2497 natura
1577 2450 1632 2497 et
1656 2443 1822 2507 color,
1848 2451 2007 2511 atque

436 2529 662 2598 tempori
701 2530 1074 2587 convenientia
1121 2531 1320 2588 dictata
1341 2534 1472 2587 satis
1501 2534 1646 2588 illum
1669 2533 2007 2589 demonstra-

433 2630 570 2690 rent,
615 2633 886 2694 acceptum
933 2625 1219 2681 Ambrosio
1269 2625 1456 2683 referri
1488 2635 1761 2695 oportere.
1799 2626 2008 2682 Etenim

435 2716 807 2784 proculdubio
845 2732 951 2773 non
989 2718 1162 2774 solum
1189 2734 1404 2775 suarum
1437 2720 1743 2775 facultatum
1790 2719 2008 2775 abdica-

436 2806 634 2861 tionem
659 2823 722 2863 ac
750 2809 802 2863 in
835 2824 1094 2881 pauperes
1143 2811 1532 2881 dispersionem
1564 2813 1619 2867 in
1647 2811 1759 2868 suis
1797 2812 2012 2881 scriptis

437 2897 621 2954 suadet
661 2898 996 2973 Ambrosius,
1019 2901 1114 2961 sed
1135 2902 1298 2963 etiam
1326 2904 1546 2974 huiusce
1571 2902 1859 2974 evangelici
1891 2917 2012 2972 per-

438 2993 680 3048 fectionis
705 2995 912 3051 consilii
940 3011 1046 3052 non
1085 2995 1254 3052 semel
1283 2996 1561 3052 utilitatem
1594 2995 1852 3061 defendit,
1881 3003 1937 3051 et
1957 2994 2013 3050 in

439 3081 565 3138 illud
599 3085 960 3142 obtrectantes
989 3090 1268 3156 perstricto
1317 3087 1525 3143 calamo
1559 3087 1811 3157 insurgit;
1835 3085 2016 3156 cuius-

440 3173 584 3228 modi
602 3177 843 3244 exempla
870 3177 923 3232 in
943 3180 1183 3246 psalmis,
1201 3189 1252 3233 et
1276 3179 1572 3248 praesertim
1594 3181 1648 3234 in
1671 3179 1808 3248 psal.
1825 3193 2014 3244 csvnt,

2110 1979 2331 2050 patienti
2359 1977 2541 2033 animo
2569 1977 2829 2044 convicia,
2858 1976 3022 2046 proba
3052 1984 3107 2032 et
3145 1974 3424 2030 maledicta
3445 1988 3476 2028 a
3504 1972 3685 2027 fratri»

2107 2073 2207 2128 bus
2237 2073 2392 2140 ﬁctis,
2421 2071 2686 2142 huiusque
2710 2070 2892 2127 sazculi
2920 2069 3246 2141 principibus
3285 2069 3511 2141 (lustina
3537 2068 3687 2124 vide-

2109 2163 2256 2230 licet,
2283 2163 2475 2232 eteius
2496 2163 2720 2226 Aulicis,
2750 2161 3064 2233 caeterisque
3107 2161 3342 2232 Arianis)
3370 2161 3473 2217 sibi
3519 2161 3687 2216 susti-

2110 2266 2300 2312 nerent
2339 2255 2511 2322 illata,
2545 2264 2604 2310 ut
2641 2254 2975 2319 humilitatis,
3023 2262 3077 2309 et
3119 2251 3538 2309 mansuetudinis
3563 2266 3687 2306 om-

2111 2350 2258 2404 nium
2290 2348 2397 2405 sint
2419 2347 2689 2418 exemplar
2709 2361 2772 2401 ac
2791 2361 2980 2402 norma
3002 2343 3118 2416 (Ii);
3146 2346 3235 2414 qui
3257 2343 3471 2416 quidem
3497 2359 3691 2402 omnes

2111 2455 2305 2499 sensus
2326 2442 2378 2496 in
2393 2439 2660 2496 Ambrosii
2685 2439 2937 2511 operibus
2958 2438 3264 2510 frequenter
3289 2446 3574 2493 occurrunt
3597 2436 3688 2507 (ἱ),

2111 2542 2166 2590 et
2205 2533 2310 2589 illis
2353 2531 2682 2603 temporibus
2718 2531 2961 2602 apprime
2989 2529 3313 2600 respondent
3349 2529 3454 2601 (ί).
3494 2528 3549 2582 7°
3581 2527 3694 2584 Nec

2115 2629 2292 2684 minus
2321 2626 2665 2684 Ambrosium
2705 2623 2912 2681 redolet
2954 2622 3175 2688 mentio,
3207 2637 3326 2691 quae
3354 2621 3406 2676 in
3444 2634 3510 2676 eo
3541 2622 3600 2674 tit
3622 2619 3694 2676 de

2114 2720 2280 2790 gestis
2303 2718 2467 2784 Elite;
2500 2731 2726 2788 quorum
2775 2715 2972 2786 passim
3018 2714 3071 2770 in
3121 2713 3233 2769 suis
3261 2712 3475 2783 scriptis
3504 2712 3696 2769 memi-

2115 2809 2262 2865 nisse
2281 2823 2341 2864 se
2370 2816 2556 2863 narrat
2580 2807 2915 2862 Ambrosius.
2962 2804 3196 2859 Plurima
3223 2804 3375 2872 enim,
3407 2802 3577 2874 inquit
3598 2803 3696 2859 lib.

2119 2903 2181 2958 de
2207 2901 2328 2957 Elia
2357 2909 2403 2956 et
2425 2899 2601 2974 Jejuu.
2635 2915 2715 2966 tu,
2742 2900 2795 2964 5,
2827 2898 2891 2953 de
2925 2897 3054 2953 Elite
3083 2898 3232 2969 gestis
3257 2897 3506 2968 frequenti
3528 2896 3698 2951 diuer-

2118 3011 2293 3052 sorum
2320 2995 2562 3068 librqrum
2581 3007 2810 3049 sermone
2829 2991 3131 3062 digessimus
3159 2989 3259 3060 (It).
3289 2993 3353 3044 8°
3369 2988 3506 3054 Quin
3533 2989 3698 3044 etiam

2119 3088 2417 3158 neophytos
2461 3100 2556 3155 per
2599 3101 2658 3141 se
2705 3083 3046 3140 Ambrosium
3085 3081 3429 3137 consuevisse
3451 3080 3648 3135 docere
3678 3123 3696 3148 ,

2119 3177 2306 3247 eisque
2333 3185 2392 3232 ut
2420 3191 2452 3230 a
2476 3176 2747 3233 redeundo
2772 3176 2823 3230 in
2853 3174 3126 3239 saeculum,
3185 3173 3269 3240 cui
3294 3187 3390 3242 per
3433 3171 3699 3242 baptisma

439 3277 502 3316 ac
551 3264 604 3318 in
647 3265 870 3334 epistola
921 3267 1355 3338 quinquagesima
1409 3278 1597 3326 octava
1647 3270 1862 3341 relitiuit
1910 3269 2015 3342 (ά).
2045 3268 2093 3332 C
2123 3271 2368 3327 nuntittm
2395 3272 2749 3339 remiserant,
2785 3270 2966 3325 utilius
3005 3268 3319 3332 deterreret,
3370 3266 3704 3337 frequentius

441 3353 498 3408 ϐ’
528 3353 637 3410 Nec
661 3357 816 3412 aliter
843 3357 910 3413 de
953 3359 1109 3414 tertio
1137 3374 1406 3427 sermone,
1440 3360 1531 3430 qui
1559 3360 1805 3416 eumdem
1834 3376 1896 3417 ac
1925 3362 2016 3416 alii

442 3448 544 3504 duo
572 3448 670 3504 sibi
694 3460 965 3506 auctorem
995 3452 1246 3522 vindicat,
1276 3461 1332 3507 ut
1353 3468 1424 3509 ex
1447 3455 1829 3510 consecutione
1850 3464 2018 3524 patet,

442 3539 724 3597 dicendum
767 3544 866 3599 es’t.
901 3543 958 3598 ln
1001 3544 1090 3599 illo
1119 3546 1316 3616 quippe
1343 3545 1678 3612 Ambrosius,
1713 3547 1802 3616 qui
1856 3547 1911 3602 in
1943 3547 2026 3603 'vi-

445 3683 548 3736 alio
572 3683 631 3754 in
678 3684 796 3740 loco
827 3690 1098 3754 uSurpata,
1131 3692 1187 3740 et
1230 3698 1334 3740 non
1365 3684 1502 3741 bene
1541 3685 1727 3743 Latine
1771 3699 2019 3745 sonantta

445 3753 754 3820 exhibeant;
787 3755 875 3826 ita,
900 3753 1006 3809 non
1054 3755 1243 3826 integri
1288 3755 1637 3825 essetjudicii
1677 3758 1774 3814 hos
1801 3768 2018 3816 nostros

447 3837 724 3879 sermones
746 3825 1146 3900 bieidiolanensi
1178 3825 1447 3900 antistiti
1474 3828 1780 3896 abjudicare
1805 3871 1819 3895 ,
1876 3832 2017 3900 quod

451 3906 618 3961 pauca
658 3895 914 3951 vocabula
944 3895 1393 3966 pfwferanl,'qtt'tse
1437 3895 1710 3967 hucusque
1737 3895 2019 3957 Ambrosio

447 3973 664 4020 auctore
689 3976 925 4031 careant,
953 3975 1005 4022 et
1033 3967 1172 4021 haud
1215 3968 1264 4021 in
1309 3967 1481 4022 lexica
1513 3984 1690 4024 aurea:
1718 3970 2018 4026 Latinitatis

449 4035 646 4108 inserta
671 4035 936 4108 sintallac
966 4038 1178 4108 quidem
1211 4038 1328 4107 lege
1356 4040 1519 4093 multa
1551 4040 1662 4094 suis
1710 4043 2018 4096 auctoribus

450 4106 753 4177 deneganda
795 4106 996 4173 forent,
1024 4123 1122 4164 nec
1141 4106 1276 4177 opus
1305 4111 1492 4174 ullum,
1527 4111 1610 4164 vix
1637 4111 1894 4176 dicerem,
1922 4128 2018 4167 ex-

452 4186 646 4254 staret,
686 4178 859 4254 cuius
885 4179 952 4236 de
994 4181 1279 4254 ymo-961nm
1321 4179 1461 4236 haud
1514 4180 1757 4254 dubitare
1812 4183 2018 4239 liceret.

452 4247 620 4330 Porro
649 4259 704 4306 et
727 4247 861 4330 illud
883 4247 1361 4330 praeclarissimum
1386 4251 1820 4330 opus_politicum
1868 4255 2022 4310 Cice-

457 4321 603 4374 rnnis
638 4336 671 4394 a_
693 4321 938 4394 eLUMaio
958 4335 1130 4391 nuper
1175 4323 1474 4392 vulgatum,
1507 4323 1745 4394 Ciceroni
1802 4340 2021 4394 prorsus

456 4397 600 4442 esset
629 4390 1071 4467 abiudicandum,
1111 4408 1176 4446 eo
1213 4390 1355 4467 quod
1373 4393 1647 4467 _vocabu_Ia
1693 4390 2022 4467 plus'viginti

457 4471 566 4526 prae
585 4472 652 4536 .se
674 4458 823 4536 ferat,
847 4475 966 4536 qua:
993 4463 1073 4514 vel
1105 4475 1205 4516 nec
1232 4458 1335 4517 alia
1362 4463 1634 4519 Ciceronis
1674 4458 1870 4536 scripta
1889 4458 1919 4533 ξ
1937 4468 2021 4523 vel

460 4541 558 4580 nec
585 4527 750 4582 lexica
779 4529 1086 4584 exhibeant.

448 4629 453 4634 ι
530 4597 738 4679 Ycrum.
751 4600 906 4679 etiam
933 4600 1107 4656 obiter
1133 4601 1372 4679 adverto,
1393 4602 1686 4658 dictionum
1717 4606 2022 4679 varietates,

459 4668 649 4745 quibus
690 4669 906 4745 nimium
931 4681 1187 4740 quantum
1227 4673 1430 4738 nescio,
1458 4682 1698 4728 veterum
1729 4677 1922 4745 scripta
1953 4668 2028 4731 la;

461 4739 682 4820 borattt,
699 4739 1002 4820 frequenter
1030 4745 1445 4820 amanuensium-
1479 4745 1813 4820 perplexitati
1837 4739 1909 4820 iet
1935 4762 2029 4802 au-

461 4809 624 4863 dacia:
652 4809 853 4864 deberi.
905 4812 1005 4878 Ipsi
1036 4815 1176 4867 enim
1209 4824 1299 4868 aut
1338 4809 1496 4870 verba
1525 4809 1891 4872 cdncionanlis
1937 4828 2030 4873 aut

461 4880 707 4952 dictantis
749 4881 919 4936 Patris
962 4884 1316 4952 excipiebant,
1366 4894 1511 4941 aute
1540 4888 1722 4942 codice
1741 4889 2031 4952 exscribe-

463 4951 609 5026 bant,
643 4953 758 5026 etsi
784 4953 991 5026 aliquos
1011 4954 1080 5008 ob
1106 4958 1360 5026 t--mporis
1391 4960 1684 5026 angustiam
1717 4951 1800 5013 vel
1828 4961 2028 5014 codicis

463 5021 984 5095 dilllcultatetn,'vel
1027 5021 1232 5079 eorum'
1259 5021 1607 5095 ignorantiam
1651 5029 1825 5084 hiatus
1875 5030 2032 5085 relin-

463 5106 632 5168 quere
671 5094 994 5168 cogebantur
1017 5094 1308 5168 intabulis,
1333 5098 1548 5152 eosdem
1597 5100 1826 5168 propriis
1855 5102 2032 5156 verbis

465 5163 766 5241 eripiebant,
784 5175 875 5241 _et_
895 5164 970 5217 sic
1013 5166 1136 5219 inde
1163 5167 1474 5234 interpolata
1503 5163 1712 5241 scripta
1729 5172 2029 5241 vulgabant.

465 5231 732 5314 _Siquidcm
764 5235 830 5289 tle
864 5236 963 5314 h_0_c
1002 5231 1378 5314 excepturum.
1421 5231 1937 5314 taehygraphorum,
1979 5253 2032 5297 et

468 5303 799 5379 librariorum
825 5305 1049 5360 arbitrio
1073 5303 1175 5361 non
1195 5311 1361 5364 semel
1385 5303 1814 5379 antiqt'ti'l’a'tres,
1837 5322 1890 5366 et
1914 5303 2035 5366 cru-

466 5376 559 5428 diti
586 5388 772 5452 omnes
796 5379 1071 5452 conquesti
1114 5390 1257 5452 sunt.
1302 5376 1686 5450 Argumentum
1730 5376 1907 5452 itaque
1954 5384 2035 5437 itt-

468 5447 774 5527 ternutn_ab
789 5447 1089 5527 elocutione
1118 5447 1452 5527 desutitpttittt
1496 5453 1782 5520 plurimum
1818 5447 2031 5523 quidem

467 5517 607 5595 valet
630 5515 694 5570 ad
725 5518 1113 5587 dignosceudos
1135 5515 1392 5590 genuinos
1420 5515 1557 5595 fetus
1599 5515 1872 5581 auctorum
1892 5543 1905 5589 ;
1929 5541 2032 5580 non

469 5594 539 5640 ita
571 5597 764 5662 tamen,
794 5601 850 5644 ut
878 5605 998 5646 cum
1045 5603 1234 5648 canere
1265 5612 1372 5648 non
1398 5594 1575 5650 desint
1606 5597 1818 5662 indicia,
1861 5596 1939 5651 fas
1967 5599 2036 5650 sit

468 5671 539 5744 ex.
564 5673 663 5710 una
687 5661 769 5713 vel
798 5661 960 5717 altera
988 5662 1232 5722 inusitata
1266 5681 1392 5723 voce
1421 5667 1629 5738 penitus
1664 5684 1883 5738 cperunt
1919 5690 2037 5741 γνη-

466 5748 671 5787 σιοτητα
698 5745 828 5799 nega
837 5749 911 5788 re.
1197 5773 1206 5782 .

536 5801 612 5876 (tt)
652 5799 899 5876 Paulinus
932 5808 983 5862 in
1027 5809 1140 5864 Vita
1170 5810 1227 5864 S.
1257 5810 1534 5875 Ambrosii,
1573 5827 1624 5864 η.
1675 5811 1761 5876 ⁸58,
1796 5819 1848 5862 et
1893 5807 2032 5862 idem

469 5866 778 5931 Mribrosius
807 5875 861 5931 in
889 5881 1046 5937 coist.
1085 5885 1166 5939 2).
1213 5904 1242 5940 ο
1281 5904 1309 5941 τι
1366 5890 1417 5942 8.
1461 5891 1479 5936 t
1519 5866 1590 5936 in.
1645 5866 1825 5951 lll,'id
1874 5879 2035 5952 plane

2125 3365 2377 3428 ittstasse,
2417 3369 2476 3416 ut
2499 3360 2744 3416 abdicatis
2771 3360 2998 3430 corporis
3025 3357 3442 3413 delectationibus
3459 3397 3472 3422 ,
3502 3357 3704 3429 cupidi-

2131 3457 2314 3512 tatibus
2352 3454 2583 3509 omnibus
2624 3453 2900 3522 mundique
2927 3452 3171 3507 illecebris
3213 3451 3278 3520 (l)
3305 3450 3360 3504 in
3388 3459 3704 3520 perpetuum

2131 3547 2330 3604 szeculo
2348 3553 2703 3615 morerentur,
2732 3554 2786 3602 et
2806 3544 2944 3602 cmlo
2964 3559 3082 3602 eum
3106 3541 3312 3599 Christo
3337 3551 3700 3613 resurgerent,

2125 3698 2409 3748 testantur.

2197 3761 2272 3834 (b)
2301 3762 2502 3834 Confer
2521 3762 2707 3834 saltem
2764 3759 2948 3834 libros,
2997 3757 3187 3834 quibus
3237 3755 3417 3834 titulos
3445 3752 3610 3834 fecit”
3632 3752 3698 3834 de

2134 3823 2418 3898 Abraham,
2471 3833 2534 3886 de
2587 3830 2823 3886 Nabal/te
2864 3823 3160 3895 Jezraelita,
3186 3836 3315 3882 tom.
3350 3825 3486 3898 l._de
3516 3823 3707 3898 Oﬂiciis

2137 3895 2492 3958 ministrorum
2537 3903 2765 3971 sparsim
2798 3910 2928 3956 tom.
2969 3899 3058 3964 Ill,
3091 3907 3247 3971 atque
3275 3900 3324 3952 in
3356 3895 3701 3971 Enarrntion.

2131 3973 2185 4097 ξπ
2213 3975 2347 4097 psalll.
2379 3968 2875 4043 cxvut,_pra:sertim
2895 3987 3054 4026 scrm.
3091 3970 3178 4037 i2,
3203 3984 3322 4040 pag.
3355 3968 3418 4021 57
3449 3974 3503 4021 et
3525 3979 3700 4034 scqq.,

2154 4059 2262 4097 om.
2352 4085 2366 4097 .

2132 4052 2262 4101 tom.
2303 4045 2366 4098 Il.

2192 4114 2263 4182 (ε)
2292 4116 2446 4169 Tom.
2472 4113 2512 4184 l,
2540 4129 2569 4168 a
2595 4127 2679 4183 pp.
2700 4113 2827 4176 418,
2854 4111 3190 4183 458,491,θι
3213 4109 3420 4181 tom.ll,
3446 4123 3475 4164 a
3507 4106 3702 4179 p.550.

2195 4185 2275 4255 (ά)
2307 4185 2462 4240 Tom.
2495 4185 2583 4250 Ill,
2617 4184 2723 4239 col.
2759 4185 2919 4241 1098.

2201 4257 2273 4326 (ε)
2299 4255 2473 4312 Serm.
2491 4256 2560 4327 ~5,
2600 4255 2626 4327 §
2659 4257 2712 4312 1.

2197 4325 2271 4398 (Τ)
2296 4327 2451 4392 Ibid..
2483 4325 2544 4398 βξ
2565 4325 2618 4395 t;
2647 4327 2701 4393 5,
2730 4328 2814 4384 tt.

2198 4402 2275 4468 (g)
2301 4398 2514 4468 lbid.,§
2547 4399 2598 4452 7.

2198 4468 2278 4541 (Ιι)
2309 4469 2467 4536 una,
2501 4468 2563 4538 ξς
2591 4470 2641 4537 7,
2671 4469 2758 4524 to.
2857 4496 2867 4507 ι

2047 4545 2103 4605 1)
2202 4537 2276 4611 (i)
2307 4537 2758 4611 Contra:Arianos
2803 4539 3068 4611 praecipue
3113 4539 3353 4594 decertat
3393 4537 3707 4611 Ambrosius

2132 4607 2367 4666 inlibris
2392 4609 2454 4663 de
2493 4607 2760 4678 Interpell.
2805 4609 2906 4663 Job
2934 4607 2980 4663 et
3010 4610 3195 4675 David,
3221 4611 3314 4676 lib,
3349 4623 3384 4676 l,
3423 4610 3478 4672 9,
3508 4618 3562 4664 ct
3591 4624 3649 4674 tt,
3677 4611 3708 4663 4

2132 4689 2186 4736 el.
2211 4680 2266 4746 6,
2300 4691 2429 4734 tom.
2463 4679 2512 4743 l;
2539 4680 2590 4732 itt
2621 4679 2866 4732 Enarmt.
2909 4682 2961 4733 in
3004 4681 3138 4746 psal.
3181 4697 3335 4745 xutt,
3367 4695 3488 4745 ην,
3545 4695 3706 4742 xu'tt.

2131 4766 2294 4806 XLVIII
2317 4759 2369 4804 et
2400 4765 2517 4813 LXI;
2551 4750 2603 4802 in
2634 4749 2866 4815 Exposit.
2912 4751 2964 4802 in
2995 4749 3148 4818 Luc.,
3182 4760 3310 4805 tom.
3341 4750 3410 4813 ll;
3443 4752 3492 4804 in
3529 4751 3621 4803 lib.
3648 4751 3710 4802 de

2135 4820 2418 4891 Mysteriis,
2447 4821 2509 4874 de
2541 4818 2694 4891 Fide,
2725 4829 2850 4874 tom.
2887 4818 2977 4888 Ill,
3027 4831 3081 4876 et
3121 4823 3183 4875 de
3221 4821 3363 4891 Spir.
3414 4821 3619 4888 Snuct.,
3649 4821 3712 4873 de

2134 4890 2424 4953 Iucm'uat.,
2471 4901 2599 4945 tom.
2631 4890 2719 4955 IV,
2765 4901 2923 4960 atque
2949 4892 3075 4947 alibi
3119 4890 3368 4962 sparsim.
3401 4892 3553 4958 Quod
3583 4907 3710 4944 vero

2134 4962 2322 5017 attinet
2360 4963 2425 5016 ad
2470 4963 2756 5017 fraternam
2798 4963 3111 5016 charitatem
3163 4962 3478 5018 servandam
3521 4975 3711 5016 sensus

2136 5050 2241 5088 non
2282 5033 2552 5088 absimiles
2576 5035 2768 5099 scripta
2803 5034 3153 5089 Ambrosiana
3202 5033 3411 5087 abunde
3453 5032 3708 5101 suppedi-

2138 5114 2277 5168 tant,
2323 5113 2378 5157 ut
2403 5120 2494 5158 ex.
2521 5121 2626 5174 gr..
2662 5107 2711 5158 in
2741 5105 2871 5173 pSaI.
2910 5121 3108 5158 xxxvn.
3135 5104 3237 5166 45,
3282 5120 3502 5168 xxxvttt,
3556 5104 3622 5156 10
3658 5112 3713 5156 et

2133 5190 2270 5245 seq.,
2296 5185 2350 5228 et
2376 5190 2534 5229 cxvut
2571 5191 2731 5229 scrm.
2766 5176 2849 5236 10,
2882 5190 3002 5243 pag.
3043 5176 3097 5237 3,
3145 5175 3232 5238 10,
3274 5174 3362 5240 il,
3406 5175 3508 5237 50;
3541 5189 3708 5227 surtu.

2136 5247 2224 5308 12,
2259 5261 2374 5313 pag.
2402 5245 2490 5310 49,
2517 5258 2568 5301 et
2593 5262 2756 5300 serm.
2788 5246 2874 5305 15,
2907 5261 3006 5312 pag
3057 5246 3121 5299 15
3148 5258 3198 5300 et
3223 5261 3406 5314 seqq.;
3435 5247 3486 5298 in
3514 5246 3711 5298 Lucam

2139 5325 2227 5381 vtt,
2255 5316 2347 5380 28,
2378 5315 2466 5381 59,
2496 5326 2549 5370 et
2580 5333 2690 5377 vm,
2716 5315 2802 5377 “ll,
2832 5327 2957 5369 tom.
2983 5315 3046 5378 II,
3077 5317 3166 5368 lih.
3201 5331 3234 5367 tt
3261 5317 3321 5367 de
3344 5317 3509 5384 ΗΙῙὶι“.,
3537 5331 3564 5368 a
3590 5331 3708 5379 cap.

2140 5387 2225 5451 f5,
2258 5396 2414 5449 atque
2443 5389 2600 5452 epist.
2627 5387 2714 5446 41.
2749 5402 2867 5453 pag.
2915 5387 2970 5449 9,
3000 5399 3054 5439 et
3075 5387 3164 5446 65,
3198 5402 3316 5456 pag.
3348 5388 3436 5452 85,
3465 5399 3590 5440 tottt.
3626 5387 3711 5448 lIl,

2137 5472 2254 5527 qua:
2281 5457 2417 5509 inter
2448 5467 2588 5511 tanta
2616 5458 2697 5509 hic
2717 5456 2920 5527 rcilossc
2943 5455 3198 5527 sufficiat.

2210 5528 2278 5598 (j)
2307 5528 2537 5582 Consule
2581 5526 2858 5598 Paulinum
2893 5526 2963 5598 in,
2993 5526 3111 5580 Vita
3139 5528 3196 5581 S.
3245 5528 3416 5593 Δηώ,
3465 5544 3518 5581 n.
3575 5528 3636 5579 1'2
3661 5536 3715 5580 et

2138 5597 2314 5668 seqq.
2370 5612 2465 5651 nec
2494 5614 2598 5668 non
2645 5597 2815 5663 ejusd.
2855 5597 3117 5668 Ambrosi
3161 5601 3413 5666 epistolas
3441 5601 3510 5652 ΞΟ
3539 5609 3591 5651 et
3622 5601 3713 5666 2|,

2139 5665 2270 5795 gon}.
2301 5668 2362 5730 V,
2391 5683 2452 5721 ac
2475 5667 2600 5721 ibid.
2631 5683 2795 5722 sertn.
2829 5668 2892 5721 de
2914 5665 3147 5722 Basiliris
3169 5665 3268 5724 non
3296 5669 3580 5733 tradendis,
3622 5671 3710 5723 fol.

2187 5750 2198 5793 Ι
2252 5780 2265 5792 .

2187 5750 2265 5793 14.

2216 5811 2288 5876 (Ii)
2316 5808 2467 5860 Tom.
2503 5807 2543 5872 l,
2568 5807 2670 5860 col.
2697 5807 2820 5863 (515.

2210 5881 2277 5940 ll)
2305 5880 2417 5935 Lib.
2450 5878 2511 5935 de
2541 5879 2682 5934 Bono
2701 5881 2876 5937 mortis
2904 5895 2988 5949 tu,
3015 5881 3070 5950 9,
3102 5887 3229 5938 lem.
3255 5881 3294 5951 Ι,
3325 5882 3427 5940 col.
3463 5885 3583 5942 161.
