4032 6452
352 388 418 445 97
1025 390 1389 450 ssnnonss
1427 393 1606 451 mss
1649 393 1735 450 sx
1776 393 1925 451 con.
1965 366 2504 456 sassomauo.°—
2542 399 2929 460 pomario.
3528 418 3597 477 93

351 521 436 562 res
475 505 746 561 netissima
780 515 862 564 est
891 506 991 578 (a).
1028 509 1103 564 En
1134 520 1310 566 antem
1342 513 1535 569 similia
1587 513 1832 583 leguntur
1862 512 1916 566 in
1943 513 1997 575 Α
2023 513 2197 580 potius
2219 514 2538 580 excludant;
2571 533 2688 586 quac
2708 517 2920 588 quidem
2943 519 3119 573 omnia
3138 523 3367 580 maxime
3387 526 3596 598 liquens

353 599 432 653 his
474 598 802 654 Sessorianis
854 603 1226 668 sermonibus,
1277 619 1409 674 quos
1457 605 1658 674 pariter
1708 621 1918 678 quoque

352 687 535 742 habuit
562 688 626 743 ad
657 689 806 755 illos,
833 691 921 760 qui
940 691 1052 760 jam
1095 692 1271 747 divina
1318 694 1645 763 professione
1682 695 1917 766 deputati

347 789 467 834 sunt
518 781 657 834 ctelo
686 781 784 850 (b),
842 783 1038 852 quique
1080 783 1190 852 jam
1236 787 1428 840 mortui
1461 801 1556 855 per
1599 788 1916 856 baptismum

352 871 617 928 natalibus
671 873 876 941 mundi,
927 875 1192 931 nobilitati
1243 891 1340 948 per
1381 880 1602 949 gratiam
1652 881 1761 934 nati
1792 889 1919 937 sunt

346 960 484 1016 coelo
535 960 629 1031 (c).
663 960 726 1016 9°
765 961 876 1018 Nec
919 973 976 1018 ut
1005 963 1102 1020 hos
1143 981 1421 1023 sermones
1461 969 1753 1026 tribuamus
1782 971 1913 1026 Am-

346 1053 547 1121 brosio,
580 1055 707 1110 inde
755 1055 888 1110 nihil
936 1057 1147 1113 videtur
1174 1060 1431 1117 accedere
1457 1062 1911 1130 conﬁrmationis,

344 1143 482 1214 quod
517 1143 569 1200 in
603 1144 711 1201 illis
756 1145 822 1200 ad
853 1146 1056 1217 vigilias
1097 1149 1470 1217 traducendas,
1506 1152 1833 1224 hymnosque
1861 1163 1916 1211 et

342 1237 576 1307 psalmos
597 1237 868 1293 canendus
893 1239 1078 1296 ﬁdeles
1100 1243 1289 1298 invitet
1312 1245 1424 1315 (d);
1447 1260 1567 1299 nam
1593 1245 1694 1301 hoc
1712 1246 1840 1302 nihil
1861 1248 1914 1301 in

339 1330 451 1386 suis
465 1331 1004 1400 scriptisfamiliarius
1031 1334 1314 1392 Ambrosio
1349 1337 1454 1409 (e);
1481 1353 1638 1409 quem
1661 1340 1910 1408 primum,

339 1421 566 1477 Justinte
594 1425 966 1493 persecutione
994 1424 1257 1499 fervente,
1288 1429 1515 1500 vigilias,
1544 1446 1607 1488 ac
1634 1441 1692 1488 ut
1730 1433 1914 1505 hymni

337 1521 397 1570 et
427 1514 616 1584 psalmi
675 1516 726 1570 in
770 1517 993 1572 ecclesia
1037 1527 1356 1577 canerentur
1384 1524 1675 1580 secundum
1709 1541 1912 1583 morem

335 1607 690 1664 Orientalium
708 1610 936 1680 partium
955 1611 1387 1680 instituisse,tum
1401 1615 1458 1671 S.
1473 1617 1796 1686 Augustinus
1808 1618 1908 1690 (f),

337 1710 451 1757 tum
482 1700 734 1756 Paulinus
773 1702 826 1757 in
865 1703 1132 1759 Ambrosii
1164 1705 1281 1760 Vita
1309 1706 1387 1778 (g)
1417 1716 1700 1765 testantur.
1737 1711 1832 1766 1οο
1859 1721 1914 1768 et

335 1793 432 1849 11’
459 1793 655 1850 Verum
688 1803 743 1850 ut
771 1805 1081 1866 argumenta
1105 1798 1209 1853 alia
1232 1814 1339 1854 non
1367 1810 1566 1868 essent,
1602 1803 1729 1871 duo,
1761 1804 1911 1860 scili-

2022 619 2092 660 ex
2116 605 2280 660 variis
2311 605 2630 662 lectionibus
2663 608 2865 664 codicis
2896 611 3062 664 nostri
3091 614 3254 667 tcxtni
3297 616 3586 689 subjectis,

2017 704 2074 748 ut
2096 695 2147 749 in
2178 711 2236 750 re
2261 696 2432 751 oculis
2461 698 2591 768 ipsis
2619 698 2949 768 inspicienda
2972 701 3169 757 diutius
3201 705 3475 764 immorari
3504 725 3592 767 su-

2019 794 2407 857 pervacaneum
2435 791 2655 846 omnino
2683 792 2785 862 sit,
2810 807 2873 848 ac
2913 795 3118 852 inutile.
3149 797 3238 851 12⁸
3260 807 3314 853 et
3337 801 3423 854 15⁰
3443 802 3589 860 Prae-

2017 889 2161 936 terea
2187 890 2332 938 certe
2359 884 2635 954 przeterire
2659 898 2764 940 non
2794 900 3035 956 possum,
3072 887 3218 945 hisce
3248 891 3299 946 in
3329 898 3590 950 sermoni-

2015 974 2116 1030 bus
2144 990 2240 1046 pro
2264 976 2620 1032 Ambrosiano
2645 993 2794 1035 more
2821 995 3090 1051 nunquam
3115 983 3384 1041 auditores
3410 987 3586 1053 allici,

2016 1079 2189 1136 neque
2225 1075 2527 1124 accuratum
2553 1068 2818 1133 ordinem.
2852 1086 3026 1140 neque
3045 1073 3394 1131 artiﬁciosam
3419 1080 3589 1146 parti-

2016 1157 2213 1213 tionem
2235 1159 2471 1225 servari;
2499 1159 2765 1231 simulque
2791 1162 3157 1229 animadverti,
3183 1176 3454 1224 auctorem
3482 1186 3590 1225 non

2016 1248 2184 1304 semel
2229 1248 2499 1320 respicere
2535 1251 2602 1306 ad
2642 1253 2701 1307 S.
2750 1253 2930 1308 Basilii
2967 1267 3151 1324 Opera,
3179 1271 3336 1326 quem
3385 1258 3617 1327 fontem

2015 1341 2353 1398 Ambrosium
2385 1344 2438 1399 in
2471 1345 2582 1400 suis
2608 1347 3070 1417 pangendislibris
3098 1360 3452 1420 praegustasse
3475 1368 3592 1410 cer-

2014 1434 2278 1490 tissimum
2302 1443 2402 1490 est.
2433 1436 2657 1494 Exstant
2684 1439 2898 1510 quidem
2919 1457 3031 1512 prae
3059 1442 3178 1498 aliis
3207 1443 3267 1500 8.
3292 1444 3468 1501 Basilii
3494 1447 3592 1502 ho-

2014 1527 2194 1594 miliae,
2216 1543 2335 1594 qua:
2363 1529 2504 1584 inter
2529 1529 2702 1586 editas
2727 1539 2853 1588 sunt
2879 1533 2934 1600 7,
2955 1532 3011 1600 8,
3035 1533 3106 1589 20
3133 1543 3186 1590 et
3209 1534 3272 1590 21
3307 1536 3409 1608 (j),
3437 1537 3591 1608 cujus

2013 1631 2145 1672 sane
2186 1619 2409 1674 materia
2451 1635 2573 1675 cum
2614 1621 2731 1678 istis
2769 1623 3039 1680 Ambrosii
3077 1627 3422 1683 concionibus
3449 1628 3590 1685 haud
3651 1669 3672 1683 .

2013 1723 2196 1778 parum
2247 1710 2406 1767 habet
2445 1712 2742 1772 afﬁnitatis.
2791 1714 2883 1770 14⁰
2931 1717 3063 1784 Quis
3117 1719 3330 1775 demum
3381 1722 3592 1791 ignorat

2013 1804 2210 1858 multos
2248 1803 2633 1861 Ambrosianos
2677 1807 2939 1864 excidisse
2977 1813 3288 1868 sermones?
3339 1813 3590 1870 Profecto

330 1893 424 1940 cet
449 1894 554 1940 tam
588 1900 795 1942 summa
839 1902 1046 1957 eorum,
1078 1904 1198 1958 qua:
1229 1889 1285 1946 in
1339 1892 1427 1948 his
1455 1895 1795 1952 sermonibus
1817 1896 1903 1951 di-
1935 1881 1986 1943 Β
2009 1893 2233 1950 Maurini
2273 1897 2468 1953 multos
2512 1897 2780 1956 Ambrosii
2804 1901 3112 1971 deperditos
3156 1916 3454 1962 memorant
3489 1907 3586 1978 (k),

329 1986 530 2032 cuntur
557 1979 884 2034 contractius
923 1994 1044 2035 cum
1087 1983 1166 2037 eis
1191 2023 1206 2048 ,
1254 1997 1374 2054 quae
1403 1984 1458 2039 in
1481 1987 1908 2046 enarrationibas
1945 2046 1951 2052 ,

329 2069 387 2125 in
414 2068 632 2138 psalmis
651 2109 668 2137 ,
701 2071 996 2138 praesertim
1019 2072 1210 2142 psalmi
1238 2089 1399 2128 cxvtn
1429 2074 1597 2132 fusius
1639 2077 1908 2148 leguntur,

331 2161 649 2226 consensio;
696 2176 856 2232 quam
883 2163 1068 2220 eadem
1093 2206 1110 2231 ,
1135 2166 1249 2236 Lqua
1280 2167 1335 2221 in
1372 2167 1478 2222 illis
1524 2169 1718 2234 utitur,
1769 2172 1908 2227 utin

330 2251 609 2324 hucusque
625 2253 872 2309 admissis
900 2255 1170 2312 Ambrosii
1184 2257 1439 2327 operibus
1466 2259 1752 2330 reperitur,
1781 2261 1912 2316 Vul-

329 2355 486 2416 gata,
508 2347 594 2401 vel
614 2347 726 2401 sola
752 2346 1063 2404 sufﬁcerent
1083 2357 1140 2402 ut
1161 2350 1549 2406 Ambrosianos
1575 2351 1674 2406 hos
1699 2361 1911 2407 nostros

329 2453 614 2496 sermones
641 2454 780 2506 esse,
813 2441 1014 2497 nemini
1037 2451 1245 2498 certum
1273 2457 1380 2498 non
1411 2443 1565 2500 ﬁeret
1585 2454 1641 2500 et
1669 2445 1912 2515 explora-

332 2542 468 2587 tum.
501 2532 734 2604 lngenue
767 2544 945 2591 tamen
975 2533 1147 2590 fateor
1190 2535 1300 2591 illic
1324 2535 1642 2608 quandoque
1667 2539 1786 2592 aliis
1813 2539 1912 2593 ali-

336 2623 486 2694 quod
515 2638 682 2680 sacrae
703 2626 990 2696 Scriptura:
1011 2627 1158 2683 locos
1196 2628 1374 2684 verbis
1401 2629 1592 2695 citari;
1623 2638 1678 2685 at
1706 2630 1757 2686 id
1779 2630 1909 2687 nihil

328 2731 551 2788 prorsus
571 2731 706 2774 mea:
727 2718 1008 2774 sententiae
1030 2720 1248 2776 ofﬁcere
1269 2735 1453 2777 assero
1479 2737 1494 2776 ε
1521 2730 1630 2777 tum
1657 2721 1781 2793 quia
1800 2742 1818 2774 ι
1839 2739 1910 2778 ex

328 2825 558 2880 operum
596 2812 656 2868 S.
682 2812 948 2868 Ambrosii
976 2813 1202 2869 lectione
1229 2815 1309 2886 (ut
1334 2813 1536 2869 Natalis
1556 2813 1709 2870 Alex.
1734 2814 1912 2871 verbis

329 2915 452 2960 utar
468 2905 569 2974 (It),
589 2920 708 2976 quae
722 2906 1051 2962 Benedictini
1067 2907 1300 2963 editores
1319 2907 1635 2963 conﬁrmant
1663 2908 1728 2978 fi)
1750 2908 1910 2977 )con-

334 3005 464 3062 stat,
482 3011 606 3052 eum
628 3013 733 3053 non
765 2998 952 3056 iisdem
971 3014 1182 3070 semper
1198 2999 1372 3055 verbis
1388 3000 1607 3057 eosdem
1625 3000 1913 3070 Scriptura:

331 3101 504 3143 sacrae
532 3088 679 3144 locos
707 3088 992 3156 laudasse;
1025 3109 1044 3142 ι
1065 3100 1175 3146 tum
1199 3093 1322 3162 quia
1353 3092 1407 3146 in
1437 3092 1769 3148 Sessorianis
1792 3105 1910 3148 scr-

331 3178 584 3234 monibus
611 3180 724 3235 haec
743 3195 849 3236 non
869 3181 1219 3238 conﬁrmatur
1234 3182 1522 3252 dissensio,
1546 3182 1647 3238 nisi
1676 3173 1798 3239 raro
1818 3225 1831 3249 ,
1859 3191 1913 3239 et

333 3269 384 3324 in
429 3269 497 3325 iis
537 3278 738 3326 tantum
785 3272 920 3328 locis
956 3274 1205 3340 citandis,
1242 3289 1378 3346 quos
1430 3275 1661 3332 diversis
1695 3291 1910 3347 semper

335 3360 518 3416 verbis
540 3375 666 3416 usus
695 3371 776 3418 est
803 3363 1116 3421 Ambrosius
1141 3367 1338 3431 citare;
1358 3375 1466 3422 tum
1484 3367 1610 3438 quia
1630 3368 1912 3426 varietates

337 3450 442 3507 l'lze
471 3452 602 3510 tales
622 3463 767 3525 sunt,
798 3463 856 3510 ut
882 3457 1010 3527 quin
1036 3457 1301 3529 duplicem
1331 3467 1557 3530 arguant
1581 3459 1907 3528 versionem,

408 3718 489 3790 (a)
526 3717 724 3773 Videsis
744 3716 849 3790 hac
885 3716 953 3771 de
981 3730 1041 3772 re
1070 3717 1344 3790 Augustini
1369 3719 1774 3790 Confessionum.
1809 3720 1904 3775 lib.

339 3803 424 3862 vt,
439 3805 564 3862 cap.
587 3791 621 3862 5
646 3796 702 3843 et
721 3789 781 3862 β,
809 3801 912 3862 nec
928 3801 1031 3862 non
1056 3789 1322 3862 Ambrosii
1345 3804 1528 3862 opera,
1555 3791 1620 3846 de
1645 3789 1799 3862 Fuga
1816 3806 1913 3846 sa:-

340 3860 471 3922 culi,
494 3860 556 3913 de
583 3858 744 3930 Iacob
769 3867 825 3930 et,
848 3857 966 3911 Vita
989 3857 1234 3930 beata_,_et
1256 3859 1321 3913 de
1345 3857 1618 3930 Mysteriis.

439 3930 490 4000 b)
515 3931 688 3985 Serm.
726 3928 776 3994 1,
808 3929 834 4000 §
867 3930 916 4000 1,
946 3944 997 3997 p.
1028 3927 1298 4000 427(Infra
1325 3923 1451 3985 coll.
1485 3923 1742 3994 109-1121

439 3982 491 4078 ε)
519 3982 694 4078 Serm.
718 3982 776 4078 ξ.
802 3982 835 4078 ξ
858 3982 958 4078 t__b,'
979 4014 1030 4068 p.
1054 3982 1448 4078 26‘(I_ri{r_a_eol.
1479 3982 1742 4078 issit?
1760 4028 1836 4078 ,με

414 4069 498 4141 (d)
530 4070 704 4126 Serm.
732 4071 782 4134 l,
811 4070 838 4140 §
865 4070 920 4135 5,
942 4069 1167 4125 etserm.
1194 4070 1245 4136 5,
1271 4069 1410 4141 δη,
1432 4086 1520 4141 pp.
1547 4069 1728 4128 66150
1747 4069 1920 4144 (Infra

404 4140 466 4196 ιι.
504 4142 604 4196 116
621 4150 670 4195 et
699 4139 848 4209 MO).
979 4208 982 4209 ν

341 4158 466 4196 σου.
504 4158 604 4196 110
621 4158 670 4195 ει
699 4158 848 4196 1401.

414 4209 489 4281 (e)
522 4211 594 4265 Ita
625 4211 676 4265 in
702 4208 812 4281 lib.
838 4225 893 4263 ιιι
930 4208 1177 4264 Hexaem.
1209 4212 1235 4266 1
1263 4219 1317 4266 et
1345 4213 1408 4277 5;
1453 4211 1546 4267 lib.
1576 4228 1610 4266 ιι
1640 4213 1702 4266 de
1744 4212 1915 4267 Inter-

341 4280 702 4354 pell.'Dravid.,
733 4280 961 4354 6,_t_om.
991 4281 1031 4345 I,
1063 4281 1116 4334 in
1159 4285 1362 4353 praefat.
1409 4283 1475 4336 ad
1517 4284 1652 4353 psal.
1695 4299 1732 4346 t,
1765 4292 1820 4338 et
1852 4284 1915 4354 in

344 4350 774 4425 psalmissnvnt,
797 4350 888 4418 23,
915 4365 1108 4417 cxvtn;
1137 4350 1298 4407 scrin.
1331 4355 1382 4421 7,
1409 4350 1534 4425 pag:
1555 4354 1647 4421 25,
1683 4361 1815 4408 tom.
1848 4353 1914 4421 ll,

340 4432 504 4490 atque
532 4422 682 4477 alibi.
775 4460 778 4467 ι

416 4453 504 4564 δῖ
526 4453 941 4584 ἓιέἓὲεξῑῆιιξιάς
964 4504 1068 4584 gina
1101 4453 1418 4584 maltre’jam
1463 4493 1745 4584 ιιεειιίοιξρι
1772 4507 1918 4584 com-
1941 4522 1995 4584 θ

346 4561 579 4616 moranti
607 4561 678 4634 ita
705 4561 939 4634 loquitur
958 4561 1056 4634 lib.
1085 4578 1138 4616 Ix
1169 4563 1423 4634 confess..
1447 4578 1497 4618 c.
1524 4564 1591 4618 12
1615 4582 1626 4616 :
1657 4563 1736 4617 lbi
1757 4574 1918 4618 mater

343 4648 478 4696 mea,
508 4632 700 4686 ancilla
742 4631 831 4686 tua
873 4631 1095 4702 (scilicet
1127 4631 1417 4703 Ambrosii)
1461 4634 1842 4698 sollicitudinis,
1870 4644 1918 4689 et

345 4703 640 4773 vigiliarum
662 4704 853 4772 primas
883 4713 1075 4774 terrens,
1119 4704 1433 4774 orationibus
1467 4705 1692 4771 vivebat;
1722 4715 1776 4760 et
1800 4714 1915 4774 post

343 4771 512 4841 pauca
535 4771 874 4842 prosequitur
890 4788 916 4844 :_
944 4771 1088 4826 Tunc
1113 4773 1288 4842 hymni
1310 4783 1356 4828 et
1383 4776 1565 4844 psalmi
1594 4786 1648 4828 ut
1676 4771 1917 4829 caneren-

343 4851 427 4894 tur
454 4844 739 4915 secundum
758 4858 946 4896 morem
991 4845 1330 4899 Orientalium
1358 4847 1583 4915 partium
1630 4846 1915 4899 institutum

341 4923 434 4977 est,
449 4923 496 4986 et
519 4929 585 4967 ex
614 4912 702 4967 illo
722 4913 775 4986 in
797 4915 1092 4986 hodiernum
1113 4912 1381 4979 retentum,
1405 4917 1579 4970 multis
1589 4917 1702 4986 jam
1723 4927 1770 4969 et
1791 4932 1917 4984 pene

341 4983 576 5054 omnibus
601 4983 834 5054 gregibus
859 4985 976 5049 tuis,
1002 4993 1048 5036 et
1072 5001 1160 5053 per
1182 4995 1364 5040 caetera
1405 4986 1539 5040 orbis
1575 4983 1904 5042 imitantibus.

338 5053 572 5108 Consule
601 5053 760 5108 etiam
792 5053 884 5111 lib.
924 5071 976 5109 ιιι
999 5055 1062 5108 de
1089 5054 1238 5109 Civit.
1269 5054 1386 5120 Dei,
1415 5057 1503 5122 12,
1527 5056 1631 5112 col.
1666 5057 1790 5113 162.

409 5123 490 5195 (g)
516 5122 675 5196 lbid.,
694 5140 749 5196 ιι.
772 5126 855 5196 152
884 5125 957 5179 ait
983 5125 1238 5196 Paulinus
1272 5143 1284 5178 :
1311 5126 1426 5182 Hoc
1452 5137 1694 5196 tempore,
1725 5141 1916 5196 nempe

337 5194 447 5261 quo
476 5194 662 5248 Ariani
706 5194 978 5250 basilicam
1029 5195 1332 5250 Portianam
1371 5197 1628 5252 invadere
1676 5194 1917 5253 niteban-

341 5272 446 5337 tur,
468 5265 690 5337 primum
710 5265 1008 5337 antipltona:
1031 5305 1048 5332 ,
1081 5267 1274 5336 hymni,
1302 5283 1364 5320 ac
1391 5269 1576 5337 vigilite
1598 5270 1650 5321 in
1683 5268 1916 5323 Ecclesia

342 5332 727 5408 Mediolanensi
747 5336 988 5408 celebrari
1023 5332 1296 5408 coeperunt.
1323 5332 1482 5408 Cujus
1504 5338 1805 5392 celebritatis
1827 5339 1916 5392 de-

342 5404 474 5474 tfptio
513 5421 674 5474 usque
714 5407 767 5458 in
807 5404 1106 5460 hodiernum
1135 5408 1267 5462 diem
1308 5404 1410 5462 non
1445 5409 1612 5462 solum
1647 5409 1698 5462 in
1738 5410 1914 5463 eadem

341 5471 605 5541 Ecclesia,
630 5490 801 5530 rerum
826 5492 914 5547 per
935 5492 1106 5531 omnes
1149 5494 1276 5547 pene
1319 5478 1607 5535 Occidentis
1634 5481 1914 5549 provincias

342 5555 528 5599 manet.

441 5615 666 5690 tt)_Hist.
697 5615 1073 5690 Ecclesnstec.
1109 5635 1180 5690 Iv,
1213 5629 1350 5690 part.
1378 5635 1415 5685 ι,
1445 5635 1499 5690 p.
1526 5620 1649 5685 508,
1685 5621 1790 5677 col.
1819 5621 1874 5674 2.

319 5681 332 5692 “
414 5681 556 5758 (illi)
589 5687 792 5757 praefat.
824 5688 889 5743 ad
909 5681 1086 5744 libros
1115 5681 1178 5744 de
1193 5681 1559 5758 Sacr-amentis,
1591 5681 1719 5746 tom.
1740 5691 1824 5746 ΙΙΙ.

447 5756 479 5824 i)
513 5756 780 5829 Tornall,
830 5774 1050 5828 operum
1089 5759 1144 5814 S.
1197 5761 1375 5816 Basilii
1405 5756 1768 5829 edit.'Paris.,
1821 5777 1908 5816 an.

349 5823 498 5893 1721,
525 5842 642 5896 pag.
669 5823 1002 5896 51,62,156
1024 5838 1078 5884 et
1099 5845 1246 5895 sena.

2009 1985 2296 2057 pluresque
2335 1989 2420 2043 vel
2463 1989 2585 2045 inde
2614 1990 2886 2058 coniicere
2909 2001 3025 2059 est,
3059 2009 3180 2049 cum
3210 1995 3345 2050 nihil
3392 1999 3588 2053 certius

2009 2076 2102 2146 sit,
2132 2079 2476 2137 Ambrosium
2506 2096 2612 2137 non
2653 2083 2816 2140 modo
2835 2086 3061 2156 singulis
3089 2087 3278 2143 diebus
3303 2088 3587 2147 dominicis

2009 2172 2380 2228 concionatum
2396 2173 2580 2242 fuisse,
2605 2191 2788 2232 verum
2805 2178 2965 2233 etiam
2993 2181 3304 2250 quotidiano
3329 2198 3580 2241 sermone

2009 2270 2148 2317 stato
2190 2265 2315 2319 anni
2345 2273 2586 2340 tempore
2609 2268 3023 2326 catechumenos
3046 2313 3061 2337 ,
3111 2282 3474 2343 competentes
3493 2318 3507 2342 ,
3533 2285 3590 2338 et

2010 2369 2200 2410 recens
2256 2356 2551 2426 baptizatos
2603 2359 2666 2430 (ι)
2720 2360 3077 2430 instruxisse,
3124 2372 3184 2418 ut
3221 2379 3288 2421 ex
3341 2367 3583 2436 ejusdem

2011 2447 2220 2517 scriptis
2246 2447 2372 2519 (m),
2423 2450 2506 2504 vel
2544 2459 2598 2506 et
2633 2465 2700 2507 ex
2744 2451 3173 2510 loculentissimis
3209 2457 3488 2528 Augustini
3533 2468 3588 2515 et

2012 2538 2219 2594 Paulini
2264 2541 2580 2596 testimoniis
2613 2553 2944 2614 compertum
2990 2545 3243 2602 habemus
3282 2547 3397 2618 (n):
3429 2563 3587 2606 snec-

2012 2633 2166 2688 dotos
2189 2645 2316 2702 ergo
2343 2632 2726 2690 Ambrosianos
2756 2635 3022 2692 invenisse
3045 2652 3325 2694 sermones
3347 2638 3475 2694 mihi
3505 2640 3588 2695 in‘-

2012 2725 2191 2780 videat
2223 2741 2413 2792 nemo,
2457 2741 2631 2798 neque
2677 2728 3014 2786 conﬁdentia:
3044 2746 3129 2786 me
3158 2731 3448 2789 insimulet.
3498 2731 3584 2788 15⁸

2014 2814 2082 2869 Et
2114 2829 2172 2870 re
2194 2815 2407 2885 quidem
2432 2831 2559 2872 vera
2589 2830 2766 2872 nonne
2797 2818 2986 2874 horum
3014 2834 3320 2875 sermonum
3361 2821 3587 2877 Ambro-

2013 2908 2150 2962 sium
2184 2916 2457 2963 auctorem
2485 2909 2614 2963 facit
2638 2907 2987 2964 Sessorianus
3016 2911 3228 2979 optima:
3253 2921 3390 2966 notae
3419 2911 3587 2968 codex

2015 2999 2286 3054 miscellus
2307 3001 2406 3070 (ο),
2425 3000 2514 3069 qui
2541 2999 2751 3055 invidus
2773 3001 2920 3056 mille
2941 3009 2998 3056 et
3018 3000 3136 3071 plus
3165 3004 3319 3057 annis
3341 3001 3437 3058 has
3464 3005 3588 3058 Am-

2015 3092 2290 3148 brosianas
2314 3107 2554 3162 gemmas
2580 3092 2853 3148 obvolvit?
2879 3091 2939 3147 ιιι
2972 3107 3037 3148 eo
3062 3093 3279 3164 quippe,
3310 3108 3470 3150 manu
3499 3109 3589 3150 co-

2016 3181 2150 3238 dicis
2199 3183 2513 3251 antiquitate
2551 3182 2710 3249 pari,
2739 3181 2797 3236 S.
2830 3182 3101 3238 Ambrosii
3147 3183 3362 3239 nomine
3399 3183 3452 3238 hi
3481 3192 3590 3240 tres

2016 3275 2374 3332 inscribuntur
2402 3289 2697 3331 sermones.
2729 3274 2826 3330 Cui
2855 3289 2984 3346 ergo
3014 3275 3173 3345 hujus
3196 3278 3426 3332 nominis
3451 3277 3588 3345 viro,

2017 3383 2086 3424 ne
2112 3367 2312 3423 codicis
2335 3366 2834 3437 praetergrediamur
2855 3376 3086 3432 nitatem,
3114 3367 3257 3434 illos,
3274 3376 3466 3435 praeter
3486 3368 3588 3423 Me-

2018 3459 2378 3516 diolanensem
2402 3498 2418 3526 ,
2454 3458 2786 3515 tribuemus?
2815 3459 2931 3514 Non
2971 3468 3118 3515 certe
3157 3459 3444 3515 Ambrosio
3473 3458 3589 3515 Ori-

2095 3719 2171 3791 (k)
2199 3719 2257 3775 ln
2273 3719 2486 3791 Prmfat.
2515 3717 2732 3791 adtom.
2759 3718 2824 3773 lll
2850 3726 2909 3791 et
2936 3718 3021 3784 IV,
3038 3732 3186 3785 oper.
3214 3719 3271 3775 S.
3305 3719 3590 3779 Ambrosii.

2027 3789 2160 3846 Vide
2181 3791 2342 3846 etiam
2363 3790 2438 3844 sis
2465 3790 2790 3851 Ce'rilielum,
2840 3789 2972 3843 llist.
2999 3790 3234 3851 generale
3269 3791 3355 3844 des
3378 3794 3592 3849 Auteurs

2020 3865 2226 3935 sacres;
2249 3869 2296 3935 et
2329 3861 2748 3935 ecclesiastiques,
2774 3858 3045 3935 tomivll,
3078 3875 3198 3935 pag.
3231 3861 3335 3915 574
3361 3873 3590 3935 θιῄεθσμι.

2094 3931 2159 4000 (ι)
2185 3931 2346 3985 Trina
2377 3933 2491 4000 [nec
2521 3938 2818 3995 pervetusta
2863 3929 3134 3984 distinctio
3167 3946 3288 3984 cum
3318 3929 3590 3987 codicibus

2026 3999 2614 4072 Vaticanisexplicatur
2639 4014 2668 4053 a
2699 4000 2777 4072 cl.
2797 3999 3032 4072 Maioin
3061 4008 3181 4072 nota
3229 4002 3253 4054 1
3308 4003 3375 4054 ad
3405 4001 3594 4072 Expla-

2023 4082 2134 4126 nat.
2182 4071 2396 4142 symboli
2438 4071 2497 4122 Β.
2531 4069 2728 4142 Niceta:
2755 4069 3024 4138 Aquilein.
3063 4069 3336 4139 episcopi,
3371 4069 3494 4142 pag.
3524 4075 3594 4129 '55

2024 4139 2278 4196 Romamn
2299 4141 2429 4195 edit.
2463 4154 2551 4195 an.
2588 4139 2745 4193 1827.

2093 4211 2187 4280 (m)
2219 4210 2335 4264 Lib.
2367 4209 2436 4264 de
2473 4210 2740 4280 Mysteriis
2765 4227 2802 4276 ι,
2833 4216 2960 4280 tum.
2981 4208 3074 4280 _Ill,
3099 4209 3207 4280 col.
3233 4209 3359 4264 408.

2094 4277 2175 4350 (nl
2202 4281 2408 4348 Reapse
2438 4277 2778 4350 Ambrosium
2821 4277 3042 4350 singulis
3078 4277 3589 4350 diebusdominicis

2021 4347 2394 4406 concionatum
2424 4363 2542 4404 esse
2581 4348 2729 4401 testis
2757 4359 2840 4403 est
2868 4347 3195 4417 Augustinus
3246 4349 3338 4405 lib.
3376 4366 3425 4404 vt
3463 4350 3594 4407 Con-

2022 4424 2163 4490 fess.,
2190 4435 2308 4488 cap.
2338 4421 2398 4482 5,
2424 4419 2666 4473 scribens
2697 4436 2710 4471 :
2741 4419 2876 4472 Eum
2896 4419 3107 4487 quidem
3135 4421 3188 4472 in
3217 4421 3458 4490 populum
3479 4440 3592 4476 ver-

2021 4493 2136 4546 bum
2165 4491 2385 4545 veritatis
2401 4497 2532 4542 recte
2553 4497 2852 4543 tractantem
2871 4491 3006 4542 omni
3027 4490 3108 4542 die
3143 4491 3397 4545 dominico
3420 4495 3594 4548 audie-

2020 4562 2154 4616 bam.
2184 4562 2259 4618 De
2305 4559 2616 4615 assiduitate
2645 4574 2774 4614 vero
2798 4605 2811 4626 ,
2845 4573 2948 4629 qua
2980 4559 3326 4628 haptizandos
3368 4563 3595 4620 docebat

2017 4632 2334 4702 Ambrosius
2358 4671 2374 4695 ,
2405 4631 2481 4685 sic
2506 4629 2758 4702 Paulinus
2787 4631 2837 4702 in
2867 4630 2984 4702 ejus
3007 4631 3153 4696 Vita,
3189 4646 3242 4684 η.
3274 4632 3341 4686 58
3365 4671 3382 4696 ,
3422 4633 3594 4702 loqui-

2021 4714 2104 4758 tur
2137 4723 2149 4756 :
2181 4701 2247 4757 In
2275 4702 2422 4756 rebus
2443 4702 2599 4755 etiam
2640 4701 2823 4754 divinis
2846 4700 3116 4768 implendis
3157 4700 3503 4771 fortissimus,
3540 4706 3592 4758 in

2019 4783 2212 4828 tantum
2237 4782 2290 4827 ut
2319 4772 2456 4842 quod
2481 4771 2660 4824 solitus
2686 4781 2791 4842 erat
2823 4771 2959 4823 circa
2983 4771 3315 4841 baptizandos
3343 4773 3482 4828 solus
3504 4776 3594 4828 im-

2017 4845 2176 4913 plere,
2200 4841 2419 4913 quinque
2444 4850 2616 4911 postea
2636 4841 2859 4912 episcOpi
2882 4850 3104 4912 tempore
3124 4858 3225 4912 quo
3255 4843 3484 4910 decessit,
3510 4846 3594 4899 via:

2016 4914 2472 5054 'mfbfrler’iu'codice
2516 4989 2636 5049 post
2663 4996 2856 5037 nomen
2893 4981 3131 5036 Ambrosi
3161 4983 3342 5038 titulus
3371 4983 3591 5109 episcopi

2017 5055 2306 5109 omittitur:
2330 5060 2562 5107 attamen
2593 5067 2698 5106 non
2731 5053 2854 5106 hinc
2873 5053 3063 5109 aliquis
3089 5054 3184 5107 hos
3213 5067 3487 5108 sermones
3509 5071 3538 5109 a
3567 5085 3590 5096 -

1919 5095 1922 5098 .
2017 5053 2306 5118 omittitur;
2330 5060 2562 5107 attamen
2593 5067 2698 5106 non
2731 5053 2854 5106 hinc
2873 5053 3063 5122 aliquis
3089 5054 3184 5107 hos
3213 5067 3487 5108 sermones
3509 5071 3538 5109 a

2018 5126 2115 5181 teri
2175 5125 2456 5179 Ambrosio
2504 5137 2534 5176 a
2583 5122 2964 5178 Mediola'nensi
3025 5123 3278 5193 episcopo
3336 5122 3592 5181 distincto

2017 5206 2265 5265 acceptos
2288 5193 2518 5265 referat;
2549 5209 2671 5246 nam
2705 5193 2747 5247 si
2771 5193 2970 5248 codicis
3000 5194 3172 5265 aetati,
3200 5193 3243 5246 si
3277 5206 3587 5265 sermonum

2017 5263 2179 5337 Stylo,
2207 5274 2261 5320 et
2283 5263 2563 5337 sententiis
2586 5303 2600 5327 ,
2631 5279 2922 5337 eorumque
2949 5263 3448 5337 auctorismoribus
3476 5306 3490 5329 ,
3537 5277 3591 5321 ct

2018 5333 2261 5392 in'stituto
2289 5337 2426 5390 ratio
2459 5334 2738 5400 habeatur,
2770 5334 2895 5389 nulli
2925 5333 3039 5401 ejus
3057 5333 3308 5402 nominis,
3341 5335 3442 5390 nisi
3473 5337 3586 5394 Me-

2017 5407 2314 5463 diolanensi
2338 5406 2594 5474 episcopo
2619 5405 2928 5460 tribuendos
2953 5417 3090 5475 esse,
3111 5403 3333 5459 fateatur
3357 5416 3584 5475 oportet.

2017 5478 2280 5533 Craterum
2313 5473 2421 5531 tum
2449 5475 2768 5540 sanctitatis,
2790 5490 2911 5546 cum
2934 5473 3206 5546 dignitatis
3244 5473 3426 5531 titulos
3466 5492 3581 5546 pas-

2017 5550 2117 5603 sim
2151 5550 2201 5602 in
2241 5547 2472 5618 antiquis
2505 5546 2776 5600 codicibus
2808 5545 3338 5618 vclcortsuetudine,
3372 5545 3579 5618 vel’po-

2019 5621 2124 5673 titts
2162 5614 2405 5673 socordia
2446 5618 2860 5686 praetermittunt
2900 5614 3130 5686 librarii;
3173 5626 3228 5671 et
3274 5614 3499 5685 quidem
3532 5621 3584 5672 in

2018 5691 2119 5744 hoc
2152 5691 2264 5757 ipso
2283 5685 2584 5753 codice,cx.
2605 5703 2680 5756 g.,
2713 5685 2966 5741 nonnulla
2989 5687 3242 5757 opuscula
3271 5688 3585 5758 simpliciter

2019 5761 2076 5816 S.
2112 5761 2407 5829 Augustino
2435 5766 2741 5813 constanter
2771 5757 3150 5829 inscribuntur,
3176 5775 3293 5828 qua:
3322 5757 3494 5815 tamen
3518 5759 3584 5817 ad

2020 5827 2278 5904 llippoiiae
2317 5832 2626 5899 episcopum
2654 5827 2954 5886 certissime
2983 5827 3244 5900 pertinent
