4032 6512
424 509 494 571 9-9
1377 496 1433 557 s.
1474 495 1802 556 ausaesn
1842 457 2386 557 MEDIOLANENSIS
2425 490 2723 564 EPISCOPI

3570 499 3670 563 IOO

421 622 572 695 genis
619 619 882 692 discipqu
908 661 922 686 ,
970 623 1024 673 et
1066 613 1321 672 Ecclesiae
1377 611 1760 667 Alexandriam
1810 611 1996 666 diaco-
2024 615 2077 677 Α
2103 611 2329 667 ﬂoruere
2365 613 2562 667 smeulo
2600 628 2652 666 Ix
2682 618 2932 680 exeunte,
2967 618 3143 668 tamen
3193 613 3331 669 haud
3370 619 3670 672 revocanda

422 731 494 771 no
525 715 634 786 (a);
668 729 770 770 non
798 713 869 780 ei,
899 711 988 781 qui
1026 711 1082 768 S.
1121 708 1324 775 Didymi
1358 707 1600 777 ejusdem
1630 705 2004 762 Alexandrina

422 806 674 862 Ecclesiae
716 803 987 866 doctoris,
1033 800 1215 855 ﬂoruit
1263 807 1422 854 astate
1475 796 1571 868 (ὑ).
1610 797 1808 852 Horum
1859 798 2004 850 enim

421 908 642 970 uterque
691 911 787 952 nec
813 895 1100 966 episcopali
1145 893 1404 963 dignitate
1455 889 1744 956 prmfulsit,
1787 902 1884 942 nec
1935 889 2002 942 ad

421 991 673 1061 populum
708 999 986 1043 sermones
1018 985 1200 1040 habuit
1235 1003 1246 1037 :
1280 985 1366 1053 qui
1393 995 1517 1038 tunc
1540 981 1796 1051 temporis
1824 995 1853 1034 a
1874 978 2006 1034 solis

416 1082 686 1153 episcopis
731 1089 787 1136 ut
816 1080 1102 1149 plurimum
1149 1078 1510 1140 habebantm;
1561 1084 1782 1143 uterque
1818 1071 2005 1127 Griece

419 1173 658 1243 scripsit,
702 1181 757 1228 et
794 1184 1075 1227 sermones
1123 1168 1290 1223 nostri
1322 1180 1452 1236 quan
1480 1166 1718 1218 Latinam
1750 1178 1782 1217 e
1815 1163 2005 1217 Graec

419 1261 912 1333 interpretationem
940 1259 1246 1323 redoleant,
1276 1271 1393 1312 eam
1437 1269 1657 1324 prorsus
1688 1254 1999 1308 excludunt.

420 1352 529 1408 Nec
546 1354 618 1408 sit
641 1352 731 1422 qui
770 1351 889 1405 illos
917 1348 1202 1404 Ambrosio
1227 1345 1552 1401 Cardueensi
1594 1345 1649 1398 in
1677 1343 1850 1398 Gallia
1882 1343 2001 1411 epi-

421 1457 586 1514 seopo
613 1443 872 1507 ascribat;
918 1455 1037 1494 nam
1070 1437 1312 1509 quamvis
1341 1437 1716 1491 Sessorianum
1760 1449 1861 1488 ms.
1888 1435 2004 1503 quis

422 1537 765 1607 archetypum
796 1535 958 1588 fuisse
989 1533 1224 1595 diceret,
1267 1540 1444 1584 tamen
1477 1532 1576 1582 hos
1615 1541 1894 1582 sermones
1917 1529 2004 1580 vix

422 1637 478 1686 et
523 1645 590 1686 ne
637 1631 720 1683 vix
770 1628 986 1698 quidem
1031 1625 1360 1680 Carducensi
1420 1623 1706 1677 Ambrosio
1754 1629 2004 1689 acceptos

421 1721 606 1776 referri
659 1719 868 1788 poterit.
904 1718 1113 1775 Etenim
1145 1716 1461 1770 Ambrosius
1509 1713 1597 1768 ille
1638 1721 1840 1766 tantum
1887 1720 2006 1782 post

424 1812 660 1868 medium
707 1824 830 1865 saec.
867 1824 962 1863 vm
1011 1807 1078 1861 ad
1129 1808 1500 1875 episcopatum
1541 1812 1760 1859 evectus
1803 1811 1887 1858 est
1912 1802 2000 1874 (ε),

421 1913 475 1960 et
520 1903 618 1956 has
657 1901 960 1963 conciones,
996 1912 1128 1968 quas
1160 1898 1376 1951 nonnisi
1426 1896 1668 1966 episcopi
1717 1895 1856 1949 ictus
1882 1908 2002 1963 esse

2105 704 2237 759 citra
2265 719 2351 758 an.
2383 703 2600 758 circiter
2619 703 2744 768 760,
2778 717 2876 758 nec
2906 703 3042 758 ultra
3070 718 3164 760 an.
3198 706 3300 760 778
3336 706 3670 774 producenda

2104 805 2206 851 est.
2239 797 2404 851 Porro
2452 813 2592 853 anno
2638 797 2850 851 circiter
2881 799 2982 852 760
3011 801 3407 856 commentariis
3449 801 3504 856 in
3532 804 3672 873 Apo-

2104 888 2360 958 ealypsim
2400 889 2604 943 clarere
2632 889 2812 957 empit,
2842 898 2894 943 et
2921 904 3062 944 anno
3094 889 3217 954 778,
3248 902 3303 945 ut
3330 902 3410 946 est
3438 894 3673 949 erudito-

2106 994 2222 1033 rum
2266 978 2592 1049 probabilior
2640 981 2924 1044 sententia,
2975 981 3102 1036 dum
3133 981 3354 1036 Romam
3403 995 3673 1054 pergeret,

2104 1069 2244 1125 diem
2276 1069 2408 1124 vidit
2452 1079 2772 1135 extremum,
2820 1083 2940 1140 post
2984 1086 3140 1141 quam
3184 1073 3388 1127 duobus
3419 1074 3677 1130 duntaxat

2106 1162 2402 1228 mensibus,
2429 1169 2484 1217 et
2509 1162 2698 1217 diebus
2724 1160 2814 1228 25,
2867 1161 3166 1232 iisdemque
3213 1179 3315 1219 non
3349 1167 3586 1233 pacilice,
3620 1168 3677 1222 in

2105 1256 2429 1310 monasterio
2453 1255 2508 1310 S.
2546 1255 2807 1310 Vincentii
2857 1255 2921 1309 ad
2951 1255 3268 1310 Vulturnum
3308 1271 3475 1326 prope
3506 1259 3676 1313 Bene-

2104 1355 2322 1400 ventum
2350 1346 2556 1401 abbatis
2585 1361 2806 1401 munere
2846 1342 3155 1416 perfunctus
3195 1359 3358 1404 esset.
3395 1349 3676 1420 Reliquum

2104 1437 2389 1507 estigitur,
2424 1446 2480 1492 ut
2505 1437 2588 1492 vel
2617 1437 2926 1492 distinctum
2956 1454 2985 1493 ι
3014 1438 3242 1494 laudatis
3264 1440 3314 1495 in
3343 1441 3528 1510 primis
3552 1456 3672 1512 sep-

2108 1539 2214 1585 tem
2245 1529 2496 1584 Ecclesia:
2525 1530 2732 1584 saeculis
2761 1530 2985 1586 alterum
3035 1533 3398 1600 excogitemus
3443 1534 3670 1586 Ambro-

2103 1622 2268 1684 sium,
2299 1621 2381 1676 vel
2407 1620 2606 1675 codicis
2634 1622 3025 1690 auctoritatem,
3054 1632 3110 1676 et
3147 1631 3461 1678 vetustatem
3490 1623 3542 1678 in
3571 1623 3674 1677 du-

2107 1715 2251 1768 bium
2282 1728 2550 1769 vocemus.
2579 1713 2842 1770 Neutrum
2877 1714 3110 1784 quidem.
3138 1714 3256 1771 Uno
3285 1730 3413 1786 ergo
3443 1715 3674 1770 Ambro-

2105 1807 2189 1861 sio
2237 1805 2616 1862 Ilediolancnsi
2661 1805 2963 1862 Sessoriani
3011 1806 3212 1862 codicis
3259 1807 3574 1862 auctoritate
3621 1808 3674 1862 hi

2105 1913 2379 1954 sermones
2407 1899 2746 1968 adjudica-ndi
2781 1909 2924 1953 sunt.
2955 1901 3159 1967 Quanta
3192 1915 3321 1956 vero
3350 1901 3508 1970 hujus
3533 1902 3679 1956 codi-

422 1991 721 2049 clarissime
776 1998 920 2060 patet
944 2029 958 2050 ,
1016 1988 1184 2044 codex
1243 1987 1459 2043 exitibet
1520 1987 1721 2042 laudati
1767 1986 2002 2055 episcopi
2031 1986 2078 2048 Β
2107 1991 2184 2044 eis
2213 1991 2282 2043 sit
2329 1992 2638 2056 auctoritas,
2667 1991 2912 2045 ecitatim
2942 1991 3135 2045 docent
3175 1991 3366 2046 summi
3407 2000 3678 2056 auctores,

426 2093 584 2140 aetate
637 2082 807 2151 major
834 2121 848 2144 ,
903 2080 1145 2144 scilicet,
1197 2087 1253 2134 ut
1302 2079 1452 2144 dixi,
1506 2077 1705 2133 saculo
1750 2089 1860 2142 vn,
1910 2077 2001 2132 vel

423 2178 488 2232 ad
510 2191 774 2232 summum
814 2175 1010 2229 saeculo
1051 2188 1148 2227 vm
1184 2173 1398 2228 ineunte
1444 2172 1804 2240 conscripts.
1859 2169 1998 2226 Hine

425 2281 646 2340 prorsus
679 2265 831 2322 ﬂocci
873 2264 1108 2320 facienda
1153 2273 1298 2320 esset
1326 2273 1380 2318 et
1416 2278 1601 2319 eorum
1647 2264 1860 2333 opinio,
1902 2265 1992 2334 qui

424 2361 523 2416 bos
557 2373 834 2415 sermones
861 2358 1128 2413 Ambrosii
1179 2357 1421 2425 Autpcrti
1453 2357 1694 2411 monachi
1734 2357 1814 2426 (ά)
1856 2370 1993 2426 opus

425 2449 967 2519 esseieontendereut;
987 2463 1132 2514 nam,
1166 2458 1517 2517 praeterquam
1541 2447 1679 2517 quod
1713 2447 1854 2501 illius
1882 2459 1986 2500 non

422 2558 542 2599 esse
555 2553 661 2598 tum
679 2558 742 2596 ex
767 2540 1002 2606 moribus
1023 2550 1077 2595 et
1093 2540 1356 2606 instituto,
1380 2549 1488 2593 tum
1518 2555 1580 2594 ex
1595 2539 1734 2610 stylo
1755 2540 1989 2593 etlorma

423 2636 964 2706 scribendiauctoris,
998 2643 1108 2689 tum
1144 2649 1210 2689 ex
1239 2633 1449 2688 diversa
1485 2633 1676 2688 biblica
1708 2633 1988 2698 versione,

425 2744 525 2798 qua
561 2728 649 2782 ille
699 2727 896 2792 utitur,
944 2728 1074 2782 satis
1114 2727 1394 2782 commode
1442 2726 1656 2796 probari
1685 2735 1844 2795 queat
1888 2725 1986 2795 (e),

422 2821 579 2874 etiam
648 2827 704 2872 ut
768 2818 844 2872 illi
909 2817 1340 2886 abjudicaremus
1370 2861 1384 2885 ,
1447 2832 1547 2872 una
1631 2832 1740 2885 pra:
1785 2818 1992 2871 caeteris

423 2911 559 2964 ratio
587 2909 878 2976 sufﬁceret,
909 2924 1009 2979 qua
1038 2909 1362 2965 Carducensi
1395 2911 1648 2978 episcopo
1679 2908 1992 2977 abjudican-

424 3003 524 3058 dos
550 3003 868 3072 putavimus.
899 3003 1173 3073 Siquidem
1203 3013 1254 3057 et
1287 3003 1549 3057 Ambrosii
1575 3000 1816 3055 monachi
1841 3011 1990 3067 aetas,

424 3107 492 3149 ne
521 3109 640 3149 cum
669 3093 968 3150 Trithemio
988 3095 1127 3150 inter
1150 3096 1437 3164 scriptores
1465 3109 1589 3150 eum
1618 3092 1870 3160 referam,
1907 3092 1998 3164 qui

496 3315 570 3388 (α)
593 3314 1049 3388 ῑζίάς-Ειιεθὺὶωη,
1083 3312 1178 3388 lib.
1202 3328 1272 3388 Vt_,
1307 3310 1373 3388 {.8
1398 3327 1412 3375 ;
1439 3309 1995 3388 Epi‘phaniumuhar.

426 3379 516 3452 64,
535 3379 587 3440 et
609 3385 665 3441 S.
700 3379 1111 3455 Hieronymum,
1143 3383 1208 3455 de
1234 3381 1404 3455 Scrip.
1434 3379 1655 3434 Eccles..
1681 3393 1799 3449 cap.
1832 3379 1921 3435 56.

515 3458 570 3530 tu
599 3455 818 3530 ρωπίας
845 3453 914 3530 ἀεί
937 3455 1035 3530 Pin.
1064 3453 1357 3530 CEMOTP":
1791 3519 1821 3530 ..

515 3458 570 3525 ὁ)
599 3457 818 3509 Confer.
845 3457 914 3509 du
937 3457 1035 3508 Pin
1064 3461 1120 3508 et
1144 3457 1357 3508 Moreri.
1651 3507 1656 3511 ,

493 3457 566 3648 ἓ)
604 3526 758 3580 Plura
783 3525 851 3580 de
881 3527 980 3580 hoc
1011 3523 1295 3579 Ambrosio
1339 3523 1584 3590 leguntur
1612 3519 1754 3573 Hist.
1785 3519 1887 3572 litt.
1938 3520 2000 3573 de

537 3595 724 3648 'rance.
757 3605 884 3648 tom.
921 3595 1011 3648 IV.
1037 3609 1153 3648 πιθα.
1185 3593 1282 3646 157
1306 3602 1359 3645 et
1388 3605 1526 3648 δραι..
1552 3603 1614 3644 ac
1637 3590 1774 3648 apud
1805 3588 1999 3644 Colle-

425 3601 476 3649 la
502 3588 724 3664 France,
757 3605 884 3649 toni.
921 3595 1011 3660 IV,
1037 3593 1282 3664 pagalg‘i?
1306 3602 1359 3645 et
1388 3588 1614 3664 seq.,_ac
1637 3590 1774 3658 apud
1805 3588 1999 3644 Celle-

423 3667 558 3721 rium
585 3655 679 3720 IlI).
707 3655 825 3735 sup.
859 3667 974 3732 cit.,
1000 3655 1138 3735 toni.
1165 3661 1297 3728 VIII,
1327 3676 1445 3735 pag.
1470 3655 1604 3735 {86.

2105 2081 2192 2149 qui
2219 2081 2303 2135 vel
2351 2081 2499 2135 illum
2548 2096 2756 2135 summo
2787 2084 2839 2135 in
2890 2084 3064 2152 pretio
3107 2083 3354 2139 habuisse
3391 2093 3678 2149 testantur,

2102 2176 2184 2230 vel
2216 2188 2279 2230 ex
2308 2189 2374 2229 eo
2402 2184 2509 2228 tum
2542 2174 2599 2229 S.
2635 2175 2934 2244 Augustini,
2974 2189 3094 2230 eum
3137 2177 3195 2231 S.
3233 2176 3444 2231 Maximi
3484 2178 3679 2231 Tauri-

2100 2265 2280 2320 neusis
2310 2265 2546 2334 episcopi
2575 2279 2706 2318 nova
2734 2265 2928 2334 scripta
2955 2276 3231 2321 ernerunt.

2147 2358 2280 2414 VII.
2326 2362 2566 2412 Auctore:
2594 2359 2677 2427 qui
2709 2361 2786 2411 mi
2815 2368 2931 2412 sunt
2968 2359 3144 2412 codice
3180 2359 3500 2428 Seueriane,
3535 2378 3595 2415 ac
3617 2363 3680 2416 de

2096 2466 2157 2502 eo
2183 2457 2298 2502 sunt
2325 2450 2499 2503 locuti.
2523 2479 2591 2488 —
2621 2449 2785 2503 Porro
2810 2448 2877 2504 de
2908 2449 3009 2504 hoc
3037 2449 3244 2517 codice,
3272 2451 3387 2521 qui,
3414 2463 3475 2508 ut
3515 2467 3678 2521 supra

2097 2540 2227 2605 dixi,
2250 2539 2375 2594 olim
2401 2539 2605 2593 exstitit
2637 2539 2687 2593 in
2710 2540 3032 2595 monasterio
3061 2540 3454 2611 Nonantulatto,
3477 2557 3541 2598 ex
3569 2559 3678 2614 quo

2100 2628 2322 2683 Romam
2353 2628 2540 2684 detulit
2565 2629 2637 2687 de
2679 2644 2777 2683 suo
2803 2631 3014 2696 ordine,
3047 2647 3146 2686 nec
3175 2648 3280 2687 non
3321 2633 3390 2690 de
3435 2635 3674 2690 Ecclesia

2103 2725 2346 2780 universa
2377 2726 2577 2794 optime
2606 2726 2828 2783 meritus
2855 2726 3090 2784 Hilarion
3118 2727 3406 2796 Rancatus,
3434 2731 3524 2800 qui
3548 2730 3676 2786 Ses-

2103 2819 2330 2871 sorianu:
2359 2816 2702 2872 Bibliotheca:
2731 2826 2917 2874 auctor
2940 2818 3038 2874 fuit
3064 2819 3162 2890 (ί),
3188 2821 3265 2875 sic
3292 2821 3342 2874 in
3373 2837 3468 2876 suo
3492 2821 3677 2876 Murco

2099 2906 2283 2962 Italico
2315 2907 2547 2977 loquitur
2576 2909 2804 2980 inclytus
2830 2910 3260 2982 Mabillonius(g)
3292 2931 3304 2964 :
3343 2931 3360 2964 ε
3399 2911 3453 2967 In
3489 2915 3676 2973 codice

2098 3001 2339 3056 Romano
2379 3001 2584 3056 Sancta:
2630 3001 2848 3068 Crucis,
2894 3003 2986 3073 qui
3031 3004 3130 3058 fuit
3177 3005 3304 3058 olim
3356 3007 3669 3063 monasterii

2109 3092 2545 3161 Nonantulensis,
2577 3104 2700 3152 ante
2727 3096 3455 3169 annum-octuigentesimmn
3488 3099 3674 3170 aequi-

2109 3321 2337 3363 sonante
2396 3307 2733 3364 bibliothecae
2779 3311 3068 3379 specimiua
3121 3311 3372 3378 exhibet,
3422 3309 3511 3366 fol.
3569 3313 3674 3372 593

2107 3393 2286 3450 verso,
2317 3379 2404 3450 his
2429 3380 2608 3450 verbis
2639 3379 2908 3450 loquitur:
2945 3401 2964 3432 ι
2992 3380 3050 3435 1η
3079 3385 3326 3436 Venerat).
3353 3387 3675 3440 monasterio

2109 3450 2164 3504 S.
2207 3448 2390 3521 Crucis
2423 3449 2488 3521 in
2536 3448 2831 3521 Jerusalem
2872 3451 3090 3521 insignis
3138 3462 3309 3521 exstat
3357 3453 3673 3512 biblimheca

2111 3535 2239 3573 mss.
2267 3517 2534 3572 codicibus
2563 3520 2774 3583 referta,
2808 3536 2965 3590 opera
2979 3517 3060 3577 'cl.
3090 3523 3185 3576 viri
3216 3519 3499 3576 Hilarionis
3529 3525 3672 3580 Ran-

2108 3592 2211 3643 cati
2244 3590 2674 3654 Mcdiolanensis,
2704 3592 2951 3646 monachi
2974 3593 3361 3658 Cisterciensis,
3403 3595 3484 3647 sui
3525 3595 3671 3648 ordi-

2108 3662 2208 3723 nis,
2240 3659 2362 3712 dum
2392 3661 2614 3726 viveret,
2646 3663 3006 3728 procuratoris
3041 3677 3102 3716 ac
3151 3663 3388 3729 praesidis
3425 3664 3476 3717 in
3528 3665 3672 3720 Italia

497 3737 575 3807 (ά)
603 3721 790 3804 Hujus.
809 3721 1076 3807 Ambrosii
1103 3741 1251 3807 gesta
1277 3721 1456 3807 _'re_I_e}t
1505 3729 1836 3807 Mabillonius
1883 3730 1998 3786 Act.
2030 3721 2076 3786 C
2109 3721 2479 3807 generalis,_in
2503 3721 2864 3807 recognitione
2891 3721 3670 3807 libroru'm'SyriacOrum,ver-

425 3799 704 3864 Sacrorum
732 3806 845 3859 ard.
874 3806 933 3860 S.
963 3799 1180 3866 Bened.,
1206 3802 1311 3856 vol.
1340 3801 1428 3866 IV,
1452 3803 1628 3855 smcnl.
1658 3816 1732 3864 Ill,
1769 3807 1906 3870 part.
1939 3815 2001 3866 ῐι,

423 3892 452 3932 a
484 3891 602 3947 pag.
622 3875 748 3930 259.
764 3876 894 3930 Vide
918 3876 1076 3947 etiam
1095 3873 1454 3947 Anastasium,
1473 3885 1590 3940 pag.
1619 3870 1751 3924 1711
1769 3880 1822 3947 et
1845 3885 1995 3947 seqq.

495 3940 582 4016 (ε’)
615 3947 682 4002 Ut
708 3960 892 4000 rursus
917 3946 1278 4016 demonstrem
1302 3946 1403 4016 hos
1433 3951 1712 4016 sermones
1741 3940 1857 4016 solo
1887 3941 2001 4016 epi-

427 4010 588 4086 scopo
619 4017 928 4090 convenire,
960 4025 1115 4084 prout
1143 4014 1208 4068 ad
1235 4013 1380 4090 solos
1401 4014 1526 4090 olim
1558 4011 1854 4090 pertinebat
1882 4010 1998 4090 epi-

426 4081 617 4158 scopos
641 4081 1054 4141 catechumenos
1085 4091 1140 4140 et
1166 4082 1467 4158 neophytos
1493 4082 1779 4158 instruere,
1803 4081 2000 4133 diutius

428 4150 535 4212 non
559 4159 914 4220 immorabor;
941 4171 1040 4212 nec
1061 4169 1214 4223 atque
1241 4150 1529 4232 operosius
1538 4150 1788 4232 conabor
1815 4159 2000 4232 osten-

427 4232 556 4285 dere
577 4237 830 4299 quantum
853 4222 1136 4300 sermones
1150 4226 1315 4279 nostri
1337 4222 1633 4300 amoribus
1658 4230 1713 4276 et
1734 4222 1997 4300 instituto,

465 4289 680 4371 cantum
721 4310 750 4352 a
795 4301 935 4369 stylo
981 4306 1035 4352 et
1073 4297 1241 4350 forma
1268 4292 1532 4348 scribendi
1568 4289 2002 4371 Autperti_dissi-

465 4317 680 4354 naulum
721 4317 750 4352 a
795 4317 935 4354 StVIO
981 4317 1035 4352 Ct
1073 4317 1241 4350 turma
1268 4317 1532 4348 acrlucnul
1568 4317 1809 4360 ιιυψυηι
1844 4317 2001 4345 ursa:-

425 4317 605 4425 IIeant.
649 4370 819 4422 Pauca
837 4358 1038 4442 Attamen
1078 4376 1764 4442 properanspe-rcurramn
1795 4361 2001 4428 Quippe

429 4445 715 4508 Autpertus
743 4437 925 4508 nullihi
957 4437 1144 4508 lereiin
1176 4435 1285 4488 suis
1303 4435 1514 4508 scriptis
1539 4435 1887 4508 monasticam
1901 4445 2002 4508 _re—

429 4502 607 4580 gulam
640 4522 744 4561 non
779 4506 978 4568 laudat,
1008 4504 1556 4580 vc|__se_tnonachutn
1599 4502 1665 4554 ad
1706 4502 1997 4580 monachos

431 4571 789 4648 alloquentem
826 4592 932 4630 non
977 4575 1172 4648 prodit.
1203 4574 1462 4648 Praeterea
1509 4572 1754 4648 Autperti
1796 4571 1998 4648 scripta

429 4652 515 4720 qui
542 4641 742 4704 attente
774 4641 1092 4722 pet'legerit,
1123 4645 1176 4698 in
1214 4645 1348 4722 ipsis
1385 4642 1595 4722 saepius
1717 4641 2000 4722 Augustini

430 4711 1113 4783 elocutiones,antitheses,
1137 4723 1190 4769 et
1211 4711 1321 4767 fere
1350 4711 1634 4782 aliquando
1654 4713 1888 4780 integras
1918 4712 2000 4766 in-

429 4792 606 4860 veniet
631 4788 906 4860 periodos,
943 4801 1040 4841 nec
1091 4800 1196 4839 non
1229 4783 1445 4860 saepius
1470 4783 1699 4860 blandas
1727 4792 2000 4860 voces,_nt

430 4852 649 4916 Fratres"
668 4859 1016 4921 dilectissimi,
1052 4865 1180 4920 etc.,
1232 4864 1388 4923 atque
1432 4852 1513 4907 his
1541 4852 1768 4916 similia,
1814 4863 1867 4906 et
1894 4853 1996 4910 alia

431 4932 680 4987 nonnulla
717 4931 888 4986 eidem
923 4927 1201 4982 familiaria
1231 4925 1392 4978 verba
1437 4923 1705 4993 reperiet,
1743 4937 1773 4977 a
1805 4924 1998 4992 quibus

431 5005 678 5058 omnibus
721 5012 996 5055 sermones
1029 4997 1195 5051 nostri
1227 4995 1298 5049 ita
1329 5007 1548 5064 prorsus
1577 4995 1735 5048 alieni
1759 5005 1902 5061 sunt,
1941 5004 1996 5050 ut

431 5090 498 5130 ne
520 5075 796 5146 syllabam,
823 5073 907 5124 vix
930 5069 1185 5146 dicerem,
1209 5079 1329 5146 cum
1353 5065 1826 5146 Autpertiseri'ptis
1850 5080 1995 5146 com-

433 5136 644 5199 mun'em
674 5136 920 5197 habeant.
956 5141 1174 5207 Insuper
1195 5139 1484 5204 Autpertus
1508 5136 1699 5190 biblica
1729 5138 1994 5207 versione,

431 5230 549 5284 qua:
580 5230 768 5270 novam
800 5214 886 5265 vix
915 5206 1186 5284 Vulgatam
1216 5208 1386 5284 reddit
1402 5208 1472 5284 ad
1505 5207 1744 5284 verbum,
1771 5206 1996 5274 ideoque

432 5278 637 5339 diversi
671 5297 887 5352 prorsus
911 5281 976 5333 ab
1005 5295 1065 5334 ea
1086 5322 1099 5344 ,
1124 5293 1241 5348 qua:
1279 5278 1330 5352 in
1364 5279 1443 5352 his
1474 5279 1810 5332 sermonibus
1839 5290 1995 5352 repe-

433 5357 565 5408 ritur
595 5347 788 5416 vet-sio,
814 5366 940 5406 usus
967 5359 1067 5412 est,
1096 5347 1152 5402 ut
1180 5365 1246 5403 ex
1272 5349 1509 5416 ejusdem
1532 5362 1582 5401 et
1608 5357 1802 5401 nostra:
1833 5347 1992 5400 colla-

435 5426 578 5479 tione
605 5424 748 5476 nullo
776 5422 985 5490 negotio
1014 5420 1383 5489 deprehendes
1407 5463 1419 5484 ,
1451 5419 1640 5490 saltem
1675 5419 1718 5470 si
1748 5417 1995 5490 consulas

433 5495 570 5564 apud
592 5485 901 5564 Martenem,
928 5502 1054 5564 tom.
1084 5485 1418 5564 lii/impura.
1451 5488 1682 5564 Collectr
1711 5501 1842 5564 pag.
1865 5485 1992 5564 Sed,

431 5556 536 5620 2‘27
556 5607 568 5629 ,
595 5563 734 5630 229,
759 5556 895 5630 θια,
917 5578 977 5616 ac
1005 5563 1055 5615 in
1101 5556 1342 5635 Biblioih,
1371 5557 1606 5635 Patrum,
1631 5556 1818 5635 Colon.
1862 5556 1988 5609 edit.

435 5628 564 5690 toni.
590 5628 728 5698 ΧΙΙΙ,
749 5628 881 5704 pag.
898 5635 1000 5688 480
1025 5642 1078 5686 et
1102 5631 1227 5692 492,
1261 5631 1343 5682 ubi
1363 5628 1602 5696 Autperti
1632 5628 1825 5693 scripta
1842 5635 1995 5693 qunt-

434 5714 562 5775 quot
587 5714 794 5762 exstant
822 5713 1028 5775 vu‘gata
1057 5704 1315 5755 invenies.
1554 5765 1565 5776 .

503 5778 587 5846 (Ι)
628 5777 701 5831 De
732 5778 828 5830 hoc
857 5766 1079 5846 t-lg'viro
1108 5780 1396 5846 etsumtna
1427 5766 1660 5846 omnium
1692 5766 1861 5846 laude
1898 5781 1993 5846 co-

435 5834 592 5904 lendo
616 5848 878 5914 Iosephus
907 5841 1242 5898 Blanchinit‘ts
1273 5840 1322 5892 in
1353 5845 1485 5914 part.
1519 5853 1553 5890 ιι
1576 5834 1990 5914 ευίβυαηρςιίαο

434 5919 517 5978 iii.
548 5919 670 5972 dum
701 5905 835 5971 inter
865 5916 967 5967 alia
1011 5914 1177 5980 plura.
1208 5905 1552 5976 quorumdam
1586 5905 1843 5962 codicum
1864 5909 1989 5962 Sero

2108 3801 2261 3853 sione
2290 3800 2510 3854 Arabica
2543 3801 2851 3864 Bibliorum,
2889 3800 3243 3870 explicatione
3284 3805 3672 3860 controversia-

2105 3885 2221 3924 rum
2273 3870 2391 3923 ﬁdei
2441 3871 2676 3938 quinque
2723 3873 2946 3926 summis
2990 3873 3327 3940 poutilicibus
3363 3874 3587 3928 I’auloV
3617 3885 3673 3931 et

2105 3940 2550 4008 subsequentibus
2593 3942 2788 3996 eximie
2836 3943 3060 4009 probati,
3091 3943 3180 4010 qui
3213 3943 3344 3996 vixit
3381 3959 3551 3998 annos
3577 3946 3665 4010 69,

2104 4010 2341 4075 obiitviue
2364 4009 2451 4078 die
2483 4011 2546 4062 Iz’.
2579 4013 2774 4078 Aprilis
2803 4027 2890 4066 an.
2925 4014 3082 4077 1665,
3113 4009 3168 4065 ut
3213 4013 3398 4068 scribit
3434 4009 3669 4069 "abillo?

2105 4080 2220 4153 nius-
2251 4080 2339 4153 (ln
2362 4077 2553 4153 _Itiner.
2581 4077 2782 4142 Italia.
2822 4098 2874 4151 p.
2905 4082 3017 4152 90).
3050 4082 3104 4136 Id
3131 4096 3256 4138 vero
3297 4085 3515 4153 (laudati
3558 4086 3666 4138 Ma-

2105 4150 2306 4223 billonii
2357 4150 2466 4223 fere
2513 4161 2636 4205 sunt
2679 4150 2835 4206 verba
2890 4153 2926 4206 l.
2953 4150 3001 4207 c.
3046 4163 3174 4205 tom.
3216 4150 3576 4223 ll)‘pr:ecipue
3615 4156 3666 4209 in
3749 4199 3754 4202 .

2103 4221 2221 4286 ejus
2266 4220 2476 4274 laudem
2516 4223 2692 4286 vertit,
2739 4223 2878 4288 quod
2920 4222 3096 4276 varios
3136 4220 3346 4278 codices
3390 4220 3666 4282 ex'ltalite

2102 4289 2440 4363 monasteriis
2461 4294 2786 4363 conquisitos
2807 4292 3043 4348 studiose
3063 4294 3296 4363 collegit,
3311 4296 3502 4363 quibus
3523 4295 3664 4351 dicta

2105 4360 2428 4434 bibliotheca
2453 4361 2679 4434 celebris
2707 4363 2894 4434 evasit.
2927 4363 3005 4434 Ex
3035 4378 3096 4434 ea
3127 4360 3288 4418 eruta
3305 4360 3388 4418 est
3415 4367 3666 4434 praeclara

2103 4431 2188 4484 illa
2235 4429 2289 4484 S.
2316 4432 2598 4503 _Augu~tini
2645 4433 2866 4503 epistola
2915 4433 2983 4486 ad
3028 4433 3297 4502 Alypium,
3340 4429 3457 4503 quia
3500 4445 3584 4490 est
3615 4439 3664 4492 in

2103 4515 2236 4554 nova
2264 4501 2495 4554 editione
2517 4501 2608 4565 29,
2641 4512 2692 4556 et
2714 4501 2912 4571 aliqu‘ot
2939 4504 3059 4558 novi
3088 4501 3382 4560 cremantes.
3417 4505 3492 4559 De
3521 4516 3666 4562 tanto

2102 4572 2218 4643 viro
2244 4572 2402 4624 etiam
2437 4572 2600 4626 videri
2633 4583 2806 4643 potest
2836 4573 3211 4642 Fumagallius,
3242 4576 3328 4643 qui
3359 4576 3474 4643 ejus
3494 4576 3664 4633 Vitem

2100 4641 2381 4710 diligenter
2403 4644 2635 4711 scripsit,
2665 4652 2719 4697 et
2740 4642 2929 4697 Brixiae
2953 4641 3179 4711 vulgavit
3215 4641 3301 4698 an.
3333 4641 3487 4699 ﬁlii.
3621 4686 3623 4688 -

2173 4714 2266 4767 llic
2293 4713 2471 4778 modo,
2502 4721 2558 4766 ut
2596 4714 2784 4782 ingrati
2814 4714 2973 4767 animi
3012 4714 3220 4770 crimen
3266 4716 3475 4780 horreo,
3525 4717 3665 4772 haud

2100 4783 2312 4838 silentio
2340 4792 2650 4852 praeteream
2683 4798 2842 4852 supra
2875 4783 3139 4838 laudatum
3182 4786 3660 4842 eminentissimum

2099 4855 2274 4925 card,
2301 4853 2634 4925 loachimum
2678 4852 2972 4925 Besntium,
3018 4857 3188 4910 virum
3230 4857 3442 4925 utique,
3492 4867 3548 4910 ut
3592 4859 3666 4913 ait

2103 4923 2438 4997 Blancliinius
2467 4924 2502 4978 I.
2524 4939 2602 4997 Ac.,
2630 4923 2962 4997 modestique
2991 4927 3176 4997 pietate
3195 4944 3297 4979 non
3323 4923 3488 4980 ἱηῑηκε
3512 4945 3666 4997 quant

2099 4993 2345 5067 singulari
2376 4995 2602 5047 doctrina
2629 4995 3106 5060 commendandum,
3134 4997 3326 5066 quippe
3355 5014 3446 5065 qui
3467 4993 3532 5051 et
3549 5001 3664 5067 ipse

2105 5081 2207 5120 non
2242 5066 2411 5116 aulum
2455 5067 2822 5120 Sessorianam
2869 5067 3239 5121 bibliothecam
3271 5066 3662 5124 rarissimarum

2102 5136 2358 5205 librorum
2385 5136 2557 5205 copia,
2588 5147 2641 5191 et
2668 5138 2936 5190 homullis
2964 5140 3360 5205 pretiosissimis
3393 5139 3664 5194 codicibus

2100 5207 2246 5258 auxit
2287 5204 2595 5274 ditavitque,
2627 5221 2808 5260 verum
2855 5204 3014 5261 etiam
3055 5211 3352 5263 emnoliium
3397 5209 3663 5265 lmrcdem

2099 5291 2160 5328 ex
2191 5290 2309 5328 asse
2334 5274 2484 5338 dixit,
2514 5285 2568 5331 et
2601 5277 3058 5332 bibliomecarium
3092 5281 3289 5333 institui
3315 5281 3535 5332 curavit.

2174 5346 2510 5400 Blanchinius
2537 5348 2776 5402 scribens
2804 5364 2960 5417 supra
3005 5349 3170 5403 relata
3199 5351 3385 5415 verba,
3416 5347 3618 5403 addidit
3646 5369 3657 5403 :

2101 5415 2450 5470 Cistercienses
2478 5418 2627 5470 hodie
2653 5415 2885 5472 incolunt
2923 5421 3056 5472 hunc
3099 5422 3265 5472 locum
3293 5435 3497 5473 munere
3528 5420 3664 5475 Sir-ti

2101 5502 2246 5556 papa:
2285 5486 2346 5552 V,
2379 5494 2514 5556 quod
2545 5503 2764 5556 prorsus
2787 5508 2816 5541 a
2849 5491 3067 5544 veritate
3109 5493 3366 5544 absonum
3390 5501 3472 5544 est
3501 5509 3510 5542 :
3540 5503 3663 5544 mm

2105 5556 2349 5610 inunachi
2400 5557 3147 5615 Benedictino-Cistercienscs
3194 5561 3260 5615 ab
3309 5577 3448 5616 anno
3498 5559 3660 5627 1-563,

2103 5627 2196 5680 Po
2240 5627 2302 5680 IV
2338 5629 2579 5694 poutiliee
2611 5631 2866 5694 maxime,
2905 5631 3014 5698 jam
3063 5631 3438 5686 Sessorianum'
3479 5644 3664 5686 emno-

2103 5698 2244 5751 bium
2278 5700 2599 5752 inhabitasse
2626 5709 2831 5753 constat
2861 5716 2924 5754 ex
2946 5702 3082 5755 serie
3106 5703 3353 5756 abbatum
3377 5703 3440 5755 ad
3467 5704 3662 5757 calcem

2103 5767 2348 5822 Hismria:
2378 5769 2612 5837 ejusdem
2644 5773 2947 5824 monasterii
2990 5773 3180 5840 posita,
3213 5787 3367 5840 quam
3415 5774 3660 5827 llaiurun-

2102 5841 2200 5912 dus
2231 5839 2584 5912 BesuLusan.
2622 5840 2758 5894 1750
2786 5839 3039 5912 Romanis
3065 5843 3200 5911 typis
3232 5839 3479 5912 vulgavit.

2174 5910 2250 5976 (9)
2292 5911 2437 5964 Tom.
2468 5911 2519 5976 l,
2550 5921 2681 5978 part.
2710 5927 2765 5978 II,
2794 5927 2846 5980 p.
2873 5913 2925 5976 1,
2954 5910 2980 5980 ς
3005 5912 3059 5966 il.
