4032 6430
1498 361 1554 418 8.
1595 352 1914 416 Αιιιιιιοειι
1955 351 2496 416 MEDIOLANENSIS
2536 355 2838 418 EPISCOPI

542 490 752 560 illoest
777 495 950 552 nostri
971 483 1273 548 consensio.
1299 483 1398 540 Hic
1425 494 1603 537 sermo
1639 493 1783 547 aegre
1822 476 2024 544 legitur
2052 471 2106 525 in
2137 468 2193 530 Α
2217 469 2490 541 Baptista.»
2535 494 2554 528 ι
2586 476 2728 540 Edit,
2756 473 2845 527 ubi
2867 484 3012 540 sup.,
3045 468 3096 523 in
3119 464 3350 536 append.
3407 465 3513 519 col.
3552 466 3641 521 41.
3677 466 3789 524 Fol.

542 593 729 652 codice
747 600 858 646 tum
885 583 1124 643 evanidis
1148 583 1434 642 vetustate,
1463 581 1517 630 et
1545 571 1702 628 sorde
1719 565 1964 624 obductis
1985 563 2113 618 cha‘
2225 569 2325 622 152
2350 576 2518 634 recto,
2535 581 2622 622 vt:
2653 585 2670 617 ι
2701 566 2846 633 lncp.
2871 562 3032 617 alium
3059 559 3187 628 (sic)
3211 558 3276 613 de
3297 557 3474 613 natale
3496 558 3753 627 ejusdem.
3770 581 3788 612 ι

545 649 868 747 rectoribus,
898 693 1020 734 cum
1059 676 1110 730 in
1139 673 1249 730 oris
1285 670 1705 737 circumquaque
1744 661 1887 716 carie
1921 655 2114 747 detrita
2221 657 2366 713 Edit.
2395 656 2534 727 apud
2565 656 2623 712 8.
2656 653 2995 710 Ambrosium
3024 652 3164 706 inter
3193 650 3368 720 spuria
3391 649 3492 702 col.
3521 650 3646 704 570.
3680 650 3794 708 Fol.

547 740 768 849 pagella.
800 740 917 828 Fol.
942 769 978 822 2
1003 774 1175 830 recto,
1193 769 1490 832 sequuntur
1509 755 1749 827 ejusdem
1781 751 1838 807 S.
1869 746 2118 818 Angusti-
2223 747 2316 801 cit.
2346 760 2524 811 verso,
2546 761 2615 801 vn
2644 762 2657 797 :
2687 764 2704 796 ι
2736 743 2882 813 lncp.
2915 743 2982 798 de
3003 741 3191 796 Natale
3214 740 3312 796 SS.
3352 740 3494 795 Petri
3543 749 3599 795 ct
3648 741 3795 796 Pauli

545 831 744 928 itiiibri
774 864 840 920 15
867 831 1294 920 Confessionum,
1323 865 1552 924 quorum
1591 846 1778 903 titulus
1820 842 1894 897 ita
1932 849 2016 897 est
2051 838 2120 893 ad
2227 839 2610 909 apostolorum.
2649 855 2666 890 ι
2695 835 2839 890 Edit.
2891 833 3030 906 apud
3077 832 3136 890 S.
3167 831 3472 898 Maximum,
3521 831 3629 887 col.
3669 833 3793 892 577.

547 964 750 1022 calcem
807 955 924 1013 l‘olii
953 956 980 1009 1
1023 951 1167 1008 versi
1214 964 1230 1003 :
1285 965 1303 1000 ι
1336 946 1482 1016 lncp.
1535 941 1656 998 libri
1712 934 2120 994 Conl‘essionum

549 1053 791 1126 ejusdem
814 1047 873 1104 8.
902 1041 1215 1117 Augustini.
1252 1059 1271 1092 ι
1299 1038 1414 1094 Hoc
1452 1049 1586 1105 opus
1640 1045 1746 1086 non
1799 1036 1882 1084 est
1935 1024 2123 1080 distin-

551 1116 694 1204 ctum
717 1144 770 1199 in
795 1116 1004 1210 capita,
1030 1145 1085 1191 et
1113 1135 1332 1192 uberem
1389 1143 1420 1183 a
1478 1123 1839 1182 Maurinorum
1889 1116 2125 1172 editione

549 1243 770 1312 prestat
816 1206 1136 1287 variantium
1180 1231 1414 1294 segetem
1469 1231 1566 1287 pro
1611 1227 1746 1288 nova
1791 1206 2124 1267 excudenda.

554 1298 671 1390 -Fol.
717 1328 785 1385 79
828 1339 1032 1382 verso:
1063 1322 1205 1377 lucc.
1257 1315 1316 1372 8.
1349 1313 1587 1368 Λιίιιιιοει
1623 1319 1797 1362 εειιιο
1850 1318 1916 1358 οε
1963 1298 2124 1354 Catu-

553 1441 694 1481 τλτε
718 1438 788 1479 ει
821 1432 1081 1476 morione
1107 1397 1198 1472 SE:
1227 1411 1392 1468 PAULI
1422 1416 1672 1462 spos'rou
1697 1411 1905 1454 coarna
1935 1404 2127 1457 uanos,

554 1534 641 1584 our
672 1529 824 1573 BONIS
849 1517 1116 1574 tav‘tnsnr,
1138 1505 1231 1577 qui
1251 1513 1432 1558 sermo
1456 1497 1543 1551 hic
1585 1492 1744 1549 tertio
1785 1489 1904 1545 loco
1941 1485 2128 1553 vulga-

555 1578 661 1665 tur.
692 1607 808 1664 Fol.
841 1599 906 1659 81
932 1607 1111 1666 recto,
1141 1598 1201 1654 S.
1234 1586 1547 1660 Hieronymi
1573 1578 1902 1654 epitaphium
1931 1582 2132 1632 sanctae

553 1700 735 1759 Paula:
773 1711 901 1754 cum
930 1690 1221 1764 epigraphe
1251 1703 1264 1738 :
1305 1703 1323 1736 ι
1355 1681 1504 1750 lncp.
1545 1675 1818 1745 cpitaiitun
1849 1668 1973 1741 (sic)
2009 1681 2133 1723 san-

554 1805 656 1851 ctae
680 1791 860 1850 Paulm
884 1803 915 1844 a
947 1762 1103 1844 beato
1133 1781 1464 1847 Hieronymo
1495 1770 1628 1844 prb—0
1675 1768 1891 1823 factum.
1927 1782 1946 1816 ι
1978 1762 2132 1831 Ejus~

2231 931 2348 986 Fol.
2374 931 2477 986 155
2499 938 2668 995 recto,
2691 943 2815 983 vut:
2844 946 2861 979 ι
2880 927 3025 998 lncp.
3057 925 3125 980 de
3153 924 3326 979 natale
3338 922 3396 979 S.
3417 922 3667 995 Cypriani
3695 923 3799 993 epi-

2233 1023 2399 1094 scopi.
2439 1042 2458 1075 ι
2484 1021 2628 1078 Edit.
2659 1021 2748 1076 ubi
2770 1034 2922 1090 sup.,
2963 1018 3068 1074 col.
3091 1017 3217 1072 255.
3249 1015 3366 1072 Fol.
3402 1015 3496 1071 cit.
3529 1017 3582 1071 in
3613 1015 3798 1080 calce,

2230 1132 2285 1171 ιι
2317 1133 2332 1170 :
2368 1133 2387 1168 ι
2413 1116 2542 1171 Item
2573 1112 2849 1184 sequentia
2877 1111 2946 1166 de
2984 1109 3171 1165 eodem
3193 1123 3460 1165 sermone.
3486 1127 3505 1159 ι
3541 1106 3684 1163 Edit.
3713 1107 3801 1163 ubi

2230 1222 2410 1280 supra,
2444 1208 2549 1263 col.
2582 1205 2709 1263 595.
2737 1204 2858 1260 Fol.
2879 1204 2973 1259 cit.
3001 1217 3179 1270 verso,
3213 1217 3247 1256 χ
3278 1220 3292 1255 :
3331 1220 3349 1252 ι
3405 1201 3554 1271 lncp.
3583 1200 3652 1257 de
3691 1216 3802 1272 pas-

2229 1300 2380 1356 sione
2405 1300 2493 1355 vel
2519 1299 2683 1354 natali
2703 1307 3032 1363 sanctorum,
3061 1295 3112 1350 id
3137 1303 3240 1362 est,
3269 1293 3476 1359 Octavi,
3501 1294 3731 1350 Adventi
3751 1302 3805 1350 et

2231 1390 2495 1448 Solutoris
2523 1388 2793 1445 Taurinis.
2835 1407 2852 1439 ι
2893 1387 3034 1442 Edit.
3068 1386 3157 1440 ubi
3201 1400 3343 1456 sup.,
3385 1385 3489 1440 col.
3521 1384 3647 1440 261.
3686 1384 3802 1440 Fol.

2233 1483 2336 1540 154
2367 1491 2534 1548 recto,
2566 1497 2620 1537 xi
2650 1499 2662 1535 :
2701 1499 2720 1533 ‹
2755 1481 2900 1551 lncp.
2931 1479 2998 1535 de
3021 1478 3190 1549 gratia
3213 1475 3490 1548 Baptismi.
3516 1495 3534 1528 ι
3561 1475 3700 1531 Edit.
3716 1475 3805 1530 ubi

2234 1589 2356 1646 sup.
2388 1575 2494 1630 col.
2519 1573 2646 1629 617.
2677 1572 2793 1631 Fol.
2826 1572 2919 1627 cit.
2947 1584 3132 1634 verso,
3163 1585 3236 1624 xu
3272 1584 3286 1624 :
3327 1587 3345 1621 ι
3399 1567 3529 1623 ltem
3556 1567 3622 1622 de
3646 1567 3806 1622 natali

2234 1674 2548 1736 martyrum.
2589 1683 2606 1716 ι
2639 1664 2781 1720 Edit.
2813 1662 2903 1717 ubi
2931 1676 3076 1733 sup.,
3103 1661 3208 1716 col.
3230 1657 3487 1716 617.Fol.
3511 1659 3612 1714 155
3634 1671 3805 1728 recto,

2236 1775 2330 1814 ιιιιι
2361 1776 2374 1813 :
2403 1776 2424 1810 ι
2452 1759 2599 1828 lncp.
2626 1756 2694 1812 de
2718 1757 2880 1811 natali
2908 1754 3008 1811 SS.
3032 1753 3188 1810 Canti
3204 1793 3220 1820 ,
3243 1751 3490 1808 Cantiaui
3515 1761 3570 1807 et
3591 1750 3808 1807 Cantia-

556 1845 913 1943 dem—inniine
941 1876 1123 1934 titulus
1157 1845 1388 1942 sepulcri
1419 1866 1615 1936 legitur
1659 1859 1849 1916 litteris
1897 1854 2124 1912 unciali-
2156 1846 2204 1907 Β
2233 1852 2395 1909 ηιιιω.
2436 1870 2456 1905 ι
2491 1851 2636 1906 Edit.
2664 1850 2755 1905 ubi
2775 1862 2928 1920 sup.,
2961 1846 3067 1904 col.
3117 1846 3242 1902 615.
3302 1845 3418 1902 Fol.
3474 1845 3568 1901 cit.
3617 1860 3809 1912 verso,

557 1983 678 2047 bus,
706 1986 762 2033 et
782 1975 847 2030 ad
871 1973 1016 2028 illam
1045 1969 1272 2025 formant
1301 1958 1610 2026 elaboratis,
1645 1969 1804 2026 quam
1848 1951 2008 2019 vulgo
2051 1949 2129 2002 la-

557 2041 708 2146 pides
743 2068 1006 2132 retinent,
1061 2056 1422 2129 conscriptus,
1455 2054 1510 2108 in
1549 2064 1655 2121 quo
1686 2055 1894 2103 mortua
1937 2041 2133 2099 dicitur

559 2132 739 2229 Paula,
776 2158 1006 2215 Honorio
1036 2155 1264 2226 Augusto
1314 2163 1367 2203 vt
1405 2155 1452 2201 et
1499 2140 1812 2197 Aristhenito
1856 2132 2128 2199 consulib.,

559 2271 665 2313 non
696 2227 979 2314 Arestenio,
1006 2254 1068 2302 ut
1096 2246 1150 2300 in
1179 2241 1310 2299 edit.
1332 2251 1482 2309 oper.
1516 2235 1574 2291 S.
1629 2228 1940 2300 Hieronymi
1969 2227 2134 2282 habe-

561 2357 646 2403 tur
667 2343 886 2401 Mariani
911 2337 1168 2407 Victoris,
1206 2345 1307 2389 nec
1346 2330 1650 2384 Aristaneto
1673 2364 1688 2390 ,
1717 2317 2133 2408 ut.Parisiensis

560 2436 726 2494 editio
755 2441 884 2489 tom.
920 2429 1012 2498 IV,
1041 2427 1148 2484 col.
1180 2423 1308 2492 669,
1335 2429 1390 2478 et
1409 2415 1738 2475 Veronensis
1764 2421 1894 2469 tom.
1926 2411 1984 2478 l,
2025 2409 2130 2464 col.

564 2531 691 2597 689,
723 2529 978 2584 retinent.
1008 2519 1125 2577 Fol.
1147 2518 1216 2573 88
1237 2522 1388 2571 recto
1418 2529 1433 2566 :
1467 2511 1606 2566 lncr.
1638 2519 1805 2564 sentio
1833 2503 1892 2562 S.
1923 2504 2136 2559 Alano-

561 2641 607 2679 si
631 2595 700 2679 ac
719 2621 1029 2683 Pznracro,
1058 2611 1148 2684 qui
1176 2609 1380 2682 primus
1403 2605 1456 2661 in
1479 2602 1666 2661 ordine
1695 2612 1834 2655 nunc
1857 2595 2052 2668 prodiit
2082 2595 2135 2647 in

561 2719 756 2773 lucem.
788 2711 905 2768 Fol.
937 2709 1029 2766 cit.
1059 2717 1217 2762 verso
1247 2721 1260 2757 :
1288 2701 1428 2756 lncp.
1475 2710 1702 2753 causam
1745 2703 2007 2748 Αιινειιευε
2036 2702 2134 2742 nos

561 2824 645 2874 QUI
675 2811 885 2870 nicum.
909 2811 1284 2859 rosssssnonsu
1306 2808 1410 2850 nos
1429 2801 1856 2855 DIS'I'RAIIENDAII,
1884 2799 1981 2839 san
2003 2796 2135 2836 ruu-

561 2913 746 2957 CTIIUS
798 2905 1202 2951 IISEHICOBDIAI
1250 2898 1569 2948 FACIENDAI,
1616 2882 1705 2950 qui
1735 2890 1914 2933 sermo
1944 2887 2135 2930 secun-

561 2991 688 3046 dum
720 2989 772 3044 in
803 2987 887 3041 his
917 2984 1057 3040 foliis
1087 2979 1191 3038 sibi
1218 2976 1455 3033 vindicat
1483 2973 1679 3029 locum.
1707 2969 1822 3025 Fol.
1843 2965 1911 3023 89
1941 2971 2089 3021 recto
2119 2980 2131 3015 :

561 3081 784 3138 Joannis
804 3074 1042 3135 Cassiani
1093 3071 1405 3129 collationes
1451 3067 1484 3120 7
1541 3064 1760 3120 Patrum
1806 3053 2134 3119 Thebaidis,

563 3187 786 3245 quarum
814 3171 866 3225 in
891 3169 1067 3223 l‘ronte
1086 3165 1280 3235 legitur
1302 3179 1317 3217 :
1342 3178 1361 3212 ι
1391 3158 1517 3214 Haec
1536 3158 1720 3212 insunt
1743 3153 1797 3207 in
1828 3151 1932 3205 hoc
1951 3146 2137 3204 codice

563 3221 1223 3329 aliaue-nesseptemiid
1258 3259 1372 3318 est,
1423 3247 1630 3304 abbatis
1671 3239 2043 3298 Chaeremonis
2067 3236 2136 3292 de
2162 3221 2211 3287 C

564 3346 910 3427 perfectione,
940 3347 1178 3419 ejusdem
1209 3343 1277 3400 de
1296 3339 1540 3398 castitate
1561 3378 1577 3404 ,
1626 3333 1866 3405 ejusdem
1909 3329 1975 3385 de
2012 3343 2137 3399 pro-

567 3420 796 3504 iectione
823 3442 956 3507 Dei;
988 3437 1194 3495 abbatis
1223 3431 1508 3490 Nestoritis
1537 3427 1606 3484 de
1634 3423 1860 3496 spiritali
1890 3420 2133 3487 scientia,

566 3535 805 3608 ejusdem
831 3533 900 3589 de
927 3527 1338 3586 charismatibus
1355 3521 1548 3579 divinis
1573 3536 1588 3587 ;
1619 3515 1826 3574 abbatis
1853 3511 2052 3582 .loseph
2072 3512 2139 3567 de

566 3605 820 3695 amicitia,
850 3623 1088 3695 ejusdem
1114 3620 1180 3676 de
1207 3614 1532 3674 delinieudo.
1573 3631 1593 3665 ι
1637 3607 1874 3681 Singulis
1897 3605 2141 3661 collatio-

567 3721 724 3778 nibus
752 3715 1103 3787 capitulorum
1131 3708 1268 3765 tituli
1290 3715 1416 3763 sunt
1443 3700 1707 3773 inscripti,
1733 3707 1790 3756 et
1818 3697 1990 3769 primo
2020 3695 2141 3752 loco

567 3812 785 3883 ponitur
811 3785 1049 3879 praelatio
1074 3802 1143 3859 ad
1172 3799 1500 3856 Honoratum
1545 3803 1602 3850 et
1641 3789 1962 3848 Eucherium
1984 3831 1998 3855 ,
2049 3785 2139 3855 qui

570 3881 754 3961 tamen
776 3915 882 3956 non
909 3896 1253 3955 nominantur
1277 3896 1330 3948 in
1355 3887 1564 3946 codice.
1608 3886 1833 3942 Exstant
1854 3881 2081 3951 vulgatze
2107 3891 2140 3932 a

569 4003 717 4051 num.
741 3990 803 4047 11
835 3989 902 4045 ad
931 3988 996 4043 17
1025 3989 1078 4042 in
1107 3983 1237 4041 edit.
1269 3981 1510 4038 Romana
1538 3976 1665 4032 anni
1689 3973 1822 4030 1611
1849 3969 2034 4028 formis
2049 3983 2141 4024 ex-

569 4098 698 4142 cusa
717 4095 945 4140 camerae
966 4075 1296 4150 apostolicae.
1347 4070 1467 4128 Fol.
1511 4067 1613 4124 129
1657 4073 1838 4131 recto,
1884 4060 2143 4132 incipiunt

569 4188 846 4236 sermones
875 4171 1044 4244 prima
1075 4182 1234 4224 manu
1283 4165 1340 4220 S.
1378 4161 1609 4218 Maximo
1644 4153 1964 4214 Taurinensi
1991 4194 2007 4220 ,
2056 4166 2144 4208 se-

568 4270 739 4329 cunda
770 4243 930 4323 manu
952 4263 1013 4320 S.
1045 4257 1332 4318 Ambrosio
1352 4253 1560 4322 tributi,
1584 4259 1639 4307 et
1657 4249 1833 4306 denuo
1854 4243 2142 4303 recentiori

568 4364 830 4430 scriptura
855 4356 913 4412 S.
948 4351 1182 4409 Maximo
1212 4346 1480 4413 restituti,
1509 4356 1647 4414 quos
1675 4339 1838 4396 index
1865 4336 2142 4393 titulorum

569 4427 845 4523 praecedit,
901 4447 955 4501 in
987 4457 1114 4515 quo,
1171 4449 1230 4496 ut
1264 4440 1373 4510 jam
1416 4435 1755 4499 notavimus,
1810 4427 2145 4500 septuaginta

2237 1956 2396 1999 tum:
2433 1961 2453 1996 ι
2490 1942 2620 1998 Item
2646 1940 2714 1998 de
2741 1939 2905 1996 natali
2933 1946 3257 1995 sanctorum.
3297 1954 3315 1990 ι
3353 1936 3494 1992 Edit.
3521 1935 3610 1991 ubi
3651 1949 3810 2006 sup.,

2234 2036 2339 2094 col'.
2364 2035 2508 2096 621.,
2523 2035 2642 2092 Fol.
2664 2032 2770 2090 156
2792 2040 2960 2099 recto,
2985 2047 3054 2087 xv
3083 2047 3097 2084 :
3123 2049 3142 2083 ι
3168 2030 3312 2100 lncp.
3338 2028 3404 2085 de
3426 2043 3493 2085 eo
3513 2028 3655 2098 quod
3679 2029 3813 2086 scri-

2238 2140 2388 2198 ptum
2421 2137 2502 2200 est
2530 2127 2584 2183 in
2613 2125 2844 2184 Actibus
2870 2124 3234 2196 apostolorum
3263 2140 3276 2175 :
3309 2121 3470 2177 Erant
3521 2121 3594 2176 eis
3640 2122 3813 2176 omnia

2237 2221 2510 2276 conmunia
2538 2220 2661 2293 (sic)
2683 2261 2699 2289 ,
2731 2218 2871 2277 etde
2898 2219 3062 2284 Cain,
3109 2227 3167 2274 et
3204 2216 3273 2272 de
3316 2214 3558 2271 Annania
3599 2214 3751 2284 (sic).
3786 2232 3805 2267 ι

2236 2316 2378 2372 Edit.
2409 2315 2499 2371 ubi
2528 2329 2672 2386 sup.,
2703 2315 2807 2371 col.
2834 2314 2961 2370 429.
2990 2312 3106 2368 Fol.
3132 2311 3227 2367 cit.
3262 2325 3440 2376 verso,
3454 2325 3541 2364 xvi
3566 2327 3578 2360 :
3615 2327 3633 2362 ι
3664 2307 3810 2381 lncp.

2236 2411 2514 2482 sequentia
2546 2408 2614 2465 de
2642 2407 2886 2474 avaritia,
2903 2414 2957 2462 et
2979 2405 3050 2462 de
3073 2404 3332 2461 Anania.»
3365 2402 3506 2458 Edit.
3541 2402 3630 2456 ubi
3657 2417 3778 2473 sup.
3798 2443 3811 2465 ,

2236 2505 2341 2560 col.
2370 2503 2496 2559 525.
2527 2501 2644 2558 Fol.
2669 2502 2770 2558 157
2800 2509 2971 2566 recto,
3000 2513 3145 2555 xvu:
3181 2517 3201 2552 ι
3227 2498 3378 2568 lncp.
3419 2496 3723 2553 exhortatio
3750 2495 3814 2550 ad

2237 2595 2477 2666 plebem,
2518 2602 2572 2649 et
2616 2593 2683 2649 de
2729 2607 2794 2649 eo
2820 2591 2962 2663 quod
2989 2591 3246 2662 scriptum
3277 2599 3362 2646 est
3391 2591 3444 2644 in
3470 2588 3764 2659 Evangelio
3797 2604 3810 2640 :

2240 2687 2388 2743 Sicut
2417 2687 2592 2760 fulgur
2613 2686 2678 2741 de
2701 2684 2792 2740 sub
2816 2683 2972 2751 caelo;
3001 2685 3072 2738 ita
3111 2684 3204 2738 erit
3246 2683 3488 2738 adventus
3521 2682 3617 2750 ﬁlii
3654 2681 3818 2736 homi-

2238 2781 2352 2847 nis;
2381 2789 2436 2835 et
2464 2779 2532 2834 de
2561 2777 2769 2833 duobus
2792 2776 2846 2832 in
2867 2776 3007 2832 lecto
3033 2789 3160 2831 uno.
3193 2794 3212 2826 ι
3247 2774 3389 2830 Edit.
3424 2773 3512 2829 ubi
3537 2787 3684 2844 sup.,
3710 2772 3812 2828 col.

2244 2872 2298 2927 5.
2333 2869 2448 2926 Fol.
2480 2869 2583 2924 158
2612 2876 2779 2930 recto,
2800 2882 2924 2922 xvtn
2960 2884 2973 2921 :
3004 2882 3022 2918 ι
3052 2865 3193 2934 lncp.
3225 2865 3291 2919 de
3311 2862 3637 2934 sequentia.»
3671 2863 3814 2918 Edit.

2241 2963 2329 3019 ubi
2355 2977 2502 3032 sup.,
2529 2960 2634 3018 col.
2664 2960 2719 3015 9.
2750 2957 2865 3014 Fol.
2898 2958 2988 3014 cit.
3015 2971 3188 3022 verso,
3213 2970 3357 3013 xuu:
3399 2975 3417 3007 ι
3451 2955 3594 3025 lncp.
3625 2955 3696 3012 de
3719 2956 3817 3012 bo-

2240 3053 2548 3124 Spitalitate.
2578 3070 2595 3104 ι
2632 3050 2773 3106 Edit.
2803 3049 2891 3105 ubi
2916 3063 3062 3121 sup.,
3092 3048 3196 3103 col.
3225 3047 3349 3104 645.
3380 3047 3496 3103 Fol.
3520 3047 3620 3102 159
3643 3057 3814 3113 rect»,

2255 3146 2530 3217 xxzalncp.
2555 3145 2621 3201 de
2644 3141 3023 3214 eleemosyuis,
3042 3151 3096 3197 ct
3112 3141 3200 3196 ubi
3222 3139 3361 3195 sedit
3383 3139 3637 3194 Dominus
3662 3137 3820 3195 Jesus

2239 3255 2401 3311 super
2433 3249 2646 3310 puteum
2677 3237 2958 3293 Samarim.
3000 3255 3017 3287 ι
3055 3233 3194 3308 Edit.
3221 3233 3307 3288 ubi
3344 3247 3496 3302 sup.,
3537 3233 3644 3287 col.
3687 3231 3816 3289 525.

2241 3332 2358 3389 Fol.
2386 3333 2478 3388 cit.
2523 3345 2709 3398 verso,
2747 3346 2876 3384 χιιι
2921 3348 2939 3380 ‹
2988 3327 3234 3383 Praefatio
3288 3326 3372 3382 vel
3419 3327 3716 3395 increpatio
3753 3325 3817 3380 ad

2241 3425 2474 3496 plebem.
2509 3443 2527 3476 ι
2565 3422 2708 3479 Edi’t.
2740 3422 2792 3476 in
2816 3420 3070 3492 appe‘nd.,
3102 3429 3231 3474 tom.
3264 3417 3306 3471 ν
3337 3433 3484 3487 aper.
3528 3417 3586 3474 S.
3630 3418 3817 3488 Angu-

2241 3516 2365 3572 stini
2395 3555 2411 3581 ,
2462 3530 2609 3570 num.
2667 3515 2753 3569 87.
2809 3512 2924 3567 Fol.
2958 3511 3060 3566 140
3111 3519 3281 3575 recto,
3317 3524 3428 3564 xxu
3461 3528 3474 3564 :
3506 3497 3703 3579 (lncp.
3751 3511 3819 3565 de

2240 3623 2408 3680 grano
2455 3606 2704 3679 synapis,
2750 3613 2804 3662 et
2828 3604 2898 3660 de
2926 3603 2984 3660 S.
3021 3603 3306 3658 Laurentio
3340 3612 3589 3674 martyre.
3624 3621 3642 3654 ι
3674 3602 3818 3658 Edit.

2242 3699 2381 3770 apud
2447 3698 2506 3754 8.
2558 3697 2843 3753 Maximum
2880 3737 2894 3763 ,
2955 3695 3061 3751 col.
3129 3694 3216 3749 56.
3286 3689 3401 3749 Fol.
3465 3694 3555 3748 cit.
3611 3709 3819 3761 verso,

2244 3803 2376 3853 χχιιι
2421 3805 2488 3844 :c
2534 3787 2822 3858 Sequentia
2877 3785 2944 3841 de
2996 3799 3161 3855 grano
3211 3780 3409 3854 sinapis'
3463 3785 3762 3854 superiore.
3797 3804 3816 3835 ι

2245 3885 2385 3942 Edit.
2451 3885 2537 3940 ubi
2593 3898 2745 3954 sup.,
2804 3881 2908 3937 col.
2960 3867 3081 3936 565.
3127 3879 3242 3935 Fol.
3280 3879 3374 3934 141
3412 3887 3578 3944 recto,
3626 3893 3820 3934 asini:

2250 3999 2266 4030 ι
2305 3979 2448 4048 lncp.
2475 3976 2542 4033 de
2575 3976 2626 4030 id
2680 3974 2801 4046 (sic)
2847 3972 2986 4043 quod
3032 3972 3289 4043 scriptum
3315 3979 3436 4027 est:
3467 3972 3682 4026 Reddite
3709 3989 3825 4040 qua:

2213 4071 2342 4130 .Dei
2383 4080 2500 4125 sunt
2542 4069 2684 4136 Deo,
2716 4079 2769 4123 et
2809 4068 2876 4123 de
2900 4065 3270 4122 militantibus.
3309 4083 3327 4116 ι
3363 4063 3505 4120 Edit.
3553 4064 3641 4119 ubi
3670 4080 3820 4136 sup.,

2245 4165 2348 4221 col.
2382 4163 2507 4218 575.
2541 4161 2655 4216 Fol.
2693 4160 2794 4217 142
2822 4168 2990 4226 recto,
3022 4173 3122 4214 xxv
3151 4175 3164 4212 :
3193 4176 3212 4210 ι
3250 4158 3396 4229 lncp.
3426 4157 3494 4213 de
3514 4156 3703 4213 eodem
3733 4172 3822 4212 se-

2245 4257 2482 4329 quentia.
2519 4274 2537 4307 ι
2571 4253 2714 4310 Edit.
2763 4253 2851 4309 ubi
2891 4266 3036 4322 sup.,
3069 4251 3174 4308 col.
3206 4251 3330 4307 547.
3357 4250 3475 4306 Fol.
3515 4250 3606 4306 cit.
3639 4265 3822 4318 verso,

2247 4363 2372 4404 xxvi
2404 4366 2419 4403 :
2455 4366 2474 4399 ι
2506 4347 2651 4416 lncp.
2678 4345 2745 4401 de
2771 4361 2828 4398 eo
2858 4343 3063 4415 (deest)
3090 4343 3232 4414 quod
3273 4341 3534 4413 propheta
3563 4341 3638 4397 ait
3664 4341 3736 4397 ad
3765 4342 3826 4397 6-

2248 4443 2367 4510 lios,
2413 4441 2617 4497 scilicet
2649 4458 2661 4494 :
2691 4439 2951 4510 Caupones
2983 4437 3141 4493 uestri
3164 4437 3376 4492 miscunt
3405 4451 3591 4508 aquam
3615 4436 3761 4492 uino.
3801 4455 3819 4490 ι

568 4522 796 4613 quatuor
827 4536 961 4592 tituli
1004 4523 1368 4595 recensentur,
1417 4537 1472 4584 et
1497 4527 1688 4582 iterato
1718 4538 1865 4580 num.
1913 4522 2000 4585 15,
2032 4529 2135 4576 tres

2248 4534 2392 4590 Edit.
2445 4535 2535 4590 ubi
2581 4550 2733 4603 sup.,
2777 4532 2880 4587 col.
2925 4530 3049 4588 559.
3094 4530 3208 4586 Fol.
3257 4529 3360 4586 145
3407 4537 3585 4594 recto,
3633 4544 3822 4585 nvn:

566 4645 623 4692 et
644 4631 976 4704 septuaginta
1006 4632 1376 4683 numerantur.
1401 4621 1478 4676 Ex
1501 4635 1567 4676 eo
1609 4627 1718 4674 tres
1762 4624 1816 4671 ct
1862 4613 2137 4704 sexaginta
2165 4596 2219 4658 Ῑ)
2250 4645 2268 4677 ι
2307 4626 2451 4695 lncp.
2499 4625 2566 4680 (ιο
2615 4596 2818 4695 ρξειηιο
2846 4638 2969 4689 χχι,
3017 4631 3072 4678 ει
3117 4621 3186 4677 de
3232 4621 3478 4692 passione
3522 4620 3759 4676 Domini,
3796 4639 3819 4676 ,

569 4702 776 4797 priores
809 4719 988 4782 titulos
1017 4715 1285 4786 excerpsit
1325 4712 1385 4768 P.
1429 4711 1641 4766 Brunus
1668 4708 1727 4764 S.
1765 4705 1980 4762 Maximi
2024 4702 2138 4758 edi-

568 4829 673 4884 tor,
697 4826 768 4884 et,
799 4824 857 4871 ut
899 4826 1062 4883 supra
1105 4808 1274 4874 innui,
1305 4821 1424 4878 pag.
1458 4806 1558 4860 174
1597 4805 1650 4860 in
1695 4800 1896 4858 notitiis
1925 4797 2138 4869 praeviis

568 4911 823 4984 vulgavit,
855 4909 982 4963 dum
1009 4905 1078 4962 de
1107 4901 1378 4960 codicibus
1406 4900 1550 4972 agit,
1599 4897 1792 4969 quibus
1823 4896 1876 4950 in
1905 4906 2000 4948 sua
2026 4890 2142 4947 edi-

568 5007 714 5061 tione
743 4999 1049 5058 adornanda
1077 5011 1206 5053 usus
1229 5006 1332 5052 est.
1363 4993 1476 5050 Hoc
1492 5007 1620 5048 vero
1647 4989 1858 5055 ordine,
1893 4994 1948 5041 et
1992 4983 2138 5038 hisce

567 5097 735 5152 titulis
757 5095 809 5150 in
836 5105 1062 5162 corpore
1087 5089 1286 5145 codicis
1307 5087 1342 5141 ii
1385 5098 1660 5142 sermones
1692 5081 1972 5162 habentur.
2011 5075 2130 5130 Fol.

570 5188 671 5243 129
697 5200 873 5251 verso,
900 5154 965 5236 1-:
995 5203 1012 5234 ι
1050 5183 1193 5252 lncp.
1218 5194 1398 5236 sermo
1421 5178 1487 5233 de
1507 5175 1687 5232 natale
1714 5154 1888 5228 ssrum
1911 5168 2055 5226 Petri
2080 5177 2136 5223 et

567 5279 715 5333 Pauli
746 5276 1128 5346 apostolorum.
1168 5292 1187 5325 ι
1216 5270 1402 5327 Editus
1449 5278 1532 5325 est
1577 5266 1717 5337 apud
1752 5265 1812 5320 S.
1844 5262 2131 5318 Maximum

569 5368 754 5424 Boium
781 5382 1034 5424 excusum
1064 5381 1153 5421 an.
1189 5364 1348 5428 1784,
1383 5363 1486 5417 col.
1519 5361 1644 5416 229.
1681 5358 1790 5414 Fol.
1827 5357 1928 5413 150
1950 5366 2096 5411 recto
2117 5395 2132 5420 ,

571 5478 604 5515 ιι
638 5477 651 5514 :
688 5479 706 5512 ι
736 5459 883 5530 lncp.
911 5459 980 5515 de
1009 5472 1192 5515 eorum
1214 5455 1406 5511 natale.
1441 5472 1460 5505 ι
1512 5452 1650 5507 Edit.
1685 5449 1774 5504 ubi
1811 5463 1992 5519 supra,
2028 5449 2130 5503 col.

569 5553 690 5609 575.
723 5553 835 5609 Fol.
864 5554 956 5606 cit.
989 5565 1168 5615 verso,
1197 5564 1252 5602 ιιι
1287 5565 1299 5600 :
1339 5566 1357 5597 ‹
1391 5547 1535 5614 lncp.
1565 5545 1630 5600 de
1658 5543 1939 5613 margarita
1966 5543 2139 5598 Evan-

567 5647 712 5717 gelii.
751 5664 768 5698 ι
796 5644 938 5700 Edit.
967 5642 1054 5697 ubi
1081 5655 1261 5710 supra,
1291 5639 1395 5694 col.
1419 5638 1543 5694 589.
1577 5637 1691 5692 Fol.
1717 5639 1809 5693 151
1842 5646 2016 5704 recto,
2043 5653 2093 5692 tv
2121 5656 2134 5690 :

576 5759 591 5790 ι
630 5737 773 5805 lncp.
795 5735 864 5790 de
888 5733 1060 5788 natale
1084 5733 1139 5787 8.
1175 5731 1444 5785 Laurenti.
1486 5752 1501 5782 ι
1539 5730 1677 5786 Edit.
1719 5731 1807 5785 ubi
1847 5746 1986 5800 sup.,
2029 5732 2135 5784 Col.

571 5830 692 5886 579.
723 5828 832 5883 Fol.
863 5827 953 5880 cit.
989 5838 1161 5878 verso.
1191 5839 1219 5876 v
1249 5841 1259 5874 :
1292 5842 1309 5874 ι
1338 5823 1490 5893 lncp.
1525 5823 1590 5879 de
1616 5823 1788 5878 natale
1826 5823 1882 5880 S.
1917 5823 2132 5878 Joannis

2248 4717 2390 4772 Edit.
2436 4715 2525 4771 ubi
2569 4729 2724 4786 sup.,
2768 4714 2872 4770 col.
2916 4713 3040 4769 157.
3083 4713 3199 4770 Fol.
3255 4712 3355 4768 114
3393 4722 3561 4778 recto,
3609 4729 3822 4770 xxvut:

2251 4827 2270 4861 ι
2306 4809 2451 4878 lncp.
2500 4806 2568 4864 de
2613 4807 2919 4864 defectione
2966 4807 3126 4863 lunae.
3167 4824 3186 4858 ι
3216 4805 3357 4861 Edit.
3407 4804 3496 4859 ubi
3537 4819 3685 4873 sup.,
3715 4806 3822 4862 col.

2245 4904 2369 4959 555.
2422 4902 2537 4958 Fol.
2589 4903 2681 4958 cit.
2714 4917 2871 4959 verso
2897 4942 2912 4969 ,
2959 4917 3144 4958 xxvuu
3178 4919 3190 4955 :
3231 4919 3250 4953 ι
3290 4901 3421 4956 Item
3447 4899 3515 4956 de
3543 4900 3824 4971 sequentia

2248 4991 2509 5062 ejusdem.
2552 5013 2570 5045 ι
2608 4992 2749 5048 Edit.
2783 4993 2870 5049 ubi
2897 4991 3309 5064 sup.,col.557.
3339 4991 3458 5047 Fol.
3493 4989 3595 5048 145
3643 5001 3826 5058 recto,

2241 5103 2347 5142 xxx
2382 5107 2394 5143 :
2434 5108 2451 5139 ι
2490 5088 2635 5159 lncp.
2665 5088 2733 5144 de
2761 5102 2827 5144 eo
2854 5087 2995 5157 quod
3021 5087 3279 5157 scriptum
3309 5097 3394 5141 εει
3419 5083 3474 5140 in
3508 5085 3826 5153 Evangelia,

2241 5181 2454 5237 dicente
2498 5181 2760 5238 Domino:
2789 5180 3019 5235 Facilius
3072 5188 3148 5234 est
3177 5182 3424 5233 camelum
3461 5191 3551 5248 per
3596 5177 3828 5246 foratum

2243 5291 2362 5328 acus
2388 5275 2628 5339 transire,
2649 5290 2800 5344 quam
2823 5273 3035 5326 diuitem
3064 5272 3252 5325 intrare
3268 5270 3320 5325 in
3340 5284 3499 5340 regna
3521 5269 3786 5322 caelorum.
3805 5287 3822 5319 ι

2248 5366 2389 5424 Edit.
2445 5355 2533 5422 ubi
2575 5381 2727 5435 sup.,
2777 5365 2881 5420 col.
2925 5365 3049 5420 585.
3093 5364 3210 5421 Fol.
3248 5363 3341 5418 cit.
3394 5376 3568 5429 verso,
3620 5377 3752 5415 xm
3812 5379 3827 5416 :

2253 5475 2272 5508 ι
2310 5457 2455 5526 lncp.
2500 5457 2568 5513 de
2595 5471 2660 5511 eo
2686 5451 2828 5526 quod
2873 5454 3127 5525 scriptum
3157 5462 3240 5510 est
3267 5470 3279 5506 :
3315 5453 3494 5509 Simile
3521 5463 3592 5509 est
3613 5469 3772 5523 rrgmt
3797 5471 3827 5503 η

2251 5548 2345 5603 Dei
2391 5551 2656 5616 fermento.
2699 5566 2716 5600 ι
2753 5546 2894 5602 Edil.
2939 5546 3026 5600 ubi
3057 5560 3204 5615 sup.,
3237 5545 3344 5602 col.
3385 5545 3509 5602 569.
3560 5543 3676 5598 Fol.
3721 5542 3826 5598 146

2249 5650 2580 5707 recto,xxxu
2615 5654 2628 5691 :
2667 5658 2684 5690 1
2720 5637 2862 5708 lncp.
2891 5638 2961 5693 de
2986 5637 3349 5706 hospitalitate
3377 5638 3430 5692 in
3461 5634 3771 5704 Euangelio.
3799 5651 3817 5685 ι

2248 5733 2388 5788 Edit.
2419 5732 2506 5786 ubi
2531 5747 2673 5802 sup.,
2699 5733 2803 5787 col.
2828 5732 2950 5788 551.
2980 5731 3096 5787 Fol.
3121 5731 3220 5786 147
3236 5738 3606 5798 recto,xxxtu.
3629 5747 3647 5780 ι
3671 5729 3819 5797 lncp.

2246 5824 2310 5878 de
2336 5823 2534 5894 jejunis
2558 5825 2656 5878 {sic
2687 5824 2840 5880 solita
2866 5824 3027 5879 crasil
3059 5822 3110 5877 in
3144 5823 3294 5881 initio
3317 5820 3772 5898 Quadragesimae.
3795 5837 3817 5871 ι
