  <div class='ocr_page' id='page_1' title='image "/cluster/home/n/w/nwhite01/storage/ocr_20150623/18/hvd.32044015471337/061.png"; bbox 0 0 4032 6462; ppageno 0'>
   <div class='ocr_carea' id='block_1_1' title="bbox 543 374 640 429">
    <p class='ocr_par' dir='ltr' id='par_1_1' title="bbox 543 374 640 429">
     <span class='ocr_line' id='line_1_1' title="bbox 543 374 640 429; baseline 0.01 -1"><span class='ocrx_word' id='word_1_1' title='bbox 543 374 640 429; x_wconf 66' lang='grc'><strong>107</strong></span> 
     </span>
    </p>
   </div>
   <div class='ocr_carea' id='block_1_2' title="bbox 1509 360 3796 437">
    <p class='ocr_par' dir='ltr' id='par_1_2' title="bbox 1509 360 3796 437">
     <span class='ocr_line' id='line_1_2' title="bbox 1509 360 3796 437; baseline 0.003 -16"><span class='ocrx_word' id='word_1_2' title='bbox 1509 368 1565 422; x_wconf 85' lang='lat' dir='ltr'><strong>S.</strong></span> <span class='ocrx_word' id='word_1_3' title='bbox 1612 364 1904 424; x_wconf 71' lang='grc' dir='ltr'>Αιιιιιιοδι</span> <span class='ocrx_word' id='word_1_4' title='bbox 1945 360 2486 421; x_wconf 64' lang='grc' dir='ltr'><strong>ΜΕΒΙΟΙΑΝΕΝΒΙΒ</strong></span> <span class='ocrx_word' id='word_1_5' title='bbox 2527 362 2829 437; x_wconf 65' lang='grc' dir='ltr'>ειιιδιιοιδι</span> <span class='ocrx_word' id='word_1_6' title='bbox 3701 373 3796 427; x_wconf 80' lang='lat' dir='ltr'><strong>ros</strong></span> 
     </span>
    </p>
   </div>
   <div class='ocr_carea' id='block_1_3' title="bbox 540 473 3795 554">
    <p class='ocr_par' dir='ltr' id='par_1_3' title="bbox 540 473 3795 554">
     <span class='ocr_line' id='line_1_3' title="bbox 540 473 3795 554; baseline -0.005 -10"><span class='ocrx_word' id='word_1_7' title='bbox 540 502 705 554; x_wconf 82' lang='lat' dir='ltr'><strong>recto,</strong></span> <span class='ocrx_word' id='word_1_8' title='bbox 736 498 1024 544; x_wconf 89' lang='lat' dir='ltr'><strong>occurrunt</strong></span> <span class='ocrx_word' id='word_1_9' title='bbox 1047 486 1104 538; x_wconf 89' lang='lat' dir='ltr'><strong>S.</strong></span> <span class='ocrx_word' id='word_1_10' title='bbox 1134 482 1310 537; x_wconf 77' lang='lat' dir='ltr'><strong>Basilii</strong></span> <span class='ocrx_word' id='word_1_11' title='bbox 1341 480 1512 551; x_wconf 84' lang='lat' dir='ltr'><strong>Magni</strong></span> <span class='ocrx_word' id='word_1_12' title='bbox 1541 479 1783 534; x_wconf 85' lang='lat' dir='ltr'><strong>instituta</strong></span> <span class='ocrx_word' id='word_1_13' title='bbox 1818 475 2104 532; x_wconf 80' lang='lat' dir='ltr'><strong>tuoiracho-</strong></span> <span class='ocrx_word' id='word_1_14' title='bbox 2137 477 2183 534; x_wconf 79' lang='grc' dir='ltr'><strong>Α</strong></span> <span class='ocrx_word' id='word_1_15' title='bbox 2213 482 2346 539; x_wconf 80' lang='lat' dir='ltr'><strong>test,</strong></span> <span class='ocrx_word' id='word_1_16' title='bbox 2388 474 2608 530; x_wconf 87' lang='lat' dir='ltr'><strong>eosdem</strong></span> <span class='ocrx_word' id='word_1_17' title='bbox 2655 473 2998 530; x_wconf 81' lang='lat' dir='ltr'><strong>Ambrosium</strong></span> <span class='ocrx_word' id='word_1_18' title='bbox 3045 473 3296 531; x_wconf 62' lang='lat' dir='ltr'><strong>habuisse</strong></span> <span class='ocrx_word' id='word_1_19' title='bbox 3333 477 3481 534; x_wconf 79' lang='lat' dir='ltr'><strong>feriis</strong></span> <span class='ocrx_word' id='word_1_20' title='bbox 3529 479 3795 542; x_wconf 67' lang='lat' dir='ltr'><strong>Pascha“-</strong></span> 
     </span>
    </p>
   </div>
   <div class='ocr_carea' id='block_1_4' title="bbox 538 567 2106 650">
    <p class='ocr_par' dir='ltr' id='par_1_4' title="bbox 538 567 2106 650">
     <span class='ocr_line' id='line_1_4' title="bbox 538 567 2106 650; baseline -0.009 -16"><span class='ocrx_word' id='word_1_21' title='bbox 538 596 685 642; x_wconf 88' lang='lat' dir='ltr'><strong>rum.</strong></span> <span class='ocrx_word' id='word_1_22' title='bbox 728 595 848 650; x_wconf 61' lang='lat' dir='ltr'><strong>quae</strong></span> <span class='ocrx_word' id='word_1_23' title='bbox 872 581 924 634; x_wconf 92' lang='lat' dir='ltr'><strong>in</strong></span> <span class='ocrx_word' id='word_1_24' title='bbox 953 587 1085 636; x_wconf 85' lang='lat' dir='ltr'><strong>tom.</strong></span> <span class='ocrx_word' id='word_1_25' title='bbox 1111 577 1155 632; x_wconf 92' lang='grc' dir='ltr'><strong>ιι</strong></span> <span class='ocrx_word' id='word_1_26' title='bbox 1182 590 1332 648; x_wconf 90' lang='lat' dir='ltr'><strong>oper.</strong></span> <span class='ocrx_word' id='word_1_27' title='bbox 1359 573 1493 630; x_wconf 90' lang='lat' dir='ltr'><strong>edit.</strong></span> <span class='ocrx_word' id='word_1_28' title='bbox 1537 570 1798 626; x_wconf 73' lang='lat' dir='ltr'><strong>Parisien.</strong></span> <span class='ocrx_word' id='word_1_29' title='bbox 1836 583 1930 624; x_wconf 93' lang='lat' dir='ltr'><strong>an.</strong></span> <span class='ocrx_word' id='word_1_30' title='bbox 1969 567 2106 621; x_wconf 74' lang='lat'><strong>1730</strong></span> 
     </span>
    </p>
   </div>
   <div class='ocr_carea' id='block_1_5' title="bbox 535 660 2108 740">
    <p class='ocr_par' dir='ltr' id='par_1_5' title="bbox 535 660 2108 740">
     <span class='ocr_line' id='line_1_5' title="bbox 535 660 2108 740; baseline -0.008 -14"><span class='ocrx_word' id='word_1_31' title='bbox 535 689 564 726; x_wconf 92' lang='lat' dir='ltr'><strong>a</strong></span> <span class='ocrx_word' id='word_1_32' title='bbox 587 673 691 728; x_wconf 87' lang='lat' dir='ltr'><strong>col.</strong></span> <span class='ocrx_word' id='word_1_33' title='bbox 715 672 819 729; x_wconf 68' lang='lat'><strong>327</strong></span> <span class='ocrx_word' id='word_1_34' title='bbox 850 671 990 726; x_wconf 89' lang='lat' dir='ltr'><strong>edita</strong></span> <span class='ocrx_word' id='word_1_35' title='bbox 1018 679 1172 738; x_wconf 89' lang='lat' dir='ltr'><strong>sunt,</strong></span> <span class='ocrx_word' id='word_1_36' title='bbox 1201 683 1427 740; x_wconf 76' lang='lat' dir='ltr'><strong>quaeque</strong></span> <span class='ocrx_word' id='word_1_37' title='bbox 1465 665 1567 720; x_wconf 87' lang='lat' dir='ltr'><strong>hoc</strong></span> <span class='ocrx_word' id='word_1_38' title='bbox 1599 663 1753 718; x_wconf 90' lang='lat' dir='ltr'><strong>titulo</strong></span> <span class='ocrx_word' id='word_1_39' title='bbox 1781 660 2108 731; x_wconf 76' lang='lat' dir='ltr'><strong>prtesignan-</strong></span> 
     </span>
    </p>
   </div>
   <div class='ocr_carea' id='block_1_6' title="bbox 538 751 2111 819">
    <p class='ocr_par' dir='ltr' id='par_1_6' title="bbox 538 751 2111 819">
     <span class='ocr_line' id='line_1_6' title="bbox 538 751 2111 819; baseline -0.01 0"><span class='ocrx_word' id='word_1_40' title='bbox 538 776 624 819; x_wconf 86' lang='lat' dir='ltr'><strong>tur</strong></span> <span class='ocrx_word' id='word_1_41' title='bbox 657 763 710 819; x_wconf 89' lang='lat' dir='ltr'><strong>in</strong></span> <span class='ocrx_word' id='word_1_42' title='bbox 748 764 932 818; x_wconf 78' lang='lat' dir='ltr'><strong>codice</strong></span> <span class='ocrx_word' id='word_1_43' title='bbox 965 781 978 816; x_wconf 91' lang='lat'>:</span> <span class='ocrx_word' id='word_1_44' title='bbox 1017 781 1036 814; x_wconf 78' lang='grc' dir='ltr'><strong>ι</strong></span> <span class='ocrx_word' id='word_1_45' title='bbox 1072 761 1311 817; x_wconf 89' lang='lat' dir='ltr'><strong>lnstituta</strong></span> <span class='ocrx_word' id='word_1_46' title='bbox 1342 758 1723 813; x_wconf 87' lang='lat' dir='ltr'><strong>monachorum</strong></span> <span class='ocrx_word' id='word_1_47' title='bbox 1761 753 1928 809; x_wconf 87' lang='lat' dir='ltr'><strong>sancti</strong></span> <span class='ocrx_word' id='word_1_48' title='bbox 1963 751 2111 808; x_wconf 75' lang='lat' dir='ltr'><strong>Basi-</strong></span> 
     </span>
    </p>
   </div>
   <div class='ocr_carea' id='block_1_7' title="bbox 541 838 2105 923">
    <p class='ocr_par' dir='ltr' id='par_1_7' title="bbox 541 838 2105 923">
     <span class='ocr_line' id='line_1_7' title="bbox 541 838 2105 923; baseline -0.006 -17"><span class='ocrx_word' id='word_1_49' title='bbox 541 853 624 910; x_wconf 91' lang='lat' dir='ltr'><strong>lici</strong></span> <span class='ocrx_word' id='word_1_50' title='bbox 639 851 762 923; x_wconf 90' lang='lat' dir='ltr'><strong>(sic)</strong></span> <span class='ocrx_word' id='word_1_51' title='bbox 781 853 1014 923; x_wconf 83' lang='lat' dir='ltr'><strong>episcopi</strong></span> <span class='ocrx_word' id='word_1_52' title='bbox 1033 850 1396 907; x_wconf 79' lang='lat' dir='ltr'><strong>Caesariensis</strong></span> <span class='ocrx_word' id='word_1_53' title='bbox 1409 838 1780 918; x_wconf 82' lang='lat' dir='ltr'><strong>Cappadociae</strong></span> <span class='ocrx_word' id='word_1_54' title='bbox 1797 845 1849 898; x_wconf 92' lang='lat' dir='ltr'><strong>in</strong></span> <span class='ocrx_word' id='word_1_55' title='bbox 1870 843 2105 899; x_wconf 82' lang='lat' dir='ltr'><strong>Christo.</strong></span> 
     </span>
    </p>
   </div>
   <div class='ocr_carea' id='block_1_8' title="bbox 541 935 2108 1016">
    <p class='ocr_par' dir='ltr' id='par_1_8' title="bbox 541 935 2108 1016">
     <span class='ocr_line' id='line_1_8' title="bbox 541 935 2108 1016; baseline -0.008 -15"><span class='ocrx_word' id='word_1_56' title='bbox 541 947 794 1016; x_wconf 86' lang='lat' dir='ltr'><strong>Prologus</strong></span> <span class='ocrx_word' id='word_1_57' title='bbox 833 949 1000 1001; x_wconf 84' lang='lat' dir='ltr'><strong>sancti</strong></span> <span class='ocrx_word' id='word_1_58' title='bbox 1033 944 1204 1000; x_wconf 80' lang='lat' dir='ltr'><strong>Ruﬁni</strong></span> <span class='ocrx_word' id='word_1_59' title='bbox 1238 941 1587 1014; x_wconf 85' lang='lat' dir='ltr'><strong>praesbyteri.</strong></span> <span class='ocrx_word' id='word_1_60' title='bbox 1619 959 1637 992; x_wconf 75' lang='grc' dir='ltr'><strong>ι</strong></span> <span class='ocrx_word' id='word_1_61' title='bbox 1671 939 1833 994; x_wconf 67' lang='grc' dir='ltr'><strong>Μίνω·</strong></span> <span class='ocrx_word' id='word_1_62' title='bbox 1861 937 1930 992; x_wconf 92' lang='lat' dir='ltr'><strong>cl.</strong></span> <span class='ocrx_word' id='word_1_63' title='bbox 1971 935 2108 990; x_wconf 82' lang='lat' dir='ltr'><strong>Fon-</strong></span> 
     </span>
    </p>
   </div>
   <div class='ocr_carea' id='block_1_9' title="bbox 538 1030 2109 1108">
    <p class='ocr_par' dir='ltr' id='par_1_9' title="bbox 538 1030 2109 1108">
     <span class='ocr_line' id='line_1_9' title="bbox 538 1030 2109 1108; baseline -0.006 -16"><span class='ocrx_word' id='word_1_64' title='bbox 538 1039 813 1102; x_wconf 86' lang='lat' dir='ltr'><strong>taninium,</strong></span> <span class='ocrx_word' id='word_1_65' title='bbox 850 1039 1090 1108; x_wconf 76' lang='lat' dir='ltr'><strong>quamvis</strong></span> <span class='ocrx_word' id='word_1_66' title='bbox 1127 1038 1266 1092; x_wconf 82' lang='lat' dir='ltr'><strong>hunc</strong></span> <span class='ocrx_word' id='word_1_67' title='bbox 1295 1036 1533 1092; x_wconf 84' lang='lat' dir='ltr'><strong>codicem</strong></span> <span class='ocrx_word' id='word_1_68' title='bbox 1563 1032 1812 1097; x_wconf 73' lang='lat' dir='ltr'><strong>vidisset,</strong></span> <span class='ocrx_word' id='word_1_69' title='bbox 1845 1030 1988 1085; x_wconf 90' lang='lat' dir='ltr'><strong>haud</strong></span> <span class='ocrx_word' id='word_1_70' title='bbox 2029 1041 2109 1084; x_wconf 86' lang='lat' dir='ltr'><strong>ta-</strong></span> 
     </span>
    </p>
   </div>
   <div class='ocr_carea' id='block_1_10' title="bbox 438 1111 2105 1192">
    <p class='ocr_par' dir='ltr' id='par_1_10' title="bbox 438 1111 2105 1192">
     <span class='ocr_line' id='line_1_10' title="bbox 438 1111 2105 1192; baseline -0.005 -7"><span class='ocrx_word' id='word_1_71' title='bbox 438 1111 444 1118; x_wconf 30' lang='lat'>.</span> <span class='ocrx_word' id='word_1_72' title='bbox 536 1147 656 1186; x_wconf 86' lang='lat' dir='ltr'><strong>men</strong></span> <span class='ocrx_word' id='word_1_73' title='bbox 710 1129 1150 1186; x_wconf 80' lang='lat' dir='ltr'><strong>animadvertisse</strong></span> <span class='ocrx_word' id='word_1_74' title='bbox 1204 1129 1450 1183; x_wconf 81' lang='lat' dir='ltr'><strong>ltullnnm</strong></span> <span class='ocrx_word' id='word_1_75' title='bbox 1511 1136 1754 1180; x_wconf 87' lang='lat' dir='ltr'><strong>sanctum</strong></span> <span class='ocrx_word' id='word_1_76' title='bbox 1812 1121 2105 1192; x_wconf 85' lang='lat' dir='ltr'><strong>appellari;</strong></span> 
     </span>
    </p>
   </div>
   <div class='ocr_carea' id='block_1_11' title="bbox 532 1213 2110 1291">
    <p class='ocr_par' dir='ltr' id='par_1_11' title="bbox 532 1213 2110 1291">
     <span class='ocr_line' id='line_1_11' title="bbox 532 1213 2110 1291; baseline -0.005 -15"><span class='ocrx_word' id='word_1_77' title='bbox 532 1221 675 1291; x_wconf 90' lang='lat' dir='ltr'><strong>quod</strong></span> <span class='ocrx_word' id='word_1_78' title='bbox 723 1221 941 1291; x_wconf 90' lang='lat' dir='ltr'><strong>quidem</strong></span> <span class='ocrx_word' id='word_1_79' title='bbox 991 1220 1124 1274; x_wconf 52' lang='lat' dir='ltr'><strong>aliis</strong></span> <span class='ocrx_word' id='word_1_80' title='bbox 1172 1228 1412 1274; x_wconf 82' lang='lat' dir='ltr'><strong>notasset</strong></span> <span class='ocrx_word' id='word_1_81' title='bbox 1457 1217 1508 1272; x_wconf 93' lang='lat' dir='ltr'><strong>in</strong></span> <span class='ocrx_word' id='word_1_82' title='bbox 1555 1218 1657 1270; x_wconf 89' lang='lat' dir='ltr'><strong>line</strong></span> <span class='ocrx_word' id='word_1_83' title='bbox 1702 1230 1812 1269; x_wconf 64' lang='lat' dir='ltr'><strong>sum</strong></span> <span class='ocrx_word' id='word_1_84' title='bbox 1861 1213 2110 1269; x_wconf 66' lang='lat' dir='ltr'><strong>Historia</strong></span> 
     </span>
    </p>
   </div>
   <div class='ocr_carea' id='block_1_12' title="bbox 533 1305 2109 1386">
    <p class='ocr_par' dir='ltr' id='par_1_12' title="bbox 533 1305 2109 1386">
     <span class='ocr_line' id='line_1_12' title="bbox 533 1305 2109 1386; baseline -0.004 -15"><span class='ocrx_word' id='word_1_85' title='bbox 533 1316 922 1386; x_wconf 77' lang='lat' dir='ltr'><strong>Aquileiensis,</strong></span> <span class='ocrx_word' id='word_1_86' title='bbox 963 1315 1118 1384; x_wconf 84' lang='lat' dir='ltr'><strong>cujus</strong></span> <span class='ocrx_word' id='word_1_87' title='bbox 1167 1317 1218 1368; x_wconf 93' lang='lat' dir='ltr'><strong>in</strong></span> <span class='ocrx_word' id='word_1_88' title='bbox 1252 1325 1520 1383; x_wconf 88' lang='lat' dir='ltr'><strong>postremo</strong></span> <span class='ocrx_word' id='word_1_89' title='bbox 1556 1309 1888 1381; x_wconf 76' lang='lat' dir='ltr'><strong>paragrapho</strong></span> <span class='ocrx_word' id='word_1_90' title='bbox 1930 1305 2109 1364; x_wconf 79' lang='lat' dir='ltr'><strong>Rulini</strong></span> 
     </span>
    </p>
   </div>
   <div class='ocr_carea' id='block_1_13' title="bbox 534 1399 2110 1470">
    <p class='ocr_par' dir='ltr' id='par_1_13' title="bbox 534 1399 2110 1470">
     <span class='ocr_line' id='line_1_13' title="bbox 534 1399 2110 1470; baseline -0.004 -10"><span class='ocrx_word' id='word_1_91' title='bbox 534 1409 720 1462; x_wconf 87' lang='lat' dir='ltr'><strong>laudes</strong></span> <span class='ocrx_word' id='word_1_92' title='bbox 773 1407 1069 1470; x_wconf 88' lang='lat' dir='ltr'><strong>recensuit,</strong></span> <span class='ocrx_word' id='word_1_93' title='bbox 1110 1415 1164 1460; x_wconf 90' lang='lat' dir='ltr'><strong>et</strong></span> <span class='ocrx_word' id='word_1_94' title='bbox 1205 1405 1274 1461; x_wconf 91' lang='lat' dir='ltr'><strong>de</strong></span> <span class='ocrx_word' id='word_1_95' title='bbox 1317 1405 1412 1460; x_wconf 90' lang='lat' dir='ltr'><strong>illo</strong></span> <span class='ocrx_word' id='word_1_96' title='bbox 1455 1412 1514 1458; x_wconf 90' lang='lat' dir='ltr'><strong>ut</strong></span> <span class='ocrx_word' id='word_1_97' title='bbox 1551 1403 1620 1458; x_wconf 91' lang='lat' dir='ltr'><strong>de</strong></span> <span class='ocrx_word' id='word_1_98' title='bbox 1665 1409 1854 1458; x_wconf 88' lang='lat' dir='ltr'><strong>sancto</strong></span> <span class='ocrx_word' id='word_1_99' title='bbox 1902 1399 2110 1455; x_wconf 90' lang='lat' dir='ltr'><strong>monuit</strong></span> 
     </span>
    </p>
   </div>
   <div class='ocr_carea' id='block_1_14' title="bbox 531 1493 2107 1568">
    <p class='ocr_par' dir='ltr' id='par_1_14' title="bbox 531 1493 2107 1568">
     <span class='ocr_line' id='line_1_14' title="bbox 531 1493 2107 1568; baseline -0.003 -16"><span class='ocrx_word' id='word_1_100' title='bbox 531 1501 852 1568; x_wconf 82' lang='lat' dir='ltr'><strong>scripturum</strong></span> <span class='ocrx_word' id='word_1_101' title='bbox 881 1499 996 1555; x_wconf 79' lang='lat' dir='ltr'><strong>fore</strong></span> <span class='ocrx_word' id='word_1_102' title='bbox 1023 1498 1355 1553; x_wconf 86' lang='lat' dir='ltr'><strong>Bollandum.</strong></span> <span class='ocrx_word' id='word_1_103' title='bbox 1401 1499 1620 1552; x_wconf 75' lang='lat' dir='ltr'><strong>Dentium</strong></span> <span class='ocrx_word' id='word_1_104' title='bbox 1662 1493 1754 1548; x_wconf 76' lang='lat' dir='ltr'><strong>fol.</strong></span> <span class='ocrx_word' id='word_1_105' title='bbox 1792 1493 1898 1550; x_wconf 63' lang='grc'><strong>900</strong></span> <span class='ocrx_word' id='word_1_106' title='bbox 1937 1504 2107 1558; x_wconf 87' lang='lat' dir='ltr'><strong>recto,</strong></span> 
     </span>
    </p>
   </div>
   <div class='ocr_carea' id='block_1_15' title="bbox 533 1584 2109 1659">
    <p class='ocr_par' dir='ltr' id='par_1_15' title="bbox 533 1584 2109 1659">
     <span class='ocr_line' id='line_1_15' title="bbox 533 1584 2109 1659; baseline -0.004 -15"><span class='ocrx_word' id='word_1_107' title='bbox 533 1607 730 1655; x_wconf 70' lang='lat' dir='ltr'><strong>txsnt,</strong></span> <span class='ocrx_word' id='word_1_108' title='bbox 770 1599 852 1645; x_wconf 85' lang='lat' dir='ltr'><strong>est</strong></span> <span class='ocrx_word' id='word_1_109' title='bbox 892 1603 1101 1656; x_wconf 87' lang='lat' dir='ltr'><strong>sermo,</strong></span> <span class='ocrx_word' id='word_1_110' title='bbox 1147 1588 1238 1659; x_wconf 86' lang='lat' dir='ltr'><strong>qui</strong></span> <span class='ocrx_word' id='word_1_111' title='bbox 1287 1587 1635 1643; x_wconf 80' lang='lat' dir='ltr'><strong>inscribitur:</strong></span> <span class='ocrx_word' id='word_1_112' title='bbox 1673 1603 1692 1637; x_wconf 85' lang='grc' dir='ltr'><strong>ι</strong></span> <span class='ocrx_word' id='word_1_113' title='bbox 1744 1584 1888 1654; x_wconf 82' lang='grc' dir='ltr'>Ιιιερ.</span> <span class='ocrx_word' id='word_1_114' title='bbox 1927 1597 2109 1639; x_wconf 85' lang='lat' dir='ltr'><strong>sermo</strong></span> 
     </span>
    </p>
   </div>
   <div class='ocr_carea' id='block_1_16' title="bbox 527 1677 2103 1753">
    <p class='ocr_par' dir='ltr' id='par_1_16' title="bbox 527 1677 2103 1753">
     <span class='ocr_line' id='line_1_16' title="bbox 527 1677 2103 1753; baseline -0.004 -17"><span class='ocrx_word' id='word_1_115' title='bbox 527 1685 694 1738; x_wconf 85' lang='lat' dir='ltr'><strong>sancti</strong></span> <span class='ocrx_word' id='word_1_116' title='bbox 726 1681 1005 1753; x_wconf 82' lang='lat' dir='ltr'><strong>Augustini</strong></span> <span class='ocrx_word' id='word_1_117' title='bbox 1026 1680 1094 1737; x_wconf 90' lang='lat' dir='ltr'><strong>de</strong></span> <span class='ocrx_word' id='word_1_118' title='bbox 1114 1680 1528 1735; x_wconf 86' lang='lat' dir='ltr'><strong>resurrectione.</strong></span> <span class='ocrx_word' id='word_1_119' title='bbox 1549 1695 1568 1729; x_wconf 76' lang='grc' dir='ltr'><strong>ι</strong></span> <span class='ocrx_word' id='word_1_120' title='bbox 1598 1677 1753 1733; x_wconf 86' lang='lat' dir='ltr'><strong>Hune</strong></span> <span class='ocrx_word' id='word_1_121' title='bbox 1771 1689 2103 1740; x_wconf 87' lang='lat' dir='ltr'><strong>sermonem,</strong></span> 
     </span>
    </p>
   </div>
   <div class='ocr_carea' id='block_1_17' title="bbox 525 1768 2105 1844">
    <p class='ocr_par' dir='ltr' id='par_1_17' title="bbox 525 1768 2105 1844">
     <span class='ocr_line' id='line_1_17' title="bbox 525 1768 2105 1844; baseline -0.003 -18"><span class='ocrx_word' id='word_1_122' title='bbox 525 1775 614 1844; x_wconf 90' lang='lat' dir='ltr'><strong>qui</strong></span> <span class='ocrx_word' id='word_1_123' title='bbox 641 1775 765 1828; x_wconf 89' lang='lat' dir='ltr'><strong>olim</strong></span> <span class='ocrx_word' id='word_1_124' title='bbox 798 1775 936 1830; x_wconf 86' lang='lat' dir='ltr'><strong>inter</strong></span> <span class='ocrx_word' id='word_1_125' title='bbox 965 1773 1028 1828; x_wconf 85' lang='lat' dir='ltr'><strong>S.</strong></span> <span class='ocrx_word' id='word_1_126' title='bbox 1057 1772 1315 1842; x_wconf 78' lang='lat' dir='ltr'><strong>Fulgentii</strong></span> <span class='ocrx_word' id='word_1_127' title='bbox 1345 1770 1542 1840; x_wconf 77' lang='lat' dir='ltr'><strong>scripta</strong></span> <span class='ocrx_word' id='word_1_128' title='bbox 1575 1768 1972 1834; x_wconf 79' lang='lat' dir='ltr'><strong>recenseltatur,</strong></span> <span class='ocrx_word' id='word_1_129' title='bbox 2006 1769 2105 1822; x_wconf 82' lang='lat' dir='ltr'><strong>Be-</strong></span> 
     </span>
    </p>
   </div>
   <div class='ocr_carea' id='block_1_18' title="bbox 2218 569 3820 639">
    <p class='ocr_par' dir='ltr' id='par_1_18' title="bbox 2218 569 3820 639">
     <span class='ocr_line' id='line_1_18' title="bbox 2218 569 3820 639; baseline 0.002 -16"><span class='ocrx_word' id='word_1_130' title='bbox 2218 569 2334 624; x_wconf 74' lang='lat' dir='ltr'><strong>lius.</strong></span> <span class='ocrx_word' id='word_1_131' title='bbox 2374 569 2525 624; x_wconf 79' lang='lat' dir='ltr'><strong>Enim</strong></span> <span class='ocrx_word' id='word_1_132' title='bbox 2557 583 2685 625; x_wconf 77' lang='lat' dir='ltr'><strong>vero</strong></span> <span class='ocrx_word' id='word_1_133' title='bbox 2711 570 2852 639; x_wconf 90' lang='lat' dir='ltr'><strong>quod</strong></span> <span class='ocrx_word' id='word_1_134' title='bbox 2875 569 3006 625; x_wconf 85' lang='lat' dir='ltr'><strong>dicit</strong></span> <span class='ocrx_word' id='word_1_135' title='bbox 3031 571 3202 637; x_wconf 83' lang='lat' dir='ltr'><strong>primo</strong></span> <span class='ocrx_word' id='word_1_136' title='bbox 3230 585 3500 639; x_wconf 85' lang='lat' dir='ltr'><strong>sermone,</strong></span> <span class='ocrx_word' id='word_1_137' title='bbox 3541 589 3637 630; x_wconf 83' lang='lat' dir='ltr'><strong>eos</strong></span> <span class='ocrx_word' id='word_1_138' title='bbox 3663 577 3790 630; x_wconf 78' lang='lat' dir='ltr'><strong>alin.</strong></span> <span class='ocrx_word' id='word_1_139' title='bbox 3816 579 3820 582; x_wconf 77' lang='grc'><strong><em>’</em></strong></span> 
     </span>
    </p>
   </div>
   <div class='ocr_carea' id='block_1_19' title="bbox 2211 659 3791 733">
    <p class='ocr_par' dir='ltr' id='par_1_19' title="bbox 2211 659 3791 733">
     <span class='ocr_line' id='line_1_19' title="bbox 2211 659 3791 733; baseline 0.004 -17"><span class='ocrx_word' id='word_1_140' title='bbox 2211 661 2335 732; x_wconf 88' lang='lat' dir='ltr'><strong>qtti,</strong></span> <span class='ocrx_word' id='word_1_141' title='bbox 2371 661 2471 728; x_wconf 31' lang='lat' dir='ltr'><strong>qui.</strong></span> <span class='ocrx_word' id='word_1_142' title='bbox 2506 661 2614 717; x_wconf 80' lang='lat' dir='ltr'><strong>Deo</strong></span> <span class='ocrx_word' id='word_1_143' title='bbox 2658 659 2771 730; x_wconf 79' lang='lat' dir='ltr'><strong>ipsa</strong></span> <span class='ocrx_word' id='word_1_144' title='bbox 2811 659 3111 720; x_wconf 82' lang='lat' dir='ltr'><strong>devotionis</strong></span> <span class='ocrx_word' id='word_1_145' title='bbox 3147 661 3485 732; x_wconf 75' lang='lat' dir='ltr'><strong>professione</strong></span> <span class='ocrx_word' id='word_1_146' title='bbox 3519 665 3630 733; x_wconf 84' lang='lat' dir='ltr'><strong>jam</strong></span> <span class='ocrx_word' id='word_1_147' title='bbox 3669 683 3791 732; x_wconf 82' lang='lat' dir='ltr'><strong>pro-</strong></span> 
     </span>
    </p>
   </div>
   <div class='ocr_carea' id='block_1_20' title="bbox 2214 753 3786 829">
    <p class='ocr_par' dir='ltr' id='par_1_20' title="bbox 2214 753 3786 829">
     <span class='ocr_line' id='line_1_20' title="bbox 2214 753 3786 829; baseline 0.003 -21"><span class='ocrx_word' id='word_1_148' title='bbox 2214 753 2342 808; x_wconf 79' lang='lat' dir='ltr'><strong>ximi</strong></span> <span class='ocrx_word' id='word_1_149' title='bbox 2363 753 2603 823; x_wconf 80' lang='lat' dir='ltr'><strong>deputati</strong></span> <span class='ocrx_word' id='word_1_150' title='bbox 2633 762 2758 810; x_wconf 86' lang='lat' dir='ltr'><strong>sunt</strong></span> <span class='ocrx_word' id='word_1_151' title='bbox 2783 754 2922 810; x_wconf 65' lang='lat' dir='ltr'><strong>caelo</strong></span> <span class='ocrx_word' id='word_1_152' title='bbox 2949 754 3056 824; x_wconf 66' lang='lat' dir='ltr'><strong>(by;</strong></span> <span class='ocrx_word' id='word_1_153' title='bbox 3087 764 3142 810; x_wconf 92' lang='lat' dir='ltr'><strong>et</strong></span> <span class='ocrx_word' id='word_1_154' title='bbox 3162 757 3364 812; x_wconf 86' lang='lat' dir='ltr'><strong>clarius</strong></span> <span class='ocrx_word' id='word_1_155' title='bbox 3401 758 3454 812; x_wconf 89' lang='lat' dir='ltr'><strong>in</strong></span> <span class='ocrx_word' id='word_1_156' title='bbox 3484 761 3665 823; x_wconf 90' lang='lat' dir='ltr'><strong>tertio,</strong></span> <span class='ocrx_word' id='word_1_157' title='bbox 3691 761 3786 829; x_wconf 83' lang='lat' dir='ltr'><strong>qui</strong></span> 
     </span>
    </p>
   </div>
   <div class='ocr_carea' id='block_1_21' title="bbox 2214 845 3792 916">
    <p class='ocr_par' dir='ltr' id='par_1_21' title="bbox 2214 845 3792 916">
     <span class='ocr_line' id='line_1_21' title="bbox 2214 845 3792 916; baseline -0.001 -14"><span class='ocrx_word' id='word_1_158' title='bbox 2214 846 2423 916; x_wconf 78' lang='lat' dir='ltr'><strong>pompis</strong></span> <span class='ocrx_word' id='word_1_159' title='bbox 2443 857 2497 902; x_wconf 88' lang='lat' dir='ltr'><strong>et</strong></span> <span class='ocrx_word' id='word_1_160' title='bbox 2525 845 2710 902; x_wconf 79' lang='lat' dir='ltr'><strong>mundi</strong></span> <span class='ocrx_word' id='word_1_161' title='bbox 2738 845 3100 903; x_wconf 79' lang='lat' dir='ltr'><strong>voluntatibus</strong></span> <span class='ocrx_word' id='word_1_162' title='bbox 3138 848 3386 916; x_wconf 70' lang='lat' dir='ltr'><strong>abiectis,</strong></span> <span class='ocrx_word' id='word_1_163' title='bbox 3429 850 3636 906; x_wconf 87' lang='lat' dir='ltr'><strong>meliori</strong></span> <span class='ocrx_word' id='word_1_164' title='bbox 3665 865 3792 905; x_wconf 85' lang='lat' dir='ltr'><strong>con-</strong></span> 
     </span>
    </p>
   </div>
   <div class='ocr_carea' id='block_1_22' title="bbox 2201 938 3789 1012">
    <p class='ocr_par' dir='ltr' id='par_1_22' title="bbox 2201 938 3789 1012">
     <span class='ocr_line' id='line_1_22' title="bbox 2201 938 3789 1012; baseline 0.002 -19"><span class='ocrx_word' id='word_1_165' title='bbox 2201 953 2371 993; x_wconf 83' lang='lat' dir='ltr'><strong>cursu</strong></span> <span class='ocrx_word' id='word_1_166' title='bbox 2397 938 2465 992; x_wconf 92' lang='lat' dir='ltr'><strong>ad</strong></span> <span class='ocrx_word' id='word_1_167' title='bbox 2490 939 2690 994; x_wconf 73' lang='lat' dir='ltr'><strong>ctelum</strong></span> <span class='ocrx_word' id='word_1_168' title='bbox 2718 940 2998 994; x_wconf 76' lang='lat' dir='ltr'><strong>transitum</strong></span> <span class='ocrx_word' id='word_1_169' title='bbox 3031 940 3266 996; x_wconf 83' lang='lat' dir='ltr'><strong>iecerant</strong></span> <span class='ocrx_word' id='word_1_170' title='bbox 3286 980 3302 1006; x_wconf 92' lang='lat'><strong>,</strong></span> <span class='ocrx_word' id='word_1_171' title='bbox 3327 942 3525 1012; x_wconf 71' lang='lat' dir='ltr'><strong>quique</strong></span> <span class='ocrx_word' id='word_1_172' title='bbox 3550 947 3618 996; x_wconf 90' lang='lat' dir='ltr'><strong>ab</strong></span> <span class='ocrx_word' id='word_1_173' title='bbox 3643 943 3789 998; x_wconf 83' lang='lat' dir='ltr'><strong>oraui</strong></span> 
     </span>
    </p>
   </div>
   <div class='ocr_carea' id='block_1_23' title="bbox 2213 1028 3790 1102">
    <p class='ocr_par' dir='ltr' id='par_1_23' title="bbox 2213 1028 3790 1102">
     <span class='ocr_line' id='line_1_23' title="bbox 2213 1028 3790 1102; baseline 0.004 -18"><span class='ocrx_word' id='word_1_174' title='bbox 2213 1028 2348 1085; x_wconf 81' lang='lat' dir='ltr'><strong>faeie</strong></span> <span class='ocrx_word' id='word_1_175' title='bbox 2389 1031 2724 1100; x_wconf 70' lang='lat' dir='ltr'><strong>contagionis</strong></span> <span class='ocrx_word' id='word_1_176' title='bbox 2751 1031 2984 1101; x_wconf 73' lang='lat' dir='ltr'><strong>antiquae</strong></span> <span class='ocrx_word' id='word_1_177' title='bbox 3017 1047 3114 1102; x_wconf 89' lang='lat' dir='ltr'><strong>per</strong></span> <span class='ocrx_word' id='word_1_178' title='bbox 3145 1036 3612 1102; x_wconf 69' lang='lat' dir='ltr'><strong>regenerationem</strong></span> <span class='ocrx_word' id='word_1_179' title='bbox 3649 1039 3790 1090; x_wconf 82' lang='lat' dir='ltr'><strong>salu-</strong></span> 
     </span>
    </p>
   </div>
   <div class='ocr_carea' id='block_1_24' title="bbox 2213 1120 3792 1194">
    <p class='ocr_par' dir='ltr' id='par_1_24' title="bbox 2213 1120 3792 1194">
     <span class='ocr_line' id='line_1_24' title="bbox 2213 1120 3792 1194; baseline 0.006 -20"><span class='ocrx_word' id='word_1_180' title='bbox 2213 1121 2342 1176; x_wconf 89' lang='lat' dir='ltr'><strong>taris</strong></span> <span class='ocrx_word' id='word_1_181' title='bbox 2368 1120 2565 1176; x_wconf 71' lang='lat' dir='ltr'><strong>lavacri</strong></span> <span class='ocrx_word' id='word_1_182' title='bbox 2593 1123 2831 1193; x_wconf 85' lang='lat' dir='ltr'><strong>purgati,</strong></span> <span class='ocrx_word' id='word_1_183' title='bbox 2858 1134 2911 1178; x_wconf 93' lang='lat' dir='ltr'><strong>et</strong></span> <span class='ocrx_word' id='word_1_184' title='bbox 2938 1137 3035 1193; x_wconf 90' lang='lat' dir='ltr'><strong>per</strong></span> <span class='ocrx_word' id='word_1_185' title='bbox 3056 1123 3378 1194; x_wconf 81' lang='lat' dir='ltr'><strong>baptismum</strong></span> <span class='ocrx_word' id='word_1_186' title='bbox 3419 1127 3616 1183; x_wconf 76' lang='lat' dir='ltr'><strong>mortui</strong></span> <span class='ocrx_word' id='word_1_187' title='bbox 3642 1139 3792 1184; x_wconf 83' lang='lat' dir='ltr'><strong>nata-</strong></span> 
     </span>
    </p>
   </div>
   <div class='ocr_carea' id='block_1_25' title="bbox 2213 1214 3789 1289">
    <p class='ocr_par' dir='ltr' id='par_1_25' title="bbox 2213 1214 3789 1289">
     <span class='ocr_line' id='line_1_25' title="bbox 2213 1214 3789 1289; baseline 0.004 -21"><span class='ocrx_word' id='word_1_188' title='bbox 2213 1214 2352 1283; x_wconf 84' lang='lat' dir='ltr'><strong>libus</strong></span> <span class='ocrx_word' id='word_1_189' title='bbox 2372 1215 2577 1280; x_wconf 90' lang='lat' dir='ltr'><strong>mundi,</strong></span> <span class='ocrx_word' id='word_1_190' title='bbox 2597 1215 2858 1270; x_wconf 85' lang='lat' dir='ltr'><strong>nobilitati</strong></span> <span class='ocrx_word' id='word_1_191' title='bbox 2883 1231 2977 1286; x_wconf 91' lang='lat' dir='ltr'><strong>per</strong></span> <span class='ocrx_word' id='word_1_192' title='bbox 2994 1215 3220 1285; x_wconf 75' lang='lat' dir='ltr'><strong>gratiam</strong></span> <span class='ocrx_word' id='word_1_193' title='bbox 3242 1218 3355 1272; x_wconf 86' lang='lat' dir='ltr'><strong>nati</strong></span> <span class='ocrx_word' id='word_1_194' title='bbox 3377 1230 3501 1273; x_wconf 89' lang='lat' dir='ltr'><strong>sunt</strong></span> <span class='ocrx_word' id='word_1_195' title='bbox 3517 1221 3659 1276; x_wconf 66' lang='lat' dir='ltr'><strong>calo</strong></span> <span class='ocrx_word' id='word_1_196' title='bbox 3681 1225 3789 1289; x_wconf 70' lang='lat' dir='ltr'><strong>(ei;</strong></span> 
     </span>
    </p>
   </div>
   <div class='ocr_carea' id='block_1_26' title="bbox 2211 1307 3792 1382">
    <p class='ocr_par' dir='ltr' id='par_1_26' title="bbox 2211 1307 3792 1382">
     <span class='ocr_line' id='line_1_26' title="bbox 2211 1307 3792 1382; baseline 0.003 -20"><span class='ocrx_word' id='word_1_197' title='bbox 2211 1307 2264 1362; x_wconf 91' lang='lat' dir='ltr'><strong>id</strong></span> <span class='ocrx_word' id='word_1_198' title='bbox 2291 1307 2507 1378; x_wconf 82' lang='lat' dir='ltr'><strong>quidem</strong></span> <span class='ocrx_word' id='word_1_199' title='bbox 2533 1307 2838 1378; x_wconf 78' lang='lat' dir='ltr'><strong>signiﬁcare</strong></span> <span class='ocrx_word' id='word_1_200' title='bbox 2867 1309 3096 1377; x_wconf 83' lang='lat' dir='ltr'><strong>videtur,</strong></span> <span class='ocrx_word' id='word_1_201' title='bbox 3125 1311 3284 1368; x_wconf 84' lang='lat' dir='ltr'><strong>verba</strong></span> <span class='ocrx_word' id='word_1_202' title='bbox 3310 1311 3378 1365; x_wconf 89' lang='lat' dir='ltr'><strong>ad</strong></span> <span class='ocrx_word' id='word_1_203' title='bbox 3407 1311 3615 1380; x_wconf 82' lang='lat' dir='ltr'><strong>plebem</strong></span> <span class='ocrx_word' id='word_1_204' title='bbox 3639 1314 3754 1368; x_wconf 71' lang='lat' dir='ltr'><strong>fieri</strong></span> <span class='ocrx_word' id='word_1_205' title='bbox 3771 1354 3792 1382; x_wconf 90' lang='lat'><strong>,</strong></span> 
     </span>
    </p>
   </div>
   <div class='ocr_carea' id='block_1_27' title="bbox 2210 1398 3793 1474">
    <p class='ocr_par' dir='ltr' id='par_1_27' title="bbox 2210 1398 3793 1474">
     <span class='ocr_line' id='line_1_27' title="bbox 2210 1398 3793 1474; baseline 0.003 -20"><span class='ocrx_word' id='word_1_206' title='bbox 2210 1415 2329 1469; x_wconf 67' lang='lat' dir='ltr'><strong>quae</strong></span> <span class='ocrx_word' id='word_1_207' title='bbox 2384 1398 2494 1468; x_wconf 81' lang='lat' dir='ltr'><strong>jam</strong></span> <span class='ocrx_word' id='word_1_208' title='bbox 2550 1399 2814 1469; x_wconf 81' lang='lat' dir='ltr'><strong>baptisma</strong></span> <span class='ocrx_word' id='word_1_209' title='bbox 2849 1440 2868 1466; x_wconf 93' lang='lat'><strong>,</strong></span> <span class='ocrx_word' id='word_1_210' title='bbox 2931 1400 3000 1454; x_wconf 89' lang='lat' dir='ltr'><strong>ad</strong></span> <span class='ocrx_word' id='word_1_211' title='bbox 3053 1401 3195 1470; x_wconf 86' lang='lat' dir='ltr'><strong>quod</strong></span> <span class='ocrx_word' id='word_1_212' title='bbox 3253 1402 3466 1458; x_wconf 76' lang='lat' dir='ltr'><strong>nonnisi</strong></span> <span class='ocrx_word' id='word_1_213' title='bbox 3507 1403 3558 1457; x_wconf 91' lang='lat' dir='ltr'><strong>in</strong></span> <span class='ocrx_word' id='word_1_214' title='bbox 3616 1405 3793 1474; x_wconf 82' lang='lat' dir='ltr'><strong>pervi-</strong></span> 
     </span>
    </p>
   </div>
   <div class='ocr_carea' id='block_1_28' title="bbox 2209 1489 3790 1563">
    <p class='ocr_par' dir='ltr' id='par_1_28' title="bbox 2209 1489 3790 1563">
     <span class='ocr_line' id='line_1_28' title="bbox 2209 1489 3790 1563; baseline 0.003 -20"><span class='ocrx_word' id='word_1_215' title='bbox 2209 1490 2339 1558; x_wconf 81' lang='lat' dir='ltr'><strong>gilio</strong></span> <span class='ocrx_word' id='word_1_216' title='bbox 2382 1489 2602 1546; x_wconf 65' lang='lat' dir='ltr'><strong>Pascha</strong></span> <span class='ocrx_word' id='word_1_217' title='bbox 2651 1491 3066 1559; x_wconf 72' lang='lat' dir='ltr'><strong>adnittebatur,</strong></span> <span class='ocrx_word' id='word_1_218' title='bbox 3111 1504 3410 1563; x_wconf 81' lang='lat' dir='ltr'><strong>receperat.</strong></span> <span class='ocrx_word' id='word_1_219' title='bbox 3472 1495 3584 1554; x_wconf 85' lang='lat' dir='ltr'><strong>line</strong></span> <span class='ocrx_word' id='word_1_220' title='bbox 3627 1496 3790 1550; x_wconf 72' lang='lat' dir='ltr'><strong>eli-tm</strong></span> 
     </span>
    </p>
   </div>
   <div class='ocr_carea' id='block_1_29' title="bbox 2211 1583 3796 1653">
    <p class='ocr_par' dir='ltr' id='par_1_29' title="bbox 2211 1583 3796 1653">
     <span class='ocr_line' id='line_1_29' title="bbox 2211 1583 3796 1653; baseline 0.003 -16"><span class='ocrx_word' id='word_1_221' title='bbox 2211 1583 2337 1638; x_wconf 84' lang='lat' dir='ltr'><strong>addi</strong></span> <span class='ocrx_word' id='word_1_222' title='bbox 2373 1591 2578 1653; x_wconf 84' lang='lat' dir='ltr'><strong>potest,</strong></span> <span class='ocrx_word' id='word_1_223' title='bbox 2611 1583 2723 1640; x_wconf 85' lang='lat' dir='ltr'><strong>illic</strong></span> <span class='ocrx_word' id='word_1_224' title='bbox 2758 1583 2818 1640; x_wconf 86' lang='lat' dir='ltr'><strong>S.</strong></span> <span class='ocrx_word' id='word_1_225' title='bbox 2843 1584 3120 1641; x_wconf 84' lang='lat' dir='ltr'><strong>doctorem</strong></span> <span class='ocrx_word' id='word_1_226' title='bbox 3162 1585 3230 1640; x_wconf 89' lang='lat' dir='ltr'><strong>de</strong></span> <span class='ocrx_word' id='word_1_227' title='bbox 3259 1585 3511 1641; x_wconf 81' lang='lat' dir='ltr'><strong>incllahili</strong></span> <span class='ocrx_word' id='word_1_228' title='bbox 3546 1588 3796 1643; x_wconf 80' lang='lat' dir='ltr'><strong>lucarna-</strong></span> 
     </span>
    </p>
   </div>
   <div class='ocr_carea' id='block_1_30' title="bbox 2213 1674 3794 1748">
    <p class='ocr_par' dir='ltr' id='par_1_30' title="bbox 2213 1674 3794 1748">
     <span class='ocr_line' id='line_1_30' title="bbox 2213 1674 3794 1748; baseline 0.003 -20"><span class='ocrx_word' id='word_1_229' title='bbox 2213 1674 2374 1730; x_wconf 88' lang='lat' dir='ltr'><strong>tionis</strong></span> <span class='ocrx_word' id='word_1_230' title='bbox 2403 1675 2659 1748; x_wconf 80' lang='lat' dir='ltr'><strong>mysterio</strong></span> <span class='ocrx_word' id='word_1_231' title='bbox 2687 1674 2984 1734; x_wconf 85' lang='lat' dir='ltr'><strong>clarissime</strong></span> <span class='ocrx_word' id='word_1_232' title='bbox 3015 1675 3159 1746; x_wconf 88' lang='lat' dir='ltr'><strong>loqui</strong></span> <span class='ocrx_word' id='word_1_233' title='bbox 3205 1677 3308 1747; x_wconf 75' lang='grc' dir='ltr'><strong>(ά),</strong></span> <span class='ocrx_word' id='word_1_234' title='bbox 3333 1678 3474 1748; x_wconf 89' lang='lat' dir='ltr'><strong>quod</strong></span> <span class='ocrx_word' id='word_1_235' title='bbox 3510 1679 3794 1734; x_wconf 85' lang='lat' dir='ltr'><strong>studiosis-</strong></span> 
     </span>
    </p>
   </div>
   <div class='ocr_carea' id='block_1_31' title="bbox 2209 1766 3794 1837">
    <p class='ocr_par' dir='ltr' id='par_1_31' title="bbox 2209 1766 3794 1837">
     <span class='ocr_line' id='line_1_31' title="bbox 2209 1766 3794 1837; baseline 0.003 -17"><span class='ocrx_word' id='word_1_236' title='bbox 2209 1768 2346 1822; x_wconf 85' lang='lat' dir='ltr'><strong>sime</strong></span> <span class='ocrx_word' id='word_1_237' title='bbox 2372 1774 2499 1821; x_wconf 88' lang='lat' dir='ltr'><strong>tunc</strong></span> <span class='ocrx_word' id='word_1_238' title='bbox 2527 1766 2788 1834; x_wconf 88' lang='lat' dir='ltr'><strong>temporis</strong></span> <span class='ocrx_word' id='word_1_239' title='bbox 2815 1766 3051 1822; x_wconf 88' lang='lat' dir='ltr'><strong>nondum</strong></span> <span class='ocrx_word' id='word_1_240' title='bbox 3086 1767 3366 1837; x_wconf 64' lang='grc' dir='ltr'><strong>Ιημίωὼ</strong></span> <span class='ocrx_word' id='word_1_241' title='bbox 3404 1769 3658 1824; x_wconf 84' lang='lat' dir='ltr'><strong>celabant</strong></span> <span class='ocrx_word' id='word_1_242' title='bbox 3699 1786 3794 1824; x_wconf 87' lang='lat' dir='ltr'><strong>an-</strong></span> 
     </span>
    </p>
   </div>
   <div class='ocr_carea' id='block_1_32' title="bbox 526 1854 3797 1933">
    <p class='ocr_par' dir='ltr' id='par_1_32' title="bbox 526 1854 3797 1933">
     <span class='ocr_line' id='line_1_32' title="bbox 526 1854 3797 1933; baseline -0.001 -15"><span class='ocrx_word' id='word_1_243' title='bbox 526 1866 777 1920; x_wconf 80' lang='lat' dir='ltr'><strong>nedretini</strong></span> <span class='ocrx_word' id='word_1_244' title='bbox 827 1865 1063 1920; x_wconf 86' lang='lat' dir='ltr'><strong>editores</strong></span> <span class='ocrx_word' id='word_1_245' title='bbox 1107 1879 1260 1933; x_wconf 89' lang='lat' dir='ltr'><strong>oper.</strong></span> <span class='ocrx_word' id='word_1_246' title='bbox 1304 1863 1365 1917; x_wconf 90' lang='lat' dir='ltr'><strong>S.</strong></span> <span class='ocrx_word' id='word_1_247' title='bbox 1401 1860 1678 1931; x_wconf 81' lang='lat' dir='ltr'><strong>Augustini</strong></span> <span class='ocrx_word' id='word_1_248' title='bbox 1730 1859 1887 1928; x_wconf 87' lang='lat' dir='ltr'><strong>hujus</strong></span> <span class='ocrx_word' id='word_1_249' title='bbox 1934 1861 2100 1914; x_wconf 90' lang='lat' dir='ltr'><strong>nostri</strong></span> <span class='ocrx_word' id='word_1_250' title='bbox 2133 1854 2181 1916; x_wconf 82' lang='grc' dir='ltr'><strong>Β</strong></span> <span class='ocrx_word' id='word_1_251' title='bbox 2210 1859 2434 1923; x_wconf 86' lang='lat' dir='ltr'><strong>tistites;</strong></span> <span class='ocrx_word' id='word_1_252' title='bbox 2475 1858 2743 1929; x_wconf 86' lang='lat' dir='ltr'><strong>simulque</strong></span> <span class='ocrx_word' id='word_1_253' title='bbox 2771 1859 3025 1929; x_wconf 73' lang='lat' dir='ltr'><strong>explicari</strong></span> <span class='ocrx_word' id='word_1_254' title='bbox 3072 1860 3277 1928; x_wconf 75' lang='lat' dir='ltr'><strong>accepti</strong></span> <span class='ocrx_word' id='word_1_255' title='bbox 3313 1861 3424 1930; x_wconf 83' lang='lat' dir='ltr'><strong>jam</strong></span> <span class='ocrx_word' id='word_1_256' title='bbox 3470 1865 3797 1918; x_wconf 80' lang='lat' dir='ltr'><strong>sacramenti</strong></span> 
     </span>
    </p>
   </div>
   <div class='ocr_carea' id='block_1_33' title="bbox 523 1952 2104 2023">
    <p class='ocr_par' dir='ltr' id='par_1_33' title="bbox 523 1952 2104 2023">
     <span class='ocr_line' id='line_1_33' title="bbox 523 1952 2104 2023; baseline -0.004 -10"><span class='ocrx_word' id='word_1_257' title='bbox 523 1971 580 2013; x_wconf 89' lang='lat' dir='ltr'><strong>et</strong></span> <span class='ocrx_word' id='word_1_258' title='bbox 616 1959 836 2014; x_wconf 82' lang='lat' dir='ltr'><strong>alterius</strong></span> <span class='ocrx_word' id='word_1_259' title='bbox 863 1957 1065 2012; x_wconf 84' lang='lat' dir='ltr'><strong>codicis</strong></span> <span class='ocrx_word' id='word_1_260' title='bbox 1093 1956 1408 2010; x_wconf 88' lang='lat' dir='ltr'><strong>auctoritate</strong></span> <span class='ocrx_word' id='word_1_261' title='bbox 1448 1953 1614 2009; x_wconf 75' lang='lat' dir='ltr'><strong>innisi</strong></span> <span class='ocrx_word' id='word_1_262' title='bbox 1650 1952 1930 2023; x_wconf 73' lang='lat' dir='ltr'><strong>Fulgentin</strong></span> <span class='ocrx_word' id='word_1_263' title='bbox 1955 1953 2104 2022; x_wconf 86' lang='lat' dir='ltr'><strong>abju-</strong></span> 
     </span>
    </p>
   </div>
   <div class='ocr_carea' id='block_1_34' title="bbox 525 2047 2104 2118">
    <p class='ocr_par' dir='ltr' id='par_1_34' title="bbox 525 2047 2104 2118">
     <span class='ocr_line' id='line_1_34' title="bbox 525 2047 2104 2118; baseline -0.002 -15"><span class='ocrx_word' id='word_1_264' title='bbox 525 2052 802 2118; x_wconf 83' lang='lat' dir='ltr'><strong>dicarunt,</strong></span> <span class='ocrx_word' id='word_1_265' title='bbox 844 2061 897 2104; x_wconf 89' lang='lat' dir='ltr'><strong>et</strong></span> <span class='ocrx_word' id='word_1_266' title='bbox 947 2049 1088 2104; x_wconf 89' lang='lat' dir='ltr'><strong>inter</strong></span> <span class='ocrx_word' id='word_1_267' title='bbox 1125 2049 1383 2118; x_wconf 88' lang='lat' dir='ltr'><strong>genuinos</strong></span> <span class='ocrx_word' id='word_1_268' title='bbox 1415 2049 1553 2103; x_wconf 82' lang='lat' dir='ltr'><strong>fetus</strong></span> <span class='ocrx_word' id='word_1_269' title='bbox 1602 2047 1881 2115; x_wconf 80' lang='lat' dir='ltr'><strong>Augustini</strong></span> <span class='ocrx_word' id='word_1_270' title='bbox 1915 2047 2104 2115; x_wconf 72' lang='lat' dir='ltr'><strong>vrrlga-</strong></span> 
     </span>
    </p>
   </div>
   <div class='ocr_carea' id='block_1_35' title="bbox 525 2139 2106 2210">
    <p class='ocr_par' dir='ltr' id='par_1_35' title="bbox 525 2139 2106 2210">
     <span class='ocr_line' id='line_1_35' title="bbox 525 2139 2106 2210; baseline -0.002 -14"><span class='ocrx_word' id='word_1_271' title='bbox 525 2153 646 2197; x_wconf 93' lang='lat' dir='ltr'><strong>runt</strong></span> <span class='ocrx_word' id='word_1_272' title='bbox 687 2153 818 2200; x_wconf 91' lang='lat' dir='ltr'><strong>tom.</strong></span> <span class='ocrx_word' id='word_1_273' title='bbox 847 2141 910 2196; x_wconf 73' lang='grc' dir='ltr'>γ.</span> <span class='ocrx_word' id='word_1_274' title='bbox 947 2151 1085 2210; x_wconf 88' lang='lat' dir='ltr'><strong>part.</strong></span> <span class='ocrx_word' id='word_1_275' title='bbox 1119 2157 1162 2205; x_wconf 74' lang='grc' dir='ltr'>ι,</span> <span class='ocrx_word' id='word_1_276' title='bbox 1196 2140 1298 2194; x_wconf 83' lang='lat' dir='ltr'><strong>col.</strong></span> <span class='ocrx_word' id='word_1_277' title='bbox 1344 2139 1501 2195; x_wconf 68' lang='grc'>1024.</span> <span class='ocrx_word' id='word_1_278' title='bbox 1533 2140 1630 2193; x_wconf 91' lang='lat' dir='ltr'><strong>llic</strong></span> <span class='ocrx_word' id='word_1_279' title='bbox 1663 2153 1846 2193; x_wconf 88' lang='lat' dir='ltr'><strong>sermo</strong></span> <span class='ocrx_word' id='word_1_280' title='bbox 1884 2153 2106 2193; x_wconf 82' lang='lat' dir='ltr'><strong>mancus</strong></span> 
     </span>
    </p>
   </div>
   <div class='ocr_carea' id='block_1_36' title="bbox 523 2232 2106 2305">
    <p class='ocr_par' dir='ltr' id='par_1_36' title="bbox 523 2232 2106 2305">
     <span class='ocr_line' id='line_1_36' title="bbox 523 2232 2106 2305; baseline -0.004 -14"><span class='ocrx_word' id='word_1_281' title='bbox 523 2247 604 2291; x_wconf 84' lang='lat' dir='ltr'><strong>est</strong></span> <span class='ocrx_word' id='word_1_282' title='bbox 641 2234 694 2290; x_wconf 93' lang='lat' dir='ltr'><strong>in</strong></span> <span class='ocrx_word' id='word_1_283' title='bbox 725 2235 940 2299; x_wconf 81' lang='lat' dir='ltr'><strong>codice,</strong></span> <span class='ocrx_word' id='word_1_284' title='bbox 967 2235 1056 2305; x_wconf 90' lang='lat' dir='ltr'><strong>qui</strong></span> <span class='ocrx_word' id='word_1_285' title='bbox 1098 2234 1306 2289; x_wconf 77' lang='lat' dir='ltr'><strong>duabus</strong></span> <span class='ocrx_word' id='word_1_286' title='bbox 1349 2233 1573 2301; x_wconf 74' lang='lat' dir='ltr'><strong>integris</strong></span> <span class='ocrx_word' id='word_1_287' title='bbox 1619 2233 1845 2303; x_wconf 73' lang='lat' dir='ltr'><strong>pagellis</strong></span> <span class='ocrx_word' id='word_1_288' title='bbox 1889 2232 2106 2286; x_wconf 85' lang='lat' dir='ltr'><strong>rnutilus</strong></span> 
     </span>
    </p>
   </div>
   <div class='ocr_carea' id='block_1_37' title="bbox 523 2325 2104 2400">
    <p class='ocr_par' dir='ltr' id='par_1_37' title="bbox 523 2325 2104 2400">
     <span class='ocr_line' id='line_1_37' title="bbox 523 2325 2104 2400; baseline -0.004 -17"><span class='ocrx_word' id='word_1_289' title='bbox 523 2333 635 2395; x_wconf 69' lang='grc' dir='ltr'>εει,</span> <span class='ocrx_word' id='word_1_290' title='bbox 677 2329 870 2400; x_wconf 88' lang='lat' dir='ltr'><strong>quibus</strong></span> <span class='ocrx_word' id='word_1_291' title='bbox 910 2342 1014 2382; x_wconf 90' lang='lat' dir='ltr'><strong>non</strong></span> <span class='ocrx_word' id='word_1_292' title='bbox 1064 2328 1224 2381; x_wconf 89' lang='lat' dir='ltr'><strong>modo</strong></span> <span class='ocrx_word' id='word_1_293' title='bbox 1265 2327 1422 2395; x_wconf 88' lang='lat' dir='ltr'><strong>hujus</strong></span> <span class='ocrx_word' id='word_1_294' title='bbox 1464 2329 1730 2381; x_wconf 64' lang='lat' dir='ltr'><strong>sermonis</strong></span> <span class='ocrx_word' id='word_1_295' title='bbox 1777 2325 1960 2380; x_wconf 86' lang='lat' dir='ltr'><strong>amisit</strong></span> <span class='ocrx_word' id='word_1_296' title='bbox 2006 2340 2104 2394; x_wconf 86' lang='lat' dir='ltr'><strong>po-</strong></span> 
     </span>
    </p>
   </div>
   <div class='ocr_carea' id='block_1_38' title="bbox 521 2416 2106 2487">
    <p class='ocr_par' dir='ltr' id='par_1_38' title="bbox 521 2416 2106 2487">
     <span class='ocr_line' id='line_1_38' title="bbox 521 2416 2106 2487; baseline -0.003 -13"><span class='ocrx_word' id='word_1_297' title='bbox 521 2430 718 2476; x_wconf 85' lang='lat' dir='ltr'><strong>strema</strong></span> <span class='ocrx_word' id='word_1_298' title='bbox 755 2420 918 2475; x_wconf 60' lang='lat' dir='ltr'><strong>Verba</strong></span> <span class='ocrx_word' id='word_1_299' title='bbox 937 2459 952 2484; x_wconf 93' lang='lat'><strong>,</strong></span> <span class='ocrx_word' id='word_1_300' title='bbox 988 2435 1173 2473; x_wconf 80' lang='lat' dir='ltr'><strong>verum</strong></span> <span class='ocrx_word' id='word_1_301' title='bbox 1201 2421 1362 2474; x_wconf 87' lang='lat' dir='ltr'><strong>etiattt</strong></span> <span class='ocrx_word' id='word_1_302' title='bbox 1394 2417 1615 2473; x_wconf 85' lang='lat' dir='ltr'><strong>alterius</strong></span> <span class='ocrx_word' id='word_1_303' title='bbox 1644 2417 1886 2487; x_wconf 71' lang='lat' dir='ltr'><strong>ejusdem</strong></span> <span class='ocrx_word' id='word_1_304' title='bbox 1913 2416 1969 2471; x_wconf 85' lang='lat' dir='ltr'><strong>S.</strong></span> <span class='ocrx_word' id='word_1_305' title='bbox 1997 2418 2106 2471; x_wconf 79' lang='lat' dir='ltr'><strong>Au-</strong></span> 
     </span>
    </p>
   </div>
   <div class='ocr_carea' id='block_1_39' title="bbox 521 2508 2102 2582">
    <p class='ocr_par' dir='ltr' id='par_1_39' title="bbox 521 2508 2102 2582">
     <span class='ocr_line' id='line_1_39' title="bbox 521 2508 2102 2582; baseline 0 -17"><span class='ocrx_word' id='word_1_306' title='bbox 521 2511 714 2581; x_wconf 88' lang='lat' dir='ltr'><strong>gustini</strong></span> <span class='ocrx_word' id='word_1_307' title='bbox 764 2512 1056 2576; x_wconf 85' lang='lat' dir='ltr'><strong>sermonis,</strong></span> <span class='ocrx_word' id='word_1_308' title='bbox 1087 2511 1176 2582; x_wconf 87' lang='lat' dir='ltr'><strong>qui</strong></span> <span class='ocrx_word' id='word_1_309' title='bbox 1226 2511 1392 2566; x_wconf 83' lang='lat' dir='ltr'><strong>nostri</strong></span> <span class='ocrx_word' id='word_1_310' title='bbox 1442 2508 1644 2564; x_wconf 84' lang='lat' dir='ltr'><strong>codicis</strong></span> <span class='ocrx_word' id='word_1_311' title='bbox 1694 2519 1836 2562; x_wconf 73' lang='lat' dir='ltr'><strong>t-sset</strong></span> <span class='ocrx_word' id='word_1_312' title='bbox 1885 2523 2102 2574; x_wconf 76' lang='lat' dir='ltr'><strong>uatnt,</strong></span> 
     </span>
    </p>
   </div>
   <div class='ocr_carea' id='block_1_40' title="bbox 522 2601 2106 2674">
    <p class='ocr_par' dir='ltr' id='par_1_40' title="bbox 522 2601 2106 2674">
     <span class='ocr_line' id='line_1_40' title="bbox 522 2601 2106 2674; baseline 0.001 -19"><span class='ocrx_word' id='word_1_313' title='bbox 522 2618 740 2672; x_wconf 84' lang='lat' dir='ltr'><strong>prorsus</strong></span> <span class='ocrx_word' id='word_1_314' title='bbox 766 2602 893 2659; x_wconf 79' lang='lat' dir='ltr'><strong>fecit</strong></span> <span class='ocrx_word' id='word_1_315' title='bbox 915 2602 1215 2674; x_wconf 66' lang='lat' dir='ltr'><strong>Iacturam,</strong></span> <span class='ocrx_word' id='word_1_316' title='bbox 1239 2603 1394 2670; x_wconf 80' lang='lat' dir='ltr'><strong>cujus</strong></span> <span class='ocrx_word' id='word_1_317' title='bbox 1421 2603 1610 2656; x_wconf 88' lang='lat' dir='ltr'><strong>titulus</strong></span> <span class='ocrx_word' id='word_1_318' title='bbox 1643 2602 1818 2655; x_wconf 90' lang='lat' dir='ltr'><strong>adhuc</strong></span> <span class='ocrx_word' id='word_1_319' title='bbox 1843 2602 1896 2656; x_wconf 89' lang='lat' dir='ltr'><strong>in</strong></span> <span class='ocrx_word' id='word_1_320' title='bbox 1929 2601 2106 2657; x_wconf 75' lang='lat' dir='ltr'><strong>iudice</strong></span> 
     </span>
    </p>
   </div>
   <div class='ocr_carea' id='block_1_41' title="bbox 522 2692 2105 2764">
    <p class='ocr_par' dir='ltr' id='par_1_41' title="bbox 522 2692 2105 2764">
     <span class='ocr_line' id='line_1_41' title="bbox 522 2692 2105 2764; baseline -0.003 -14"><span class='ocrx_word' id='word_1_321' title='bbox 522 2697 614 2751; x_wconf 86' lang='lat' dir='ltr'><strong>l’nl.</strong></span> <span class='ocrx_word' id='word_1_322' title='bbox 646 2695 750 2751; x_wconf 74' lang='lat'><strong>1‘29</strong></span> <span class='ocrx_word' id='word_1_323' title='bbox 789 2704 958 2758; x_wconf 76' lang='lat' dir='ltr'><strong>recto,</strong></span> <span class='ocrx_word' id='word_1_324' title='bbox 983 2695 1061 2750; x_wconf 87' lang='lat' dir='ltr'><strong>sic</strong></span> <span class='ocrx_word' id='word_1_325' title='bbox 1097 2695 1326 2764; x_wconf 81' lang='lat' dir='ltr'><strong>legitur:</strong></span> <span class='ocrx_word' id='word_1_326' title='bbox 1360 2710 1380 2745; x_wconf 80' lang='grc' dir='ltr'><strong>ι</strong></span> <span class='ocrx_word' id='word_1_327' title='bbox 1415 2694 1543 2748; x_wconf 83' lang='grc' dir='ltr'>Ιιειιι</span> <span class='ocrx_word' id='word_1_328' title='bbox 1573 2693 1816 2748; x_wconf 90' lang='lat' dir='ltr'><strong>eiusdem</strong></span> <span class='ocrx_word' id='word_1_329' title='bbox 1849 2692 1902 2746; x_wconf 92' lang='lat' dir='ltr'><strong>in</strong></span> <span class='ocrx_word' id='word_1_330' title='bbox 1931 2692 2105 2761; x_wconf 86' lang='lat' dir='ltr'><strong>capite</strong></span> 
     </span>
    </p>
   </div>
   <div class='ocr_carea' id='block_1_42' title="bbox 521 2781 2107 2855">
    <p class='ocr_par' dir='ltr' id='par_1_42' title="bbox 521 2781 2107 2855">
     <span class='ocr_line' id='line_1_42' title="bbox 521 2781 2107 2855; baseline -0.004 -13"><span class='ocrx_word' id='word_1_331' title='bbox 521 2788 640 2843; x_wconf 82' lang='lat' dir='ltr'><strong>libri</strong></span> <span class='ocrx_word' id='word_1_332' title='bbox 671 2799 850 2844; x_wconf 83' lang='lat' dir='ltr'><strong>sermo</strong></span> <span class='ocrx_word' id='word_1_333' title='bbox 878 2787 946 2843; x_wconf 92' lang='lat' dir='ltr'><strong>de</strong></span> <span class='ocrx_word' id='word_1_334' title='bbox 972 2786 1239 2842; x_wconf 79' lang='lat' dir='ltr'><strong>uersiculo</strong></span> <span class='ocrx_word' id='word_1_335' title='bbox 1282 2785 1469 2855; x_wconf 85' lang='lat' dir='ltr'><strong>psalmi</strong></span> <span class='ocrx_word' id='word_1_336' title='bbox 1511 2784 1779 2840; x_wconf 90' lang='lat' dir='ltr'><strong>undecimi</strong></span> <span class='ocrx_word' id='word_1_337' title='bbox 1809 2800 1823 2836; x_wconf 91' lang='lat'><strong>:</strong></span> <span class='ocrx_word' id='word_1_338' title='bbox 1857 2781 1959 2847; x_wconf 84' lang='lat' dir='ltr'><strong>Tu,</strong></span> <span class='ocrx_word' id='word_1_339' title='bbox 2003 2781 2107 2837; x_wconf 88' lang='lat' dir='ltr'><strong>Do-</strong></span> 
     </span>
    </p>
   </div>
   <div class='ocr_carea' id='block_1_43' title="bbox 521 2875 2105 2945">
    <p class='ocr_par' dir='ltr' id='par_1_43' title="bbox 521 2875 2105 2945">
     <span class='ocr_line' id='line_1_43' title="bbox 521 2875 2105 2945; baseline -0.001 -15"><span class='ocrx_word' id='word_1_340' title='bbox 521 2880 675 2944; x_wconf 83' lang='lat' dir='ltr'><strong>mine,</strong></span> <span class='ocrx_word' id='word_1_341' title='bbox 705 2880 932 2934; x_wconf 78' lang='lat' dir='ltr'><strong>seruabis</strong></span> <span class='ocrx_word' id='word_1_342' title='bbox 960 2894 1084 2945; x_wconf 85' lang='lat' dir='ltr'><strong>nos,</strong></span> <span class='ocrx_word' id='word_1_343' title='bbox 1105 2888 1153 2932; x_wconf 79' lang='lat' dir='ltr'><strong>et</strong></span> <span class='ocrx_word' id='word_1_344' title='bbox 1180 2878 1434 2932; x_wconf 70' lang='lat' dir='ltr'><strong>custodis:</strong></span> <span class='ocrx_word' id='word_1_345' title='bbox 1463 2892 1556 2931; x_wconf 83' lang='lat' dir='ltr'><strong>nos</strong></span> <span class='ocrx_word' id='word_1_346' title='bbox 1595 2892 1627 2928; x_wconf 93' lang='lat' dir='ltr'><strong>a</strong></span> <span class='ocrx_word' id='word_1_347' title='bbox 1656 2876 1980 2944; x_wconf 80' lang='lat' dir='ltr'><strong>generatione</strong></span> <span class='ocrx_word' id='word_1_348' title='bbox 2007 2875 2105 2930; x_wconf 74' lang='lat' dir='ltr'><strong>ista</strong></span> 
     </span>
    </p>
   </div>
   <div class='ocr_carea' id='block_1_44' title="bbox 519 2970 1122 3040">
    <p class='ocr_par' dir='ltr' id='par_1_44' title="bbox 519 2970 1122 3040">
     <span class='ocr_line' id='line_1_44' title="bbox 519 2970 1122 3040; baseline -0.007 -16"><span class='ocrx_word' id='word_1_349' title='bbox 519 2985 676 3040; x_wconf 78' lang='lat' dir='ltr'><strong>usque</strong></span> <span class='ocrx_word' id='word_1_350' title='bbox 701 2970 754 3023; x_wconf 88' lang='lat' dir='ltr'><strong>in</strong></span> <span class='ocrx_word' id='word_1_351' title='bbox 784 2978 1068 3024; x_wconf 76' lang='lat' dir='ltr'><strong>aeternum.</strong></span> <span class='ocrx_word' id='word_1_352' title='bbox 1103 2987 1122 3020; x_wconf 83' lang='lat' dir='ltr'><strong>s</strong></span> 
     </span>
    </p>
   </div>
   <div class='ocr_carea' id='block_1_45' title="bbox 591 3060 2102 3132">
    <p class='ocr_par' dir='ltr' id='par_1_45' title="bbox 591 3060 2102 3132">
     <span class='ocr_line' id='line_1_45' title="bbox 591 3060 2102 3132; baseline 0 -18"><span class='ocrx_word' id='word_1_353' title='bbox 591 3060 681 3116; x_wconf 69' lang='lat' dir='ltr'><strong>1X.</strong></span> <span class='ocrx_word' id='word_1_354' title='bbox 712 3061 1032 3132; x_wconf 75' lang='lat' dir='ltr'><strong>Conjectttrte</strong></span> <span class='ocrx_word' id='word_1_355' title='bbox 1055 3062 1118 3114; x_wconf 82' lang='lat' dir='ltr'><strong>de</strong></span> <span class='ocrx_word' id='word_1_356' title='bbox 1138 3061 1588 3116; x_wconf 81' lang='lat' dir='ltr'><strong>Ambrosianorunt</strong></span> <span class='ocrx_word' id='word_1_357' title='bbox 1613 3076 1904 3115; x_wconf 79' lang='lat' dir='ltr'><strong>sermonum</strong></span> <span class='ocrx_word' id='word_1_358' title='bbox 1929 3069 2102 3127; x_wconf 68' lang='lat' dir='ltr'><strong>artata,</strong></span> 
     </span>
    </p>
   </div>
   <div class='ocr_carea' id='block_1_46' title="bbox 2209 1951 3796 2020">
    <p class='ocr_par' dir='ltr' id='par_1_46' title="bbox 2209 1951 3796 2020">
     <span class='ocr_line' id='line_1_46' title="bbox 2209 1951 3796 2020; baseline 0.003 -15"><span class='ocrx_word' id='word_1_359' title='bbox 2209 1951 2540 2020; x_wconf 83' lang='lat' dir='ltr'><strong>baptismatis</strong></span> <span class='ocrx_word' id='word_1_360' title='bbox 2563 1951 2787 2006; x_wconf 77' lang='lat' dir='ltr'><strong>eliectus</strong></span> <span class='ocrx_word' id='word_1_361' title='bbox 2817 1953 2917 2020; x_wconf 84' lang='lat' dir='ltr'><strong>(e);</strong></span> <span class='ocrx_word' id='word_1_362' title='bbox 2949 1959 3112 2020; x_wconf 88' lang='lat' dir='ltr'><strong>atque</strong></span> <span class='ocrx_word' id='word_1_363' title='bbox 3143 1951 3420 2008; x_wconf 77' lang='lat' dir='ltr'><strong>auditores</strong></span> <span class='ocrx_word' id='word_1_364' title='bbox 3451 1952 3687 2014; x_wconf 88' lang='lat' dir='ltr'><strong>hortari.</strong></span> <span class='ocrx_word' id='word_1_365' title='bbox 3728 1969 3796 2009; x_wconf 91' lang='lat' dir='ltr'><strong>ne</strong></span> 
     </span>
    </p>
   </div>
   <div class='ocr_carea' id='block_1_47' title="bbox 2207 2041 3797 2115">
    <p class='ocr_par' dir='ltr' id='par_1_47' title="bbox 2207 2041 3797 2115">
     <span class='ocr_line' id='line_1_47' title="bbox 2207 2041 3797 2115; baseline 0.002 -19"><span class='ocrx_word' id='word_1_366' title='bbox 2207 2057 2328 2096; x_wconf 87' lang='lat' dir='ltr'><strong>cum</strong></span> <span class='ocrx_word' id='word_1_367' title='bbox 2364 2041 2582 2105; x_wconf 70' lang='lat' dir='ltr'><strong>stocnlo,</strong></span> <span class='ocrx_word' id='word_1_368' title='bbox 2609 2043 2694 2095; x_wconf 90' lang='lat' dir='ltr'><strong>cui</strong></span> <span class='ocrx_word' id='word_1_369' title='bbox 2737 2042 2788 2095; x_wconf 90' lang='lat' dir='ltr'><strong>in</strong></span> <span class='ocrx_word' id='word_1_370' title='bbox 2829 2041 2918 2096; x_wconf 90' lang='lat' dir='ltr'><strong>die</strong></span> <span class='ocrx_word' id='word_1_371' title='bbox 2947 2042 3350 2110; x_wconf 80' lang='lat' dir='ltr'><strong>redemptionis.</strong></span> <span class='ocrx_word' id='word_1_372' title='bbox 3385 2043 3434 2097; x_wconf 91' lang='lat' dir='ltr'><strong>id</strong></span> <span class='ocrx_word' id='word_1_373' title='bbox 3475 2057 3558 2098; x_wconf 87' lang='lat' dir='ltr'><strong>est</strong></span> <span class='ocrx_word' id='word_1_374' title='bbox 3590 2043 3797 2115; x_wconf 82' lang='lat' dir='ltr'><strong>baptis-</strong></span> 
     </span>
    </p>
   </div>
   <div class='ocr_carea' id='block_1_48' title="bbox 2208 2131 3813 2204">
    <p class='ocr_par' dir='ltr' id='par_1_48' title="bbox 2208 2131 3813 2204">
     <span class='ocr_line' id='line_1_48' title="bbox 2208 2131 3813 2204; baseline 0.001 -16"><span class='ocrx_word' id='word_1_375' title='bbox 2208 2134 2387 2199; x_wconf 80' lang='lat' dir='ltr'><strong>matis,</strong></span> <span class='ocrx_word' id='word_1_376' title='bbox 2427 2149 2534 2204; x_wconf 88' lang='lat' dir='ltr'><strong>qtto</strong></span> <span class='ocrx_word' id='word_1_377' title='bbox 2561 2134 2858 2203; x_wconf 84' lang='lat' dir='ltr'><strong>consignati</strong></span> <span class='ocrx_word' id='word_1_378' title='bbox 2905 2131 3118 2188; x_wconf 81' lang='lat' dir='ltr'><strong>fuerant</strong></span> <span class='ocrx_word' id='word_1_379' title='bbox 3145 2132 3367 2202; x_wconf 85' lang='lat' dir='ltr'><strong>Spiritui</strong></span> <span class='ocrx_word' id='word_1_380' title='bbox 3417 2145 3624 2200; x_wconf 87' lang='lat' dir='ltr'><strong>sancto,</strong></span> <span class='ocrx_word' id='word_1_381' title='bbox 3677 2135 3813 2189; x_wconf 75' lang='lat' dir='ltr'><strong>Vale</strong></span> 
     </span>
    </p>
   </div>
   <div class='ocr_carea' id='block_1_49' title="bbox 2205 2223 3797 2293">
    <p class='ocr_par' dir='ltr' id='par_1_49' title="bbox 2205 2223 3797 2293">
     <span class='ocr_line' id='line_1_49' title="bbox 2205 2223 3797 2293; baseline 0.002 -14"><span class='ocrx_word' id='word_1_382' title='bbox 2205 2224 2488 2291; x_wconf 75' lang='lat' dir='ltr'><strong>dixerant,</strong></span> <span class='ocrx_word' id='word_1_383' title='bbox 2538 2225 2698 2280; x_wconf 90' lang='lat' dir='ltr'><strong>ullam</strong></span> <span class='ocrx_word' id='word_1_384' title='bbox 2757 2223 2809 2279; x_wconf 93' lang='lat' dir='ltr'><strong>in</strong></span> <span class='ocrx_word' id='word_1_385' title='bbox 2860 2235 3133 2293; x_wconf 66' lang='lat' dir='ltr'><strong>[macrum</strong></span> <span class='ocrx_word' id='word_1_386' title='bbox 3191 2226 3507 2281; x_wconf 85' lang='lat' dir='ltr'><strong>societatem</strong></span> <span class='ocrx_word' id='word_1_387' title='bbox 3564 2226 3797 2292; x_wconf 86' lang='lat' dir='ltr'><strong>inirent,</strong></span> 
     </span>
    </p>
   </div>
   <div class='ocr_carea' id='block_1_50' title="bbox 2209 2315 3798 2388">
    <p class='ocr_par' dir='ltr' id='par_1_50' title="bbox 2209 2315 3798 2388">
     <span class='ocr_line' id='line_1_50' title="bbox 2209 2315 3798 2388; baseline 0.002 -16"><span class='ocrx_word' id='word_1_388' title='bbox 2209 2319 2330 2387; x_wconf 72' lang='lat' dir='ltr'><strong>quia</strong></span> <span class='ocrx_word' id='word_1_389' title='bbox 2361 2326 2594 2373; x_wconf 85' lang='lat' dir='ltr'><strong>veterem</strong></span> <span class='ocrx_word' id='word_1_390' title='bbox 2624 2317 2899 2373; x_wconf 75' lang='lat' dir='ltr'><strong>hominem</strong></span> <span class='ocrx_word' id='word_1_391' title='bbox 2937 2316 3156 2388; x_wconf 81' lang='lat' dir='ltr'><strong>spoliati</strong></span> <span class='ocrx_word' id='word_1_392' title='bbox 3184 2326 3240 2372; x_wconf 89' lang='lat' dir='ltr'><strong>et</strong></span> <span class='ocrx_word' id='word_1_393' title='bbox 3275 2315 3489 2373; x_wconf 87' lang='lat' dir='ltr'><strong>Christo</strong></span> <span class='ocrx_word' id='word_1_394' title='bbox 3519 2333 3798 2375; x_wconf 76' lang='lat' dir='ltr'><strong>continer-</strong></span> 
     </span>
    </p>
   </div>
   <div class='ocr_carea' id='block_1_51' title="bbox 2211 2406 3798 2478">
    <p class='ocr_par' dir='ltr' id='par_1_51' title="bbox 2211 2406 3798 2478">
     <span class='ocr_line' id='line_1_51' title="bbox 2211 2406 3798 2478; baseline 0.002 -14"><span class='ocrx_word' id='word_1_395' title='bbox 2211 2409 2320 2476; x_wconf 86' lang='lat' dir='ltr'><strong>tui,</strong></span> <span class='ocrx_word' id='word_1_396' title='bbox 2365 2423 2434 2466; x_wconf 85' lang='lat' dir='ltr'><strong>eo</strong></span> <span class='ocrx_word' id='word_1_397' title='bbox 2477 2406 2684 2464; x_wconf 84' lang='lat' dir='ltr'><strong>scilicet</strong></span> <span class='ocrx_word' id='word_1_398' title='bbox 2721 2408 2810 2464; x_wconf 85' lang='lat' dir='ltr'><strong>die</strong></span> <span class='ocrx_word' id='word_1_399' title='bbox 2853 2423 3049 2464; x_wconf 88' lang='lat' dir='ltr'><strong>novum</strong></span> <span class='ocrx_word' id='word_1_400' title='bbox 3109 2409 3385 2464; x_wconf 85' lang='lat' dir='ltr'><strong>hominem</strong></span> <span class='ocrx_word' id='word_1_401' title='bbox 3425 2410 3628 2478; x_wconf 91' lang='lat' dir='ltr'><strong>induti,</strong></span> <span class='ocrx_word' id='word_1_402' title='bbox 3673 2427 3798 2468; x_wconf 80' lang='lat' dir='ltr'><strong>cum</strong></span> 
     </span>
    </p>
   </div>
   <div class='ocr_carea' id='block_1_52' title="bbox 2209 2499 3799 2574">
    <p class='ocr_par' dir='ltr' id='par_1_52' title="bbox 2209 2499 3799 2574">
     <span class='ocr_line' id='line_1_52' title="bbox 2209 2499 3799 2574; baseline 0.003 -17"><span class='ocrx_word' id='word_1_403' title='bbox 2209 2501 2327 2572; x_wconf 88' lang='lat' dir='ltr'><strong>ipso</strong></span> <span class='ocrx_word' id='word_1_404' title='bbox 2348 2499 2654 2558; x_wconf 65' lang='lat' dir='ltr'><strong>risviXerant</strong></span> <span class='ocrx_word' id='word_1_405' title='bbox 2685 2503 2773 2574; x_wconf 79' lang='lat' dir='ltr'><strong>(f).</strong></span> <span class='ocrx_word' id='word_1_406' title='bbox 2808 2502 3000 2559; x_wconf 80' lang='lat' dir='ltr'><strong>Verum</strong></span> <span class='ocrx_word' id='word_1_407' title='bbox 3029 2502 3074 2558; x_wconf 90' lang='lat' dir='ltr'><strong>si</strong></span> <span class='ocrx_word' id='word_1_408' title='bbox 3101 2504 3223 2574; x_wconf 85' lang='lat' dir='ltr'><strong>quis</strong></span> <span class='ocrx_word' id='word_1_409' title='bbox 3257 2502 3308 2558; x_wconf 90' lang='lat' dir='ltr'><strong>id</strong></span> <span class='ocrx_word' id='word_1_410' title='bbox 3339 2518 3446 2559; x_wconf 91' lang='lat' dir='ltr'><strong>non</strong></span> <span class='ocrx_word' id='word_1_411' title='bbox 3485 2505 3620 2560; x_wconf 87' lang='lat' dir='ltr'><strong>satis</strong></span> <span class='ocrx_word' id='word_1_412' title='bbox 3653 2507 3799 2562; x_wconf 84' lang='lat' dir='ltr'><strong>claro</strong></span> 
     </span>
    </p>
   </div>
   <div class='ocr_carea' id='block_1_53' title="bbox 2207 2598 3807 2671">
    <p class='ocr_par' dir='ltr' id='par_1_53' title="bbox 2207 2598 3807 2671">
     <span class='ocr_line' id='line_1_53' title="bbox 2207 2598 3807 2671; baseline 0.001 -16"><span class='ocrx_word' id='word_1_413' title='bbox 2207 2613 2274 2656; x_wconf 76' lang='lat' dir='ltr'><strong>es</strong></span> <span class='ocrx_word' id='word_1_414' title='bbox 2308 2599 2501 2669; x_wconf 87' lang='lat' dir='ltr'><strong>prioris</strong></span> <span class='ocrx_word' id='word_1_415' title='bbox 2524 2598 2790 2654; x_wconf 80' lang='lat' dir='ltr'><strong>sermonis</strong></span> <span class='ocrx_word' id='word_1_416' title='bbox 2815 2607 3070 2654; x_wconf 78' lang='lat' dir='ltr'><strong>contextu</strong></span> <span class='ocrx_word' id='word_1_417' title='bbox 3109 2598 3284 2655; x_wconf 83' lang='lat' dir='ltr'><strong>evinci</strong></span> <span class='ocrx_word' id='word_1_418' title='bbox 3327 2609 3508 2670; x_wconf 88' lang='lat' dir='ltr'><strong>putat,</strong></span> <span class='ocrx_word' id='word_1_419' title='bbox 3549 2615 3616 2655; x_wconf 89' lang='lat' dir='ltr'><strong>eo</strong></span> <span class='ocrx_word' id='word_1_420' title='bbox 3653 2601 3807 2671; x_wconf 77' lang='lat' dir='ltr'><strong>quod</strong></span> 
     </span>
    </p>
   </div>
   <div class='ocr_carea' id='block_1_54' title="bbox 2210 2691 3799 2763">
    <p class='ocr_par' dir='ltr' id='par_1_54' title="bbox 2210 2691 3799 2763">
     <span class='ocr_line' id='line_1_54' title="bbox 2210 2691 3799 2763; baseline 0.002 -15"><span class='ocrx_word' id='word_1_421' title='bbox 2210 2691 2377 2748; x_wconf 89' lang='lat' dir='ltr'><strong>relata</strong></span> <span class='ocrx_word' id='word_1_422' title='bbox 2415 2694 2580 2748; x_wconf 76' lang='lat' dir='ltr'><strong>verba</strong></span> <span class='ocrx_word' id='word_1_423' title='bbox 2621 2691 2687 2747; x_wconf 87' lang='lat' dir='ltr'><strong>ad</strong></span> <span class='ocrx_word' id='word_1_424' title='bbox 2716 2694 3136 2748; x_wconf 84' lang='lat' dir='ltr'><strong>catechumenos</strong></span> <span class='ocrx_word' id='word_1_425' title='bbox 3161 2701 3218 2748; x_wconf 92' lang='lat' dir='ltr'><strong>et</strong></span> <span class='ocrx_word' id='word_1_426' title='bbox 3255 2703 3622 2763; x_wconf 79' lang='lat' dir='ltr'><strong>cmupetentes</strong></span> <span class='ocrx_word' id='word_1_427' title='bbox 3649 2709 3799 2751; x_wconf 75' lang='lat' dir='ltr'><strong>com-</strong></span> 
     </span>
    </p>
   </div>
   <div class='ocr_carea' id='block_1_55' title="bbox 2207 2785 3799 2854">
    <p class='ocr_par' dir='ltr' id='par_1_55' title="bbox 2207 2785 3799 2854">
     <span class='ocr_line' id='line_1_55' title="bbox 2207 2785 3799 2854; baseline 0.001 -13"><span class='ocrx_word' id='word_1_428' title='bbox 2207 2785 2370 2842; x_wconf 88' lang='lat' dir='ltr'><strong>mode</strong></span> <span class='ocrx_word' id='word_1_429' title='bbox 2398 2785 2586 2842; x_wconf 76' lang='lat' dir='ltr'><strong>referri</strong></span> <span class='ocrx_word' id='word_1_430' title='bbox 2627 2795 2856 2854; x_wconf 88' lang='lat' dir='ltr'><strong>queant,</strong></span> <span class='ocrx_word' id='word_1_431' title='bbox 2885 2790 2933 2841; x_wconf 90' lang='lat' dir='ltr'><strong>ei</strong></span> <span class='ocrx_word' id='word_1_432' title='bbox 2966 2801 3075 2841; x_wconf 92' lang='lat' dir='ltr'><strong>non</strong></span> <span class='ocrx_word' id='word_1_433' title='bbox 3101 2786 3356 2842; x_wconf 90' lang='lat' dir='ltr'><strong>obsistam</strong></span> <span class='ocrx_word' id='word_1_434' title='bbox 3378 2795 3491 2853; x_wconf 81' lang='lat' dir='ltr'><strong>;~et</strong></span> <span class='ocrx_word' id='word_1_435' title='bbox 3516 2787 3561 2842; x_wconf 90' lang='lat' dir='ltr'><strong>si</strong></span> <span class='ocrx_word' id='word_1_436' title='bbox 3590 2789 3656 2842; x_wconf 88' lang='lat' dir='ltr'><strong>in</strong></span> <span class='ocrx_word' id='word_1_437' title='bbox 3701 2789 3799 2842; x_wconf 87' lang='lat' dir='ltr'><strong>hac</strong></span> 
     </span>
    </p>
   </div>
   <div class='ocr_carea' id='block_1_56' title="bbox 2206 2876 3799 2949">
    <p class='ocr_par' dir='ltr' id='par_1_56' title="bbox 2206 2876 3799 2949">
     <span class='ocr_line' id='line_1_56' title="bbox 2206 2876 3799 2949; baseline 0.002 -15"><span class='ocrx_word' id='word_1_438' title='bbox 2206 2878 2474 2935; x_wconf 82' lang='lat' dir='ltr'><strong>sententia</strong></span> <span class='ocrx_word' id='word_1_439' title='bbox 2515 2876 2744 2949; x_wconf 78' lang='lat' dir='ltr'><strong>piimum</strong></span> <span class='ocrx_word' id='word_1_440' title='bbox 2775 2895 3080 2936; x_wconf 68' lang='lat' dir='ltr'><strong>sermonem</strong></span> <span class='ocrx_word' id='word_1_441' title='bbox 3122 2895 3185 2935; x_wconf 89' lang='lat' dir='ltr'><strong>ac</strong></span> <span class='ocrx_word' id='word_1_442' title='bbox 3222 2881 3452 2935; x_wconf 88' lang='lat' dir='ltr'><strong>alterum</strong></span> <span class='ocrx_word' id='word_1_443' title='bbox 3481 2881 3548 2936; x_wconf 91' lang='lat' dir='ltr'><strong>ad</strong></span> <span class='ocrx_word' id='word_1_444' title='bbox 3589 2897 3799 2949; x_wconf 70' lang='lat' dir='ltr'><strong>prace-</strong></span> 
     </span>
    </p>
   </div>
   <div class='ocr_carea' id='block_1_57' title="bbox 2208 2969 3800 3041">
    <p class='ocr_par' dir='ltr' id='par_1_57' title="bbox 2208 2969 3800 3041">
     <span class='ocr_line' id='line_1_57' title="bbox 2208 2969 3800 3041; baseline 0.001 -16"><span class='ocrx_word' id='word_1_445' title='bbox 2208 2971 2426 3026; x_wconf 83' lang='lat' dir='ltr'><strong>deittcm</strong></span> <span class='ocrx_word' id='word_1_446' title='bbox 2474 2969 2990 3040; x_wconf 75' lang='lat' dir='ltr'><strong>Quadragesimam;</strong></span> <span class='ocrx_word' id='word_1_447' title='bbox 3033 2986 3136 3041; x_wconf 88' lang='lat' dir='ltr'><strong>qua</strong></span> <span class='ocrx_word' id='word_1_448' title='bbox 3185 2971 3498 3038; x_wconf 79' lang='lat' dir='ltr'><strong>quotidiana</strong></span> <span class='ocrx_word' id='word_1_449' title='bbox 3541 2987 3800 3028; x_wconf 85' lang='lat' dir='ltr'><strong>sermone</strong></span> 
     </span>
    </p>
   </div>
   <div class='ocr_carea' id='block_1_58' title="bbox 2207 3063 3798 3143">
    <p class='ocr_par' dir='ltr' id='par_1_58' title="bbox 2207 3063 3798 3143">
     <span class='ocr_line' id='line_1_58' title="bbox 2207 3063 3798 3143; baseline 0.001 -24"><span class='ocrx_word' id='word_1_450' title='bbox 2207 3063 2625 3143; x_wconf 82' lang='lat' dir='ltr'><strong>catechumenos</strong></span> <span class='ocrx_word' id='word_1_451' title='bbox 2668 3071 2724 3118; x_wconf 90' lang='lat' dir='ltr'><strong>et</strong></span> <span class='ocrx_word' id='word_1_452' title='bbox 2771 3071 3140 3133; x_wconf 81' lang='lat' dir='ltr'><strong>competentes</strong></span> <span class='ocrx_word' id='word_1_453' title='bbox 3179 3064 3408 3119; x_wconf 82' lang='lat' dir='ltr'><strong>docebat</strong></span> <span class='ocrx_word' id='word_1_454' title='bbox 3449 3066 3798 3129; x_wconf 83' lang='lat' dir='ltr'><strong>Atuhrosins,</strong></span> 
     </span>
    </p>
   </div>
   <div class='ocr_carea' id='block_1_59' title="bbox 519 3152 3800 3226">
    <p class='ocr_par' dir='ltr' id='par_1_59' title="bbox 519 3152 3800 3226">
     <span class='ocr_line' id='line_1_59' title="bbox 519 3152 3800 3226; baseline 0.001 -18"><span class='ocrx_word' id='word_1_455' title='bbox 519 3163 566 3208; x_wconf 79' lang='lat' dir='ltr'><strong>et</strong></span> <span class='ocrx_word' id='word_1_456' title='bbox 595 3163 819 3223; x_wconf 81' lang='lat' dir='ltr'><strong>tempore</strong></span> <span class='ocrx_word' id='word_1_457' title='bbox 845 3171 946 3224; x_wconf 87' lang='lat' dir='ltr'><strong>quo</strong></span> <span class='ocrx_word' id='word_1_458' title='bbox 987 3152 1148 3207; x_wconf 58' lang='lat' dir='ltr'><strong>habiti</strong></span> <span class='ocrx_word' id='word_1_459' title='bbox 1189 3166 1327 3208; x_wconf 85' lang='lat' dir='ltr'><strong>sun&#39;.</strong></span> <span class='ocrx_word' id='word_1_460' title='bbox 1353 3182 1425 3194; x_wconf 85' lang='lat'><strong>--</strong></span> <span class='ocrx_word' id='word_1_461' title='bbox 1453 3155 1558 3209; x_wconf 80' lang='lat' dir='ltr'><strong>Sed</strong></span> <span class='ocrx_word' id='word_1_462' title='bbox 1605 3157 1770 3208; x_wconf 89' lang='lat' dir='ltr'><strong>misso</strong></span> <span class='ocrx_word' id='word_1_463' title='bbox 1807 3154 1995 3209; x_wconf 83' lang='lat' dir='ltr'><strong>codice</strong></span> <span class='ocrx_word' id='word_1_464' title='bbox 2034 3153 2102 3208; x_wconf 89' lang='lat' dir='ltr'><strong>ad</strong></span> <span class='ocrx_word' id='word_1_465' title='bbox 2209 3157 2487 3212; x_wconf 85' lang='lat' dir='ltr'><strong>remittere</strong></span> <span class='ocrx_word' id='word_1_466' title='bbox 2529 3156 2708 3223; x_wconf 87' lang='lat' dir='ltr'><strong>malit,</strong></span> <span class='ocrx_word' id='word_1_467' title='bbox 2752 3173 2857 3212; x_wconf 91' lang='lat' dir='ltr'><strong>non</strong></span> <span class='ocrx_word' id='word_1_468' title='bbox 2905 3159 3230 3226; x_wconf 84' lang='lat' dir='ltr'><strong>repugnabo.</strong></span> <span class='ocrx_word' id='word_1_469' title='bbox 3278 3157 3428 3212; x_wconf 82' lang='lat' dir='ltr'><strong>Haud</strong></span> <span class='ocrx_word' id='word_1_470' title='bbox 3460 3173 3546 3212; x_wconf 90' lang='lat' dir='ltr'><strong>me</strong></span> <span class='ocrx_word' id='word_1_471' title='bbox 3577 3158 3706 3212; x_wconf 89' lang='lat' dir='ltr'><strong>latet</strong></span> <span class='ocrx_word' id='word_1_472' title='bbox 3738 3157 3800 3213; x_wconf 90' lang='lat' dir='ltr'><strong>S.</strong></span> 
     </span>
    </p>
   </div>
   <div class='ocr_carea' id='block_1_60' title="bbox 522 3227 3800 3318">
    <p class='ocr_par' dir='ltr' id='par_1_60' title="bbox 522 3227 3800 3318">
     <span class='ocr_line' id='line_1_60' title="bbox 522 3227 3800 3318; baseline 0.001 -19"><span class='ocrx_word' id='word_1_473' title='bbox 522 3244 907 3300; x_wconf 69' lang='lat' dir='ltr'><strong>Ambrosianus</strong></span> <span class='ocrx_word' id='word_1_474' title='bbox 949 3259 1229 3300; x_wconf 88' lang='lat' dir='ltr'><strong>sermones</strong></span> <span class='ocrx_word' id='word_1_475' title='bbox 1268 3244 1600 3300; x_wconf 89' lang='lat' dir='ltr'><strong>redeundum</strong></span> <span class='ocrx_word' id='word_1_476' title='bbox 1642 3253 1746 3299; x_wconf 88' lang='lat' dir='ltr'><strong>est.</strong></span> <span class='ocrx_word' id='word_1_477' title='bbox 1779 3242 1921 3299; x_wconf 77' lang='lat' dir='ltr'><strong>Fieri</strong></span> <span class='ocrx_word' id='word_1_478' title='bbox 1959 3244 2102 3299; x_wconf 91' lang='lat' dir='ltr'><strong>enim</strong></span> <span class='ocrx_word' id='word_1_479' title='bbox 2132 3227 2180 3291; x_wconf 68' lang='grc' dir='ltr'><strong>θ</strong></span> <span class='ocrx_word' id='word_1_480' title='bbox 2211 3247 2554 3304; x_wconf 80' lang='lat' dir='ltr'><strong>Ambrosium</strong></span> <span class='ocrx_word' id='word_1_481' title='bbox 2595 3244 2945 3318; x_wconf 78' lang='lat' dir='ltr'><strong>bapti&#39;zandos</strong></span> <span class='ocrx_word' id='word_1_482' title='bbox 2971 3248 3037 3302; x_wconf 89' lang='lat' dir='ltr'><strong>ad</strong></span> <span class='ocrx_word' id='word_1_483' title='bbox 3081 3247 3418 3303; x_wconf 89' lang='lat' dir='ltr'><strong>terrestrium</strong></span> <span class='ocrx_word' id='word_1_484' title='bbox 3445 3263 3626 3304; x_wconf 87' lang='lat' dir='ltr'><strong>rerum</strong></span> <span class='ocrx_word' id='word_1_485' title='bbox 3671 3265 3800 3304; x_wconf 85' lang='lat' dir='ltr'><strong>con-</strong></span> 
     </span>
    </p>
   </div>
   <div class='ocr_carea' id='block_1_61' title="bbox 521 3335 2102 3406">
    <p class='ocr_par' dir='ltr' id='par_1_61' title="bbox 521 3335 2102 3406">
     <span class='ocr_line' id='line_1_61' title="bbox 521 3335 2102 3406; baseline -0.001 -14"><span class='ocrx_word' id='word_1_486' title='bbox 521 3341 625 3392; x_wconf 79' lang='lat' dir='ltr'><strong>nOn</strong></span> <span class='ocrx_word' id='word_1_487' title='bbox 657 3344 830 3406; x_wconf 80' lang='lat' dir='ltr'><strong>potest</strong></span> <span class='ocrx_word' id='word_1_488' title='bbox 870 3345 928 3390; x_wconf 91' lang='lat' dir='ltr'><strong>ut</strong></span> <span class='ocrx_word' id='word_1_489' title='bbox 968 3337 1037 3391; x_wconf 90' lang='lat' dir='ltr'><strong>ab</strong></span> <span class='ocrx_word' id='word_1_490' title='bbox 1065 3337 1172 3390; x_wconf 85' lang='lat' dir='ltr'><strong>illis</strong></span> <span class='ocrx_word' id='word_1_491' title='bbox 1189 3335 1472 3401; x_wconf 86' lang='lat' dir='ltr'><strong>recedam,</strong></span> <span class='ocrx_word' id='word_1_492' title='bbox 1517 3338 1824 3406; x_wconf 87' lang='lat' dir='ltr'><strong>priusquam</strong></span> <span class='ocrx_word' id='word_1_493' title='bbox 1855 3337 1923 3390; x_wconf 90' lang='lat' dir='ltr'><strong>de</strong></span> <span class='ocrx_word' id='word_1_494' title='bbox 1963 3345 2102 3390; x_wconf 82' lang='lat' dir='ltr'><strong>tem-</strong></span> 
     </span>
    </p>
   </div>
   <div class='ocr_carea' id='block_1_62' title="bbox 522 3411 2102 3498">
    <p class='ocr_par' dir='ltr' id='par_1_62' title="bbox 522 3411 2102 3498">
     <span class='ocr_line' id='line_1_62' title="bbox 522 3411 2102 3498; baseline 0 -18"><span class='ocrx_word' id='word_1_495' title='bbox 522 3443 672 3496; x_wconf 65' lang='lat' dir='ltr'><strong>jure,</strong></span> <span class='ocrx_word' id='word_1_496' title='bbox 701 3442 808 3497; x_wconf 89' lang='lat' dir='ltr'><strong>quo</strong></span> <span class='ocrx_word' id='word_1_497' title='bbox 839 3427 1002 3482; x_wconf 86' lang='lat' dir='ltr'><strong>habiti</strong></span> <span class='ocrx_word' id='word_1_498' title='bbox 1032 3435 1160 3482; x_wconf 87' lang='lat' dir='ltr'><strong>sunt</strong></span> <span class='ocrx_word' id='word_1_499' title='bbox 1179 3467 1196 3494; x_wconf 93' lang='lat'><strong>,</strong></span> <span class='ocrx_word' id='word_1_500' title='bbox 1227 3428 1576 3498; x_wconf 66' lang='lat' dir='ltr'><strong>quaestionem</strong></span> <span class='ocrx_word' id='word_1_501' title='bbox 1607 3427 1797 3483; x_wconf 85' lang='lat' dir='ltr'><strong>saltem</strong></span> <span class='ocrx_word' id='word_1_502' title='bbox 1821 3411 2102 3497; x_wconf 80' lang='lat' dir='ltr'><strong>attingam.</strong></span> 
     </span>
    </p>
   </div>
   <div class='ocr_carea' id='block_1_63' title="bbox 519 3519 2105 3591">
    <p class='ocr_par' dir='ltr' id='par_1_63' title="bbox 519 3519 2105 3591">
     <span class='ocr_line' id='line_1_63' title="bbox 519 3519 2105 3591; baseline -0.001 -17"><span class='ocrx_word' id='word_1_503' title='bbox 519 3520 687 3574; x_wconf 86' lang='lat' dir='ltr'><strong>Porro</strong></span> <span class='ocrx_word' id='word_1_504' title='bbox 711 3519 820 3590; x_wconf 85' lang='lat' dir='ltr'><strong>jam</strong></span> <span class='ocrx_word' id='word_1_505' title='bbox 852 3528 1074 3574; x_wconf 85' lang='lat' dir='ltr'><strong>auctore</strong></span> <span class='ocrx_word' id='word_1_506' title='bbox 1108 3520 1348 3590; x_wconf 83' lang='lat' dir='ltr'><strong>cognito,</strong></span> <span class='ocrx_word' id='word_1_507' title='bbox 1390 3534 1699 3575; x_wconf 72' lang='lat' dir='ltr'><strong>sermonum</strong></span> <span class='ocrx_word' id='word_1_508' title='bbox 1735 3535 1948 3591; x_wconf 88' lang='lat' dir='ltr'><strong>quoque</strong></span> <span class='ocrx_word' id='word_1_509' title='bbox 1973 3529 2105 3575; x_wconf 62' lang='lat' dir='ltr'><strong>artas</strong></span> 
     </span>
    </p>
   </div>
   <div class='ocr_carea' id='block_1_64' title="bbox 520 3611 2103 3690">
    <p class='ocr_par' dir='ltr' id='par_1_64' title="bbox 520 3611 2103 3690">
     <span class='ocr_line' id='line_1_64' title="bbox 520 3611 2103 3690; baseline 0.001 -23"><span class='ocrx_word' id='word_1_510' title='bbox 520 3623 792 3683; x_wconf 88' lang='lat' dir='ltr'><strong>comperta</strong></span> <span class='ocrx_word' id='word_1_511' title='bbox 829 3621 930 3669; x_wconf 72' lang='lat' dir='ltr'><strong>est.</strong></span> <span class='ocrx_word' id='word_1_512' title='bbox 963 3611 1320 3668; x_wconf 78' lang='lat' dir='ltr'><strong>Nihilominus</strong></span> <span class='ocrx_word' id='word_1_513' title='bbox 1349 3613 1419 3669; x_wconf 89' lang='lat' dir='ltr'><strong>de</strong></span> <span class='ocrx_word' id='word_1_514' title='bbox 1445 3627 1587 3667; x_wconf 83' lang='lat' dir='ltr'><strong>anno</strong></span> <span class='ocrx_word' id='word_1_515' title='bbox 1612 3628 1722 3682; x_wconf 92' lang='lat' dir='ltr'><strong>quo</strong></span> <span class='ocrx_word' id='word_1_516' title='bbox 1748 3614 1915 3669; x_wconf 88' lang='lat' dir='ltr'><strong>habiti</strong></span> <span class='ocrx_word' id='word_1_517' title='bbox 1945 3624 2069 3690; x_wconf 89' lang='lat' dir='ltr'><strong>sunt</strong></span> <span class='ocrx_word' id='word_1_518' title='bbox 2087 3653 2103 3679; x_wconf 92' lang='lat'><strong>,</strong></span> 
     </span>
    </p>
   </div>
   <div class='ocr_carea' id='block_1_65' title="bbox 521 3707 2102 3782">
    <p class='ocr_par' dir='ltr' id='par_1_65' title="bbox 521 3707 2102 3782">
     <span class='ocr_line' id='line_1_65' title="bbox 521 3707 2102 3782; baseline 0.002 -19"><span class='ocrx_word' id='word_1_519' title='bbox 521 3707 652 3764; x_wconf 88' lang='lat' dir='ltr'><strong>nihil</strong></span> <span class='ocrx_word' id='word_1_520' title='bbox 691 3710 824 3764; x_wconf 75' lang='lat' dir='ltr'><strong>certi</strong></span> <span class='ocrx_word' id='word_1_521' title='bbox 871 3709 1084 3768; x_wconf 87' lang='lat' dir='ltr'><strong>habeo:</strong></span> <span class='ocrx_word' id='word_1_522' title='bbox 1124 3720 1179 3765; x_wconf 88' lang='lat' dir='ltr'><strong>et</strong></span> <span class='ocrx_word' id='word_1_523' title='bbox 1220 3709 1273 3765; x_wconf 74' lang='lat' dir='ltr'><strong>si‘</strong></span> <span class='ocrx_word' id='word_1_524' title='bbox 1308 3709 1434 3781; x_wconf 89' lang='lat' dir='ltr'><strong>quid</strong></span> <span class='ocrx_word' id='word_1_525' title='bbox 1482 3711 1833 3782; x_wconf 74' lang='lat' dir='ltr'><strong>coniecturis,</strong></span> <span class='ocrx_word' id='word_1_526' title='bbox 1876 3726 2102 3780; x_wconf 87' lang='lat' dir='ltr'><strong>qttarum</strong></span> 
     </span>
    </p>
   </div>
   <div class='ocr_carea' id='block_1_66' title="bbox 521 3801 2101 3874">
    <p class='ocr_par' dir='ltr' id='par_1_66' title="bbox 521 3801 2101 3874">
     <span class='ocr_line' id='line_1_66' title="bbox 521 3801 2101 3874; baseline 0.002 -19"><span class='ocrx_word' id='word_1_527' title='bbox 521 3812 697 3856; x_wconf 86' lang='lat' dir='ltr'><strong>tamen</strong></span> <span class='ocrx_word' id='word_1_528' title='bbox 720 3801 980 3870; x_wconf 81' lang='lat' dir='ltr'><strong>judicium</strong></span> <span class='ocrx_word' id='word_1_529' title='bbox 1008 3802 1276 3872; x_wconf 86' lang='lat' dir='ltr'><strong>integrum</strong></span> <span class='ocrx_word' id='word_1_530' title='bbox 1306 3803 1430 3858; x_wconf 75' lang='lat' dir='ltr'><strong>volo</strong></span> <span class='ocrx_word' id='word_1_531' title='bbox 1460 3818 1581 3860; x_wconf 85' lang='lat' dir='ltr'><strong>esse</strong></span> <span class='ocrx_word' id='word_1_532' title='bbox 1609 3819 1776 3874; x_wconf 80' lang='lat' dir='ltr'><strong>penes</strong></span> <span class='ocrx_word' id='word_1_533' title='bbox 1811 3805 2101 3870; x_wconf 81' lang='lat' dir='ltr'><strong>lectorem,</strong></span> 
     </span>
    </p>
   </div>
   <div class='ocr_carea' id='block_1_67' title="bbox 521 3896 2105 3967">
    <p class='ocr_par' dir='ltr' id='par_1_67' title="bbox 521 3896 2105 3967">
     <span class='ocr_line' id='line_1_67' title="bbox 521 3896 2105 3967; baseline 0.002 -17"><span class='ocrx_word' id='word_1_534' title='bbox 521 3896 674 3952; x_wconf 88' lang='lat' dir='ltr'><strong>liceat</strong></span> <span class='ocrx_word' id='word_1_535' title='bbox 730 3897 1041 3967; x_wconf 88' lang='lat' dir='ltr'><strong>indulgere,</strong></span> <span class='ocrx_word' id='word_1_536' title='bbox 1075 3898 1198 3961; x_wconf 82' lang='lat' dir='ltr'><strong>illos</strong></span> <span class='ocrx_word' id='word_1_537' title='bbox 1238 3912 1380 3953; x_wconf 91' lang='lat' dir='ltr'><strong>anno</strong></span> <span class='ocrx_word' id='word_1_538' title='bbox 1419 3897 1525 3953; x_wconf 78' lang='lat'><strong>389</strong></span> <span class='ocrx_word' id='word_1_539' title='bbox 1569 3898 1708 3954; x_wconf 87' lang='lat' dir='ltr'><strong>haud</strong></span> <span class='ocrx_word' id='word_1_540' title='bbox 1757 3901 1924 3953; x_wconf 91' lang='lat' dir='ltr'><strong>multo</strong></span> <span class='ocrx_word' id='word_1_541' title='bbox 1965 3900 2105 3953; x_wconf 84' lang='lat' dir='ltr'><strong>anti-</strong></span> 
     </span>
    </p>
   </div>
   <div class='ocr_carea' id='block_1_68' title="bbox 518 3989 2102 4059">
    <p class='ocr_par' dir='ltr' id='par_1_68' title="bbox 518 3989 2102 4059">
     <span class='ocr_line' id='line_1_68' title="bbox 518 3989 2102 4059; baseline 0.004 -18"><span class='ocrx_word' id='word_1_542' title='bbox 518 3991 735 4059; x_wconf 83' lang='lat' dir='ltr'><strong>quiores</strong></span> <span class='ocrx_word' id='word_1_543' title='bbox 773 3989 1024 4045; x_wconf 86' lang='lat' dir='ltr'><strong>arbitror.</strong></span> <span class='ocrx_word' id='word_1_544' title='bbox 1052 3990 1184 4047; x_wconf 88' lang='lat' dir='ltr'><strong>Cum</strong></span> <span class='ocrx_word' id='word_1_545' title='bbox 1229 3994 1372 4047; x_wconf 89' lang='lat' dir='ltr'><strong>enim</strong></span> <span class='ocrx_word' id='word_1_546' title='bbox 1417 3991 1471 4046; x_wconf 91' lang='lat' dir='ltr'><strong>in</strong></span> <span class='ocrx_word' id='word_1_547' title='bbox 1509 3989 1715 4047; x_wconf 80' lang='lat' dir='ltr'><strong>eisdem</strong></span> <span class='ocrx_word' id='word_1_548' title='bbox 1760 3993 1962 4048; x_wconf 89' lang='lat' dir='ltr'><strong>mentio</strong></span> <span class='ocrx_word' id='word_1_549' title='bbox 1993 4005 2102 4047; x_wconf 91' lang='lat' dir='ltr'><strong>tum</strong></span> 
     </span>
    </p>
   </div>
   <div class='ocr_carea' id='block_1_69' title="bbox 519 4083 2100 4160">
    <p class='ocr_par' dir='ltr' id='par_1_69' title="bbox 519 4083 2100 4160">
     <span class='ocr_line' id='line_1_69' title="bbox 519 4083 2100 4160; baseline 0.003 -22"><span class='ocrx_word' id='word_1_550' title='bbox 519 4083 868 4139; x_wconf 64' lang='lat' dir='ltr'><strong>ecclesiastici</strong></span> <span class='ocrx_word' id='word_1_551' title='bbox 920 4095 1142 4150; x_wconf 81' lang='lat' dir='ltr'><strong>cantus,</strong></span> <span class='ocrx_word' id='word_1_552' title='bbox 1200 4103 1323 4140; x_wconf 90' lang='lat' dir='ltr'><strong>cum</strong></span> <span class='ocrx_word' id='word_1_553' title='bbox 1363 4087 1724 4157; x_wconf 88' lang='lat' dir='ltr'><strong>psalmorum,</strong></span> <span class='ocrx_word' id='word_1_554' title='bbox 1779 4087 2100 4160; x_wconf 89' lang='lat' dir='ltr'><strong>hymnorum</strong></span> 
     </span>
    </p>
   </div>
   <div class='ocr_carea' id='block_1_70' title="bbox 517 4175 2100 4248">
    <p class='ocr_par' dir='ltr' id='par_1_70' title="bbox 517 4175 2100 4248">
     <span class='ocr_line' id='line_1_70' title="bbox 517 4175 2100 4248; baseline 0.004 -19"><span class='ocrx_word' id='word_1_555' title='bbox 517 4175 572 4229; x_wconf 83' lang='lat' dir='ltr'><strong>et</strong></span> <span class='ocrx_word' id='word_1_556' title='bbox 612 4175 942 4245; x_wconf 74' lang='lat' dir='ltr'><strong>vigiliarum,</strong></span> <span class='ocrx_word' id='word_1_557' title='bbox 968 4192 1128 4248; x_wconf 87' lang='lat' dir='ltr'><strong>quam</strong></span> <span class='ocrx_word' id='word_1_558' title='bbox 1173 4177 1508 4247; x_wconf 66' lang='lat' dir='ltr'><strong>dist&#39;ipijilalll</strong></span> <span class='ocrx_word' id='word_1_559' title='bbox 1555 4178 1833 4235; x_wconf 78' lang='lat' dir='ltr'><strong>Mediolani</strong></span> <span class='ocrx_word' id='word_1_560' title='bbox 1877 4180 1934 4236; x_wconf 85' lang='lat' dir='ltr'><strong>S.</strong></span> <span class='ocrx_word' id='word_1_561' title='bbox 1968 4183 2100 4235; x_wconf 79' lang='lat' dir='ltr'><strong>Aln-</strong></span> 
     </span>
    </p>
   </div>
   <div class='ocr_carea' id='block_1_71' title="bbox 519 4269 2102 4343">
    <p class='ocr_par' dir='ltr' id='par_1_71' title="bbox 519 4269 2102 4343">
     <span class='ocr_line' id='line_1_71' title="bbox 519 4269 2102 4343; baseline 0.007 -22"><span class='ocrx_word' id='word_1_562' title='bbox 519 4269 727 4324; x_wconf 85' lang='lat' dir='ltr'><strong>brnsius</strong></span> <span class='ocrx_word' id='word_1_563' title='bbox 756 4283 899 4325; x_wconf 80' lang='lat' dir='ltr'><strong>anno</strong></span> <span class='ocrx_word' id='word_1_564' title='bbox 926 4271 1032 4328; x_wconf 72' lang='lat'><strong>38-5</strong></span> <span class='ocrx_word' id='word_1_565' title='bbox 1066 4271 1281 4328; x_wconf 86' lang='lat' dir='ltr'><strong>circiter</strong></span> <span class='ocrx_word' id='word_1_566' title='bbox 1310 4273 1642 4343; x_wconf 88' lang='lat' dir='ltr'><strong>instituerat,</strong></span> <span class='ocrx_word' id='word_1_567' title='bbox 1675 4289 1775 4330; x_wconf 88' lang='lat' dir='ltr'><strong>nec</strong></span> <span class='ocrx_word' id='word_1_568' title='bbox 1804 4274 1969 4331; x_wconf 90' lang='lat' dir='ltr'><strong>semel</strong></span> <span class='ocrx_word' id='word_1_569' title='bbox 2002 4291 2102 4332; x_wconf 88' lang='lat' dir='ltr'><strong>nec</strong></span> 
     </span>
    </p>
   </div>
   <div class='ocr_carea' id='block_1_72' title="bbox 516 4359 2103 4436">
    <p class='ocr_par' dir='ltr' id='par_1_72' title="bbox 516 4359 2103 4436">
     <span class='ocr_line' id='line_1_72' title="bbox 516 4359 2103 4436; baseline 0.007 -23"><span class='ocrx_word' id='word_1_570' title='bbox 516 4359 742 4416; x_wconf 89' lang='lat' dir='ltr'><strong>obscure</strong></span> <span class='ocrx_word' id='word_1_571' title='bbox 787 4363 877 4416; x_wconf 86' lang='lat' dir='ltr'><strong>liat</strong></span> <span class='ocrx_word' id='word_1_572' title='bbox 917 4361 1040 4434; x_wconf 69' lang='lat' dir='ltr'><strong>(ti);</strong></span> <span class='ocrx_word' id='word_1_573' title='bbox 1078 4375 1205 4418; x_wconf 88' lang='lat' dir='ltr'><strong>ante</strong></span> <span class='ocrx_word' id='word_1_574' title='bbox 1254 4365 1382 4420; x_wconf 91' lang='lat' dir='ltr'><strong>illud</strong></span> <span class='ocrx_word' id='word_1_575' title='bbox 1429 4374 1639 4436; x_wconf 89' lang='lat' dir='ltr'><strong>tempus</strong></span> <span class='ocrx_word' id='word_1_576' title='bbox 1684 4367 1781 4422; x_wconf 89' lang='lat' dir='ltr'><strong>hos</strong></span> <span class='ocrx_word' id='word_1_577' title='bbox 1825 4382 2103 4424; x_wconf 90' lang='lat' dir='ltr'><strong>sermones</strong></span> 
     </span>
    </p>
   </div>
   <div class='ocr_carea' id='block_1_73' title="bbox 517 4453 2100 4530">
    <p class='ocr_par' dir='ltr' id='par_1_73' title="bbox 517 4453 2100 4530">
     <span class='ocr_line' id='line_1_73' title="bbox 517 4453 2100 4530; baseline 0.005 -22"><span class='ocrx_word' id='word_1_578' title='bbox 517 4455 745 4522; x_wconf 80' lang='lat' dir='ltr'><strong>scriptos</strong></span> <span class='ocrx_word' id='word_1_579' title='bbox 775 4453 957 4520; x_wconf 80' lang='lat' dir='ltr'><strong>fuisse,</strong></span> <span class='ocrx_word' id='word_1_580' title='bbox 985 4456 1274 4512; x_wconf 88' lang='lat' dir='ltr'><strong>dicendum</strong></span> <span class='ocrx_word' id='word_1_581' title='bbox 1299 4473 1402 4512; x_wconf 92' lang='lat' dir='ltr'><strong>uou</strong></span> <span class='ocrx_word' id='word_1_582' title='bbox 1429 4469 1532 4513; x_wconf 79' lang='lat' dir='ltr'><strong>est.</strong></span> <span class='ocrx_word' id='word_1_583' title='bbox 1563 4459 1630 4514; x_wconf 83' lang='lat' dir='ltr'><strong>Et</strong></span> <span class='ocrx_word' id='word_1_584' title='bbox 1657 4459 1774 4514; x_wconf 70' lang='lat' dir='ltr'><strong>haec</strong></span> <span class='ocrx_word' id='word_1_585' title='bbox 1795 4463 2100 4530; x_wconf 85' lang='lat' dir='ltr'><strong>conjectura</strong></span> 
     </span>
    </p>
   </div>
   <div class='ocr_carea' id='block_1_74' title="bbox 518 4543 2092 4621">
    <p class='ocr_par' dir='ltr' id='par_1_74' title="bbox 518 4543 2092 4621">
     <span class='ocr_line' id='line_1_74' title="bbox 518 4543 2092 4621; baseline 0.009 -26"><span class='ocrx_word' id='word_1_586' title='bbox 518 4543 641 4599; x_wconf 88' lang='lat' dir='ltr'><strong>inde</strong></span> <span class='ocrx_word' id='word_1_587' title='bbox 678 4543 920 4599; x_wconf 79' lang='lat' dir='ltr'><strong>fortassis</strong></span> <span class='ocrx_word' id='word_1_588' title='bbox 951 4548 1257 4602; x_wconf 85' lang='lat' dir='ltr'><strong>continuari</strong></span> <span class='ocrx_word' id='word_1_589' title='bbox 1295 4558 1500 4617; x_wconf 83' lang='lat' dir='ltr'><strong>potest,</strong></span> <span class='ocrx_word' id='word_1_590' title='bbox 1529 4551 1670 4621; x_wconf 89' lang='lat' dir='ltr'><strong>quod</strong></span> <span class='ocrx_word' id='word_1_591' title='bbox 1711 4551 1765 4607; x_wconf 90' lang='lat' dir='ltr'><strong>in</strong></span> <span class='ocrx_word' id='word_1_592' title='bbox 1799 4557 1958 4608; x_wconf 80' lang='lat' dir='ltr'><strong>tertio</strong></span> <span class='ocrx_word' id='word_1_593' title='bbox 1985 4570 2092 4609; x_wconf 81' lang='lat' dir='ltr'><strong>scr-</strong></span> 
     </span>
    </p>
   </div>
   <div class='ocr_carea' id='block_1_75' title="bbox 519 4623 2097 4713">
    <p class='ocr_par' dir='ltr' id='par_1_75' title="bbox 519 4623 2097 4713">
     <span class='ocr_line' id='line_1_75' title="bbox 519 4623 2097 4713; baseline 0.009 -27"><span class='ocrx_word' id='word_1_594' title='bbox 519 4651 677 4688; x_wconf 86' lang='lat' dir='ltr'><strong>mune</strong></span> <span class='ocrx_word' id='word_1_595' title='bbox 707 4623 869 4690; x_wconf 83' lang='lat' dir='ltr'><strong>nmlta</strong></span> <span class='ocrx_word' id='word_1_596' title='bbox 901 4635 1218 4704; x_wconf 87' lang='lat' dir='ltr'><strong>habeantur,</strong></span> <span class='ocrx_word' id='word_1_597' title='bbox 1247 4655 1367 4710; x_wconf 73' lang='lat' dir='ltr'><strong>qua:</strong></span> <span class='ocrx_word' id='word_1_598' title='bbox 1397 4651 1452 4695; x_wconf 84' lang='grc' dir='ltr'><strong>ιιι</strong></span> <span class='ocrx_word' id='word_1_599' title='bbox 1474 4641 1597 4696; x_wconf 84' lang='lat' dir='ltr'><strong>alibi</strong></span> <span class='ocrx_word' id='word_1_600' title='bbox 1631 4655 1956 4713; x_wconf 62' lang='lat' dir='ltr'><strong>pra-notasse</strong></span> <span class='ocrx_word' id='word_1_601' title='bbox 1986 4662 2097 4700; x_wconf 87' lang='lat' dir='ltr'><strong>nte-</strong></span> 
     </span>
    </p>
   </div>
   <div class='ocr_carea' id='block_1_76' title="bbox 519 4727 2095 4808">
    <p class='ocr_par' dir='ltr' id='par_1_76' title="bbox 519 4727 2095 4808">
     <span class='ocr_line' id='line_1_76' title="bbox 519 4727 2095 4808; baseline 0.01 -31"><span class='ocrx_word' id='word_1_602' title='bbox 519 4727 681 4792; x_wconf 81' lang='lat' dir='ltr'><strong>mini,</strong></span> <span class='ocrx_word' id='word_1_603' title='bbox 715 4727 1042 4784; x_wconf 71' lang='lat' dir='ltr'><strong>difﬁcillimis</strong></span> <span class='ocrx_word' id='word_1_604' title='bbox 1081 4730 1304 4787; x_wconf 74' lang='lat' dir='ltr'><strong>Justinte</strong></span> <span class='ocrx_word' id='word_1_605' title='bbox 1342 4737 1728 4802; x_wconf 80' lang='lat' dir='ltr'><strong>persecutionis</strong></span> <span class='ocrx_word' id='word_1_606' title='bbox 1766 4739 2095 4808; x_wconf 83' lang='lat' dir='ltr'><strong>temporibus</strong></span> 
     </span>
    </p>
   </div>
   <div class='ocr_carea' id='block_1_77' title="bbox 517 4819 2096 4900">
    <p class='ocr_par' dir='ltr' id='par_1_77' title="bbox 517 4819 2096 4900">
     <span class='ocr_line' id='line_1_77' title="bbox 517 4819 2096 4900; baseline 0.009 -28"><span class='ocrx_word' id='word_1_607' title='bbox 517 4819 754 4888; x_wconf 65' lang='lat' dir='ltr'><strong>appriue</strong></span> <span class='ocrx_word' id='word_1_608' title='bbox 783 4824 1068 4878; x_wconf 83' lang='lat' dir='ltr'><strong>convenire</strong></span> <span class='ocrx_word' id='word_1_609' title='bbox 1113 4825 1393 4900; x_wconf 83' lang='lat' dir='ltr'><strong>videntur;</strong></span> <span class='ocrx_word' id='word_1_610' title='bbox 1435 4843 1557 4897; x_wconf 68' lang='lat' dir='ltr'><strong>quae</strong></span> <span class='ocrx_word' id='word_1_611' title='bbox 1602 4831 1817 4900; x_wconf 88' lang='lat' dir='ltr'><strong>quidem</strong></span> <span class='ocrx_word' id='word_1_612' title='bbox 1868 4831 2096 4886; x_wconf 77' lang='lat' dir='ltr'><strong>Ariano-</strong></span> 
     </span>
    </p>
   </div>
   <div class='ocr_carea' id='block_1_78' title="bbox 522 4911 2092 4988">
    <p class='ocr_par' dir='ltr' id='par_1_78' title="bbox 522 4911 2092 4988">
     <span class='ocr_line' id='line_1_78' title="bbox 522 4911 2092 4988; baseline 0.01 -27"><span class='ocrx_word' id='word_1_613' title='bbox 522 4926 630 4962; x_wconf 82' lang='grc' dir='ltr'>-ιιιιι</span> <span class='ocrx_word' id='word_1_614' title='bbox 683 4911 938 4980; x_wconf 88' lang='lat' dir='ltr'><strong>impunita</strong></span> <span class='ocrx_word' id='word_1_615' title='bbox 987 4916 1199 4970; x_wconf 75' lang='lat' dir='ltr'><strong>vexatio</strong></span> <span class='ocrx_word' id='word_1_616' title='bbox 1245 4931 1682 4988; x_wconf 75' lang='lat' dir='ltr'><strong>compressaest</strong></span> <span class='ocrx_word' id='word_1_617' title='bbox 1727 4933 1854 4977; x_wconf 89' lang='lat' dir='ltr'><strong>ante</strong></span> <span class='ocrx_word' id='word_1_618' title='bbox 1892 4938 2092 4977; x_wconf 90' lang='lat' dir='ltr'><strong>annum</strong></span> 
     </span>
    </p>
   </div>
   <div class='ocr_carea' id='block_1_79' title="bbox 514 4994 2090 5079">
    <p class='ocr_par' dir='ltr' id='par_1_79' title="bbox 514 4994 2090 5079">
     <span class='ocr_line' id='line_1_79' title="bbox 514 4994 2090 5079; baseline 0.006 -23"><span class='ocrx_word' id='word_1_619' title='bbox 514 5002 618 5057; x_wconf 76' lang='lat'><strong>589</strong></span> <span class='ocrx_word' id='word_1_620' title='bbox 645 5019 752 5073; x_wconf 91' lang='lat' dir='ltr'><strong>quo</strong></span> <span class='ocrx_word' id='word_1_621' title='bbox 787 5002 1183 5062; x_wconf 76' lang='lat' dir='ltr'><strong>Valentinianus</strong></span> <span class='ocrx_word' id='word_1_622' title='bbox 1226 5009 1414 5064; x_wconf 72' lang='lat' dir='ltr'><strong>iunior</strong></span> <span class='ocrx_word' id='word_1_623' title='bbox 1450 5027 1554 5066; x_wconf 91' lang='lat' dir='ltr'><strong>una</strong></span> <span class='ocrx_word' id='word_1_624' title='bbox 1588 4994 1708 5066; x_wconf 82' lang='lat' dir='ltr'><strong>cum</strong></span> <span class='ocrx_word' id='word_1_625' title='bbox 1749 5013 2090 5079; x_wconf 73' lang='lat' dir='ltr'><strong>Theodosio,</strong></span> 
     </span>
    </p>
   </div>
   <div class='ocr_carea' id='block_1_80' title="bbox 514 5099 2093 5180">
    <p class='ocr_par' dir='ltr' id='par_1_80' title="bbox 514 5099 2093 5180">
     <span class='ocr_line' id='line_1_80' title="bbox 514 5099 2093 5180; baseline 0.008 -29"><span class='ocrx_word' id='word_1_626' title='bbox 514 5100 780 5180; x_wconf 65' lang='lat' dir='ltr'><strong>exstincto</strong></span> <span class='ocrx_word' id='word_1_627' title='bbox 806 5099 1033 5156; x_wconf 75' lang='lat' dir='ltr'><strong>Maximo</strong></span> <span class='ocrx_word' id='word_1_628' title='bbox 1056 5111 1301 5173; x_wconf 82' lang='lat' dir='ltr'><strong>tyranno,</strong></span> <span class='ocrx_word' id='word_1_629' title='bbox 1333 5105 1690 5160; x_wconf 84' lang='lat' dir='ltr'><strong>Mediolanum</strong></span> <span class='ocrx_word' id='word_1_630' title='bbox 1718 5121 1964 5162; x_wconf 77' lang='lat' dir='ltr'><strong>reversus</strong></span> <span class='ocrx_word' id='word_1_631' title='bbox 1986 5117 2093 5164; x_wconf 87' lang='lat' dir='ltr'><strong>est.</strong></span> 
     </span>
    </p>
   </div>
   <div class='ocr_carea' id='block_1_81' title="bbox 515 5190 2088 5256">
    <p class='ocr_par' dir='ltr' id='par_1_81' title="bbox 515 5190 2088 5256">
     <span class='ocr_line' id='line_1_81' title="bbox 515 5190 2088 5256; baseline 0.006 -14"><span class='ocrx_word' id='word_1_632' title='bbox 515 5190 665 5256; x_wconf 72' lang='lat' dir='ltr'><strong>Quod</strong></span> <span class='ocrx_word' id='word_1_633' title='bbox 703 5202 879 5245; x_wconf 87' lang='lat' dir='ltr'><strong>autem</strong></span> <span class='ocrx_word' id='word_1_634' title='bbox 922 5193 974 5247; x_wconf 87' lang='lat' dir='ltr'><strong>hi</strong></span> <span class='ocrx_word' id='word_1_635' title='bbox 1017 5203 1126 5249; x_wconf 85' lang='lat' dir='ltr'><strong>tres</strong></span> <span class='ocrx_word' id='word_1_636' title='bbox 1175 5201 1453 5250; x_wconf 79' lang='lat' dir='ltr'><strong>sermones</strong></span> <span class='ocrx_word' id='word_1_637' title='bbox 1499 5197 1686 5251; x_wconf 87' lang='lat' dir='ltr'><strong>eodem</strong></span> <span class='ocrx_word' id='word_1_638' title='bbox 1730 5214 1872 5252; x_wconf 89' lang='lat' dir='ltr'><strong>anno</strong></span> <span class='ocrx_word' id='word_1_639' title='bbox 1916 5193 2088 5253; x_wconf 70' lang='lat' dir='ltr'><strong>&#39;Iiabiti</strong></span> 
     </span>
    </p>
   </div>
   <div class='ocr_carea' id='block_1_82' title="bbox 514 5281 2091 5362">
    <p class='ocr_par' dir='ltr' id='par_1_82' title="bbox 514 5281 2091 5362">
     <span class='ocr_line' id='line_1_82' title="bbox 514 5281 2091 5362; baseline 0.009 -32"><span class='ocrx_word' id='word_1_640' title='bbox 514 5281 653 5344; x_wconf 80' lang='lat' dir='ltr'><strong>sint,</strong></span> <span class='ocrx_word' id='word_1_641' title='bbox 693 5299 757 5334; x_wconf 72' lang='lat' dir='ltr'><strong>et</strong></span> <span class='ocrx_word' id='word_1_642' title='bbox 800 5298 984 5338; x_wconf 90' lang='lat' dir='ltr'><strong>corum</strong></span> <span class='ocrx_word' id='word_1_643' title='bbox 1038 5301 1174 5342; x_wconf 66' lang='lat' dir='ltr'><strong>netu</strong></span> <span class='ocrx_word' id='word_1_644' title='bbox 1225 5288 1668 5362; x_wconf 66' lang='lat' dir='ltr'><strong>colligatioueque</strong></span> <span class='ocrx_word' id='word_1_645' title='bbox 1719 5299 1883 5357; x_wconf 87' lang='lat' dir='ltr'><strong>patet.</strong></span> <span class='ocrx_word' id='word_1_646' title='bbox 1917 5291 2091 5355; x_wconf 86' lang='lat' dir='ltr'><strong>Quoto</strong></span> 
     </span>
    </p>
   </div>
   <div class='ocr_carea' id='block_1_83' title="bbox 515 5376 2091 5452">
    <p class='ocr_par' dir='ltr' id='par_1_83' title="bbox 515 5376 2091 5452">
     <span class='ocr_line' id='line_1_83' title="bbox 515 5376 2091 5452; baseline 0.011 -32"><span class='ocrx_word' id='word_1_647' title='bbox 515 5382 640 5423; x_wconf 78' lang='lat' dir='ltr'><strong>vero</strong></span> <span class='ocrx_word' id='word_1_648' title='bbox 669 5385 791 5424; x_wconf 85' lang='lat' dir='ltr'><strong>aunt</strong></span> <span class='ocrx_word' id='word_1_649' title='bbox 825 5377 1052 5444; x_wconf 87' lang='lat' dir='ltr'><strong>tempori</strong></span> <span class='ocrx_word' id='word_1_650' title='bbox 1092 5376 1248 5431; x_wconf 84' lang='lat' dir='ltr'><strong>iidem</strong></span> <span class='ocrx_word' id='word_1_651' title='bbox 1293 5379 1366 5431; x_wconf 89' lang='lat' dir='ltr'><strong>illi</strong></span> <span class='ocrx_word' id='word_1_652' title='bbox 1408 5380 1713 5448; x_wconf 84' lang='lat' dir='ltr'><strong>assignandi</strong></span> <span class='ocrx_word' id='word_1_653' title='bbox 1745 5397 1770 5435; x_wconf 92' lang='lat' dir='ltr'><strong>s</strong></span> <span class='ocrx_word' id='word_1_654' title='bbox 1794 5381 1882 5452; x_wconf 89' lang='lat' dir='ltr'><strong>nt,</strong></span> <span class='ocrx_word' id='word_1_655' title='bbox 1924 5394 2091 5438; x_wconf 88' lang='lat' dir='ltr'><strong>muto</strong></span> 
     </span>
    </p>
   </div>
   <div class='ocr_carea' id='block_1_84' title="bbox 514 5463 2086 5548">
    <p class='ocr_par' dir='ltr' id='par_1_84' title="bbox 514 5463 2086 5548">
     <span class='ocr_line' id='line_1_84' title="bbox 514 5463 2086 5548; baseline 0.013 -34"><span class='ocrx_word' id='word_1_656' title='bbox 514 5463 736 5518; x_wconf 89' lang='lat' dir='ltr'><strong>minoris</strong></span> <span class='ocrx_word' id='word_1_657' title='bbox 767 5465 1091 5524; x_wconf 70' lang='lat' dir='ltr'><strong>difficultatis</strong></span> <span class='ocrx_word' id='word_1_658' title='bbox 1130 5485 1215 5525; x_wconf 89' lang='lat' dir='ltr'><strong>res</strong></span> <span class='ocrx_word' id='word_1_659' title='bbox 1252 5481 1357 5526; x_wconf 85' lang='lat' dir='ltr'><strong>est.</strong></span> <span class='ocrx_word' id='word_1_660' title='bbox 1412 5471 1648 5527; x_wconf 85' lang='lat' dir='ltr'><strong>Dubitari</strong></span> <span class='ocrx_word' id='word_1_661' title='bbox 1676 5474 1818 5528; x_wconf 85' lang='lat' dir='ltr'><strong>enim</strong></span> <span class='ocrx_word' id='word_1_662' title='bbox 1859 5491 1888 5530; x_wconf 82' lang='grc' dir='ltr'><strong>ν</strong></span> <span class='ocrx_word' id='word_1_663' title='bbox 1913 5491 1942 5530; x_wconf 80' lang='lat' dir='ltr'><strong>x</strong></span> <span class='ocrx_word' id='word_1_664' title='bbox 1992 5493 2086 5548; x_wconf 85' lang='lat' dir='ltr'><strong>po-</strong></span> 
     </span>
    </p>
   </div>
   <div class='ocr_carea' id='block_1_85' title="bbox 558 5625 1602 5702">
    <p class='ocr_par' dir='ltr' id='par_1_85' title="bbox 558 5625 1602 5702">
     <span class='ocr_line' id='line_1_85' title="bbox 558 5625 1602 5702; baseline 0.006 -24"><span class='ocrx_word' id='word_1_665' title='bbox 558 5653 561 5655; x_wconf 95' lang='lat'><em>-</em></span> <span class='ocrx_word' id='word_1_666' title='bbox 587 5625 660 5697; x_wconf 73' lang='grc' dir='ltr'><strong>(τι)</strong></span> <span class='ocrx_word' id='word_1_667' title='bbox 685 5627 910 5702; x_wconf 53' lang='lat' dir='ltr'><strong>Set-tn.)</strong></span> <span class='ocrx_word' id='word_1_668' title='bbox 931 5669 947 5702; x_wconf 85' lang='grc'><strong>.</strong></span> <span class='ocrx_word' id='word_1_669' title='bbox 971 5629 998 5700; x_wconf 77' lang='lat'><strong>§</strong></span> <span class='ocrx_word' id='word_1_670' title='bbox 1021 5628 1072 5694; x_wconf 85' lang='lat'><strong>5,</strong></span> <span class='ocrx_word' id='word_1_671' title='bbox 1097 5639 1152 5685; x_wconf 88' lang='lat' dir='ltr'><strong>et</strong></span> <span class='ocrx_word' id='word_1_672' title='bbox 1178 5629 1354 5685; x_wconf 90' lang='lat' dir='ltr'><strong>Serm.</strong></span> <span class='ocrx_word' id='word_1_673' title='bbox 1380 5633 1435 5698; x_wconf 75' lang='lat'><strong>5,</strong></span> <span class='ocrx_word' id='word_1_674' title='bbox 1461 5631 1489 5702; x_wconf 85' lang='lat'>§</span> <span class='ocrx_word' id='word_1_675' title='bbox 1516 5633 1572 5688; x_wconf 88' lang='lat' dir='ltr'><strong>ll</strong></span> <span class='ocrx_word' id='word_1_676' title='bbox 1587 5671 1602 5684; x_wconf 92' lang='lat'><strong>.</strong></span> 
     </span>
    </p>
   </div>
   <div class='ocr_carea' id='block_1_86' title="bbox 589 5698 970 5770">
    <p class='ocr_par' dir='ltr' id='par_1_86' title="bbox 589 5698 970 5770">
     <span class='ocr_line' id='line_1_86' title="bbox 589 5698 970 5770; baseline 0.005 -21"><span class='ocrx_word' id='word_1_677' title='bbox 589 5703 660 5766; x_wconf 77' lang='grc' dir='ltr'><strong>(ὸ)</strong></span> <span class='ocrx_word' id='word_1_678' title='bbox 695 5699 823 5770; x_wconf 76' lang='lat' dir='ltr'><strong>lltid.</strong></span> <span class='ocrx_word' id='word_1_679' title='bbox 861 5698 970 5770; x_wconf 21' lang='grc' dir='ltr'>ςίι.</span> 
     </span>
    </p>
   </div>
   <div class='ocr_carea' id='block_1_87' title="bbox 583 5768 1377 5839">
    <p class='ocr_par' dir='ltr' id='par_1_87' title="bbox 583 5768 1377 5839">
     <span class='ocr_line' id='line_1_87' title="bbox 583 5768 1377 5839; baseline 0.01 -19"><span class='ocrx_word' id='word_1_680' title='bbox 583 5778 654 5836; x_wconf 79' lang='lat' dir='ltr'><strong>(c)</strong></span> <span class='ocrx_word' id='word_1_681' title='bbox 687 5768 941 5831; x_wconf 65' lang='lat' dir='ltr'><strong>Serm,</strong></span> <span class='ocrx_word' id='word_1_682' title='bbox 967 5768 1026 5839; x_wconf 57' lang='grc' dir='ltr'><strong>δέ</strong></span> <span class='ocrx_word' id='word_1_683' title='bbox 1067 5770 1130 5832; x_wconf 71' lang='grc'>4.</span> <span class='ocrx_word' id='word_1_684' title='bbox 1162 5770 1193 5822; x_wconf 85' lang='lat'><strong>6</strong></span> <span class='ocrx_word' id='word_1_685' title='bbox 1215 5781 1265 5824; x_wconf 87' lang='lat' dir='ltr'><strong>et</strong></span> <span class='ocrx_word' id='word_1_686' title='bbox 1297 5773 1377 5828; x_wconf 84' lang='grc' dir='ltr'><strong>ιο.</strong></span> 
     </span>
    </p>
   </div>
   <div class='ocr_carea' id='block_1_88' title="bbox 585 5838 1248 5911">
    <p class='ocr_par' dir='ltr' id='par_1_88' title="bbox 585 5838 1248 5911">
     <span class='ocr_line' id='line_1_88' title="bbox 585 5838 1248 5911; baseline 0.011 -21"><span class='ocrx_word' id='word_1_687' title='bbox 585 5841 664 5911; x_wconf 75' lang='grc' dir='ltr'><strong>(α)</strong></span> <span class='ocrx_word' id='word_1_688' title='bbox 702 5840 831 5894; x_wconf 85' lang='lat' dir='ltr'><strong>Ibid.</strong></span> <span class='ocrx_word' id='word_1_689' title='bbox 859 5838 924 5910; x_wconf 55' lang='grc' dir='ltr'>ἐς</span> <span class='ocrx_word' id='word_1_690' title='bbox 952 5838 1060 5905; x_wconf 55' lang='lat'><strong>3,1</strong></span> <span class='ocrx_word' id='word_1_691' title='bbox 1084 5852 1136 5896; x_wconf 87' lang='lat' dir='ltr'><strong>et</strong></span> <span class='ocrx_word' id='word_1_692' title='bbox 1162 5843 1248 5896; x_wconf 86' lang='lat' dir='ltr'><strong>to.</strong></span> 
     </span>
    </p>
   </div>
   <div class='ocr_carea' id='block_1_89' title="bbox 2207 3339 3800 3413">
    <p class='ocr_par' dir='ltr' id='par_1_89' title="bbox 2207 3339 3800 3413">
     <span class='ocr_line' id='line_1_89' title="bbox 2207 3339 3800 3413; baseline 0.003 -20"><span class='ocrx_word' id='word_1_693' title='bbox 2207 3349 2465 3408; x_wconf 89' lang='lat' dir='ltr'><strong>temptum</strong></span> <span class='ocrx_word' id='word_1_694' title='bbox 2522 3339 2788 3409; x_wconf 67' lang='lat' dir='ltr'><strong>praecipue</strong></span> <span class='ocrx_word' id='word_1_695' title='bbox 2833 3339 3176 3395; x_wconf 85' lang='lat' dir='ltr'><strong>adhortatum</strong></span> <span class='ocrx_word' id='word_1_696' title='bbox 3223 3339 3388 3395; x_wconf 78' lang='lat' dir='ltr'><strong>fuisse</strong></span> <span class='ocrx_word' id='word_1_697' title='bbox 3431 3356 3446 3395; x_wconf 91' lang='lat'><strong>:</strong></span> <span class='ocrx_word' id='word_1_698' title='bbox 3493 3340 3588 3395; x_wconf 88' lang='lat' dir='ltr'><strong>sed</strong></span> <span class='ocrx_word' id='word_1_699' title='bbox 3638 3355 3800 3413; x_wconf 76' lang='lat' dir='ltr'><strong>teque</strong></span> 
     </span>
    </p>
   </div>
   <div class='ocr_carea' id='block_1_90' title="bbox 2205 3431 3797 3502">
    <p class='ocr_par' dir='ltr' id='par_1_90' title="bbox 2205 3431 3797 3502">
     <span class='ocr_line' id='line_1_90' title="bbox 2205 3431 3797 3502; baseline 0.002 -17"><span class='ocrx_word' id='word_1_700' title='bbox 2205 3433 2339 3496; x_wconf 88' lang='lat' dir='ltr'><strong>scio,</strong></span> <span class='ocrx_word' id='word_1_701' title='bbox 2371 3431 2493 3486; x_wconf 90' lang='lat' dir='ltr'><strong>illos</strong></span> <span class='ocrx_word' id='word_1_702' title='bbox 2524 3445 2643 3502; x_wconf 91' lang='lat' dir='ltr'><strong>post</strong></span> <span class='ocrx_word' id='word_1_703' title='bbox 2667 3442 2973 3500; x_wconf 77' lang='lat' dir='ltr'><strong>susceptum</strong></span> <span class='ocrx_word' id='word_1_704' title='bbox 3015 3434 3279 3502; x_wconf 86' lang='lat' dir='ltr'><strong>baptisma</strong></span> <span class='ocrx_word' id='word_1_705' title='bbox 3309 3432 3363 3488; x_wconf 91' lang='lat' dir='ltr'><strong>in</strong></span> <span class='ocrx_word' id='word_1_706' title='bbox 3396 3432 3582 3488; x_wconf 86' lang='lat' dir='ltr'><strong>iisdem</strong></span> <span class='ocrx_word' id='word_1_707' title='bbox 3615 3450 3797 3490; x_wconf 81' lang='lat' dir='ltr'><strong>mora-</strong></span> 
     </span>
    </p>
   </div>
   <div class='ocr_carea' id='block_1_91' title="bbox 2206 3525 3800 3596">
    <p class='ocr_par' dir='ltr' id='par_1_91' title="bbox 2206 3525 3800 3596">
     <span class='ocr_line' id='line_1_91' title="bbox 2206 3525 3800 3596; baseline -0.001 -16"><span class='ocrx_word' id='word_1_708' title='bbox 2206 3525 2349 3581; x_wconf 90' lang='lat' dir='ltr'><strong>libus</strong></span> <span class='ocrx_word' id='word_1_709' title='bbox 2372 3527 2673 3596; x_wconf 64' lang='lat' dir='ltr'><strong>praccptis,</strong></span> <span class='ocrx_word' id='word_1_710' title='bbox 2691 3542 2810 3596; x_wconf 71' lang='lat' dir='ltr'><strong>qua:</strong></span> <span class='ocrx_word' id='word_1_711' title='bbox 2827 3541 2884 3581; x_wconf 89' lang='lat' dir='ltr'><strong>se</strong></span> <span class='ocrx_word' id='word_1_712' title='bbox 2904 3527 3128 3582; x_wconf 84' lang='lat' dir='ltr'><strong>docente</strong></span> <span class='ocrx_word' id='word_1_713' title='bbox 3155 3529 3262 3596; x_wconf 83' lang='lat' dir='ltr'><strong>jam</strong></span> <span class='ocrx_word' id='word_1_714' title='bbox 3293 3525 3614 3592; x_wconf 86' lang='lat' dir='ltr'><strong>didicerant,</strong></span> <span class='ocrx_word' id='word_1_715' title='bbox 3639 3528 3800 3582; x_wconf 71' lang='lat' dir='ltr'><strong>novis</strong></span> 
     </span>
    </p>
   </div>
   <div class='ocr_carea' id='block_1_92' title="bbox 2205 3617 3800 3690">
    <p class='ocr_par' dir='ltr' id='par_1_92' title="bbox 2205 3617 3800 3690">
     <span class='ocr_line' id='line_1_92' title="bbox 2205 3617 3800 3690; baseline 0.001 -18"><span class='ocrx_word' id='word_1_716' title='bbox 2205 3617 2554 3672; x_wconf 87' lang='lat' dir='ltr'><strong>coneionibus</strong></span> <span class='ocrx_word' id='word_1_717' title='bbox 2591 3617 2964 3673; x_wconf 75' lang='lat' dir='ltr'><strong>conﬁrmasse.</strong></span> <span class='ocrx_word' id='word_1_718' title='bbox 3016 3618 3264 3674; x_wconf 82' lang='lat' dir='ltr'><strong>Profecto</strong></span> <span class='ocrx_word' id='word_1_719' title='bbox 3302 3633 3610 3686; x_wconf 81' lang='lat' dir='ltr'><strong>sermones,</strong></span> <span class='ocrx_word' id='word_1_720' title='bbox 3669 3621 3800 3690; x_wconf 87' lang='lat' dir='ltr'><strong>qui-</strong></span> 
     </span>
    </p>
   </div>
   <div class='ocr_carea' id='block_1_93' title="bbox 2205 3709 3798 3780">
    <p class='ocr_par' dir='ltr' id='par_1_93' title="bbox 2205 3709 3798 3780">
     <span class='ocr_line' id='line_1_93' title="bbox 2205 3709 3798 3780; baseline 0.002 -17"><span class='ocrx_word' id='word_1_721' title='bbox 2205 3711 2307 3764; x_wconf 83' lang='lat' dir='ltr'><strong>hus</strong></span> <span class='ocrx_word' id='word_1_722' title='bbox 2351 3719 2601 3765; x_wconf 81' lang='lat' dir='ltr'><strong>constant</strong></span> <span class='ocrx_word' id='word_1_723' title='bbox 2641 3710 2756 3764; x_wconf 89' lang='lat' dir='ltr'><strong>libri</strong></span> <span class='ocrx_word' id='word_1_724' title='bbox 2799 3711 2862 3764; x_wconf 78' lang='lat' dir='ltr'><strong>de</strong></span> <span class='ocrx_word' id='word_1_725' title='bbox 2903 3711 3052 3780; x_wconf 78' lang='lat' dir='ltr'><strong>Fuga</strong></span> <span class='ocrx_word' id='word_1_726' title='bbox 3097 3712 3306 3770; x_wconf 75' lang='lat' dir='ltr'><strong>sa&#39;culi,</strong></span> <span class='ocrx_word' id='word_1_727' title='bbox 3347 3719 3402 3766; x_wconf 87' lang='lat' dir='ltr'><strong>et</strong></span> <span class='ocrx_word' id='word_1_728' title='bbox 3438 3712 3505 3766; x_wconf 80' lang='lat' dir='ltr'><strong>de</strong></span> <span class='ocrx_word' id='word_1_729' title='bbox 3537 3709 3707 3765; x_wconf 73' lang='lat' dir='ltr'><strong>Iacob</strong></span> <span class='ocrx_word' id='word_1_730' title='bbox 3752 3721 3798 3766; x_wconf 78' lang='lat' dir='ltr'><strong>rt</strong></span> 
     </span>
    </p>
   </div>
   <div class='ocr_carea' id='block_1_94' title="bbox 2213 3801 3798 3873">
    <p class='ocr_par' dir='ltr' id='par_1_94' title="bbox 2213 3801 3798 3873">
     <span class='ocr_line' id='line_1_94' title="bbox 2213 3801 3798 3873; baseline 0.003 -17"><span class='ocrx_word' id='word_1_731' title='bbox 2213 3801 2333 3857; x_wconf 83' lang='lat' dir='ltr'><strong>Vita</strong></span> <span class='ocrx_word' id='word_1_732' title='bbox 2381 3802 2560 3868; x_wconf 59' lang='lat' dir='ltr'><strong>bram,</strong></span> <span class='ocrx_word' id='word_1_733' title='bbox 2588 3801 2676 3857; x_wconf 85' lang='lat' dir='ltr'><strong>tibi</strong></span> <span class='ocrx_word' id='word_1_734' title='bbox 2721 3803 3055 3873; x_wconf 87' lang='lat' dir='ltr'><strong>potissimum</strong></span> <span class='ocrx_word' id='word_1_735' title='bbox 3097 3803 3165 3859; x_wconf 91' lang='lat' dir='ltr'><strong>de</strong></span> <span class='ocrx_word' id='word_1_736' title='bbox 3204 3805 3361 3873; x_wconf 86' lang='lat' dir='ltr'><strong>hujus</strong></span> <span class='ocrx_word' id='word_1_737' title='bbox 3397 3803 3580 3859; x_wconf 89' lang='lat' dir='ltr'><strong>mundi</strong></span> <span class='ocrx_word' id='word_1_738' title='bbox 3626 3804 3798 3860; x_wconf 84' lang='lat' dir='ltr'><strong>rebus</strong></span> 
     </span>
    </p>
   </div>
   <div class='ocr_carea' id='block_1_95' title="bbox 2205 3895 3800 3967">
    <p class='ocr_par' dir='ltr' id='par_1_95' title="bbox 2205 3895 3800 3967">
     <span class='ocr_line' id='line_1_95' title="bbox 2205 3895 3800 3967; baseline 0.001 -16"><span class='ocrx_word' id='word_1_739' title='bbox 2205 3897 2515 3954; x_wconf 84' lang='lat' dir='ltr'><strong>abdicandis</strong></span> <span class='ocrx_word' id='word_1_740' title='bbox 2553 3897 2746 3967; x_wconf 80' lang='lat' dir='ltr'><strong>agitur,</strong></span> <span class='ocrx_word' id='word_1_741' title='bbox 2779 3898 2843 3950; x_wconf 87' lang='lat' dir='ltr'><strong>ad</strong></span> <span class='ocrx_word' id='word_1_742' title='bbox 2885 3911 3077 3952; x_wconf 87' lang='lat' dir='ltr'><strong>recens</strong></span> <span class='ocrx_word' id='word_1_743' title='bbox 3121 3896 3415 3966; x_wconf 81' lang='lat' dir='ltr'><strong>baptizatos</strong></span> <span class='ocrx_word' id='word_1_744' title='bbox 3437 3895 3624 3952; x_wconf 86' lang='lat' dir='ltr'><strong>habuit</strong></span> <span class='ocrx_word' id='word_1_745' title='bbox 3658 3899 3800 3954; x_wconf 74' lang='lat' dir='ltr'><strong>Am-</strong></span> 
     </span>
    </p>
   </div>
   <div class='ocr_carea' id='block_1_96' title="bbox 2206 3987 3680 4059">
    <p class='ocr_par' dir='ltr' id='par_1_96' title="bbox 2206 3987 3680 4059">
     <span class='ocr_line' id='line_1_96' title="bbox 2206 3987 3680 4059; baseline 0 -16"><span class='ocrx_word' id='word_1_746' title='bbox 2206 3990 2435 4058; x_wconf 88' lang='lat' dir='ltr'><strong>brosius,</strong></span> <span class='ocrx_word' id='word_1_747' title='bbox 2465 3999 2520 4044; x_wconf 92' lang='lat' dir='ltr'><strong>ut</strong></span> <span class='ocrx_word' id='word_1_748' title='bbox 2549 3990 2683 4044; x_wconf 83' lang='lat' dir='ltr'><strong>scite</strong></span> <span class='ocrx_word' id='word_1_749' title='bbox 2703 3987 2896 4054; x_wconf 79' lang='lat' dir='ltr'><strong>eruditi</strong></span> <span class='ocrx_word' id='word_1_750' title='bbox 2923 3987 3145 4043; x_wconf 79' lang='lat' dir='ltr'><strong>Mauriui</strong></span> <span class='ocrx_word' id='word_1_751' title='bbox 3173 3989 3546 4044; x_wconf 87' lang='lat' dir='ltr'><strong>demonstrant</strong></span> <span class='ocrx_word' id='word_1_752' title='bbox 3573 3989 3680 4059; x_wconf 83' lang='lat' dir='ltr'><strong>(g).</strong></span> 
     </span>
    </p>
   </div>
   <div class='ocr_carea' id='block_1_97' title="bbox 2278 4079 3799 4160">
    <p class='ocr_par' dir='ltr' id='par_1_97' title="bbox 2278 4079 3799 4160">
     <span class='ocr_line' id='line_1_97' title="bbox 2278 4079 3799 4160; baseline -0.003 -20"><span class='ocrx_word' id='word_1_753' title='bbox 2278 4083 2344 4141; x_wconf 75' lang='grc' dir='ltr'>Χ.</span> <span class='ocrx_word' id='word_1_754' title='bbox 2377 4081 2455 4139; x_wconf 84' lang='lat' dir='ltr'><strong>De</strong></span> <span class='ocrx_word' id='word_1_755' title='bbox 2496 4084 2678 4137; x_wconf 81' lang='lat' dir='ltr'><strong>horum</strong></span> <span class='ocrx_word' id='word_1_756' title='bbox 2713 4098 3003 4137; x_wconf 81' lang='lat' dir='ltr'><strong>sermonum</strong></span> <span class='ocrx_word' id='word_1_757' title='bbox 3032 4084 3283 4137; x_wconf 82' lang='lat' dir='ltr'><strong>doctrina.</strong></span> <span class='ocrx_word' id='word_1_758' title='bbox 3307 4112 3377 4122; x_wconf 92' lang='lat'>—</span> <span class='ocrx_word' id='word_1_759' title='bbox 3405 4079 3520 4160; x_wconf 79' lang='lat' dir='ltr'><strong>Non</strong></span> <span class='ocrx_word' id='word_1_760' title='bbox 3551 4092 3633 4138; x_wconf 89' lang='lat' dir='ltr'><strong>est</strong></span> <span class='ocrx_word' id='word_1_761' title='bbox 3660 4099 3799 4138; x_wconf 79' lang='lat' dir='ltr'><strong>vero</strong></span> 
     </span>
    </p>
   </div>
   <div class='ocr_carea' id='block_1_98' title="bbox 2205 4173 3797 4245">
    <p class='ocr_par' dir='ltr' id='par_1_98' title="bbox 2205 4173 3797 4245">
     <span class='ocr_line' id='line_1_98' title="bbox 2205 4173 3797 4245; baseline -0.001 -15"><span class='ocrx_word' id='word_1_762' title='bbox 2205 4191 2322 4240; x_wconf 90' lang='lat' dir='ltr'><strong>cur,</strong></span> <span class='ocrx_word' id='word_1_763' title='bbox 2345 4173 2436 4244; x_wconf 90' lang='lat' dir='ltr'><strong>qui</strong></span> <span class='ocrx_word' id='word_1_764' title='bbox 2463 4190 2604 4229; x_wconf 80' lang='lat' dir='ltr'><strong>nunc</strong></span> <span class='ocrx_word' id='word_1_765' title='bbox 2635 4174 2929 4244; x_wconf 69' lang='lat' dir='ltr'><strong>prodeunt,</strong></span> <span class='ocrx_word' id='word_1_766' title='bbox 2959 4186 3236 4229; x_wconf 88' lang='lat' dir='ltr'><strong>sermones</strong></span> <span class='ocrx_word' id='word_1_767' title='bbox 3267 4173 3506 4238; x_wconf 91' lang='lat' dir='ltr'><strong>laudem;</strong></span> <span class='ocrx_word' id='word_1_768' title='bbox 3537 4188 3658 4229; x_wconf 89' lang='lat' dir='ltr'><strong>nam</strong></span> <span class='ocrx_word' id='word_1_769' title='bbox 3692 4175 3797 4245; x_wconf 84' lang='lat' dir='ltr'><strong>ipsi</strong></span> 
     </span>
    </p>
   </div>
   <div class='ocr_carea' id='block_1_99' title="bbox 2205 4263 3798 4335">
    <p class='ocr_par' dir='ltr' id='par_1_99' title="bbox 2205 4263 3798 4335">
     <span class='ocr_line' id='line_1_99' title="bbox 2205 4263 3798 4335; baseline -0.002 -14"><span class='ocrx_word' id='word_1_770' title='bbox 2205 4282 2287 4331; x_wconf 90' lang='lat' dir='ltr'><strong>se,</strong></span> <span class='ocrx_word' id='word_1_771' title='bbox 2321 4275 2378 4321; x_wconf 90' lang='lat' dir='ltr'><strong>ut</strong></span> <span class='ocrx_word' id='word_1_772' title='bbox 2413 4281 2668 4334; x_wconf 88' lang='lat' dir='ltr'><strong>auguror.</strong></span> <span class='ocrx_word' id='word_1_773' title='bbox 2711 4263 2935 4320; x_wconf 88' lang='lat' dir='ltr'><strong>eruditis</strong></span> <span class='ocrx_word' id='word_1_774' title='bbox 2962 4263 3169 4335; x_wconf 89' lang='lat' dir='ltr'><strong>piisque</strong></span> <span class='ocrx_word' id='word_1_775' title='bbox 3195 4265 3484 4320; x_wconf 76' lang='lat' dir='ltr'><strong>lectoribus</strong></span> <span class='ocrx_word' id='word_1_776' title='bbox 3511 4278 3798 4320; x_wconf 86' lang='lat' dir='ltr'><strong>commen-</strong></span> 
     </span>
    </p>
   </div>
   <div class='ocr_carea' id='block_1_100' title="bbox 2205 4355 3798 4426">
    <p class='ocr_par' dir='ltr' id='par_1_100' title="bbox 2205 4355 3798 4426">
     <span class='ocr_line' id='line_1_100' title="bbox 2205 4355 3798 4426; baseline 0.001 -14"><span class='ocrx_word' id='word_1_777' title='bbox 2205 4357 2425 4412; x_wconf 87' lang='lat' dir='ltr'><strong>dabunt.</strong></span> <span class='ocrx_word' id='word_1_778' title='bbox 2457 4356 2606 4425; x_wconf 87' lang='lat' dir='ltr'><strong>Quod</strong></span> <span class='ocrx_word' id='word_1_779' title='bbox 2638 4365 2814 4411; x_wconf 87' lang='lat' dir='ltr'><strong>autem</strong></span> <span class='ocrx_word' id='word_1_780' title='bbox 2861 4355 2914 4410; x_wconf 86' lang='lat' dir='ltr'><strong>in</strong></span> <span class='ocrx_word' id='word_1_781' title='bbox 2954 4371 3138 4409; x_wconf 85' lang='lat' dir='ltr'><strong>eorum</strong></span> <span class='ocrx_word' id='word_1_782' title='bbox 3182 4356 3478 4426; x_wconf 53' lang='lat' dir='ltr'><strong>praesertim</strong></span> <span class='ocrx_word' id='word_1_783' title='bbox 3523 4355 3702 4426; x_wconf 86' lang='lat' dir='ltr'><strong>primo</strong></span> <span class='ocrx_word' id='word_1_784' title='bbox 3733 4373 3798 4413; x_wconf 88' lang='lat' dir='ltr'><strong>ac</strong></span> 
     </span>
    </p>
   </div>
   <div class='ocr_carea' id='block_1_101' title="bbox 2205 4445 3797 4517">
    <p class='ocr_par' dir='ltr' id='par_1_101' title="bbox 2205 4445 3797 4517">
     <span class='ocr_line' id='line_1_101' title="bbox 2205 4445 3797 4517; baseline -0.002 -12"><span class='ocrx_word' id='word_1_785' title='bbox 2205 4448 2445 4505; x_wconf 88' lang='lat' dir='ltr'><strong>secundo</strong></span> <span class='ocrx_word' id='word_1_786' title='bbox 2472 4445 2788 4503; x_wconf 78' lang='lat' dir='ltr'><strong>Ambrosius</strong></span> <span class='ocrx_word' id='word_1_787' title='bbox 2815 4447 3138 4517; x_wconf 85' lang='lat' dir='ltr'><strong>evangelicis</strong></span> <span class='ocrx_word' id='word_1_788' title='bbox 3170 4447 3349 4502; x_wconf 83' lang='lat' dir='ltr'><strong>verbis</strong></span> <span class='ocrx_word' id='word_1_789' title='bbox 3377 4448 3570 4503; x_wconf 87' lang='lat' dir='ltr'><strong>doceat</strong></span> <span class='ocrx_word' id='word_1_790' title='bbox 3587 4489 3602 4513; x_wconf 92' lang='lat'><strong>,</strong></span> <span class='ocrx_word' id='word_1_791' title='bbox 3632 4445 3797 4505; x_wconf 85' lang='lat' dir='ltr'><strong>Chri-</strong></span> 
     </span>
    </p>
   </div>
   <div class='ocr_carea' id='block_1_102' title="bbox 2206 4539 3798 4608">
    <p class='ocr_par' dir='ltr' id='par_1_102' title="bbox 2206 4539 3798 4608">
     <span class='ocr_line' id='line_1_102' title="bbox 2206 4539 3798 4608; baseline -0.002 -12"><span class='ocrx_word' id='word_1_792' title='bbox 2206 4543 2500 4596; x_wconf 89' lang='lat' dir='ltr'><strong>stianorum</strong></span> <span class='ocrx_word' id='word_1_793' title='bbox 2533 4555 2653 4595; x_wconf 81' lang='lat' dir='ltr'><strong>esse</strong></span> <span class='ocrx_word' id='word_1_794' title='bbox 2695 4540 2872 4594; x_wconf 87' lang='lat' dir='ltr'><strong>omnia</strong></span> <span class='ocrx_word' id='word_1_795' title='bbox 2915 4555 3010 4592; x_wconf 86' lang='lat' dir='ltr'><strong>sua</strong></span> <span class='ocrx_word' id='word_1_796' title='bbox 3057 4539 3193 4593; x_wconf 84' lang='lat' dir='ltr'><strong>bona</strong></span> <span class='ocrx_word' id='word_1_797' title='bbox 3237 4539 3567 4608; x_wconf 85' lang='lat' dir='ltr'><strong>relinquere,</strong></span> <span class='ocrx_word' id='word_1_798' title='bbox 3597 4549 3798 4608; x_wconf 70' lang='lat' dir='ltr'><strong>et&#39;pro</strong></span> 
     </span>
    </p>
   </div>
   <div class='ocr_carea' id='block_1_103' title="bbox 2203 4631 3798 4702">
    <p class='ocr_par' dir='ltr' id='par_1_103' title="bbox 2203 4631 3798 4702">
     <span class='ocr_line' id='line_1_103' title="bbox 2203 4631 3798 4702; baseline -0.002 -13"><span class='ocrx_word' id='word_1_799' title='bbox 2203 4635 2314 4689; x_wconf 89' lang='lat' dir='ltr'><strong>Chr</strong></span> <span class='ocrx_word' id='word_1_800' title='bbox 2333 4644 2418 4689; x_wconf 88' lang='lat' dir='ltr'><strong>sto</strong></span> <span class='ocrx_word' id='word_1_801' title='bbox 2463 4631 2782 4702; x_wconf 88' lang='lat' dir='ltr'><strong>pauperibus</strong></span> <span class='ocrx_word' id='word_1_802' title='bbox 2818 4631 3170 4700; x_wconf 85' lang='lat' dir='ltr'><strong>distribuere,</strong></span> <span class='ocrx_word' id='word_1_803' title='bbox 3202 4640 3361 4699; x_wconf 90' lang='lat' dir='ltr'><strong>atque</strong></span> <span class='ocrx_word' id='word_1_804' title='bbox 3405 4646 3526 4686; x_wconf 57' lang='lat' dir='ltr'><strong>sese</strong></span> <span class='ocrx_word' id='word_1_805' title='bbox 3572 4647 3798 4700; x_wconf 90' lang='lat' dir='ltr'><strong>prorsus</strong></span> 
     </span>
    </p>
   </div>
   <div class='ocr_carea' id='block_1_104' title="bbox 2204 4724 3796 4796">
    <p class='ocr_par' dir='ltr' id='par_1_104' title="bbox 2204 4724 3796 4796">
     <span class='ocr_line' id='line_1_104' title="bbox 2204 4724 3796 4796; baseline -0.001 -16"><span class='ocrx_word' id='word_1_806' title='bbox 2204 4727 2400 4780; x_wconf 69' lang='lat' dir='ltr'><strong>divina:</strong></span> <span class='ocrx_word' id='word_1_807' title='bbox 2443 4725 2792 4796; x_wconf 75' lang='lat' dir='ltr'><strong>providentia:</strong></span> <span class='ocrx_word' id='word_1_808' title='bbox 2837 4724 3205 4790; x_wconf 87' lang='lat' dir='ltr'><strong>committere;</strong></span> <span class='ocrx_word' id='word_1_809' title='bbox 3237 4741 3343 4779; x_wconf 82' lang='lat' dir='ltr'><strong>non</strong></span> <span class='ocrx_word' id='word_1_810' title='bbox 3374 4726 3445 4779; x_wconf 89' lang='lat' dir='ltr'><strong>ita</strong></span> <span class='ocrx_word' id='word_1_811' title='bbox 3489 4728 3675 4780; x_wconf 88' lang='lat' dir='ltr'><strong>stricte</strong></span> <span class='ocrx_word' id='word_1_812' title='bbox 3709 4727 3796 4780; x_wconf 56' lang='lat' dir='ltr'><strong>in-</strong></span> 
     </span>
    </p>
   </div>
   <div class='ocr_carea' id='block_1_105' title="bbox 2204 4818 3791 4891">
    <p class='ocr_par' dir='ltr' id='par_1_105' title="bbox 2204 4818 3791 4891">
     <span class='ocr_line' id='line_1_105' title="bbox 2204 4818 3791 4891; baseline -0.001 -16"><span class='ocrx_word' id='word_1_813' title='bbox 2204 4820 2548 4891; x_wconf 85' lang='lat' dir='ltr'><strong>telligendum</strong></span> <span class='ocrx_word' id='word_1_814' title='bbox 2575 4828 2686 4884; x_wconf 87' lang='lat' dir='ltr'><strong>est,</strong></span> <span class='ocrx_word' id='word_1_815' title='bbox 2713 4833 2777 4873; x_wconf 86' lang='lat' dir='ltr'><strong>ac</strong></span> <span class='ocrx_word' id='word_1_816' title='bbox 2813 4818 2859 4874; x_wconf 88' lang='lat' dir='ltr'><strong>si</strong></span> <span class='ocrx_word' id='word_1_817' title='bbox 2897 4828 3226 4889; x_wconf 76' lang='lat' dir='ltr'><strong>prteceptum</strong></span> <span class='ocrx_word' id='word_1_818' title='bbox 3272 4819 3396 4873; x_wconf 90' lang='lat' dir='ltr'><strong>illud</strong></span> <span class='ocrx_word' id='word_1_819' title='bbox 3427 4820 3630 4889; x_wconf 87' lang='lat' dir='ltr'><strong>absque</strong></span> <span class='ocrx_word' id='word_1_820' title='bbox 3669 4820 3791 4875; x_wconf 71' lang='lat' dir='ltr'><strong>dis~</strong></span> 
     </span>
    </p>
   </div>
   <div class='ocr_carea' id='block_1_106' title="bbox 2205 4909 3794 4982">
    <p class='ocr_par' dir='ltr' id='par_1_106' title="bbox 2205 4909 3794 4982">
     <span class='ocr_line' id='line_1_106' title="bbox 2205 4909 3794 4982; baseline -0.001 -15"><span class='ocrx_word' id='word_1_821' title='bbox 2205 4912 2397 4982; x_wconf 67' lang='lat' dir='ltr'><strong>pendit)</strong></span> <span class='ocrx_word' id='word_1_822' title='bbox 2421 4923 2638 4968; x_wconf 65' lang='lat' dir='ltr'><strong>a-ternte</strong></span> <span class='ocrx_word' id='word_1_823' title='bbox 2665 4909 2854 4965; x_wconf 87' lang='lat' dir='ltr'><strong>salutis</strong></span> <span class='ocrx_word' id='word_1_824' title='bbox 2878 4926 2906 4963; x_wconf 91' lang='lat' dir='ltr'><strong>a</strong></span> <span class='ocrx_word' id='word_1_825' title='bbox 2931 4912 3122 4981; x_wconf 80' lang='lat' dir='ltr'><strong>quovis</strong></span> <span class='ocrx_word' id='word_1_826' title='bbox 3144 4909 3407 4978; x_wconf 65' lang='lat' dir='ltr'><strong>praeteriri</strong></span> <span class='ocrx_word' id='word_1_827' title='bbox 3449 4925 3554 4964; x_wconf 88' lang='lat' dir='ltr'><strong>non</strong></span> <span class='ocrx_word' id='word_1_828' title='bbox 3591 4912 3794 4980; x_wconf 87' lang='lat' dir='ltr'><strong>possit;</strong></span> 
     </span>
    </p>
   </div>
   <div class='ocr_carea' id='block_1_107' title="bbox 2203 5001 3796 5072">
    <p class='ocr_par' dir='ltr' id='par_1_107' title="bbox 2203 5001 3796 5072">
     <span class='ocr_line' id='line_1_107' title="bbox 2203 5001 3796 5072; baseline -0.002 -12"><span class='ocrx_word' id='word_1_829' title='bbox 2203 5005 2298 5061; x_wconf 87' lang='lat' dir='ltr'><strong>sed</strong></span> <span class='ocrx_word' id='word_1_830' title='bbox 2333 5005 2402 5059; x_wconf 89' lang='lat' dir='ltr'><strong>ab</strong></span> <span class='ocrx_word' id='word_1_831' title='bbox 2429 5019 2498 5060; x_wconf 90' lang='lat' dir='ltr'><strong>eo</strong></span> <span class='ocrx_word' id='word_1_832' title='bbox 2524 5004 2796 5058; x_wconf 80' lang='lat' dir='ltr'><strong>observari</strong></span> <span class='ocrx_word' id='word_1_833' title='bbox 2822 5013 2876 5058; x_wconf 92' lang='lat' dir='ltr'><strong>et</strong></span> <span class='ocrx_word' id='word_1_834' title='bbox 2905 5003 3184 5071; x_wconf 85' lang='lat' dir='ltr'><strong>adimpleri</strong></span> <span class='ocrx_word' id='word_1_835' title='bbox 3222 5001 3350 5056; x_wconf 86' lang='lat' dir='ltr'><strong>illud</strong></span> <span class='ocrx_word' id='word_1_836' title='bbox 3380 5001 3597 5072; x_wconf 86' lang='lat' dir='ltr'><strong>quidem</strong></span> <span class='ocrx_word' id='word_1_837' title='bbox 3629 5017 3796 5072; x_wconf 93' lang='lat' dir='ltr'><strong>opor-</strong></span> 
     </span>
    </p>
   </div>
   <div class='ocr_carea' id='block_1_108' title="bbox 2205 5095 3790 5168">
    <p class='ocr_par' dir='ltr' id='par_1_108' title="bbox 2205 5095 3790 5168">
     <span class='ocr_line' id='line_1_108' title="bbox 2205 5095 3790 5168; baseline -0.002 -17"><span class='ocrx_word' id='word_1_838' title='bbox 2205 5107 2341 5164; x_wconf 87' lang='lat' dir='ltr'><strong>tere,</strong></span> <span class='ocrx_word' id='word_1_839' title='bbox 2369 5097 2458 5168; x_wconf 86' lang='lat' dir='ltr'><strong>qui</strong></span> <span class='ocrx_word' id='word_1_840' title='bbox 2488 5096 2555 5151; x_wconf 85' lang='lat' dir='ltr'><strong>ad</strong></span> <span class='ocrx_word' id='word_1_841' title='bbox 2593 5111 2902 5167; x_wconf 88' lang='lat' dir='ltr'><strong>supremum</strong></span> <span class='ocrx_word' id='word_1_842' title='bbox 2943 5095 3164 5166; x_wconf 86' lang='lat' dir='ltr'><strong>gradum</strong></span> <span class='ocrx_word' id='word_1_843' title='bbox 3207 5095 3528 5164; x_wconf 69' lang='lat' dir='ltr'><strong>evangelica:</strong></span> <span class='ocrx_word' id='word_1_844' title='bbox 3574 5099 3790 5164; x_wconf 84' lang='lat' dir='ltr'><strong>perlec-</strong></span> 
     </span>
    </p>
   </div>
   <div class='ocr_carea' id='block_1_109' title="bbox 2202 5185 3792 5262">
    <p class='ocr_par' dir='ltr' id='par_1_109' title="bbox 2202 5185 3792 5262">
     <span class='ocr_line' id='line_1_109' title="bbox 2202 5185 3792 5262; baseline -0.003 -16"><span class='ocrx_word' id='word_1_845' title='bbox 2202 5192 2362 5247; x_wconf 80' lang='lat' dir='ltr'><strong>tEonis</strong></span> <span class='ocrx_word' id='word_1_846' title='bbox 2388 5191 2674 5262; x_wconf 78' lang='lat' dir='ltr'><strong>pervenire</strong></span> <span class='ocrx_word' id='word_1_847' title='bbox 2693 5189 3002 5244; x_wconf 82' lang='lat' dir='ltr'><strong>contendat.</strong></span> <span class='ocrx_word' id='word_1_848' title='bbox 3027 5187 3274 5243; x_wconf 79' lang='lat' dir='ltr'><strong>Profecto</strong></span> <span class='ocrx_word' id='word_1_849' title='bbox 3300 5187 3500 5252; x_wconf 74' lang='lat' dir='ltr'><strong>nullus,</strong></span> <span class='ocrx_word' id='word_1_850' title='bbox 3525 5185 3792 5256; x_wconf 84' lang='lat' dir='ltr'><strong>quidquid</strong></span> 
     </span>
    </p>
   </div>
   <div class='ocr_carea' id='block_1_110' title="bbox 2205 5277 3791 5345">
    <p class='ocr_par' dir='ltr' id='par_1_110' title="bbox 2205 5277 3791 5345">
     <span class='ocr_line' id='line_1_110' title="bbox 2205 5277 3791 5345; baseline -0.006 -7"><span class='ocrx_word' id='word_1_851' title='bbox 2205 5285 2511 5341; x_wconf 82' lang='lat' dir='ltr'><strong>beterodoxi</strong></span> <span class='ocrx_word' id='word_1_852' title='bbox 2564 5283 2818 5339; x_wconf 82' lang='lat' dir='ltr'><strong>necterici</strong></span> <span class='ocrx_word' id='word_1_853' title='bbox 2861 5281 3154 5345; x_wconf 84' lang='lat' dir='ltr'><strong>blaterent,</strong></span> <span class='ocrx_word' id='word_1_854' title='bbox 3205 5279 3342 5334; x_wconf 90' lang='lat' dir='ltr'><strong>hanc</strong></span> <span class='ocrx_word' id='word_1_855' title='bbox 3387 5277 3791 5332; x_wconf 83' lang='lat' dir='ltr'><strong>distinctionem</strong></span> 
     </span>
    </p>
   </div>
   <div class='ocr_carea' id='block_1_111' title="bbox 2201 5368 3795 5448">
    <p class='ocr_par' dir='ltr' id='par_1_111' title="bbox 2201 5368 3795 5448">
     <span class='ocr_line' id='line_1_111' title="bbox 2201 5368 3795 5448; baseline -0.005 -17"><span class='ocrx_word' id='word_1_856' title='bbox 2201 5372 2452 5448; x_wconf 83' lang='lat' dir='ltr'><strong>autiquis.-</strong></span> <span class='ocrx_word' id='word_1_857' title='bbox 2464 5376 2650 5443; x_wconf 86' lang='lat' dir='ltr'><strong>imam,</strong></span> <span class='ocrx_word' id='word_1_858' title='bbox 2665 5385 2717 5430; x_wconf 91' lang='lat' dir='ltr'><strong>et</strong></span> <span class='ocrx_word' id='word_1_859' title='bbox 2741 5374 2794 5427; x_wconf 92' lang='lat' dir='ltr'><strong>in</strong></span> <span class='ocrx_word' id='word_1_860' title='bbox 2811 5371 3175 5427; x_wconf 78' lang='lat' dir='ltr'><strong>Ambrosianis</strong></span> <span class='ocrx_word' id='word_1_861' title='bbox 3189 5371 3404 5442; x_wconf 83' lang='lat' dir='ltr'><strong>scriptis</strong></span> <span class='ocrx_word' id='word_1_862' title='bbox 3419 5368 3662 5438; x_wconf 86' lang='lat' dir='ltr'><strong>reperiri,</strong></span> <span class='ocrx_word' id='word_1_863' title='bbox 3693 5368 3795 5423; x_wconf 91' lang='lat' dir='ltr'><strong>ibit</strong></span> 
     </span>
    </p>
   </div>
   <div class='ocr_carea' id='block_1_112' title="bbox 2206 5461 3792 5544">
    <p class='ocr_par' dir='ltr' id='par_1_112' title="bbox 2206 5461 3792 5544">
     <span class='ocr_line' id='line_1_112' title="bbox 2206 5461 3792 5544; baseline -0.008 -14"><span class='ocrx_word' id='word_1_864' title='bbox 2206 5476 2432 5539; x_wconf 78' lang='lat' dir='ltr'><strong>inﬁcias,</strong></span> <span class='ocrx_word' id='word_1_865' title='bbox 2465 5473 2552 5544; x_wconf 90' lang='lat' dir='ltr'><strong>qui</strong></span> <span class='ocrx_word' id='word_1_866' title='bbox 2583 5471 2772 5525; x_wconf 76' lang='lat' dir='ltr'><strong>Saltem</strong></span> <span class='ocrx_word' id='word_1_867' title='bbox 2805 5468 2988 5540; x_wconf 86' lang='lat' dir='ltr'><strong>legerit</strong></span> <span class='ocrx_word' id='word_1_868' title='bbox 3019 5482 3138 5537; x_wconf 88' lang='lat' dir='ltr'><strong>cap.</strong></span> <span class='ocrx_word' id='word_1_869' title='bbox 3169 5465 3226 5522; x_wconf 75' lang='lat' dir='ltr'><strong>il</strong></span> <span class='ocrx_word' id='word_1_870' title='bbox 3255 5506 3272 5534; x_wconf 92' lang='lat'><strong>,</strong></span> <span class='ocrx_word' id='word_1_871' title='bbox 3305 5465 3396 5521; x_wconf 89' lang='lat' dir='ltr'><strong>lib.</strong></span> <span class='ocrx_word' id='word_1_872' title='bbox 3418 5480 3438 5519; x_wconf 83' lang='grc' dir='ltr'><strong>ι</strong></span> <span class='ocrx_word' id='word_1_873' title='bbox 3466 5465 3534 5520; x_wconf 89' lang='lat' dir='ltr'><strong>de</strong></span> <span class='ocrx_word' id='word_1_874' title='bbox 3561 5461 3792 5528; x_wconf 75' lang='lat' dir='ltr'><strong>(illiciis,</strong></span> 
     </span>
    </p>
   </div>
   <div class='ocr_carea' id='block_1_113' title="bbox 2279 5627 2874 5705">
    <p class='ocr_par' dir='ltr' id='par_1_113' title="bbox 2279 5627 2874 5705">
     <span class='ocr_line' id='line_1_113' title="bbox 2279 5627 2874 5705; baseline -0.018 -16"><span class='ocrx_word' id='word_1_875' title='bbox 2279 5636 2354 5705; x_wconf 78' lang='grc' dir='ltr'><strong>(ε)</strong></span> <span class='ocrx_word' id='word_1_876' title='bbox 2387 5633 2542 5705; x_wconf 85' lang='lat' dir='ltr'><strong>lbid.,</strong></span> <span class='ocrx_word' id='word_1_877' title='bbox 2565 5629 2628 5705; x_wconf 50' lang='grc' dir='ltr'>ἐξ</span> <span class='ocrx_word' id='word_1_878' title='bbox 2651 5629 2683 5682; x_wconf 81' lang='lat'><strong>9</strong></span> <span class='ocrx_word' id='word_1_879' title='bbox 2704 5637 2778 5705; x_wconf 86' lang='lat' dir='ltr'><strong>et_</strong></span> <span class='ocrx_word' id='word_1_880' title='bbox 2795 5627 2874 5680; x_wconf 82' lang='grc' dir='ltr'><strong>ιο.</strong></span> 
     </span>
    </p>
   </div>
   <div class='ocr_carea' id='block_1_114' title="bbox 2273 5699 3086 5778">
    <p class='ocr_par' dir='ltr' id='par_1_114' title="bbox 2273 5699 3086 5778">
     <span class='ocr_line' id='line_1_114' title="bbox 2273 5699 3086 5778; baseline -0.007 -22"><span class='ocrx_word' id='word_1_881' title='bbox 2273 5699 2344 5776; x_wconf 61' lang='lat' dir='ltr'><strong>(fi</strong></span> <span class='ocrx_word' id='word_1_882' title='bbox 2377 5703 2532 5778; x_wconf 45' lang='grc' dir='ltr'>ζωαί..</span> <span class='ocrx_word' id='word_1_883' title='bbox 2562 5699 2625 5770; x_wconf 75' lang='lat'><strong>§§</strong></span> <span class='ocrx_word' id='word_1_884' title='bbox 2658 5699 2991 5778; x_wconf 79' lang='lat' dir='ltr'><strong>m_odo_citat.</strong></span> <span class='ocrx_word' id='word_1_885' title='bbox 3055 5767 3086 5778; x_wconf 47' lang='lat' dir='ltr'>u</span> 
     </span>
    </p>
   </div>
   <div class='ocr_carea' id='block_1_115' title="bbox 2276 5771 3140 5846">
    <p class='ocr_par' dir='ltr' id='par_1_115' title="bbox 2276 5771 3140 5846">
     <span class='ocr_line' id='line_1_115' title="bbox 2276 5771 3140 5846; baseline -0.017 -15"><span class='ocrx_word' id='word_1_886' title='bbox 2276 5771 2349 5846; x_wconf 61' lang='grc' dir='ltr'>(ξι)</span> <span class='ocrx_word' id='word_1_887' title='bbox 2380 5775 2436 5828; x_wconf 90' lang='lat' dir='ltr'><strong>In</strong></span> <span class='ocrx_word' id='word_1_888' title='bbox 2466 5771 2874 5826; x_wconf 78' lang='lat' dir='ltr'><strong>admonitiou-h.</strong></span> <span class='ocrx_word' id='word_1_889' title='bbox 2908 5771 3140 5839; x_wconf 60' lang='grc' dir='ltr'>ιιι-δεινῆς.</span> 
     </span>
    </p>
   </div>
  </div>
