4032 6510
584 418 689 475 115

580 535 782 592 monet,
812 527 876 580 ad
906 525 1243 581 Timotheum
1282 521 1521 578 scribens
1566 541 1577 574 :

581 620 632 674 in
684 622 767 675 his
811 630 928 676 e~to
961 638 973 673 :
1003 630 1056 673 ut
1089 618 1353 687 prolectus
1399 625 1519 670 tuus
1562 612 1813 682 adpareat
1858 612 2145 667 omnibtts'

583 714 628 785 (1
660 713 880 768 Timoth.
913 728 983 774 tv,
1011 710 1121 781 15).
1155 731 1172 763 ι

665 807 751 864 ιν.
782 806 1036 861 Voluntas
1065 802 1297 873 religiosi
1336 800 1566 855 hominis
1594 798 1915 854 caelestibus
1945 796 2151 865 legibus

583 898 821 967 detenta,
853 906 908 952 et
938 897 1149 950 diuinae
1171 891 1562 949 iustilicationis
1587 889 2018 945 meditationibus
2038 889 2155 942 die-

580 986 682 1043 bus
704 1004 767 1043 ac
795 988 1037 1043 noctibus
1065 993 1317 1051 occupata
1348 998 1453 1037 non
1478 981 1637 1036 habet
1668 995 1892 1034 uacuum
1916 988 2146 1050 tempus,

581 1095 688 1147 quo
710 1080 981 1139 saeculum
1003 1077 1220 1145 Cogitet,
1244 1090 1348 1141 quo
1378 1073 1766 1144 possessionem
1797 1081 1968 1137 curet,
1990 1087 2152 1126 exor-

584 1180 675 1225 net
701 1172 898 1223 urbana
923 1169 1159 1239 praedia,
1186 1166 1544 1223 rusticationis
1561 1163 1895 1231 disciplinam
1918 1163 2148 1224 excolat,

586 1261 826 1328 redditus
854 1271 1125 1330 supputet,
1158 1260 1376 1325 inpensa
1422 1257 1669 1316 discutiat
1698 1258 1741 1310 ².
1768 1255 1824 1311 Si
1855 1254 1996 1310 enim
2027 1256 2152 1309 istut

583 1352 893 1419 arripuerit,
932 1353 1049 1405 illut
1077 1351 1300 1413 deserit,
1335 1349 1622 1403 secundum
1667 1346 1806 1415 quod
1850 1346 2153 1402 Dominieus

582 1460 763 1500 sermo
792 1446 1033 1513 promisit
1064 1462 1075 1496 :
1117 1461 1135 1495 ι
1169 1442 1334 1497 Nemo
1357 1456 1563 1513 ponens
1589 1438 1801 1494 manum
1832 1440 1885 1493 in
1916 1451 2149 1495 aratrum

585 1538 708 1604 (has
760 1548 843 1591 est
890 1537 1105 1591 caelesti
1154 1535 1473 1607 operationi,
1523 1544 1577 1596 et
1626 1532 1929 1587 Dominicae
1980 1533 2152 1587 crttcis

581 1629 734 1690 signo
762 1638 785 1663 ⁸
818 1628 860 1694 ³)
887 1638 1032 1682 retro
1068 1628 1381 1696 reapiciens,
1426 1635 1581 1692 aptus
1606 1634 1687 1677 est
1720 1622 1770 1677 in
1810 1637 1976 1693 regno
2006 1621 2100 1676 Dei
2132 1623 2151 1652 ⁵

579 1718 755 1781 (ιω-ω
784 1735 855 1781 ts,
885 1718 999 1784 (ιε).
1042 1738 1059 1771 ι
1091 1719 1203 1772 Non
1231 1718 1373 1773 cnim
1398 1726 1570 1785 potest
1597 1727 1878 1786 utrumque
1900 1730 2151 1785 peragere

578 1809 718 1875 quod
747 1810 846 1863 sibi
878 1808 1151 1864 inimicum
1177 1817 1259 1880 est
1280 1807 1503 1875 ratione,
1529 1810 1753 1866 ueritate
1774 1805 2067 1869 diuersum,
2096 1815 2149 1858 et

1546 409 1597 463 S.
1639 406 1934 471 AMBRDSI
1973 404 2515 491 MEDIOLANENSIS
2555 405 2854 472 EPISCOPI
3721 405 3805 465 118

1630 539 1649 572 ι
1680 520 1819 575 llaec
1869 520 2144 588 meditare,
2178 518 2225 578 Α
2256 518 2373 579 bus,
2400 526 2458 571 ιιι
2487 518 2749 576 rationum
2780 516 3134 575 saecularium
3165 514 3362 570 scribta
3389 515 3622 585 accipias
3652 517 3804 583 perleo

2252 608 2454 676 genda;
2480 617 2636 676 atque
2659 608 2730 669 ita
2764 609 2837 676 lit,
2872 618 2931 669 ut
2958 608 3153 669 diuinis
3180 606 3329 661 libris
3356 608 3648 661 mundanas
3674 621 3807 676 prac-

2255 700 2432 755 l'erens
2471 701 2723 762 rationes,
2768 699 3031 769 praecepti
3075 708 3411 769 contemptor
3456 700 3677 762 existas,
3717 713 3807 766 quo

2255 792 2456 851 crebris
2482 792 2935 847 admonitionibus
2972 791 3266 858 intimatur,
3310 805 3375 843 nc
3418 790 3554 843 liber
3584 789 3810 843 manibus

2255 880 2415 944 desit,
2449 895 2516 934 ne
2536 881 2697 936 corde
2727 880 2843 933 eius
2871 880 3144 941 meditatio
3173 878 3517 947 conquiescat
3545 879 3585 930 ‘.
3621 879 3680 931 Et
3706 878 3811 931 ideo

2258 971 2511 1025 Dominus
2567 973 2619 1026 in
2670 972 2963 1038 Euangelio
3016 970 3305 1039 perlectis,
3346 979 3399 1025 et
3446 971 3811 1025 consummatis

2252 1063 2443 1118 uolens
2497 1078 2618 1118 esse
2668 1062 3010 1126 consultum,
3063 1063 3240 1117 omnia
3295 1076 3432 1131 quae
3487 1061 3810 1133 possiderent

2254 1152 2410 1207 uendi
2442 1155 2669 1221 censuit,
2711 1162 2763 1209 et
2793 1153 3007 1220 inpendi
3029 1154 3049 1184 "
3075 1169 3089 1210 :
3128 1153 3269 1207 nulla
3298 1164 3356 1207 ιιι
3384 1152 3590 1207 ratione
3613 1153 3681 1205 ab
3709 1152 3810 1206 eius

2258 1246 2464 1315 possint
2502 1246 2698 1301 dilectu
2728 1245 2754 1282 ά
2784 1245 2988 1309 diuelli,
3034 1248 3115 1299 uel
3161 1246 3503 1301 meditatione
3544 1246 3807 1301 auocari'.

2253 1334 2383 1390 inde
2408 1345 2490 1391 est
2516 1336 2657 1407 quod
2697 1337 3065 1391 necessitatem
3098 1337 3265 1407 ipsam
3306 1336 3628 1401 mortalium,
3663 1336 3713 1391 id
3743 1345 3812 1391 est

2255 1431 2531 1496 uestitum,
2560 1431 2759 1485 uictum
2794 1439 2849 1484 et
2892 1439 3071 1499 potum
3106 1428 3326 1499 cogitari
3366 1429 3637 1499 prohibuit
3674 1446 3686 1480 :
3717 1438 3813 1483 eta

2255 1540 2315 1579 se
2350 1523 2526 1579 omnia
2562 1523 2965 1594 perlicicntibus
3006 1523 3248 1587 promisit
3280 1521 3473 1590 adponi
3500 1525 3555 1587 ’ς
3588 1531 3647 1576 ιιι
3680 1523 3811 1577 nulla

2254 1617 2598 1679 necessitate,
2621 1617 2772 1670 sicuti
2795 1630 2954 1686 saepe
2986 1615 3089 1670 iam
3114 1613 3315 1668 dictum
3339 1622 3442 1679 est,
3472 1631 3498 1666 a
3522 1616 3813 1670 conmercia

2254 1706 2427 1761 diuini
2465 1707 2643 1776 operis
2682 1705 3004 1769 retarderis;
3055 1705 3197 1759 nulla
3234 1714 3291 1758 ut
3332 1715 3383 1758 te
3423 1705 3545 1758 anni
3575 1704 3814 1759 sterilitas

2254 1800 2472 1864 turbet;
2503 1799 2644 1853 nulla
2674 1796 2879 1867 frugum
2917 1797 3095 1867 inopia
3138 1795 3464 1866 ariditasque
3496 1811 3814 1865 camporum,

579 1902 846 1965 aemulum
880 1888 1172 1955 uoluntate.
1199 1899 1310 1954 lloc
1335 1898 1475 1955 enim
1507 1898 1758 1957 sicculum
1789 1897 2005 1968 cogitat,
2037 1899 2153 1951 illut
2187 1890 2228 1950 Β
2257 1907 2358 1949 nec
2392 1892 2632 1946 olearum
2678 1891 3064 1959 uincarumque
3107 1888 3353 1944 fallentes
3396 1888 3596 1944 fructus
3635 1904 3816 1943 excru-

579 1994 785 2055 caelum
826 2002 1077 2062 exoptat;
1120 1994 1219 2046 hoc
1264 1992 1556 2047 rationibus
1607 1991 1887 2047 mundanis
1931 1992 2147 2063 insistit,

576 2084 695 2141 iliut
723 2084 920 2138 diuinis
942 2082 1295 2147 orationibus,
1323 2090 1375 2139 et
1400 2080 1834 2146 meditationibus
1857 2088 2029 2133 uacat.
2050 2080 2149 2134 Dc-

577 2174 737 2246 nique
760 2182 813 2226 ut
845 2172 1173 2236 dictarebus
1198 2170 1513 2239 adprobem,
1550 2177 1601 2226 et
1631 2169 1894 2223 sermonis
1923 2169 2025 2222 mei
2049 2170 2146 2221 ad-

574 2266 864 2320 sertionem
895 2264 1145 2333 operibus
1185 2262 1414 2328 ﬁrmem,
1459 2270 1576 2314 utar
1610 2261 1854 2328 exemplo
1885 2260 1925 2314 ³.
1956 2259 2012 2314 Si
2049 2259 2143 2313 tibi

574 2356 805 2426 gestanti
835 2356 1072 2411 diuinum
1094 2356 1287 2410 librum
1321 2356 1371 2407 in
1401 2354 1667 2421 manibuﬁ,
1691 2361 1748 2408 et
1766 2353 1935 2407 oculis
1965 2352 2145 2422 apices

572 2449 810 2517 carpenti
841 2448 952 2517 pari
971 2463 1033 2503 ac
1057 2446 1272 2517 legenti,
1289 2445 1575 2516 diuinaque
1599 2456 1880 2511 praecepta
1899 2444 2145 2500 sensibus

572 2538 950 2592 conmendanti
981 2537 1007 2576 δ
1038 2539 1300 2591 rationum
1345 2537 1486 2601 libri,
1532 2538 1618 2591 uel
1656 2546 1979 2603 conparatae
2024 2551 2147 2604 pos—

571 2630 827 2683 sessionis
858 2629 1069 2684 tabulae
1094 2628 1233 2684 forte
1259 2630 1557 2694 tradantur,
1587 2642 1809 2682 necesse
1827 2636 1929 2689 est,
1956 2636 2014 2681 ut
2034 2628 2146 2681 abi-

571 2719 682 2773 cias
714 2729 736 2756 ε
769 2720 963 2774 librum
994 2720 1207 2774 diuinae
1233 2718 1385 2789 legis,
1417 2733 1575 2789 quem
1604 2719 1850 2787 gestabas
1878 2716 1930 2771 in
1970 2718 2142 2771 mani-

647 2856 673 2896 η
717 2845 1085 2905 Parenthesim
1125 2844 1211 2899 hic
1255 2847 1367 2899 suis
1416 2844 1584 2916 signis
1624 2858 1786 2901 ausus
1833 2861 1948 2901 sum
1998 2846 2143 2901 desi-

574 2930 761 2987 gnare,
808 2927 863 2969 ut
906 2917 1133 2974 lectores
1160 2916 1228 2971 de
1270 2918 1573 2986 parenthesi
1607 2931 1649 2971 ca
1672 2919 1861 2971 rtiores
1890 2916 2142 2982 iacerem,

574 3002 646 3124 3e
672 2988 1020 3045 Ambrosiana
1060 2989 1342 3056 explicatio
1374 3003 1494 3043 cum
1525 3002 1680 3042 sacro
1722 2997 1875 3042 testu
1917 2987 2142 3042 confun-

613 3067 812 3116 eretur.

613 3067 812 3116 eretur.

645 3126 673 3175 lt
712 3129 782 3182 lta
816 3131 868 3183 in
900 3129 1019 3183 cod.
1054 3143 1151 3195 pro
1191 3127 1565 3197 commendanti
1593 3143 1613 3181 :
1648 3130 1844 3183 etenim
1876 3146 1907 3182 ιι
1939 3136 2063 3183 ante
2094 3145 2142 3180 tn

572 3199 947 3269 apudveteres
975 3201 1367 3269 nrtltograpbos
1403 3201 1627 3269 sonabat
1649 3206 1707 3251 ut
1735 3216 1803 3252 ιιι.

648 3279 670 3308 ε
713 3267 784 3322 Ita
813 3270 981 3322 codex
1012 3283 1132 3321 tum
1162 3284 1264 3321 una
1295 3268 1313 3320 i
1341 3268 1617 3321 manifesta
1647 3269 1808 3332 crasi,
1840 3277 1892 3321 et
1933 3268 1984 3321 in
2008 3268 2143 3322 anti-

571 3339 692 3424 quis
710 3339 875 3424 Icodd.
902 3338 1259 3424 frequentata.

642 3409 669 3459 tl
710 3410 784 3462 lta
817 3409 937 3463 cod.
970 3424 1068 3477 pro
1096 3408 1313 3473 delectu,
1338 3423 1495 3477 quam
1526 3407 1808 3466 lectionem
1839 3408 2038 3462 idcirco
2060 3424 2141 3461 re-

2257 1985 2433 2049 cient;
2459 2000 2563 2039 non
2589 1998 2836 2052 pecorum
2856 1982 3193 2037 morientium
3209 1982 3404 2036 damna
3428 1984 3736 2036 concutiant
3758 1982 3813 2033 ιο.

2334 2075 2400 2134 V.
2443 2075 2650 2132 Maneat
2687 2074 2856 2135 libera
2893 2075 3312 2142 inconcussaque
3355 2074 3594 2136 deuotio,
3634 2081 3694 2125 ut
3738 2072 3816 2124 “ei

2255 2169 2335 2223 sui
2365 2178 2419 2222 et
2446 2166 2653 2221 Domini
2684 2165 2883 2220 Christi
2909 2164 3193 2220 dileCIione
3226 2178 3467 2234 possessa
3499 2163 3715 2233 hymnis
3742 2178 3819 2216 re-

2254 2268 2428 2322 sonet,
2453 2256 2785 2316 orationibus
2808 2265 2982 2322 uacet,
3010 2256 3221 2310 ieiuniis
3237 2271 3300 2310 ac
3322 2254 3514 2325 uigiliis
3538 2254 3747 2309 insistat
3764 2254 3816 2311 ".

2252 2361 2308 2407 et
2336 2353 2387 2405 in
2415 2349 2783 2421 propheticum
2831 2347 2950 2412 illut
2985 2348 3250 2402 canticum
3291 2361 3524 2416 congrue
3552 2356 3606 2400 et
3636 2360 3818 2414 Conpe-

2252 2451 2426 2498 tenter
2461 2442 2742 2508 abrumpat
2776 2457 2787 2492 :
2828 2458 2845 2495 t
2884 2439 3043 2496 lt‘icus
3082 2453 3185 2493 non
3228 2437 3415 2493 alleret
3449 2437 3675 2497 fructus.
3719 2453 3814 2491 non

2250 2541 2406 2599 erunt
2456 2531 2729 2591 nascentia
2783 2531 2835 2585 in
2884 2530 3078 2586 uineis.
3118 2529 3401 2585 Mentietur
3438 2545 3572 2596 opus
3611 2528 3819 2583 oliuae:

2248 2627 2421 2694 campi
2472 2638 2577 2681 non
2622 2621 2971 2692 praestabunt
3014 2635 3215 2677 escam.
3261 2619 3517 2673 Delicient
3561 2634 3593 2671 a
3640 2619 3819 2685 pabula

2250 2733 2380 2773 oues
2410 2727 2620 2774 :etnon
2652 2725 2810 2772 erunt
2840 2715 2891 2769 in
2932 2714 3279 2784 praesepibus
3308 2712 3474 2766 boues
3498 2710 3561 2764 ⁸⁸.
3594 2707 3708 2781 Ego
3736 2726 3819 2764 su-

2249 2846 2401 2911 tinui,
2420 2854 2602 2912 utpote
2624 2860 2742 2915 qua:
2762 2845 2901 2914 sapit
2921 2844 3309 2913 antiquitatem,
3336 2852 3391 2897 et
3410 2843 3479 2897 ita
3506 2858 3664 2913 teque
3684 2850 3819 2899 recte

2252 2918 2450 2979 scripta
2482 2917 2534 2971 in
2568 2914 2799 2985 antiquis
2842 2930 2903 2971 ac
2939 2918 3154 2982 Optimae
3188 2924 3328 2968 nutze
3361 2914 3517 2968 cmld.
3573 2918 3821 2985 l'requf-n-

2254 2987 2459 3040 tissime
2497 2984 2750 3041 occurrit.
2785 2985 3031 3040 Profecto
3071 2985 3212 3039 illam
3252 2985 3305 3043 in
3350 2985 3662 3050 palitnsesto
3704 2984 3821 3037 Tul-

2255 3058 2397 3111 liano
2418 3058 2485 3111 de
2524 3058 2600 3111 lle
2623 3057 2767 3125 pttbl.
2799 3071 2837 3116 ι,
2866 3054 2955 3120 55,
2982 3072 3037 3125 p.
3068 3056 3157 3120 9i,
3188 3066 3243 3111 ct
3274 3057 3324 3109 in
3352 3070 3465 3125 var.
3493 3055 3618 3110 lect.
3650 3053 3821 3110 Cicer.

2252 3129 2353 3196 leg.
2392 3128 2438 3192 l,
2468 3127 2522 3193 6,
2556 3128 2763 3197 legebat
2784 3126 2851 3179 cl.
2876 3124 3059 3197 Maius,
3083 3127 3353 3197 quietiam
3378 3124 3477 3197 bac
3502 3128 3569 3179 de
3590 3141 3649 3197 re
3672 3140 3821 3194 oper.

2250 3200 2350 3279 cit,
2374 3214 2430 3255 tt.
2461 3198 2548 3261 δέ,
2582 3196 2634 3279 ιι.
2669 3215 2718 3260 a,
2768 3212 2818 3279 ρ.
2863 3196 2990 3263 206,
3022 3196 3291 3278 sapienter
3316 3196 3571 3279 notabat:
3601 3196 3823 3279 Iamne

2250 3271 2528 3339 scripturas
2553 3270 2805 3337 ejusmodi
2832 3268 3218 3320 amanuensinm
3248 3267 3461 3320 arbitrio
3496 3284 3698 3334 semper
3733 3268 3822 3319 tri-

2250 3338 2485 3420 buamus,
2519 3340 2758 3420 legendus
2780 3349 2855 3420 est
2873 3338 3283 3420 Aegroetius.‘_qui
3306 3336 3618 3420 diligentias
3650 3337 3825 3392 uerbo-

2249 3426 2364 3461 rum
2390 3426 2422 3462 a
2449 3410 2517 3463 de
2542 3419 2589 3462 et
2616 3409 2668 3463 di
2699 3408 3046 3479 insipientium
3075 3409 3230 3462 tradit
3253 3428 3303 3476 p.
3326 3408 3489 3463 2267.

644 3543 660 3572 ¹
702 3539 923 3607 νιι⁹κτιιιι
955 3540 1253 3606 manifestus
1278 3540 1342 3593 sit
1382 3553 1477 3605 pro
1510 3539 1778 3603 adpareat,
1815 3546 1872 3593 et
1897 3538 2134 3606 Vulgatze
2166 3540 2210 3600 ρ
2243 3538 2424 3593 videre
2448 3549 2553 3602 est,
2585 3540 2629 3592 si
2656 3538 2856 3605 lubeat,
2889 3539 2943 3592 in
2974 3538 3110 3607 psal.
3141 3554 3322 3602 cxvut,
3365 3552 3528 3592 serm.
3559 3538 3613 3603 8,
3659 3538 3758 3605 96,
3784 3547 3822 3591 t.

571 3613 860 3670 cimoiuunt
903 3611 1118 3677 antiqua
1168 3610 1346 3663 versio
1389 3608 1526 3677 apud
1575 3609 1779 3671 Sabat.,
1825 3618 1985 3674 atque
2018 3611 2140 3669 Atu-

569 3681 878 3756 hrnsisstes.
909 3681 1128 3756 Grut-cus
1145 3694 1272 3756 sero
1296 3689 1470 3735 textus
1493 3684 1677 3755 φανερὰ
1705 3679 1735 3756 ᾖ
1767 3682 1814 3734 ἐν
1842 3686 2020 3747 «rictu,
2045 3680 2135 3734 sed

571 3751 753 3820 plures
778 3766 908 3807 mss.
938 3751 1119 3805 delent
1146 3754 1212 3806 ἄν.

642 3824 662 3852 ¹
703 3821 907 3876 Similia
928 3822 1173 3890 leguntur
1198 3820 1252 3875 in
1282 3822 1413 3888 psal.
1434 3837 1614 3882 csvnt.
1642 3836 1806 3876 serm.
1838 3819 1923 3885 l5,
1955 3822 2008 3883 7,
2048 3821 2133 3874 ubi

573 3892 837 3946 Davidica:
864 3891 1205 3959 perfectionis
1234 3893 1519 3961 praeposito
1547 3891 1817 3960 exemplo,
1843 3890 1922 3946 sic
1949 3892 2016 3945 de
2046 3891 2136 3944 illo

502 4014 507 4025 η,
565 3963 678 4017 ait:
714 3961 832 4015 Non
855 3963 1185 4028 singularibus
1226 3965 1425 4015 animus
1451 3966 1807 4015 traducebatnr
1846 3962 2134 4025 illecebris;

569 4049 682 4114 non.
703 4033 997 4099 pecuniaria
1025 4034 1354 4114 cqqcerrlctngt'
1392 4034 1686 4114 patrimonii
1724 4032 2110 4114 cupiditate/ia

567 4102 785 4169 grabat;
826 4119 926 4156 non
966 4102 1253 4172 proferendi
1292 4101 1466 4166 limitis
1502 4102 1901 4170 excludendique
1931 4103 2136 4169 ﬁnitimi

566 4174 753 4227 anxius
783 4189 1017 4226 curarum
1042 4183 1194 4226 (estus
1228 4174 1397 4225 studio
1432 4173 1769 4234 meditationis
1789 4175 2037 4227 intentum
2065 4190 2135 4225 re.

564 4244 793 4365 fectebat
844 4242 1082 4308 aiectum
1124 4260 1143 4299 .-
1184 4242 1429 4325 quidquid
1474 4252 1677 4325 poterat.
1728 4244 1967 4326 tempatis
2026 4244 2134 4297 dies

599 4314 767 4365 abere.
797 4313 893 4365 hoc
919 4325 1074 4365 totum
1093 4313 1202 4365 sola
1222 4316 1315 4365 sibi
1342 4330 1395 4365 ιιι
1419 4314 1527 4365 leae
1545 4314 1805 4365 meditatio
1825 4314 2130 4365 vindicabat.

599 4314 767 4375 abere,
797 4313 893 4367 hoc
919 4325 1074 4367 totum
1093 4313 1202 4367 sola
1222 4314 1317 4365 sibi
1342 4314 1395 4365 in
1419 4314 1527 4381 lege
1545 4313 1805 4371 meditatio
1825 4314 2131 4383 vindicabat.

638 4383 659 4453 Ξ
699 4384 753 4437 Id
785 4393 868 4437 est
886 4384 968 4437 vel
997 4382 1207 4453 proprie
1250 4386 1413 4436 crucis
1441 4385 1606 4452 signa.
1635 4399 1794 4453 quem
1828 4385 1976 4449 initio
1994 4401 2068 4453 op
2088 4382 2130 4424 σέ

565 4452 788 4506 rationis
808 4454 1062 4521 cujusque
1089 4452 1556 4507 latniliarissimum
1580 4452 1742 4511 iniisse
1766 4455 1953 4521 priscis
1976 4452 2128 4516 Chri-

564 4522 755 4593 stianis
786 4523 1104 4593 passimSS.
1136 4521 1333 4593 Patres,
1358 4531 1639 4590 testantur,
1680 4523 1767 4587 vel
1808 4524 1940 4579 forte
1968 4524 2132 4591 bapti-

566 4594 733 4647 snu.ti.
758 4608 861 4662 quo
899 4592 1047 4659 plebs
1072 4592 1338 4647 Ambrosii
1370 4609 1537 4662 nuper
1562 4594 1734 4657 fuerat
1776 4595 2001 4658 initiata,
2033 4612 2131 4659 seu

567 4661 819 4718 initianda
865 4677 986 4731 mox
1032 4671 1166 4716 erat.
1209 4662 1350 4717 Sane
1388 4661 1689 4732 baptismum
1719 4666 1932 4727 nomine
1957 4681 2129 4719 sacra-

564 4746 729 4785 mento
769 4736 929 4786 crucis
955 4732 1294 4803 Ambrosium
1340 4734 1634 4801 appellasse
1674 4736 1727 4790 in
1763 4736 1896 4803 psal.
1940 4750 2125 4801 cum,

565 4819 728 4857 serui.
763 4805 849 4867 13,
875 4806 929 4871 6,
961 4814 999 4856 t.
1036 4803 1097 4871 II,
1129 4811 1316 4870 putant
1337 4803 1582 4861 Maurini.
1615 4804 1744 4862 Vide
1779 4807 1910 4863 ibid.
1946 4816 2124 4867 notam

564 4874 819 4962 eruatis,
846 4884 899 4927 ct
916 4869 1096 4962 intra.
1115 4874 1431 4962 Ambrosius
1447 4875 1579 4962 “ejus
1604 4890 1684 4937 rei
1702 4877 1766 4937 ba
1801 4876 1901 4931 hoc
1929 4875 2053 4956 loco
2073 4886 2126 4929 el
2157 4904 2203 4962 υ

562 4943 689 4997 alibi
718 4957 881 4997 Sacru-
916 4944 1202 5009 Scriptum
1243 4945 1417 4998 verbis
1439 4944 1587 5012 juxta
1616 4961 1770 5009 suum
1812 4960 2012 5004 morem
2042 4946 2125 4999 iu-

563 5014 719 5085 tesit.
755 5012 873 5085 Yid.
921 5015 1108 5068 saltem
1150 5030 1267 5085 sup.
1298 5015 1390 5069 cit.
1422 5030 1584 5077 serm.
1631 5016 1699 5073 dc
1734 5015 1975 5078 Basilicis
2018 5032 2049 5068 n
2091 5032 2124 5082 ιι

561 5082 829 5155 “attend”
856 5086 1179 5155 etsparsim.

632 5152 652 5181 “
692 5153 1000 5209 Ambrosius
1028 5154 1081 5207 in
1113 5154 1245 5221 psal.
1276 5171 1423 5218 xmu,
1446 5154 1534 5218 52,
1570 5164 1609 5208 t.
1640 5154 1701 5215 ll.
1740 5151 1899 5207 habet
1935 5171 1949 5212 ;
1976 5172 2122 5211 nemo

560 5222 766 5294 mittens
791 5241 995 5275 manum
1019 5225 1071 5277 in
1092 5235 1319 5278 aratrum
1347 5226 1615 5294 respiciens
1640 5233 1798 5289 retro,
1838 5223 2021 5278 habilis
2050 5237 2121 5279 et

556 5308 712 5365 requa
742 5291 854 5354 Dei,
891 5302 951 5365 et
976 5294 1066 5347 lib.
1098 5311 1186 5348 VIII
1215 5297 1264 5348 in
1298 5291 1452 5353 Luc.)
1490 5311 1543 5347 ιι.
1571 5296 1662 5354 45.
1687 5296 1799 5347 sic:
1832 5310 1977 5346 nemo
2002 5298 2119 5348 mi:-

556 5371 663 5421 tens
696 5379 895 5435 manum
936 5364 987 5416 in
1027 5376 1274 5431 aratrum,
1306 5378 1351 5418 et
1389 5365 1659 5430 respiciens
1688 5372 2020 5435 retro.r_aptus
2045 5379 2115 5418 est

554 5447 715 5501 regno,
739 5432 993 5503 (telorum.
1038 5436 1092 5490 Si
1124 5451 1252 5503 ergo
1280 5437 1451 5501 primo
1483 5435 1599 5486 loco
1626 5449 1720 5499 pro
1742 5433 1942 5499 habilis,
1987 5446 2043 5489 ut
2066 5443 2115 5489 in

553 5502 788 5566 secundo
814 5502 963 5569 aptus
989 5502 1209 5573 legatur,
1244 5503 1424 5555 addito
1450 5514 1498 5555 et
1528 5514 1645 5571 post
1673 5514 1922 5567 aratrum,
1970 5506 2052 5560 sel
2078 5512 2120 5560 si

553 5572 773 5625 secundi
810 5575 908 5626 loci
944 5576 993 5627 in
1025 5572 1127 5628 line
1159 5575 1338 5627 ultima
1369 5576 1531 5626 verba
1555 5574 1707 5642 primi
1730 5590 1884 5644 regno
1910 5573 2002 5628 Dei
2025 5593 2123 5644 pro

551 5659 706 5719 regno
748 5645 1004 5719 caelorum
1038 5654 1339 5719 ponantur,
1392 5644 1557 5711 tertia,
1599 5643 2119 5711 nostri'codicis'ad

553 5712 774 5779 i'erhum
805 5715 1152 5781 Ambrosinus
1178 5712 1333 5766 lectio
1358 5720 1662 5775 consurget.

622 5783 642 5813 ⁸
685 5782 886 5854 Passim
934 5782 1396 5854 utiturrexetnplis
1446 5783 1795 5847 Ambrosius,
1838 5786 1989 5854 queis
2037 5787 2122 5847 ιϊ1

549 5867 699 5919 suam
732 5851 1003 5932 es‘planet,
1048 5853 1126 5923 \ch
1155 5851 1433 5923 coulirmct
1474 5856 1819 5929 sententiam,
1849 5851 1904 5914 ut
1930 5858 2117 5914 saltent

2245 3609 2317 3671 ll;
2349 3610 2440 3663 lib.
2466 3610 2532 3664 de
2562 3611 2784 3680 Myster.
2805 3610 2995 3673 “.450,
3031 3618 3071 3662 t.
3105 3609 3189 3669 Ill.

2314 3680 2334 3711 ⁸
2357 3678 2864 3734 διηριιιιιιιιοςιιιιιιι
2882 3681 3170 3733 antistitem
3187 3679 3490 3747 frequenter
3502 3679 3553 3733 in
3566 3678 3684 3734 suis
3696 3693 3796 3734 con
3808 3708 3821 3719 -

2240 3749 2487 3805 eionibus
2500 3750 2766 3805 assiduam
2779 3765 2945 3805 sacra:
2965 3750 3257 3815 Scripturte
3275 3751 3559 3805 lectionem
3574 3750 3822 3803 ﬁdelibus

2239 3822 2648 3876 commendasse
2678 3830 2822 3875 recte
2859 3828 3045 3874 notant
3076 3820 3405 3876 Benedictini
3433 3821 3672 3874 editores
3704 3824 3812 3875 ent.

2238 3889 2366 3957 474,
2398 3902 2451 3946 t.-
2472 3890 2512 3946 ll
2541 3908 2691 3961 oper.
2721 3891 2776 3945 ιιι
2806 3892 3002 3961 quippe
3038 3900 3091 3943 et
3112 3907 3207 3943 nos
3238 3906 3394 3961 supra
3428 3889 3822 3961 animadverti-

2239 3976 2379 4024 mus,
2400 3977 2464 4016 ac
2485 3959 2829 4017 visvolventi
2852 3962 2865 4014 l
2892 3962 2942 4014 b.
2972 3976 3007 4015 ιι
3033 3961 3101 4015 de
3125 3959 3348 4028 AbrahL,
3369 3960 3525 4023 5,22.
3553 3970 3591 4014 ι.
3618 3959 3664 4023 Ι,
3687 3974 3738 4016 et
3768 3962 3818 4015 in

2239 4032 2375 4103 psal.
2400 4034 2724 4097 prmsertitnl
2750 4042 2798 4087 et
2819 4046 2999 4096 cxvut.
3019 4041 3354 4103 perspectum
3377 4033 3478 4085 erit
3502 4032 3748 4103 omnino.

2309 4102 2327 4133 "
2376 4102 2823 4173 Vendiditjustus,
2849 4116 2922 4161 SCI
2940 4101 3035 4155 ibit
3062 4102 3373 4156 Ambrosius
3400 4102 3449 4154 iu
3477 4101 3819 4169 psal.cwttt,

2238 4186 2401 4227 sertn.
2433 4174 2522 4232 2|.
2550 4172 2637 4233 18,
2680 4172 2947 4239 facultates
2970 4188 3109 4236 suas,
3143 4173 3450 4238 dispensavit
3486 4175 3816 4241 pauperibus,

2236 4243 2365 4370 ᾔτει
2386 4244 2513 4384 με)
2545 4244 2767 4305 reliquit.
2796 4241 2994 4297 Recole
3023 4242 3163 4297 dicta
3205 4258 3322 4311 pag.
3368 4243 3419 4306 1,
3443 4252 3552 4296 not.
3596 4244 3634 4295 s
3676 4241 3818 4313 (Col.

2314 4316 2440 4375 l,u.
2469 4316 2532 4375 ³).

2305 4386 2326 4417 ⁸
2356 4382 2540 4437 Parem
2557 4382 2875 4441 sententiam
2894 4383 2945 4436 in
2965 4383 3065 4445 hoc
3078 4390 3391 4450 argumento
3415 4395 3634 4437 versans
3650 4382 3819 4437 habet

2233 4453 2290 4509 S.
2319 4455 2509 4508 doctor
2535 4453 2585 4506 in
2609 4455 2701 4507 cit.
2728 4455 2860 4519 psal.
2889 4469 3053 4508 serm.
3082 4454 3166 4517 10,
3189 4454 3278 4506 ‘39.
3303 4450 3588 4517 Discamus,
3615 4454 3818 4520 inquit,

2231 4541 2350 4594 ergo
2360 4534 2405 4579 et
2418 4541 2507 4578 nos
2527 4524 2581 4588 in
2595 4525 2703 4593 lege
2714 4525 2962 4591 meditari,
2983 4541 3083 4589 non
3107 4539 3373 4583 arocemur
3396 4524 3731 4576 secutoribus
3752 4523 3818 4575 il-

2232 4596 2456 4657 lecebris,
2478 4611 2577 4646 non
2599 4610 2900 4660 occupamur
2916 4594 3314 4660 impedimentis;
3337 4596 3423 4647 sed
3443 4608 3640 4657 semper
3662 4595 3737 4646 ad
3754 4597 3821 4645 le-

2230 4681 2338 4734 gem
2357 4665 2617 4731 ueisimus
2638 4664 3023 4734 adtentiallonl',
3038 4674 3284 4723 anni-tata
3302 4678 3459 4731 supra
3483 4670 3601 4732 pag.
3618 4664 3679 4725 4,
3695 4676 3815 4716 not.

2308 4722 2502 4801 et'pag.
2530 4735 2586 4798 5,
2614 4743 2725 4799 not.
2750 4735 2783 4789 5
2810 4731 2943 4802 (Col.
2970 4722 3091 4797 114,
3114 4751 3167 4789 ιι.
3190 4722 3241 4795 7⁷.
3259 4744 3306 4787 et
3329 4722 3443 4801 hui.
3466 4722 3584 4802 pag:
3612 4722 3677 4787 n.
3704 4736 3775 4803 ⁸).

2302 4808 2319 4837 ⁸
2360 4804 2678 4865 Ambrosius
2704 4804 2829 4867 illud
2858 4804 3042 4868 Matth.
3078 4820 3151 4870 vr,
3188 4805 3280 4869 διδ,
3318 4804 3629 4873 expendeus
3659 4803 3813 4858 haud

2229 4875 2489 4930 absimilia
2520 4875 2677 4933 habet
2703 4875 2797 4933 lib.
2824 4889 2895 4929 vn
2920 4876 2973 4931 itt
3005 4876 3158 4938 Luc.,
3184 4891 3237 4931 n.
3270 4876 3391 4937 130,
3417 4883 3457 4930 t.
3484 4874 3545 4937 Il,
3579 4874 3667 4927 ubi
3704 4876 3817 4928 Do-

2224 4945 2427 5009 minus,
2457 4945 2549 5010 ait,
2576 4961 2664 4999 nec
2703 4944 2769 4997 ad
2809 4961 3049 5014 presens,
3093 4962 3182 4998 nec
3212 4947 3264 4998 in
3294 4946 3541 5010 reliquum
3568 4945 3817 5009 ﬁdelibus

2232 5016 2449 5077 ostendit
2483 5016 2704 5086 gratiam
2730 5016 3061 5085 defuturam;
3100 5017 3143 5069 si
3171 5016 3321 5081 modo
3352 5017 3440 5084 qui
3466 5016 3636 5069 divina
3668 5017 3816 5067 desi-

2228 5087 2443 5149 derant,
2484 5098 2681 5139 terrena
2722 5102 2822 5140 non
2860 5096 3115 5155 quierant.
3162 5086 3464 5139 lndecorum
3502 5086 3695 5156 quippe
3734 5098 3815 5139 est

2228 5156 2455 5209 homines
2490 5172 2670 5217 curare
2707 5158 2770 5209 de
2799 5158 2930 5219 cibo,
2957 5158 3045 5221 qui
3080 5158 3297 5210 militant
3327 5156 3390 5208 de
3426 5155 3600 5224 regno.
3642 5155 3814 5208 Nouit

2225 5242 2315 5282 rex
2341 5227 2764 5294 quemadmodum
2791 5228 3040 5288 familiam
3067 5242 3214 5280 suam
3238 5237 3430 5290 pascat,
3454 5228 3580 5289 alat,
3597 5231 3810 5281 restiat.

2298 5298 2337 5330 ιο
2357 5296 2515 5365 Cotti,
2539 5296 2630 5351 lib.
2652 5297 2753 5362 ide.
2772 5295 2936 5349 Jacob
2950 5305 3005 5351 et
3021 5296 3129 5367 Vit.
3148 5297 3432 5358 Beata,vu,
3448 5295 3535 5367 52,
3552 5307 3589 5349 t.
3609 5297 3645 5360 Ι,
3667 5310 3721 5348 ιιι
3754 5299 3812 5351 itt

2226 5367 2567 5447 psal._csvnt,
2592 5383 2752 5447 serta.
2776 5367 2904 5447 8,},
2934 5366 3383 5447 atguesermﬂl,
3411 5366 3498 5432 1%.
3522 5378 3649 5422 tam.
3680 5368 3752 5421 ll.

2300 5439 2341 5468 “
2372 5438 2602 5509 Legatus
2638 5438 2695 5509 in,
2737 5436 2867 5509 psal.
2900 5436 3177 5509 ᾏιιῖιιεό,
3210 5448 3267 5493 et
3305 5453 3489 5501 cum,
3532 5452 3701 5492 serto.
3753 5440 3814 5503 7,

2225 5507 2415 5568 25-57.
2446 5506 2533 5561 ubi
2564 5508 2765 5561 similes
2791 5506 3078 5572 dictiones",
3106 5518 3159 5569 et
3180 5509 3464 5575 sententia:
3490 5517 3633 5563 sunt.

2301 5579 2340 5608 ι’
2373 5577 2558 5632 Itidem
2579 5576 2876 5648 Cyprianus
2902 5577 3055 5642 epist.
3074 5579 3139 5637 ad
3166 5578 3516 5641 Demetriad.,
3535 5580 3641 5633 τοι.
3668 5576 3816 5642 Eii.

2225 5650 2465 5715 exceptis
2509 5648 2731 5717 fructum
2772 5648 2889 5702 loco
2920 5649 3138 5718 fructus,
3164 5661 3219 5708 et
3259 5649 3427 5702 cibum
3470 5665 3567 5718 pro
3604 5664 3816 5713 escam,

2224 5728 2384 5784 atque
2421 5718 2501 5773 bis
2537 5718 2715 5771 addito
2756 5728 2825 5783 et,
2874 5719 3081 5774 scnlieet
3139 5731 3259 5787 post
3304 5722 3523 5787 fructum
3568 5728 3617 5772 et
3670 5733 3817 5775 ante

2223 5788 2409 5861 campi.
2433 5789 2716 5861 Ambrosio
2731 5800 2918 5861 natstro
2952 5789 3097 5846 lavet
3114 5790 3436 5861 Augustinus
3462 5790 3551 5843 lib.
3572 5804 3703 5843 sint
3740 5793 3817 5847 de

2224 5857 2339 5912 Civ.
2375 5858 2484 5925 Dei,
2518 5859 2621 5915 col.
2657 5858 2759 5915 5|5
3188 5899 3192 5903 ‹
