4032 6450
206 428 294 487 ιιι

1239 421 1302 490 ρ.
1343 422 1408 478 Δ.
1449 406 1885 478 SYMMACHUS.
1928 415 2460 481 PROLEGOMENA,

3368 423 3474 482 πη

204 543 252 597 in
303 543 386 597 eis
423 549 549 596 sunt
593 539 769 595 omnia
793 540 809 570 ¹
842 536 1027 608 (Apoc.
1067 551 1120 603 ν,
1160 535 1374 610 11-15).
1406 558 1425 592 ι
1475 539 1542 594 Et
1582 540 1773 595 iterum
1808 541 1856 602 Α
1887 538 2136 607 nedictio,
2170 547 2223 593 et
2248 537 2438 608 gloria,
2485 545 2536 592 et
2581 536 2861 607 sapientia,
2891 545 2946 593 et
2981 539 3274 609 gratiam
3302 540 3468 608 actio,

205 641 422 688 monet:
463 651 480 684 ι
514 632 700 702 Angeli
730 631 944 685 stabant
973 629 1117 683 circa
1141 630 1410 695 thronum,
1439 637 1493 685 et
1517 632 1777 697 seniores,-

202 735 252 779 et
280 732 508 794 quatuor
535 720 786 776 animalia
813 739 827 775 :
856 728 911 775 et
932 718 1272 788 prociderunt
1295 727 1418 774 ante
1443 721 1694 776 thronum
1724 721 1777 776 in

204 816 396 871 faciem
428 827 602 877 suam,
625 821 681 868 et
706 811 1068 868 admouerunt
1089 810 1279 878 Deum,
1303 812 1322 842 ‘
1350 811 1590 869 dicentes
1630 830 1642 864 :
1675 812 1781 868 Be-

267 936 294 964 ι
335 927 395 982 In
421 925 614 982 cod....
638 934 656 979 t
685 939 846 979 sermo
871 924 944 979 sci
972 922 1125 995 Amo.
1178 923 1346 995 liuius
1383 923 1650 989 formulas,
1678 940 1783 995 qua

203 1011 380 1052 sermo
418 996 775 1063 concluditur,
829 997 880 1048 in
931 994 1100 1062 prima
1145 1009 1276 1049 voce
1322 993 1779 1063 litterm.prorsus

205 1067 523 1123 oblitterata:
568 1075 712 1135 sunt,
761 1075 812 1124 et
859 1064 1058 1121 ultimas
1097 1064 1353 1135 duntaxat
1379 1066 1617 1119 litterae!
1659 1081 1779 1134 quas

217 1147 344 1192 meta
393 1139 561 1196 forma
601 1134 792 1192 excudi
820 1136 1022 1204 curavi,
1071 1134 1280 1189 nonnisi
1311 1135 1469 1190 breve
1499 1136 1777 1205 vestigium

278 1249 293 1278 ¹
339 1248 560 1318 Antiqua
593 1247 766 1318 versig
795 1245 935 1318 apud
955 1233 1136 1303 Sabat.
1167 1233 1336 1314 addit,
1358 1247 1532 1301 subtus
1561 1258 1778 1310 terram;

207 1319 290 1374 cui
329 1315 521 1373 cecinit
549 1331 684 1373 nova
732 1315 910 1388 Vulg,
942 1319 1188 1388 quamvis
1237 1327 1342 1372 non
1372 1318 1576 1374 eisdem
1605 1320 1782 1374 verbis

205 1389 552 1513 leg""(iraactts
582 1457 847 1514 Ambrosii
879 1459 1052 1514 nostri
1101 1424 1314 1514 lectioni
1345 1458 1504 1521 favet,
1537 1460 1581 1514 si
1632 1445 1784 1516 initio

203 1529 424 1593 scribas,
456 1527 522 1583 Et
543 1543 716 1584 omnes
742 1533 867 1584 ante
899 1529 1092 1600 angeli.

1886 631 1943 687 ει
1969 629 2163 697 honor,
2189 635 2240 685 et
2271 631 2530 699 potestas,
2554 639 2608 684 et
2631 631 2800 684 uirtus
2826 630 2935 685 Deo
2967 641 3149 686 nostro
3181 632 3233 687 in
3259 633 3472 688 saecula

1889 723 2245 780 saeculorum.
2272 725 2441 778 Amen
2473 721 2494 752 ³
2523 720 2686 793 (Ibid.
2717 738 2808 787 vn,
2844 723 2931 789 1i,
2969 722 3077 792 12).
3122 741 3139 772 ι

2176 814 2425 868 Eertcrr
2456 822 2482 850 α
2513 827 2684 868 sanato
2707 827 2890 868 SANCTI
2921 811 3180 868 AunnOSI.

1892 935 2110 992 manet;
2144 941 2261 994 eam
2304 935 2487 994 tamen
2513 921 2816 994 formulam,
2849 917 3022 978 habita
3053 925 3344 994 spatiorum
3387 931 3473 980 ra-

1889 997 2052 1066 tione,
2076 993 2327 1067 supplere
2357 993 2495 1080 haud
2521 991 2738 1080 difficile
2765 994 2896 1060 fuit;
3114 997 3272 1078 enim
3303 997 3445 1066 copti

1887 1068 1955 1121 cit
1982 1065 2077 1122 fuit
2098 1065 2353 1123 solemnis
2374 1073 2604 1135 antiquis
2631 1076 2774 1122 ratio
2795 1065 3076 1122 cludendi
3103 1067 3290 1124 libros.

1956 1245 2076 1324 f‘ln
2122 1249 2291 1324 antiq.
2315 1258 2371 1324 et
2400 1261 2536 1324 riora
2560 1261 2727 1324 vers"
2752 1251 2964 1324 claritas
3001 1252 3120 1316 loco
3146 1253 3347 1324 gloria;
3376 1255 3472 1324 sed

1886 1319 2357 1408 nobiscumﬂloria
2404 1320 2601 1408 retinet
2643 1320 2728 1408 SE
2751 1320 3063 1398 Fulgentius
3093 1319 3376 1408 in'fragm;
3405 1321 3473 1380 '51

1886 1400 2031 1470 cont.
2065 1389 2307 1470 Fabium,
2339 1391 2443 1470 egi.
2469 1391 2662 1470 6_16,_ct
2689 1390 2908 1447 Graccus
2941 1393 3116 1448 textus
3145 1398 3232 1470 qui
3264 1389 3316 1449 in
3348 1397 3470 1460 line,

1888 1470 1944 1514 ιιι
1971 1461 2022 1514 in
2054 1460 2260 1526 codice,
2292 1459 2442 1516 addit
2469 1463 2641 1533 Ἀμήν.

459 1611 500 1671 !!v
543 1612 572 1671 v!
621 1610 662 1671 '!-
825 1610 842 1672 Ξ
880 1610 943 1672 ,Ξο
1323 1617 1334 1671 !
1375 1617 1380 1670 !
2295 1615 2302 1673 !
2419 1615 2438 1674 !t
2589 1617 2602 1674 Ε

1423 1714 1588 1758 ANNO
1629 1716 1857 1760 DOMINI
1901 1717 2280 1764 CCCLXXXIV.

240 1836 449 2039 ρ.
593 1823 1776 1997 AURELIUS

1913 1826 3442 2026 SYMMACHUS'I

1340 2060 1398 2112 ν.
1426 2059 1479 2111 c.
1507 2061 1638 2114 eos.
1664 2062 1876 2136 unum.
1904 2064 2104 2116 rasas.
2133 2063 2333 2119 URBIS.

1722 2158 2013 2186 ’ὼ-

1232 2273 2452 2426 PROLEGoMENA.
2513 2343 2518 2348 -

604 2587 1017 2661 GUILIELMI
1058 2593 1270 2661 cava
1313 2597 1647 2662 norma.
1689 2599 2115 2667 msromca
2161 2604 2244 2666 IN
2287 2589 2468 2666 Atia.
2515 2589 3052 2667 smuscauu.

258 2727 326 2794 Q.
361 2725 603 2778 Aurelius
630 2723 1004 2792 Symmachus,
1037 2721 1202 2775 Roma
1229 2723 1507 2787 oriundus,
1533 2709 1772 2792 ejusdem
1805 2730 1856 2791 Β
1885 2729 2122 2791 machus,
2151 2728 2242 2782 sed
2272 2736 2325 2782 et
2357 2727 2512 2796 paulo
2535 2735 2658 2796 post
2695 2731 2943 2795 tanquam
2991 2727 3115 2780 reus
3157 2726 3470 2796 maiestatis,

200 2813 344 2874 urbis
381 2828 600 2871 senator
645 2821 698 2869 et
738 2814 1042 2885 praefectus,
1092 2815 1284 2870 claruit
1334 2817 1598 2885 principiis
1644 2831 1784 2872 anno

199 2905 313 2964 58.5.
347 2909 704 2964 Consulatum
751 2907 917 2978 gessit
947 2921 1093 2960 anno
1137 2907 1264 2963 391.
1316 2908 1584 2965 Infensum
1629 2907 1786 2964 Chri-

200 2999 381 3055 Iliona:
405 3000 650 3070 religioni
680 2999 917 3053 animum
947 2999 1142 3070 ubique
1179 3001 1379 3070 prodit,
1421 3002 1688 3071 imprimis
1728 3003 1785 3057 in

202 3092 467 3147 "statim
492 3108 585 3162 pro
617 3105 712 3144 ara
759 3091 999 3146 Victoriae
1028 3107 1188 3160 quam
1220 3092 1529 3162 imperatori
1552 3091 1789 3149 Valenti-

199 3183 354 3238 niano
378 3184 598 3250 obtulit,
630 3185 682 3236 in
710 3198 810 3252 qua
839 3183 1114 3249 gentilium
1152 3198 1368 3238 causam
1393 3192 1612 3240 strenue
1638 3193 1695 3240 et
1721 3198 1790 3240 ex

199 3275 446 3344 ﬂofesso
485 3275 636 3344 egit,
687 3273 1048 3328 adversarium
1107 3283 1291 3327 nactus
1342 3275 1406 3328 D.
1446 3275 1789 3332 Ambrosium

201 3367 480 3422 Mediolani
507 3367 838 3434 episcopum,
870 3365 958 3436 qui
991 3365 1298 3436 Symmachi
1343 3381 1478 3436 opus
1515 3369 1791 3439 eleganter

198 3477 240 3504 ε·
323 3474 498 3514 nunc
522 3457 740 3513 refellit.
773 3456 880 3512 Nec
903 3469 1060 3511 causa
1096 3472 1190 3512 sua
1223 3458 1383 3513 modo
1412 3459 1612 3514 excidit
1633 3459 1791 3531 Sym-

1891 2819 1977 2872 vilu
2011 2819 2193 2873 rheda:
2221 2819 2498 2886 impositus
2521 2818 2869 2871 centesintutn
2896 2816 2962 2870 ab
2995 2818 3129 2871 urbe
3161 2818 3386 2887 lapidem
3419 2821 3475 2875 in

1893 2910 2135 2964 exsilium
2178 2910 2372 2962 missus
2416 2918 2532 2974 est,
2586 2923 2705 2962 mox
2738 2907 2864 2962 licet
2887 2917 2914 2962 a
2945 2905 3248 2962 Theodosio
3273 2911 3324 2964 in
3349 2925 3475 2979 gra-

1896 3003 2019 3055 tiam
2052 3007 2317 3069 receptus.
2361 2999 2548 3053 Exstat
2596 3000 2709 3053 haec
2751 2999 3062 3068 Symmachi
3112 3000 3314 3054 Relatio
3360 3010 3472 3057 tum

1896 3094 2034 3147 inter
2055 3091 2325 3148 Ambrosii
2353 3095 2538 3160 opera,
2563 3100 2674 3145 tum
2698 3091 2836 3145 inter
2865 3090 3170 3161 Symmachi
3194 3092 3469 3162 epistolas,

1893 3200 2011 3254 quae
2035 3199 2152 3237 cum
2184 3183 2273 3238 Fr.
2305 3183 2474 3237 Jureti
2504 3191 2558 3238 et
2582 3181 2736 3237 Joan.
2783 3182 2944 3238 Lectii
2989 3181 3131 3238 nolis
3160 3184 3475 3253 prodierunt

1893 3274 2144 3337 Genevzr,
2185 3273 2344 3339 1598,
2369 3274 2536 3338 ἱππ-8⁸,
2567 3273 2864 3343 additisque
2888 3272 3078 3329 decem
3099 3275 3472 3330 miscellaneo-

1893 3381 2010 3421 rum
2060 3364 2237 3433 libris,
2287 3364 2453 3418 Paris.
2503 3362 2672 3433 1604,
2714 3364 2886 3433 iri-4°,
2920 3381 3042 3420 cum
3083 3367 3222 3423 notis
3268 3365 3471 3434 Parati,

1893 3457 2060 3528 Neap.
2089 3456 2317 3520 Nemct.,
2341 3452 2500 3522 1628,
2529 3455 2693 3511 ἰπὶ-8ο.

892 3645 1086 3708 νιΤΑ
1127 3644 1552 3709 SYMMACHI
1598 3645 1712 3708 EX
1756 3637 2325 3719 ANTIQUISSIMA
2367 3633 2777 3706 EDITIONE.

263 3765 326 3834 ρ.
375 3765 628 3820 Aurelius
665 3765 1051 3834 Symmachus,
1093 3765 1178 3820 vir
1221 3764 1541 3828 consularis,
1593 3765 1783 3820 iisdem

205 3858 308 3913 fere
343 3857 678 3927 temporibus
699 3851 849 3923 vixit,
878 3857 1068 3926 quibus
1094 3857 1204 3911 divi
1239 3857 1487 3912 doctores
1524 3858 1786 3928 Hierony-

207 3953 315 4004 uius
351 3957 407 4004 et
427 3947 762 4014 Ambrosius,
787 3951 1078 4019 Ausonius,
1112 3949 1431 4005 Prudentius
1456 3956 1512 4005 et
1539 3947 1785 4004 Claudia-

206 4055 297 4097 nus
327 4049 530 4112 poclae.
563 4039 689 4112 Ejus
718 4042 1050 4113 consulatum
1095 4041 1463 4112 collegamque
1507 4039 1781 4096 Tucianum

205 4131 376 4190 refert
405 4132 636 4203 Prosper
658 4132 726 4187 de
751 4132 1103 4202 Temporibus
1131 4133 1183 4186 in
1206 4147 1401 4187 annum
1427 4132 1632 4186 Domini
1654 4129 1779 4194 594,

207 4225 284 4293 qui
315 4223 422 4278 fuit
449 4233 621 4278 annus
665 4224 1002 4294 imperatoris
1033 4223 1390 4278 Valentiniani
1418 4223 1656 4278 iunioris
1693 4237 1785 4278 ex-

207 4325 408 4375 tremus
438 4336 450 4370 :
481 4319 547 4372 ad
577 4323 734 4389 quem
775 4329 906 4373 sane
945 4318 1171 4374 habetur
1210 4319 1431 4388 epistola
1476 4318 1786 4390 Symmachi

208 4411 423 4481 proprio
452 4410 611 4466 titulo
652 4411 930 4478 inscripta,
969 4425 1092 4464 cum
1134 4410 1332 4480 alioqui
1371 4409 1708 4465 desideretur
1735 4407 1788 4466 id

209 4511 369 4572 genus
402 4503 633 4572 parergi.
664 4500 771 4556 Nec
802 4503 1116 4570 ignorantur
1134 4502 1249 4571 ejus
1270 4500 1333 4554 ad
1359 4500 1652 4555 Ausonium
1677 4500 1789 4571 epi-

209 4589 354 4647 stola:
389 4609 400 4644 :
431 4601 590 4663 quem
619 4605 778 4647 nemo
806 4594 978 4648 nescit
1005 4592 1193 4648 iisdem
1227 4593 1554 4662 temporibus
1592 4595 1790 4650 vixisse

211 4683 359 4752 primi
390 4683 620 4738 nominis
650 4683 844 4737 virum.
893 4685 961 4738 Et
1013 4684 1098 4739 hic
1147 4695 1229 4738 est
1277 4685 1650 4755 Symmachus,
1699 4687 1790 4755 qui

212 4788 420 4830 causam
474 4774 753 4844 gentilium
795 4774 1019 4830 deorum
1066 4777 1310 4831 oratione
1367 4776 1791 4835 luculentissima

214 4862 446 4921 defendit
493 4865 651 4935 apud.
685 4864 842 4921 divos
875 4863 1238 4922 Theodosium
1298 4868 1677 4938 imperatorem
1737 4879 1798 4926 et

217 4959 520 5022 Arcadium,
551 4959 951 5029 llonoriumque
978 4958 1240 5015 Cmsares.
1270 4960 1465 5016 Contra
1490 4978 1646 5032 quem
1680 4963 1793 5032 ple-

221 5049 367 5120 rique
408 5053 521 5118 alii,
556 5051 837 5107 nervosius
882 5061 1058 5107 tamen
1105 5054 1368 5124 scripsere
1418 5065 1632 5110 sanctus
1662 5055 1792 5110 Am-

204 5139 422 5197 brosius
458 5151 513 5198 et
559 5143 807 5198 Aurelius
854 5142 1173 5199 Prudentius
1215 5144 1365 5200 libris
1408 5146 1656 5201 duobus:
1708 5147 1795 5204 hic

219 5246 372 5290 versu
400 5235 733 5302 hexametro,
766 5251 920 5305 prosa
951 5237 1104 5292 aiius.
1150 5238 1246 5293 Est
1273 5238 1452 5294 videre
1473 5255 1536 5295 ex
1567 5239 1656 5294 illa
1681 5241 1794 5310 ipsa

219 5328 474 5393 oratione,
519 5339 717 5398 quanta
760 5327 870 5395 ille,
912 5345 1181 5400 quamque
1218 5331 1478 5401 exquisita
1526 5331 1684 5387 fuerit
1713 5331 1794 5388 di-

219 5419 367 5472 cendi
403 5419 654 5476 facultate
687 5439 700 5473 :
731 5429 874 5474 tanta
914 5436 1129 5492 nempe,
1163 5433 1220 5477 ut
1248 5423 1409 5477 homo
1442 5424 1795 5493 exquisitissi-

1808 4177 1856 4241 C

1891 3763 2156 3829 nonnulli,
2195 3762 2284 3833 qui
2310 3775 2370 3818 se
2400 3763 2636 3817 omnium
2686 3762 3026 3820 historia‘rdm
3065 3766 3309 3821 conscios
3349 3775 3478 3836 prin

1891 3855 2040 3922 fessi,
2069 3854 2416 3926 ignavissimo
2460 3853 2797 3910 vaframento
2838 3870 2947 3910 non
2987 3854 3042 3910 in
3090 3855 3240 3911 aulas
3287 3844 3470 3924 modo,

1888 3945 1982 4001 sed
2013 3947 2065 4001 in
2088 3946 2236 4016 ipsos
2253 3946 2416 4002 etiam
2440 3946 2646 4004 animos
2668 3945 2990 4016 principales
3016 3946 3146 4019 (heu
3170 3958 3409 4018 tempora
3429 3946 3473 4018 l)

1887 4045 2298 4107 surrepserunt:
2329 4050 2434 4094 non
2456 4035 2732 4094 ferendam
2756 4037 3077 4093 existimavi-
3101 4053 3379 4108 procacem
3407 4039 3474 4093 il-

1890 4129 2062 4185 lorum
2091 4129 2486 4200 ignorantiam:
2514 4129 2608 4186 sed
2640 4130 2841 4186 liberali
2881 4129 3084 4197 judicio
3126 4131 3332 4200 prolem
3378 4147 3472 4200 pa-

1889 4225 2028 4278 renti
2055 4236 2205 4276 suam
2234 4221 2543 4287 restituens,
2576 4220 2785 4277 ostendi
2812 4235 2972 4290 quam
3003 4236 3135 4276 vana
3177 4223 3246 4277 sit
3280 4237 3468 4276 eorum

1894 4312 2298 4379 commentatio,
2347 4313 2436 4381 qui
2467 4311 2744 4366 historiam
2781 4311 3038 4366 arbitratu
3067 4326 3164 4366 suo
3193 4313 3470 4368 commini-

1889 4413 2113 4458 scuutur
2141 4421 2153 4457 :
2186 4410 2242 4458 et
2269 4401 2435 4474 (quod
2465 4417 2532 4458 ne
2552 4401 2692 4457 Deus
2715 4401 2926 4473 quidem
2957 4403 3143 4474 possit)
3176 4405 3227 4458 iu
3252 4414 3474 4474 praeter-

1890 4494 2024 4549 iturn
2054 4493 2364 4562 disponunt,
2391 4494 2473 4549 vel
2501 4495 2798 4564 relngante
2824 4505 3120 4565 temporum
3160 4495 3295 4562 fide;
3333 4507 3389 4552 ut
3420 4499 3474 4553 in

1893 4586 1993 4640 hoc
2015 4599 2227 4655 quoque
2249 4585 2367 4640 loco
2391 4585 2573 4661 videre
2595 4585 2738 4641 licet.
2763 4587 2940 4656 Neque
2962 4587 3104 4641 enim
3121 4587 3475 4658 Symmachus

1891 4678 1981 4733 ille
2012 4677 2181 4733 Boetii
2201 4691 2358 4733 socer
2377 4676 2492 4748 (qui
2516 4691 2658 4732 anno
2689 4677 2895 4732 Domini
2925 4673 3049 4744 511,
3078 4693 3106 4732 a
3135 4679 3474 4737 Theoderico

1891 4771 2101 4824 occisus
2152 4768 2259 4840 est)
2307 4769 2466 4824 ullam
2506 4767 2885 4822 Valentiniano
2912 4769 3218 4839 epistolam,
3259 4759 3360 4826 nisi
3391 4772 3475 4828 vel
3521 4829 3528 4834 ,

1895 4863 1948 4916 in
1977 4862 2130 4917 cunis
2158 4862 2439 4932 scripsisse
2470 4861 2675 4931 potuit:
2701 4862 2785 4916 vel
2815 4861 2882 4933 (si
2910 4846 3320 4935 Palingenesiam
3341 4880 3474 4920 con-

1893 4953 2156 5024 cedimus)
2185 4970 2252 5009 ex
2285 4969 2476 5025 campo
2507 4953 2690 5024 Elysio
2735 4953 3041 5024 priusquam
3078 4956 3255 5011 denuo
3289 4969 3476 5010 nasce-

1896 5057 2062 5103 retur.
2085 5046 2190 5105 Sed
2220 5063 2327 5118 quo
2355 5047 2485 5103 mihi
2517 5048 2866 5104 circulatores
2901 5050 3064 5105 istos?
3089 5050 3244 5121 cujus
3275 5049 3375 5103 hoc
3397 5051 3478 5103 in-

1895 5142 2138 5196 stitutum
2188 5141 2671 5212 impraesentiarum
2726 5143 2916 5207 fuerat,
2958 5145 3211 5214 epistolas
3240 5144 3478 5212 Symma‘

1895 5235 1979 5289 chi
2002 5233 2378 5289 commendare
2407 5233 2738 5304 antiquitatis
2773 5244 2827 5290 et
2870 5235 3187 5291 litteratura:
3233 5235 3477 5293 Cullioris

1895 5324 2222 5380 amatoribus
2252 5337 2269 5378 :
2296 5340 2427 5394 quas
2461 5324 2563 5380 etsi
2606 5325 2712 5381 non
2741 5335 2848 5381 tam
2891 5325 3201 5382 emendatas
3227 5326 3476 5397 legerint,

1895 5432 2054 5488 quam
2081 5416 2175 5472 ille
2203 5416 2421 5487 scripsit
2464 5417 2757 5489 elegantes,
2801 5415 2914 5496 scio
2944 5426 3119 5472 tamen
3163 5417 3247 5475 his
3278 5421 3478 5491 gratias

217 5510 286 5564 mi
327 5510 504 5580 iudicii
553 5513 786 5581 Angelus
825 5513 1116 5570 Politianus
1168 5530 1320 5582 eum,
1364 5531 1463 5572 nec
1504 5516 1792 5584 immerito,
1817 5547 1868 5584 ε,
1900 5511 2190 5579 habebunt,
2215 5510 2306 5582 qui
2333 5523 2427 5566 eas
2455 5510 2528 5566 ita
2563 5509 2779 5581 prodire
2803 5508 3090 5565 maluerint
3126 5527 3284 5583 quam
3316 5512 3475 5584 prer-

1814 5565 1871 5627 D

221 5602 271 5658 in
299 5613 536 5660 veterum
561 5618 834 5663 oratorum
866 5607 1002 5664 Albo
1023 5609 1278 5664 retulerit.
1314 5609 1463 5665 Licet
1489 5625 1701 5681 quoque
1722 5624 1791 5666 ex
1814 5602 1870 5627 υ
1895 5625 1984 5666 sus
2017 5610 2256 5666 interire.
2289 5608 2473 5680 Neque
2491 5608 2642 5665 enim
2669 5615 2871 5662 tantum
2894 5607 3336 5677 depravatoribus
3357 5624 3476 5666 ces-

224 5694 323 5751 ltoc
361 5699 706 5767 epistularum
750 5699 1086 5757 familiarium
1117 5701 1299 5757 libello
1325 5703 1565 5758 nonnihil
1591 5717 1790 5773 cogno-

223 5803 367 5845 scere
403 5809 415 5842 :
446 5793 532 5862 qui
571 5807 692 5848 cum
731 5795 890 5866 vulgo
935 5797 989 5851 in
1033 5805 1304 5852 auctorem
1339 5797 1501 5853 Boetii
1543 5813 1785 5854 socerum

223 5883 593 5942 transferretur
619 5923 634 5951 ,
689 5897 976 5959 essentque
1029 5876 1187 5958 huius
1241 5892 1437 5946 erroris
1487 5900 1786 5947 assertores

1895 5706 1966 5761 sit
2017 5715 2076 5761 ut
2104 5720 2210 5762 non
2237 5705 2376 5761 bona
2408 5718 2530 5775 pars
2554 5701 2764 5773 integra
2793 5702 3050 5778 restiterit
3083 5747 3098 5773 ,
3145 5718 3263 5772 quae
3312 5717 3476 5758 nasu-

1896 5797 1961 5852 tis
1977 5797 2138 5854 etiam
2165 5795 2454 5853 lectoribus
2479 5789 2682 5850 factura
2709 5795 2777 5850 sit
2807 5796 3159 5852 stomachum.
