4032 6446
592 387 694 448 145

1383 385 1399 396 -
1837 371 1901 437 ρ.
1943 362 2171 422 suum.

2279 357 2610 418 iYMMAClll
3757 349 3848 411 ιιι

593 476 3824 544 ___________________.__________———.

1741 595 2042 660 ELOGIA
2085 586 2674 655 SYMMACHIANA
2687 629 2702 644 .

812 738 1140 800 MACROBIUS,
1167 731 1259 785 lib.
1291 747 1322 782 v
1351 725 1644 790 Saturnal.,
1675 738 1788 793 cap.
1827 722 1878 774 1.

660 859 900 924 Quatuor
939 859 1085 918 sunt,
1123 846 1296 918 inquit
1336 841 1620 905 Eusebius,
1665 846 1862 908 genera
1911 829 2123 888 dicendi
2154 844 2169 883 :

590 953 888 1024 copiosum,
940 947 994 1002 in
1034 957 1142 1014 quo
1169 942 1359 998 Cicero
1389 936 1697 994 dominatur
1725 930 1956 993 "breve,
1983 926 2036 980 in
2067 935 2173 1024 quo

591 1015 880 1106 Sallustius
918 1046 1137 1111 regnat;
1176 1036 1413 1097 siccum,
1465 1026 1605 1100 quod
1655 1020 1912 1081 Frontoni
1944 1015 2172 1074 ascribi-

589 1150 708 1203 tur;
753 1137 946 1206 pingue
981 1108 1038 1188 et
1084 1128 1355 1193 floridum,
1401 1126 1454 1178 in
1501 1134 1606 1191 quo
1645 1115 1850 1174 Plinius
1896 1108 2174 1206 Secundus

590 1202 884 1304 quondam‘,
907 1235 966 1284 et
999 1239 1142 1282 nunc
1168 1221 1318 1278 nullo
1338 1224 1580 1272 veterum
1610 1213 1786 1268 minor
1813 1212 1998 1263 noster
2016 1202 2173 1272 Sym-

590 1324 816 1382 machus
849 1317 1165 1375 luxuriatur.

1051 1410 1321 1464 Δυιιειωε
1348 1399 1712 1460 Pnunsurws,

980 1501 1102 1558 Lib.
1127 1505 1354 1554 tcontra
1379 1487 1789 1564 Symmachum.

665 1601 710 1656 0
736 1601 964 1669 linguam
989 1594 1118 1669 miro
1145 1591 1411 1669 rerborum
1442 1584 1583 1669 fonte
1606 1581 1869 1669 fluentem,

591 1659 995 1730 Romani'decus
1023 1663 1233 1730 eloquii,
1261 1659 1584 1730 cuicedat__et
1610 1659 1717 1720 ipse
1737 1685 1752 1700 .

587 1723 828 1800 futtilis!
857 1742 948 1792 has
980 1723 1148 1808 fundit
1169 1735 1310 1808 _dives
1335 1723 1579 1808 facundia
1607 1732 1848 1808 geminas:

591 1739 828 1800 Tullius!
857 1742 948 1792 has
980 1739 1148 1808 fundit
1169 1739 1310 1816 dives
1335 1739 1579 1798 facundia
1602 1739 1848 1847 gemmas.

591 1816 665 1869 0s
684 1815 904 1884 dignum
925 1819 1112 1884 artemo
1140 1811 1354 1884 tinctum
1376 1793 1515 1884 quod
1527 1793 1605 1884 fu!
1615 1799 1749 1884 gent
1760 1802 1909 1884 apt-3.,

586 1865 661 1943 Si
681 1865 856 1939 mallet
887 1879 1100 1935 laudare
1129 1875 1314 1932 Deum,
1357 1865 1674 1943 eui_sord_ida
1702 1867 1930 1914 monstra

885 1933 932 2004 et
952 1946 1200 2019 liquidam
1230 1939 1498 2019 temeravit.
1516 1933 1727 2019 crimine
1751 1943 1942 2019 uocem.

948 2001 1100 2089 quam
1129 2015 1178 2089 si
1202 2012 1382 2089 rostris
1409 2007 1522 2080 quis
1559 2012 1712 2089 tentet
1737 2001 1941 2089 eburnis

588 2075 862 2152 55565.15;
876 2075 1080 2147 versare
1105 2088 1291 2148 solum,
1322 2075 1541 2152 limoque
1566 2075 1827 2152 nsadentes

589 2148 840 2224 Iflrcolere
859 2161 1082 2218 aureolis
1111 2159 1155 2213 si
1185 2161 1314 2226 forte
1339 2150 1562 2227 ligonius
1593 2148 1761 2227 ulnas.

588 2221 713 2294 Non
742 2250 914 2290 vereor
936 2251 1000 2287 ne
1022 2246 1102 2285 me
1131 2221 1342 2282 nimium
1370 2221 1627 2294 confidere
1649 2221 1920 2294 quisquam

590 2289 808 2382 :grguat,
836 2289 1126 2382 ingeniique
1154 2304 1293 2380 putet
1323 2289 1576 2382 luctamen
1606 2289 1799 2382 ἑξέτε’
1862 2353 1940 2382 ﬂ:

588 2357 944 2435 S—uinmemoﬁ'r
974 2357 1081 2444 ips'e
1109 2357 1226 2433 m'ei,
1257 2366 1383 2444 satis
1403 2373 1451 2420 et
1477 2377 1588 2415 mea
1616 2357 1800 2444 frivola
1823 2357 1958 2444 novi.

744 2429 910 2501 ausim
940 2429 1168 2514 conferre
1199 2429 1398 2514 pedem,
1433 2449 1523 2488 nec
1547 2429 1744 2514 spicula
1756 2435 1922 2514 tanta

589 2520 844 2576 Indocilis
873 2517 1016 2586 fandi
1036 2504 1274 2586 conjecta
1304 2509 1548 2586 lacessere
1575 2504 1787 2586 lingula.

590 2590 798 2648 Illtesus
825 2578 1025 2641 maneat
1049 2578 1194 2647 liber,
1218 2578 1835 2648 excellensquevolumeu

591 2645 833 2716 Obtiueat
859 2668 1060 2728 partam
1088 2645 1290 2708 dicendi
1312 2645 1530 2722 fulmine
1554 2645 1772 2714 famam.

997 2747 1141 2804 Idem
1169 2747 1222 2799 in
1254 2738 1564 2812 prmfatione
1591 2733 1680 2789 lib.
1713 2747 1773 2786 ιι.

943 2839 1072 2896 Sum
1104 2837 1256 2906 plane
1283 2829 1603 2906 temerarius,

956 2911 1058 2977 Qui
1083 2900 1220 2962 nocti
1243 2903 1368 2958 mihi
1397 2900 1651 2977 conscius,

948 2971 1116 3047 Quam
1134 2980 1247 3032 vita:
1271 2977 1322 3029 in
1355 2971 1718 3047 tenebrisago,

942 3041 1172 3120 Puppim
1197 3048 1399 3120 credere
1423 3041 1662 3120 ﬂuctibus

941 3113 1095 3176 Tanti
1122 3129 1224 3173 non
1263 3113 1466 3172 timeam
1494 3113 1616 3175 viri,

944 3193 1058 3258 Quo
1090 3203 1224 3244 nunc
1252 3201 1396 3258 nemo
1421 3184 1679 3258 disertior.

940 3257 1200 3326 Exsultat,
1232 3257 1425 3330 fremit,
1442 3257 1666 3330 intonat,

955 3327 1472 3400 i'entisque'alloquii
1502 3333 1680 3389 tumet,

941 3406 1038 3459 (lui
1064 3397 1284 3458 mersare
1311 3397 1612 3470 facillimum
1633 3403 1706 3470 est

945 3473 1252 3530 Tractanda:
1279 3467 1552 3524 indocilem
1585 3467 1732 3519 ratis.

1196 3585 1261 3641 Et
1288 3583 1394 3639 alio
1420 3582 1559 3637 loco.

586 3705 733 3763 Talia
759 3703 1072 3775 principibus
1101 3699 1236 3775 dicta
1257 3692 1641 3775 interfantibus,
1671 3691 1760 3775 ille

587 3761 944 3845 Prosequitur,
977 3771 1272 3842 magnisque
1297 3761 1468 3820 tubam
1488 3764 1812 3818 concentibus
1841 3761 2012 3831 inflat.

586 3848 786 3918 Allegat
815 3860 1008 3900 morem
1034 3851 1278 3896 veterum.

849 3940 1130 3992 AIIIIANUS
1159 3932 1558 3996 Mmceumus,
1591 3927 1682 3981 lib.
1711 3939 1875 3980 xsvn.

569 4033 573 4035 ’
655 4029 1014 4104 Symmachus
1053 4025 1360 4095 Aproniano
1396 4019 1674 4085 successit,
1718 4020 1858 4072 inter
1901 4014 2169 4087 principua

583 4123 940 4182 nominandus
968 4119 1214 4189 exempla
1256 4115 1645 4179 doctrinarum,
1677 4121 1838 4184 atque
1867 4109 2168 4178 modestiae,

583 4232 688 4289 quo
717 4217 950 4272 instante
975 4209 1118 4269 Urbs
1153 4209 1518 4266 sacratissima
1547 4207 1660 4262 otio
1687 4204 1968 4276 copiisque
1997 4203 2172 4258 abun-

582 4310 795 4364 dantius
825 4307 985 4362 solito
1010 4303 1310 4369 fruebatur,
1341 4308 1395 4355 et
1417 4297 1704 4354 ambitioso
1743 4304 1908 4367 ponte
1934 4295 2172 4350 exsultat

582 4410 741 4470 atque
766 4399 1098 4461 ﬁrmissimo,
1124 4410 1281 4465 quem
1323 4391 1721 4460 eondiditipse,
1759 4399 1816 4444 et
1861 4402 2050 4466 magna
2091 4387 2170 4444 ci-

583 4495 725 4548 vium
769 4491 950 4546 laetitia
991 4488 1292 4552 dedicavit,
1337 4486 1666 4554 ingratorum
1694 4521 1710 4547 ,
1757 4489 1812 4535 ut
1852 4495 1940 4537 res
1988 4480 2168 4536 docuit

583 4583 918 4655 apertissima
951 4599 965 4636 :
997 4579 1087 4651 qui
1126 4577 1461 4646 consumptis
1496 4573 1702 4644 aliquot
1748 4572 1908 4627 annis
1947 4572 2164 4628 domum

582 4676 696 4747 ejus
728 4675 782 4730 in
811 4671 1218 4730 Transtiberino
1245 4677 1418 4724 tractu
1453 4666 1870 4738 pulcherrimam
1916 4663 2168 4719 incende-

582 4779 730 4836 runt,
762 4782 823 4823 ea
854 4782 914 4822 re
942 4763 1152 4836 perciti,
1187 4761 1330 4833 quod
1350 4760 1473 4816 vilis
1493 4759 1706 4830 quidam
1729 4758 1971 4830 plebeius
1991 4757 2164 4812 ﬁnxe-

581 4871 665 4918 rat
697 4860 845 4914 illum
875 4857 1076 4914 dixisse
1102 4857 1219 4911 sine
1248 4853 1446 4910 indicio
1473 4853 1605 4917 ullo,
1639 4851 1724 4908 vel
1755 4860 1892 4907 teste
1924 4867 1939 4905 :
1971 4849 2166 4905 Liben-
2192 4877 2248 4940 Β

579 4955 688 5008 tius
709 4967 769 5007 se
796 4952 921 5004 vino
951 4949 1168 5019 preprio
1196 4943 1454 5001 calcarias
1475 4943 1886 5010 exstincturum,
1916 4956 2076 5013 quam
2112 4939 2164 4996 id

579 5044 919 5101 venditurum
945 5039 1129 5111 pretiis
1147 5037 1342 5110 quibus
1361 5037 1697 5108 sperabatur.

647 5163 815 5219 DIVUS
853 5161 1098 5216 Puosrett
1135 5157 1526 5222 AQUITANICUS,
1569 5157 1632 5212 de
1659 5154 2094 5211 Promissionibus

1167 5227 1282 5297 Dei,
1310 5239 1452 5302 parte
1483 5245 1560 5284 tu.

669 5323 765 5379 Cui
807 5323 1152 5395 Symmachus
1193 5321 1301 5389 ille,
1345 5322 1568 5376 mirabili
1612 5322 1813 5392 eloquio
1859 5327 1904 5373 et
1950 5319 2163 5374 scientia

577 5418 846 5494 praditus,
883 5427 1051 5472 tamen
1095 5433 1355 5490 paganus,
1393 5415 1648 5488 prwconio
1673 5413 1886 5469 laudum
1911 5413 1964 5466 in
1995 5411 2163 5467 consi-

577 5511 735 5566 storio
764 5511 999 5578 recitato,
1041 5509 1210 5565 subtili
1238 5518 1368 5576 arte,
1394 5524 1496 5579 qua
1521 5508 1702 5575 valuit,
1741 5521 1887 5559 aram
1921 5502 2163 5561 Victoriae

576 5604 629 5657 in
656 5613 830 5659 senatu
855 5603 1076 5670 restitui,
1105 5601 1416 5669 Christiano,
1443 5609 1502 5654 ut
1532 5607 1761 5666 noverat,
1790 5599 2010 5670 principi
2040 5597 2162 5652 inti-

575 5699 744 5753 mavit.
781 5697 941 5766 Quem
979 5693 1147 5754 statim
1183 5712 1214 5750 a
1243 5697 1351 5751 suis
1387 5693 1650 5762 affectibus
1678 5692 1885 5763 pulsum
1917 5697 1971 5746 in
1999 5701 2164 5748 cente-

573 5791 702 5845 simo
729 5789 899 5865 lapids
921 5789 1090 5847 rhedis
1113 5801 1214 5845 non
1235 5793 1410 5844 strata
1432 5784 1749 5854 impositum,
1773 5799 1832 5844 ea
1853 5784 1934 5842 die
1958 5798 2161 5844 manere

575 5881 832 5954 prorepit.

2197 717 2252 776 Α
2346 710 2509 766 αλιυδ
2538 706 2666 763 $01..
2699 705 3053 760 Aronuusrus
3077 680 3340 766 Stoomus,
3372 700 3459 754 lib.
3491 717 3532 768 ι,
3559 701 3704 772 epist.
3735 703 3785 757 ί.

2345 823 2526 891 Quinti
2557 819 2866 892 Symmachi
2903 817 3286 874 rotunditatem
3307 859 3322 882 ,
3353 817 3467 872 Caii
3497 817 3654 873 Plinii
3693 817 3850 876 disci-

2276 919 2497 990 plinam,
2529 915 2998 984 maturitatemque
3032 911 3276 982 vestigiis
3307 911 3748 982 praesumptuosis
3781 911 3856 967 in-

2277 1017 2578 1066 secuturus.

2706 1076 2852 1132 Idem
2881 1076 2974 1132 lib.
3002 1090 3118 1142 vm,
3145 1076 3296 1145 epist.
3321 1074 3409 1129 10.

2289 1225 2299 1232 ~
2348 1195 2595 1266 Ingentes
2623 1193 3020 1264 praeconiorum
3050 1191 3235 1248 titulos
3264 1191 3504 1247 moribus
3535 1193 3672 1248 m'eis
3698 1196 3856 1264 app|i~

2277 1305 2389 1347 cas.
2432 1288 2541 1346 Sed
2577 1288 2622 1344 si
2661 1286 2885 1358 pudoris
2918 1286 3087 1342 nostri
3128 1285 3349 1342 fecisses
3393 1295 3664 1357 utcunque
3709 1287 3861 1342 ratio.

2279 1396 2426 1448 nem,
2456 1377 2934 1452 Symmachianum
2981 1375 3110 1431 illud
3142 1385 3194 1431 te
3237 1377 3475 1447 cogitare
3507 1392 3604 1447 par
3629 1377 3729 1434 fuit
3759 1397 3772 1431 :
3803 1379 3859 1433 Lr't

2277 1490 2394 1529 vera
2435 1473 2545 1528 laus
2585 1479 2768 1540 ornat,
2807 1470 2880 1523 ita
2921 1469 3058 1538 falsa
3095 1469 3334 1540 castigat.

2540 1586 2690 1642 Idem
2716 1587 2964 1644 Slnoutus
2990 1586 3058 1640 ad
3085 1584 3316 1640 Felicem
3341 1586 3622 1641 consulem.

2423 1702 2531 1757 Sed
2560 1715 2625 1754 ne
2653 1708 2706 1754 tu
2735 1700 2861 1754 mihi
2889 1715 3190 1769 comparare
3216 1708 3403 1767 tentes,

2428 1773 2567 1840 Quos
2596 1772 2757 1825 multo
2785 1771 2953 1824 minor
2979 1771 3088 1839 ipse
3115 1772 3233 1840 plus
3262 1771 3444 1833 adoro,

2425 1842 2730 1909 Paulinum,
2761 1841 3168 1918 Ampeliumque,
3199 1840 3685 1913 Symmachumque.

2915 1957 3220 2010 ANONYIUS.
3241 1945 3250 1953 ”

2356 2054 2697 2128 Symmachus
2721 2054 2775 2107 in
2793 2052 2955 2108 verbis
2977 2069 3181 2128 parcus,
3206 2053 3296 2107 sed
3322 2062 3487 2128 mente
3510 2054 3834 2128 profundus:

2207 2101 2258 2162 Β
2355 2101 2696 2196 iungas;
2723 2101 3707 2195 Ξὶιὶἱιὶζ’ἱεῗῑὲὶ’ἇιίᾱᾶἇιὶξῗῶιῗὶιὶὥῆἓ

2355 2197 2548 2263 Mente,
2578 2198 2666 2250 sed
2697 2212 2784 2250 ore
2810 2196 2980 2248 minor
3003 2211 3022 2248 :
3055 2197 3224 2265 fructu
3255 2211 3356 2248 non
3385 2196 3566 2264 fronde
3592 2197 3806 2250 beatus:

2354 2268 2551 2324 Sensus
2577 2267 2783 2320 divitias
2809 2267 2945 2320 verbi
2977 2265 3214 2320 brevitate
3238 2275 3488 2320 coarctat.

2281 2381 2502 2438 Mscuus
2526 2383 2800 2437 AUBELIUS
2819 2379 3202 2447 Csssmnonvs,
3227 2380 3316 2434 lib.
3348 2379 3556 2435 Variar.
3581 2397 3641 2449 tt,
3670 2384 3802 2450 epist
3824 2383 3868 2438 l.

2353 2493 2554 2550 Deinde
2598 2495 2821 2549 retinetis
2873 2494 3228 2566 fecundissimi
3281 2491 3580 2566 Symmachi
3632 2497 3870 2552 eximium

2283 2587 2496 2640 dictum.
2550 2585 2748 2656 Specto
2791 2584 3021 2642 feliciter
3048 2579 3263 2642 virtutis
3292 2588 3410 2658 ejus
3446 2600 3759 2660 augmenta,
3789 2591 3870 2664 qui

2281 2679 2474 2736 dilfero
2497 2678 2714 2735 laudare
2737 2678 3001 2750 principia
3017 2720 3030 2733 .

2351 2793 2738 2861 CASSIODOBUS,
2779 2790 2986 2847 Hister.
3026 2791 3254 2862 Tripart.
3295 2791 3386 2846 lib.
3429 2807 3508 2858 ix,
3551 2809 3670 2862 cap.
3711 2794 3805 2851 25.

2353 2905 2488 2960 Dum
2519 2905 2572 2960 in
2597 2903 2834 2959 Romana
2863 2903 2996 2958 urbe
3023 2903 3428 2960 Valentinianus
3456 2915 3511 2962 et
3530 2905 3873 2965 Theodosius

2283 3007 2662 3074 morarentur,
2714 2994 3032 3052 festivitates
3078 3011 3179 3066 pro
3228 2994 3460 3052 Victoria
3509 2997 3870 3069 celebrantes,

2280 3099 2413 3145 tunc
2439 3105 2590 3144 suam
2619 3089 2911 3144 bonitatem
2942 3089 3082 3144 circa
3111 3089 3493 3161 Symmachum
3524 3095 3869 3151 exeonsulem

2281 3182 2618 3237 Theodosius
2658 3181 2952 3251 imperator
2979 3181 3236 3238 ostendit.
3273 3183 3324 3238 is
3349 3183 3491 3238 enim
3515 3184 3873 3254 Symmachus

2281 3274 2424 3330 inter
2465 3284 2742 3330 senatores
2797 3276 3098 3346 praecipuus
3140 3276 3452 3343 habebatur,
3502 3285 3729 3349 eratque
3770 3281 3872 3338 Ro-

2280 3369 2424 3423 mani
2452 3369 2650 3439 eloquii
2677 3369 2977 3426 eruditione
3004 3370 3283 3435 mirabilis,
3307 3370 3461 3440 cujus
3481 3371 3635 3427 multi
3661 3389 3874 3447 quoque

2203 3463 2619 3549 Crepcriuntur
2675 3461 2816 3517 libri.
2897 3461 3124 3533 Scripsit
3151 3469 3328 3516 autem
3363 3462 3576 3518 Maximi
3626 3463 3870 3535 laudem,

2279 3570 2506 3626 eamque
2539 3555 2779 3611 recitavit
2809 3569 2825 3610 :
2856 3556 2998 3612 unde
3040 3564 3223 3627 postea
3253 3570 3377 3611 reus
3416 3571 3538 3612 esse
3567 3557 3872 3628 majestatis

2282 3648 2587 3703 videbatur.
2618 3648 2979 3718 Quamobrem
3010 3658 3234 3705 mortem
3262 3657 3528 3717 metuens,
3552 3653 3798 3724 confugit
3823 3655 3873 3709 in

2276 3741 2581 3797 ecclesiam.
2624 3739 2819 3796 Verum
2870 3743 3182 3812 imperator,
3222 3755 3345 3797 cum
3391 3751 3538 3799 esset
3587 3746 3872 3813 perfectis-

2274 3833 2424 3888 simae
2447 3833 2888 3902 Christianitatis,
2913 3841 2969 3890 et
2995 3848 3100 3889 non
3127 3833 3301 3890 solum
3329 3850 3441 3889 sua:
3468 3834 3592 3890 fidei
3617 3837 3876 3894 sacerdo-

2275 3932 2357 3980 tes
2407 3925 2716 3989 honoraret,
2769 3925 2863 3981 sed
2909 3926 3069 3980 etiam
3100 3923 3452 3990 Novatianos,
3485 3925 3574 3996 qui
3623 3928 3875 3996 proxime

2274 4018 2392 4087 ejus
2436 4017 2558 4074 ﬁdei
2588 4018 2801 4074 decreta
2851 4027 3153 4085 servarent,
3185 4018 3410 4075 Leontio
3449 4028 3575 4074 tunc
3611 4021 3874 4092 episeopo

2276 4107 2518 4165 Romano
2545 4110 2806 4167 Ecclesiae
2830 4109 3245 4166 Novatiauorum
3284 4121 3508 4182 rogante
3546 4113 3872 4170 beneficium

2274 4202 2580 4267 conferens,
2614 4201 3000 4273 Symmachum
3031 4202 3262 4258 absolvit
3289 4217 3320 4257 a
3341 4201 3586 4259 crimine.
3626 4203 3875 4277 Cumque

2273 4295 2483 4351 veniam
2508 4295 2863 4367 Symmachus
2891 4296 3196 4362 meruisset,
3227 4296 3651 4366 Apologeticutn,
3681 4297 3733 4352 id
3761 4307 3871 4366 est,

2271 4387 2742 4443 satisfactionalem
2794 4387 2988 4443 librum
3037 4387 3105 4443 ad
3133 4388 3493 4444 Theodosium
3543 4390 3874 4460 causeripsit

2271 4479 2668 4548 imperatorem.
2696 4477 2819 4534 Hazc
2847 4478 2952 4534 ille.
2983 4479 3110 4546 Quae
3131 4479 3283 4533 etiam
3307 4487 3501 4533 exstant
3531 4479 3673 4548 apud
3700 4479 3872 4534 Soza-

2269 4587 2472 4625 menum
2498 4571 2635 4626 Hist.
2650 4569 2845 4625 Eccles.
2870 4571 2962 4626 lib.
2979 4587 3030 4636 ν,
3054 4589 3168 4639 cap.
3193 4571 3276 4638 li;
3294 4582 3341 4624 e:
3360 4570 3634 4642 Nicephor.
3659 4572 3752 4628 lib.
3769 4586 3871 4641 xu,

2270 4684 2387 4738 cap.
2412 4666 2504 4722 21.

2276 4782 2462 4838 Versus
2492 4781 2704 4838 Ennodi
2728 4781 3030 4845 Ticinensis,
3057 4781 3118 4836 de
3147 4779 3384 4850 Epistola
3411 4779 3665 4833 Ambrosii
3685 4789 3871 4833 contra

2345 4855 2734 4926 Symmachum,
2758 4871 2909 4924 super
2927 4870 3019 4926 ara
3047 4853 3305 4926 Victoria',
3331 4851 3535 4923 quando
3557 4862 3732 4922 petens
3757 4852 3872 4906 cul-

2343 4923 2450 4980 tum
2480 4929 2663 4996 ipsius,
2693 4923 2853 4982 victus
2879 4936 2953 4980 est
2981 4923 3342 4995 Symmachus.

2408 5041 2628 5096 Dicendi
2664 5043 2887 5114 palmam
2920 5041 3154 5114 Victoria
3183 5041 3315 5114 tollit
3342 5038 3526 5114 amico.

2479 5107 2684 5169 Transit
2713 5115 2782 5168 ad
2809 5113 3154 5180 Ambrosium,
3189 5112 3305 5180 plus
3335 5116 3465 5182 favet
3492 5110 3570 5163 ira
3600 5107 3746 5163 Detc.
3795 5169 3817 5195 .

2337 5229 2666 5286 Stcesettrus
2703 5228 3103 5285 Geusucsusw
3140 5227 3195 5280 in
3223 5224 3479 5280 Chronico
3516 5223 3608 5277 sub
3649 5237 3790 5276 anno

2881 5298 3090 5352 Domini
3117 5298 3244 5354 407.

2343 5417 2699 5488 Rhadagaisus
2742 5415 2966 5486 Scytha,
2999 5431 3115 5469 cum
3147 5414 3376 5470 ducentis
3409 5412 3636 5467 millibus
3663 5410 3868 5466 Gotho-

2266 5525 2430 5564 ruma
2459 5508 2672 5580 Scythia
2689 5508 2911 5574 veniens,
2933 5505 3149 5562 Italiam
3168 5506 3384 5561 invadit.
3409 5504 3493 5559 Ea:
3514 5504 3608 5557 hoc
3629 5519 3868 5556 murmur

2267 5605 2543 5658 multorum
2567 5602 3024 5672 blasphemantium
3052 5600 3280 5672 infremit
3305 5601 3358 5654 in
3398 5597 3676 5655 Christum.
3708 5595 3867 5651 Chri-

2265 5695 2540 5750 stianitatis
2564 5704 2788 5767 tempora
2805 5693 3091 5766 culpantes,
3116 5694 3406 5765 felicitatem
3428 5689 3704 5745 attollunt:
3726 5689 3866 5745 inter

2267 5803 2394 5859 quos
2436 5787 2686 5861 praecipue
2714 5785 3055 5860 Symmachus
3101 5794 3271 5843 orator
3309 5784 3537 5855 furebat,
3573 5781 3660 5852 qui
3703 5781 3864 5836 etiam

2269 5879 2472 5952 scriptis
2497 5887 2546 5938 et
2576 5877 2805 5952 epistolis
2834 5879 2940 5938 suis
2965 5880 3142 5952 agebat
3172 5878 3233 5935 de
3257 5872 3576 5948 idololatria,
3609 5881 3656 5930 st
3681 5870 3747 5928 de
3775 5885 3861 5929 re.
