4032 6436
223 422 316 481 ιω

1444 414 1918 475 εριετοιλιιυυ
1959 413 2157 474 ΜΒεῆ
2198 417 2237 476 l.

3363 416 3488 476 NI

220 544 325 590 tum
350 545 439 586 me
470 529 662 598 recepi.
690 527 762 582 lbi
794 540 1003 581 summo
1031 525 1175 582 cultu
1215 527 1451 582 omnium
1493 527 1785 597 plausuque
1810 527 1866 589 Α
1887 534 1946 581 et
1973 527 2262 596 spiraculis
2287 528 2516 597 regionis
2541 528 2682 584 illius
2708 531 2947 592 nativam
2966 529 3307 605 iragrantiam
3328 509 3466 588 tem?-

219 634 515 694 susceptus,
545 630 691 677 tanto
719 621 921 674 honore
958 617 1290 684 celebrabat,
1313 626 1372 672 ut
1396 618 1507 687 jam
1533 632 1786 688 gravarer

218 702 427 776 ofﬁciis.
453 715 722 774 Sedulius
751 712 916 776 enim.
945 725 1068 780 quae
1095 724 1203 768 non
1244 718 1786 778 compensatur,oue-

216 824 334 866 rosa
360 817 463 865 est.
497 807 569 869 ει
589 805 720 866 urbe
743 818 867 862 cum
892 803 1124 860 maxime
1155 803 1246 869 sit,
1267 801 1462 871 singuli
1499 800 1619 870 ejus
1641 799 1783 870 opti-

216 910 383 958 mates
410 899 513 955 visi
538 906 662 958 sunt
691 896 820 952 mihi
845 895 979 954 urbe
1003 894 1236 965 majores
1259 935 1276 961 ,
1315 902 1556 949 amantes
1580 892 1787 956 littera-

215 1007 352 1060 rum,
385 1003 702 1059 morumque
728 986 1023 1050 mirabiles.
1061 985 1231 1046 Deum
1258 999 1448 1056 magna
1472 998 1596 1054 pars
1624 998 1785 1042 vene-

214 1092 380 1138 ratur.
404 1081 672 1142 Privatam
702 1079 978 1150 pecuniam
1005 1093 1099 1148 pro
1133 1077 1366 1140 civitatis
1390 1085 1582 1134 ornatu
1608 1084 1786 1136 certa-

214 1177 304 1230 tim
334 1176 573 1245 fatigant.
603 1171 738 1232 Nam
763 1180 1043 1242 postqum
1073 1178 1217 1230 terra
1243 1169 1442 1234 movit,
1485 1167 1616 1232 nihil
1647 1177 1784 1238 pene

215 1269 318 1323 illis
347 1266 532 1336 reliqui
555 1264 751 1322 factum
777 1272 882 1331 eat,
912 1260 1011 1324 sed
1035 1260 1217 1322 fractae
1233 1274 1371 1330 opes
1397 1260 1652 1322 infractos
1670 1257 1788 1320 api.

214 1374 330 1416 mos
360 1365 695 1430 repererunt.
741 1355 847 1418 Pro
877 1368 936 1414 se
973 1352 1200 1424 quisque
1226 1366 1447 1422 operam
1486 1352 1614 1412 boni
1649 1349 1784 1408 civis

215 1453 444 1508 allectat.
487 1449 604 1507 Nox
641 1448 748 1509 diei
769 1447 1010 1518 iungitur
1047 1445 1116 1502 ad
1143 1445 1405 1504 laborem.
1448 1442 1602 1500 Unde
1627 1441 1784 1502 nobis

211 1557 420 1600 summa
439 1555 566 1602 cura
593 1539 695 1600 fuit
735 1539 886 1604 abire
911 1538 1060 1594 ocius
1081 1535 1258 1608 quam
1277 1534 1523 1600 volebam
1549 1552 1562 1588 :
1591 1549 1664 1596 ne
1689 1539 1786 1592 aut

209 1641 338 1698 mibi
366 1639 460 1696 dia
481 1639 648 1696 dediti
675 1637 747 1694 ab
769 1651 934 1708 opere
957 1634 1290 1701 desiderent,
1321 1641 1416 1688 aut
1433 1645 1528 1688 eos
1552 1640 1784 1698 occupa-

209 1735 280 1788 tio
325 1735 597 1804 geminata
649 1729 1000 1788 distenderet.
1057 1711 1240 1799 itaque
1299 1725 1558 1784 Baianum
1603 1721 1782 1783 sinum

209 1841 393 1881 rursus
420 1824 643 1880 accessi.
669 1823 804 1895 Nam
833 1822 978 1880 Beia
1005 1821 1059 1877 id
1093 1818 1350 1889 temporis
1374 1819 1486 1888 jam
1524 1817 1780 1874 silebant.

1888 630 2097 684 perare.
2131 616 2236 672 Sed
2278 632 2364 672 res
2395 616 2672 675 familiaris
2700 619 2941 680 inclinat.
2972 617 3049 680 Ea
3083 621 3238 677 nobis
3266 634 3463 692 usque-

1889 721 2096 778 quaque
2131 707 2349 764 visenda
2393 720 2494 779 est,
2528 726 2637 774 non
2673 719 2731 768 ut
2759 721 3058 783 quzestuum
3087 727 3298 768 summa
3322 711 3463 769 dite-

1888 807 2022 865 scat,
2051 798 2146 854 sed
2170 808 2225 854 ut
2253 813 2376 870 spes
2404 802 2518 872 agri
2539 803 2851 860 voluntariis
2869 805 3166 876 dispendiis
3188 805 3459 862 fulciatur.

1887 889 2128 962 Namque
2169 893 2256 949 hic
2285 909 2414 952 usus
2439 895 2586 952 venit
2614 898 2670 954 in
2714 907 2952 955 nostram
2980 907 3219 967 aetatem,
3245 907 3307 956 ut
3344 913 3456 968 rus,

1887 983 2029 1054 quod
2067 985 2274 1056 solebat
2312 987 2476 1056 alere,
2506 1005 2646 1046 nunc
2683 991 2879 1048 alatur.
2915 991 3112 1059 Verum
3149 992 3265 1058 haec
3295 992 3462 1048 missa

1887 1073 2048 1141 facie,
2074 1091 2144 1132 ne
2171 1076 2425 1134 salutatio
2463 1081 2516 1135 in
2543 1083 2820 1152 querelam
2855 1097 3033 1150 versa,
3063 1085 3270 1139 minuat
3293 1082 3484 1139 ofﬁcii

1885 1165 2232 1237 voluptatem.
2265 1170 2398 1228 Date
2433 1187 2651 1242 operam
2699 1173 2853 1232 bonae
2885 1175 3198 1241 valetudini,
3233 1182 3294 1233 et
3327 1174 3463 1230 allo-

1885 1259 2014 1405 quilo
2035 1261 2296 1322 erebriori
2313 1281 2328 1320 :
2347 1266 2487 1337 quod
2507 1282 2628 1324 cum
2655 1269 2904 1340 manus,
2917 1269 3104 1328 sedulo
3125 1269 3461 1343 pollicemur.

1935 1366 1962 1405 ο
1987 1366 2036 1405 ο.

1935 1351 2036 1408 ale.

2502 1428 2718 1490 EPIST.
2761 1433 2850 1488 Vi.

2411 1534 2720 1584 ενιηιωιιυε
2755 1539 2932 1582 ΡΑτιιι.

1958 1628 2146 1685 Solent
2175 1630 2507 1701 impatientes
2537 1634 2809 1691 dilationis
2840 1650 2982 1704 esse,
3017 1637 3106 1707 qui
3146 1646 3361 1708 sperant
3401 1638 3461 1695 in

1887 1735 1946 1778 se
1981 1723 2181 1794 aliquid
2229 1725 2470 1781 muneris
2510 1725 2912 1783 conferendum.
2942 1728 3054 1784 Hoc
3095 1745 3223 1786 vero
3251 1745 3281 1785 a
3310 1730 3461 1786 vobis

1885 1828 2076 1871 recens
2121 1823 2296 1872 ortum
2346 1818 2606 1886 videmus,
2636 1827 2695 1875 ut
2731 1833 2948 1876 suarum
2995 1837 3174 1877 rerum
3221 1823 3462 1879 munifici

209 1916 341 1972 Hinc
364 1931 458 1971 vos
497 1929 717 1970 munere
755 1912 1090 1974 salutationis
1123 1910 1390 1982 impertio,
1428 1909 1606 1979 doque
1647 1925 1782 1964 nun—
1809 1902 1866 1965 Β
1885 1921 2096 1968 moram
2117 1923 2225 1964 non
2250 1909 2423 1968 lerant
2441 1910 2721 1984 largiendi.
2745 1912 2897 1974 Nunc
2921 1929 3092 1986 nuper
3117 1915 3186 1974 ad
3209 1928 3307 1974 vos
3333 1930 3462 1984 prat-

208 2012 360 2077 tium,
390 2023 619 2080 propere
646 2021 767 2073 nos,
797 2007 910 2062 Deo
938 2005 1172 2070 volente,
1193 2017 1314 2060 esse
1335 2003 1625 2059 redituros.
1650 2002 1783 2057 Fors

208 2101 313 2156 fuat
333 2100 559 2170 hujusce
580 2097 851 2170 promissi.
883 2096 1069 2153 Vestra
1093 2104 1272 2150 tamen
1296 2094 1626 2164 indulgentia
1651 2094 1782 2149 alla-

208 2200 311 2248 tum
344 2204 494 2261 sape
518 2190 741 2258 tribuat,
763 2188 918 2259 quasi
945 2186 1148 2244 diutius
1172 2184 1456 2242 abfeturie.
1485 2184 1634 2240 Vale.

827 2298 1044 2359 EPIST.
1072 2301 1159 2356 Ν.

731 2425 1034 2469 εγωιΑοιιυε
1068 2425 1245 2465 PATRI.

265 2533 522 2594 Studium
546 2532 761 2603 quidem
803 2529 1070 2600 Menippei
1101 2527 1358 2588 Varronis
1389 2524 1638 2593 saltaris.
1683 2523 1780 2584 sed

202 2631 368 2692 vineis
395 2629 688 2699 ingenium.
730 2626 860 2684 Nam
891 2639 1010 2696 qua:
1038 2626 1092 2686 in
1140 2631 1410 2682 nostrates
1453 2621 1596 2681 viros
1639 2633 1780 2682 nunc

198 2735 365 2791 nuper
388 2719 580 2778 condis
600 2719 1004 2791 epigrammata,
1032 2723 1160 2786 puto
1196 2712 1566 2774 hebdomadon
1591 2711 1779 2782 elogiis

198 2813 519 2884 praesitere;
549 2808 690 2880 quod
718 2807 835 2866 haec
864 2821 1017 2878 atque
1053 2804 1254 2872 sobria,
1284 2819 1382 2864 nec
1411 2813 1591 2860 tamen
1621 2816 1776 2862 casca

197 2914 334 2966 sunt.
368 2904 465 2962 illa
495 2903 638 2960 bono
661 2901 880 2962 metallo
909 2913 1059 2965 cusa,
1092 2907 1248 2960 torno
1276 2897 1416 2966 exigi
1447 2896 1773 2958 nescierunt.

199 2997 264 3056 Et
281 2996 560 3056 duriorem
589 2993 890 3058 materiem.
911 2990 1016 3050 nisi
1037 2991 1212 3058 fallor,
1245 2988 1521 3046 adulteris.
1551 2989 1642 3047 ille
1669 2988 1776 3062 Py-

198 3088 601 3159 tbagoram,qui
616 3087 822 3144 animas
845 3086 897 3142 in
924 3083 1278 3144 atteraitatem
1300 3082 1502 3154 primus
1517 3083 1775 3150 asseruit;

197 3177 280 3236 ille
304 3179 611 3245 Platonem,
641 3177 732 3246 qui
761 3175 894 3234 deos
919 3188 1040 3234 esse
1066 3175 1362 3245 persuasit;
1405 3173 1491 3234 ille
1520 3173 1775 3235 Aristote-

197 3271 316 3336 lem,
360 3271 458 3342 qui
499 3276 742 3332 naturam
773 3269 906 3325 bene
936 3266 1189 3338 loquendi
1216 3268 1270 3322 in
1315 3275 1486 3322 artem
1530 3265 1772 3336 redegit;
1800 3278 1851 3342 ο

197 3363 281 3418 ille
323 3375 622 3434 pauperem
662 3359 904 3428 Curium,
953 3359 1049 3418 sed
1096 3359 1348 3416 divitibus
1397 3359 1773 3429 imperantem;

195 3454 280 3510 ille
299 3468 527 3518 severos
556 3451 812 3520 Catones,
841 3463 1056 3524 gentem
1078 3451 1320 3518 Fabium,
1353 3452 1544 3512 decora
1571 3451 1778 3522 Scipio-

195 3561 341 3611 num,
387 3553 665 3616 totumque
695 3543 848 3605 illum
895 3543 1273 3614 triumphalem
1323 3550 1564 3600 senatum
1616 3556 1775 3612 parca

196 3637 351 3693 laude
391 3636 728 3708 perstrinxit.
769 3634 850 3692 Tu
887 3635 1100 3692 ruinam
1143 3635 1401 3705 proxima:
1437 3633 1612 3692 sitatis
1649 3633 1775 3689 illu-

194 3731 388 3786 minas.
422 3729 647 3790 Diﬁiciie
676 3729 816 3786 factu
834 3737 921 3790 est
949 3735 1007 3786 ut
1035 3727 1210 3789 honor
1235 3726 1471 3798 angustis
1499 3726 1663 3784 rebus
1691 3727 1777 3783 ad-

193 3822 368 3879 datur.
404 3821 490 3880 hic
518 3835 734 3892 quoque
760 3821 919 3891 iubes
947 3820 1190 3879 versibus
1225 3819 1331 3876 tuis
1368 3817 1621 3878 nonnulla
1651 3818 1777 3878 sub-

195 3925 436 3974 nectere.
468 3913 620 3970 Haud
651 3913 724 3970 ita
752 3911 978 3974 Flaccus
1006 3921 1129 3971 tuus
1158 3910 1409 3982 praecepit
1438 3911 1489 3965 in
1516 3910 1622 3966 illis
1651 3925 1778 3981 poe-

195 4007 309 4062 tica:
329 4005 465 4064 artis
485 4004 698 4072 edictis,
710 4019 938 4075 quorum
954 4003 1287 4064 bocmemini
1304 4016 1421 4060 esse
1437 4002 1774 4074 principium,

194 4112 258 4152 ne
287 4099 516 4152 Immano
547 4096 700 4166 capiti
725 4096 900 4172 cervix.
919 4097 1104 4166 equino
1123 4093 1396 4168 jungatur.
1422 4093 1558 4154 Male
1589 4093 1774 4164 itaque

193 4190 283 4246 tibi
303 4191 646 4251 contumacia
670 4189 844 4259 negati
867 4186 1052 4255 officii,
1080 4201 1241 4257 quam
1263 4185 1394 4242 mihi
1417 4183 1773 4258 imprudentia

194 4280 442 4349 promissi
472 4279 653 4352 operis
679 4277 990 4348 displicere.
1044 4275 1202 4336 Plura
1231 4276 1298 4333 de
1343 4275 1443 4331 hoc
1482 4290 1661 4330 coram
1693 4275 1774 4331 lo-

196 4393 444 4447 quemur,
469 4373 686 4447 quando
717 4375 854 4431 banc
895 4372 1174 4443 epistolam
1218 4372 1368 4442 sequi
1413 4384 1661 4444 paramus
1687 4378 1778 4426 aut

199 4467 478 4538 consequi.
523 4467 604 4523 Tu
650 4473 825 4535 coepta
867 4478 1078 4534 perage,
1112 4473 1167 4520 et
1207 4472 1317 4520 tam
1343 4462 1555 4518 solertis
1579 4461 1776 4532 eloquii

193 4571 304 4614 esto
331 4556 642 4613 munificus.
678 4555 787 4626 Ego
819 4553 915 4610 tibi
943 4563 1003 4610 ut
1028 4554 1220 4624 lingua:
1249 4553 1504 4625 obsequia
1527 4567 1684 4622 nego,
1702 4552 1775 4606 ita

195 4650 399 4709 aurium
428 4646 805 4706 commodabo.
830 4643 984 4702 Vale.

832 4755 1050 4818 εΡιδΤ.
1076 4757 1135 4812 V.

725 4863 1036 4908 SYIIAGIUI
1062 4865 1239 4906 ΡΔΤΙΙ.

259 4963 340 5020 Ne
398 4962 691 5034 quidquam
739 4961 1116 5017 taciturnitatis
1175 4961 1529 5025 incessimur,
1583 4961 1774 5030 quibus

192 5071 410 5112 sum
443 5056 625 5112 cautio
659 5064 744 5111 est
770 5055 934 5110 ofﬁcii
966 5054 1344 5124 prosequendi,
1392 5053 1503 5109 fere
1545 5063 1602 5109 ut
1632 5054 1773 5109 nulla

193 5149 354 5204 fuerit
379 5149 542 5204 statio
560 5157 644 5203 tot
664 5147 926 5212 locorum,
957 5148 1009 5202 iu
1036 5161 1142 5217 qua
1169 5145 1328 5216 hujus
1356 5147 1592 5203 muneris
1614 5148 1774 5202 ferias

191 5243 484 5311 egerimus.
515 5241 624 5298 Sed
655 5256 786 5296 sane
806 5240 957 5311 juvat
982 5240 1220 5296 animum
1247 5241 1331 5310 pia
1355 5240 1623 5296 sermonis
1649 5257 1776 5297 exa-

194 5333 322 5386 ctio.
355 5333 534 5388 Dulcis
557 5342 642 5388 est
666 5332 807 5387 enim
839 5332 1078 5402 querela,
1107 5347 1226 5401 qua:
1248 5331 1484 5386 nascitur
1512 5345 1578 5386 ex
1602 5331 1777 5386 indul-

195 5424 402 5490 gentia.
452 5424 556 5479 Vos
579 5425 739 5479 modo
772 5423 926 5478 facile
956 5423 1212 5478 noveritis
1239 5422 1377 5478 hanc
1395 5425 1776 5493 expostulatio-

196 5531 317 5570 nem
342 5517 512 5585 magis
540 5531 662 5571 esse
689 5516 988 5585 religiosam
1011 5530 1170 5585 quam
1188 5515 1410 5585 justam.
1439 5516 1646 5572 Interea
1673 5516 1778 5572 loci

197 5605 263 5661 de
299 5607 635 5663 Praenestina
665 5608 971 5663 secessione
1013 5606 1230 5674 siiuisti,
1273 5608 1425 5676 cuius
1469 5607 1596 5662 mihi
1637 5609 1779 5665 fama

199 5698 324 5754 fecit
351 5699 628 5755 indicium.
661 5699 832 5766 Quam
878 5700 1071 5755 vellem
1108 5699 1316 5760 deliciis
1345 5700 1539 5759 vestris
1573 5700 1776 5770 impro-

200 5790 348 5846 visus
369 5791 629 5862 obrepere
654 5794 667 5846 t
691 5791 841 5849 Licet
867 5792 1176 5862 Campaniae
1206 5805 1414 5850 amoma
1440 5793 1774 5862 prmniteant,

202 5881 337 5941 mihi
370 5890 550 5946 tamen
576 5899 699 5946 esse
727 5883 1186 5946 accommodatius
1232 5883 1433 5957 agitare
1475 5882 1771 5954 vobiscum,

1885 2000 2032 2058 dium
2073 2002 2190 2076 lege
2224 2004 2388 2074 venit,
2423 2005 2577 2076 cuius
2610 2021 2696 2064 me
2732 2006 2857 2078 jure
2900 2005 3163 2070 donastis.
3215 2007 3465 2066 Cucurrit

1884 2102 2120 2164 quaestus
2143 2104 2323 2152 vester
2351 2095 2405 2152 in
2433 2111 2611 2160 meum
2631 2096 2994 2168 commodum,
3021 2105 3076 2156 et
3098 2097 3320 2158 meliore
3339 2109 3465 2158 voto

1884 2183 2152 2244 fortunam
2175 2187 2306 2244 estis
2335 2186 2551 2248 imitati.
2565 2187 2697 2246 Nam
2720 2188 2863 2260 quod
2889 2203 2956 2247 ex
2977 2188 3287 2266 propinqua:
3309 2187 3464 2246 bonis

1883 2292 2007 2338 cum
2037 2280 2288 2340 tumentia
2329 2284 2700 2352 sumpseratis,
2749 2296 2872 2340 cum
2920 2281 3102 2338 laetitia
3151 2281 3462 2342 tradidistis.

1883 2369 2044 2438 Quid,
2070 2375 2210 2443 quod
2233 2375 2369 2431 hanc
2394 2375 2772 2434 liberalitatem
2800 2375 3112 2434 cumulastis
3132 2373 3464 2446 amplissimo

1885 2462 2244 2520 testimonio?
2299 2462 2464 2536 Cujus
2529 2481 2631 2538 ego
2692 2468 3160 2524 bonestamentum
3224 2473 3464 2536 praeopto

1884 2554 2214 2610 muneribus.
2253 2555 2388 2612 Nam
2423 2557 2514 2628 qui
2545 2559 2742 2630 opibus
2768 2559 3056 2618 illaudatus
3095 2560 3332 2629 juvatur,
3364 2573 3465 2612 ne-

1882 2647 2174 2701 cessarium
2200 2649 2371 2720 magis
2400 2651 2624 2718 donum,
2657 2666 2817 2726 quam
2843 2652 3046 2722 justum
3080 2650 3356 2721 prmmium
3387 2649 3464 2704 vi-

1881 2736 2039 2796 detur
2058 2739 2301 2810 adipisci.
2333 2739 2495 2814 Igitur
2521 2742 2725 2816 judicio
2751 2753 2927 2799 vestro
2957 2758 3077 2815 ago,
3108 2751 3266 2814 atque
3294 2742 3464 2797 habeo

1881 2828 2096 2898 gratias,
2130 2833 2342 2901 quantae
2381 2840 2506 2890 sunt
2548 2833 2828 2899 maximae,
2860 2833 3002 2904 quod
3041 2833 3168 2889 mihi
3201 2832 3462 2888 honorem

1882 2928 2167 2990 ntrumqtte
2201 2919 2436 2988 fecistis;
2476 2931 2530 2978 et
2558 2922 2687 2978 deos
2719 2937 2932 2993 precor,
2975 2931 3033 2977 ut
3058 2923 3196 2978 datis
3223 2924 3276 2978 in
3316 2938 3462 2978 com-

1881 3027 2044 3068 mune
2069 3027 2257 3069 omnes
2282 3015 2499 3090 longum
2541 3013 2800 3081 fruamur,
2828 3016 3042 3086 sintque
3072 3029 3136 3070 ex
3166 3013 3322 3070 nobis
3343 3013 3462 3086 qui-

1879 3105 1979 3163 bus
1996 3105 2247 3164 Ostiense
2263 3106 2521 3180 praedium
2545 3116 2734 3165 nostro
2755 3107 2978 3180 judicio,
2995 3116 3172 3165 vestro
3193 3107 3461 3164 tradamus

1880 3197 2154 3268 exemplo.
2185 3195 2337 3254 Vale.

2482 3267 2699 3326 EPIST.
2741 3268 2851 3344 vn.

2417 3367 2726 3414 GYII‘ACIIUS
2756 3372 2889 3412 ΡΔΪΒ

1954 3467 2103 3525 Bono
2127 3469 2309 3526 animo
2330 3483 2535 3538 sumus,
2568 3485 2689 3527 cum
2717 3470 2878 3538 viam,
2903 3469 3148 3541 promissi
3171 3483 3457 3540 memores,

1881 3553 2197 3619 inchoastis.
2239 3561 2392 3618 Nunc
2431 3573 2719 3634 properato
2769 3576 2904 3634 opus
2944 3572 3046 3629 est,
3079 3571 3137 3618 ut
3177 3563 3303 3619 dum
3334 3565 3458 3619 anni

1881 3663 2095 3724 tempus
2139 3655 2300 3723 calet,
2350 3657 2592 3711 autumni
2641 3655 2779 3712 bona
2827 3657 3020 3726 raptim
3069 3654 3328 3712 fruamur.
3367 3655 3459 3712 His

1880 3743 2077 3816 quippe
2107 3745 2384 3802 mensibus
2423 3745 2709 3817 Campania
2759 3746 2891 3802 nitet
2928 3726 3039 3818 a'gri
3080 3746 3244 3802 ubere
3272 3755 3327 3803 et
3366 3761 3456 3802 ar-

1879 3833 2024 3890 busti
2056 3833 2280 3892 honore.
2324 3833 2465 3892 Baize
2491 3837 2663 3893 imbre
2691 3852 2838 3906 raro,
2871 3837 2986 3894 sole
3016 3837 3227 3894 modico
3256 3847 3458 3909 tempe-

1879 3933 2098 3991 rantur;
2145 3941 2344 3983 mensae
2372 3928 2441 3983 ab
2469 3929 2698 3984 ediiibus
2727 3929 2960 3999 copiosae
3001 3937 3147 3995 sunt,
3178 3930 3370 4001 quibus
3401 3939 3457 3985 tu

1880 4017 2176 4073 amicorum
2201 4030 2443 4075 catervas
2471 4020 2722 4075 minaris.
2754 4019 2860 4075 Sed
2889 4020 3024 4075 mihi
3052 4020 3294 4076 honestae
3323 4021 3456 4076 mul-

1880 4113 2120 4168 titudinis
2161 4113 2304 4169 nulla
2343 4115 2527 4170 vitatio
2573 4125 2678 4172 est.
2723 4115 2792 4172 Et
2838 4115 2885 4174 si
2928 4115 3011 4172 bis
3057 4125 3205 4171 tanto
3253 4117 3455 4186 plures,

1879 4220 2037 4276 quam
2068 4207 2279 4271 scribis,
2309 4206 2598 4273 adfuerint,
2632 4209 2825 4263 bonam
2859 4207 3060 4277 frugem
3092 4207 3455 4262 feceris.'Non

1878 4297 2070 4363 deerit,
2090 4312 2196 4368 quo
2219 4297 2413 4353 famem
2437 4297 2654 4365 pellant.
2685 4297 2818 4352 Nam
2847 4296 3129 4354 comitibus
3151 4299 3343 4354 vestris
3369 4309 3453 4354 ut-

1877 4398 2005 4458 pote
2057 4388 2273 4456 sobriis,
2319 4387 2594 4445 caedundte
2622 4389 2821 4460 saginae
2863 4403 2994 4446 cura
3039 4389 3304 4460 posterior
3351 4399 3455 4448 est.

1877 4479 2168 4551 Quousque
2198 4481 2412 4550 longum
2448 4480 2671 4551 loquor?
2697 4481 2848 4538 Mitto
2877 4481 3066 4549 verba,
3107 4496 3224 4544 rem
3254 4481 3453 4554 ﬂagito.

1879 4571 2226 4630 Occasionem
2255 4575 2497 4644 arripere
2524 4573 2806 4642 prudentis
2837 4583 2941 4632 est.
2965 4573 3023 4630 Si
3050 4574 3175 4644 quid
3199 4574 3457 4634 dilatione

1800 4656 1860 4724 D
1877 4664 2086 4725 itineris
2112 4665 2388 4736 adimitur,
2417 4683 2568 4724 mora
2595 4667 2690 4724 otii
2710 4667 3051 4738 rependatur.
3076 4667 3226 4726 Vale.

2489 4801 2697 4859 EPIST.
2717 4803 2853 4860 Vlll.

2404 4933 2707 4976 SYMKACIIUS
2746 4935 2920 4975 PATRI.

1949 5051 2270 5111 iamdudum
2294 5053 2455 5108 vestri
2479 5054 2698 5122 cupiunt
2726 5055 2957 5112 Lucrina
2983 5057 3164 5122 tacita,
3182 5064 3236 5112 et
3255 5056 3450 5128 liquida

1884 5141 2101 5208 Baiana,
2131 5152 2184 5197 et
2214 5143 2418 5200 Puteoli
2445 5143 2618 5200 adhuc
2647 5145 2913 5217 celebres,
2945 5155 3000 5202 et
3026 5148 3175 5202 Bauli
3203 5162 3451 5216 magnum

1883 5237 2126 5295 silentes.
2158 5239 2262 5295 Vos
2287 5239 2426 5309 apud
2457 5241 2654 5296 Coram
2681 5243 2954 5312 rusticam,
2977 5243 3058 5298 vel
3082 5241 3219 5312 apud
3245 5241 3452 5296 steriles
3519 5251 3521 5253 ‘

1884 5326 2128 5387 Fermias
2153 5327 2431 5387 desidetis.
2469 5330 2707 5388 Tandem
2746 5333 2792 5388 si
2817 5346 2994 5402 opera:
3019 5340 3121 5397 est,
3148 5331 3455 5387 contendite

1883 5420 2046 5488 viam.
2087 5431 2140 5478 et
2177 5422 2402 5481 meliora
2443 5432 2712 5482 terrarum
2752 5424 3182 5491 animadvertite,
3226 5426 3315 5481 ubi
3347 5427 3456 5481 alte

1886 5514 2054 5573 turbis
2077 5515 2388 5586 quiescitur,
2405 5519 2496 5575 ubi
2518 5517 2760 5576 fruendis
2779 5517 2924 5574 feriis
2950 5518 3124 5576 nullus
3145 5529 3225 5578 cst
3244 5521 3452 5576 modus.

2308 5673 2407 5746 Ubi
2430 5676 2665 5746 corniger
2693 5675 2876 5746 Lywua

2306 5745 2481 5818 Qperit
2507 5745 2725 5818 superna
2741 5745 2865 5813 tite,

2313 5815 2577 5870 Vulcanus
2604 5818 2835 5873 wstuosis

2315 5885 2539 5942 Medium
2564 5891 2731 5963 coquit
2762 5892 3006 5950 cavernis.
