4032 6460
527 413 623 469 lli
1799 399 1859 465 Q.
1901 392 2101 451 AUREI

2212 390 2553 449 SYMMACHI
3696 396 3785 452 152

947 524 1104 578 Tenet
1123 526 1255 594 jant_
1264 523 1402 593 pisce
1425 520 1585 575 multo

946 591 1189 653 Thetis—et
1216 591 1348 646 Baio
1375 607 1571 647 sorores
1594 605 1614 644 :

944 665 1086 720 Calet
1108 664 1269 728 unda,
1299 664 1450 734 [riget
1471 662 1655 728 aethra,

942 736 1113 793 Simul
1141 733 1340 789 innatat
1362 733 1564 789 choreis

942 807 1298 861 Amathusium
1319 804 1575 869 renidens,

943 878 1087 933 Salis
1111 877 1325 943 arbitra,
1359 884 1407 928 et
1430 874 1630 945 vaporis

947 948 1068 1004 Flos
1096 949 1323 1003 siderum
1352 945 1538 1003 Dione.

513 1084 651 1140 Num
683 1084 835 1141 vobis
862 1083 1049 1141 videor
1072 1082 1225 1154 quasi
1254 1082 1436 1138 multa:
1465 1078 1691 1135 luxuriae
1709 1075 1912 1140 ebrius,
1943 1088 2101 1130 men-

513 1178 582 1234 tis
621 1178 875 1249 insipere,
907 1188 1066 1247 atque
1099 1177 1234 1232 adeo
1280 1178 1333 1232 in
1380 1184 1563 1245 poetas
1608 1185 1805 1228 nomen
1848 1168 2102 1225 dedisse?

514 1270 658 1325 Nihil
708 1286 889 1326 moror
938 1270 1075 1325 banc
1121 1270 1513 1324 litteraturam:
1556 1265 1662 1322 loci
1714 1264 1913 1334 potius,
1939 1274 2099 1331 quam

515 1361 709 1432 ingenii
758 1362 861 1418 mei
906 1377 1098 1417 munus
1146 1358 1383 1415 exercui.
1444 1357 1550 1415 Sed
1596 1357 1641 1412 si
1686 1354 1963 1412 invitantia
2018 1352 2101 1408 lo-

514 1471 670 1525 quor,
718 1456 939 1525 gradum
988 1454 1176 1522 tollite,
1234 1462 1290 1509 ut
1338 1462 1392 1509 et
1427 1467 1523 1508 vos
1561 1450 1679 1507 sitis
1722 1448 1828 1505 laeti
1859 1461 2099 1518 praeson-

513 1548 668 1613 tium,
695 1558 747 1602 et
775 1548 926 1605 nobis
956 1546 1219 1616 potiundi,
1244 1560 1364 1616 qua
1389 1544 1657 1609 volumus,
1682 1542 1894 1598 fortuna
1916 1552 2103 1596 succe-

515 1642 624 1694 dat.
656 1638 807 1695 Vale.

1135 1708 1354 1764 EPIST.
1396 1706 1487 1762 IX.

1039 1836 1352 1878 SYIIACBUS
1389 1835 1541 1875 PA'I'IU
1552 1859 1564 1873 .

582 1936 639 1991 In
668 1944 815 1992 metu
850 1934 1066 2004 fuimus,
1098 1949 1167 1991 ne
1200 1949 1305 1990 vos
1340 1933 1513 1989 imber
1556 1931 1842 1988 inhiberet.
1874 1929 1983 1989 Sed
2007 1943 2102 1986 ve-

514 2043 636 2083 rum
675 2036 758 2082 est
784 2027 941 2095 illud,
964 2026 1108 2097 quod
1154 2035 1311 2097 poeta
1353 2033 1536 2082 noster
1559 2023 1815 2095 scriptum
1848 2022 2102 2093 reliquit;

512 2121 618 2176 iter
646 2119 839 2176 durum
876 2120 1071 2177 vicisse
1111 2121 1387 2191 pietatem.
1418 2118 1595 2185 Quare
1618 2117 1909 2173 adventum
1937 2114 2104 2170 vestri

512 2215 567 2269 in
592 2215 738 2271 diem
791 2215 1038 2284 placitam
1081 2214 1473 2285 praestolamur.
1520 2211 1603 2267 Dii
1653 2210 1812 2266 modo
1855 2217 2105 2264 auctores

510 2305 639 2373 sint,
669 2315 728 2363 ut
760 2322 882 2378 qua:
917 2308 1099 2363 animo
1143 2306 1447 2374 destinatis,
1497 2303 1657 2361 nullis
1704 2300 2103 2358 causationibus

510 2401 907 2473 obstrepantur.
933 2401 1084 2458 Vale.
1140 2469 1339 2529 EPIST
1402 2470 1449 2524 Χ

1046 2601 1359 2643 εηωοιιυε
1384 2600 1559 2641 ΡΔΤΒΙ.

581 2700 852 2757 ﬂanccine
880 2700 1009 2756 mihi
1038 2715 1159 2757 esse
1200 2699 1495 2766 fortunam,
1540 2704 1600 2754 ut
1627 2708 1843 2767 quoquo
1887 2706 2104 2750 versum

511 2792 699 2862 pedem
728 2792 1059 2863 gradumque
1099 2792 1401 2863 contulero,
1433 2788 1878 2849 exmdiﬂcandum
1905 2786 2104 2858 aliquid

513 2881 816 2939 offeratur?
862 2885 1005 2939 velut
1044 2901 1129 2941 me
1171 2899 1313 2939 nunc
1342 2883 1581 2953 Capuani
1617 2880 1856 2953 praetorii
1895 2879 2103 2935 instau-

510 2978 648 3031 ratio
695 2976 748 3031 in
798 2991 989 3047 graves
1031 2976 1175 3047 cogit
1222 2990 1486 3045 expensas
1518 2991 1531 3028 :
1562 2974 1715 3043 cujus
1744 2985 1869 3042 pars
1905 2969 2105 3026 fatiscit

510 3067 743 3135 incuria,
780 3083 901 3137 pars
928 3068 1212 3139 negligenti
1260 3067 1460 3124 dudum
1512 3065 1788 3122 celeritate
1834 3072 2099 3132 reparata,

508 3158 819 3214 indecorum
847 3170 902 3215 et
950 3159 1275 3214 imbecillum
1307 3166 1530 3231 praestat
1573 3155 1961 3212 habitaculum.
2008 3151 2102 3209 His

508 3252 615 3307 nisi
662 3259 942 3321 properata
973 3265 1099 3304 cura
1157 3250 1485 3314 subvenerit,
1530 3258 1621 3302 aut
1649 3247 1888 3317 pecuniae
1917 3257 2101 3315 postea
2130 3276 2178 3342 ε

508 3343 848 3415 dispendium
879 3335 1407 3411 cumulabitur,'aut
1451 3343 1641 3398 ruinae.
1690 3342 1822 3394 Nam
1859 3336 2100 3408 quisquis

510 3438 628 3493 haec
676 3452 840 3507 Opera
890 3436 1227 3503 intermittit,
1275 3436 1495 3491 amittit.
1539 3435 1717 3503 Quare
1761 3433 1972 3487 animus
2018 3439 2104 3488 est

509 3531 719 3587 amoliri
742 3531 935 3586 aedium
966 3538 1319 3587 senectutem.
1347 3528 1425 3583 ita
1452 3527 1758 3583 desiderato
1784 3536 1841 3581 et
1864 3524 2103 3595 expetito

509 3616 621 3681 otio
670 3624 737 3679 ad
783 3624 1053 3694 negotium
1098 3623 1465 3680 concessimus
1511 3630 1905 3691 sumptuosum.
1964 3620 2101 3688 Quid

509 3735 689 3775 rerum
715 3733 988 3790 geramus,
1022 3718 1270 3775 audistis.
1302 3716 1485 3772 Facite
1520 3715 1755 3771 vicissim
1786 3722 1982 3771 vestrae
2014 3727 2101 3768 sa-

509 3812 637 3867 lutis
657 3819 815 3880 atque
834 3822 1048 3867 actuum
1074 3825 1330 3881 prospera
1353 3810 1689 3865 noverimus:
1709 3816 1763 3863 ut
1783 3807 1885 3863 hoc
1896 3806 2101 3877 pauxil-'

511 3904 622 3959 lum
654 3914 883 3973 tempus,
909 3903 1050 3974 quod
1100 3905 1152 3959 in
1192 3904 1485 3974 Campania
1513 3918 1762 3974 paramus
1790 3903 2095 3969 absumere,

508 3996 627 4052 sine
651 3995 852 4053 offensa
882 3995 1045 4053 véstri
1074 3996 1270 4083 silentii
1299 3996 1674 4068 transigamus.
1710 3995 1864 4053 Vale.

1125 4153 1344 4213 EPIST.
1387 4154 1476 4212 XI.

1040 4286 1351 4327 SVIIACHUS
1384 4286 1558 4325 PATBI.

578 4408 710 4463 Cum
738 4409 846 4478 jam
880 4409 1002 4463 hlite
1034 4413 1229 4463 nostra:
1257 4408 1370 4463 dies
1397 4409 1590 4463 natalis
1620 4413 1916 4475 appeteret,
1949 4420 2101 4461 com-

510 4500 728 4555 modum
757 4500 996 4566 aderant,
1031 4499 1151 4569 quae
1191 4500 1398 4555 muneri
1431 4500 1718 4554 miseratis.
1754 4499 1827 4555 Ea
1858 4500 2014 4555 nobis
2045 4500 2099 4554 in

509 4600 795 4646 commune
832 4606 989 4660 quam
1021 4605 1143 4646 cara
1170 4599 1225 4645 et
1254 4591 1437 4660 gravia
1465 4590 1631 4647 fuere.
1660 4591 1791 4646 Nam
1814 4593 1859 4647 si
1892 4592 2019 4662 quid
2044 4593 2097 4647 in

2134 513 2190 572 Α

2816 507 3029 566 EPIST.
3071 507 3190 564 XII.

2746 619 3051 663 SYIIACBUS
3087 621 3262 663 ΡΑτιυ.

2278 720 2573 775 Censorum
2596 718 2743 775 nouo
2766 716 2865 773 fuit
2883 726 3129 788 spectare
3148 732 3336 789 opera,
3356 732 3477 790 qua
3500 717 3795 776 locassent;

2208 812 2320 868 Hoc
2343 827 2430 868 me
2464 813 2739 881 negotium
2766 826 2961 867 curare
2982 812 3219 869 voluisti.
3266 812 3381 870 Mos
3407 822 3589 885 gestus
3628 817 3785 885 impe-

2206 906 2366 970 ratis;
2398 906 2481 961 vel
2530 906 2671 976 quod
2721 904 2819 962 tibi
2866 905 3011 961 dicto
3056 905 3282 964 audiens
3327 920 3449 964 esse
3496 907 3676 975 debui,
3706 908 3784 964 vel

2206 996 2350 1066 quod
2376 996 2553 1052 studio
2578 1010 2700 1053 meo
2727 1010 3027 1068 congruere
3055 997 3366 1054 mandatum
3407 1013 3599 1055 munus
3636 1014 3788 1069 agno-

2203 1087 2279 1143 vi.
2312 1087 2461 1144 ﬂabe
2482 1088 2644 1159 igitur
2671 1096 2930 1159 quantum
2960 1088 3016 1144 in
3055 1088 3260 1145 aedibus
3298 1098 3482 1146 nostra
3510 1104 3634 1146 cura
3677 1105 3788 1160 pro-

2206 1180 2457 1237 moverit.
2486 1180 2656 1237 Scalis
2694 1188 2987 1252 suppactus
3010 1189 3095 1237 est
3134 1180 3308 1238 honor
3335 1182 3619 1253 marmoris
3648 1198 3663 1236 :
3710 1196 3789 1236 su-

2210 1274 2421 1342 periora
2448 1274 2729 1331 conclavia
2752 1275 2951 1330 crustis
2978 1282 3329 1346 teguntur,ea
3348 1275 3529 1345 operis
3557 1274 3787 1337 levitate.

2206 1373 2265 1420 ut
2285 1379 2547 1437 compago
2567 1366 2798 1423 solidum
2826 1366 3132 1423 mentiatur.
3162 1366 3456 1423 Columnas
3483 1367 3651 1422 nihilo
3682 1382 3790 1420 am-

2208 1457 2351 1527 plius
2377 1467 2647 1515 mercatus
2678 1474 2758 1530 es,
2786 1474 2946 1530 quam
2977 1459 3023 1515 si
3054 1459 3151 1515 tibi
3195 1460 3407 1516 muneri
3433 1459 3790 1530 contigissent.

2205 1550 2313 1606 Eas
2335 1550 2559 1623 bitbyno
2592 1551 2980 1626 lapideczesas,
3003 1552 3048 1607 si
3088 1551 3225 1608 bene
3251 1551 3423 1607 oculis
3448 1559 3590 1614 utor,
3619 1550 3792 1604 existi-

2206 1655 2315 1697 mo.
2368 1642 2640 1698 Hactenus
2690 1651 2795 1709 est,
2840 1641 2981 1713 quod
3024 1641 3166 1698 scire
3212 1642 3484 1698 debueris.
3538 1640 3793 1709 Deinceps

2205 1741 2421 1790 tantum
2452 1734 2766 1806 adjiciemus
2797 1735 3095 1805 cognitioni
3133 1743 3255 1802 tute,
3288 1745 3545 1807 quantum
3572 1734 3793 1792 aedifica.

2210 1825 2343 1883 tioni
2368 1824 2663 1883 viderimus
2688 1826 2970 1883 accedere.
2997 1825 3154 1883 Vale.

2799 1959 3017 2017 EPIST.
3062 1958 3181 2015 Xlll

2707 2087 3015 2129 SYIIAGBUB
3054 2086 3296 2128 AUSONIO.

2284 2185 2433 2242 Solet
2466 2185 2690 2243 facunda
2728 2202 2849 2243 esse
2880 2187 3086 2254 laetitia,
3115 2196 3171 2242 et
3208 2186 3483 2258 angustias
3516 2186 3687 2244 clausi
3712 2200 3795 2258 pe-

2210 2280 2375 2334 ctoris
2387 2288 2669 2347 aspernata
2683 2279 2897 2350 gestire.
2923 2278 3064 2344 Tibi,
3081 2279 3273 2345 amice,
3291 2276 3561 2334 scribendi
3578 2277 3795 2333 oblivio-

2216 2386 2342 2427 nem
2374 2370 2579 2441 peperit
2604 2387 2691 2427 res
2717 2371 2974 2427 secunda.
3000 2370 3057 2426 id
3086 2369 3214 2425 mihi
3245 2369 3530 2425 imitationi
3551 2383 3677 2426 esse
3699 2383 3797 2425 non

2214 2464 2412 2533 potuit,
2443 2479 2603 2535 quem
2635 2464 2836 2519 domini
2875 2463 3045 2519 nostri
3072 2463 3312 2519 Gratiani
3350 2464 3589 2519 caelestis
3635 2462 3798 2519 oratio

2214 2555 2516 2625 bonae‘spei
2540 2566 2593 2612 et
2618 2556 2904 2612 hilaritatis
2933 2556 3189 2626 implevit.
3222 2555 3376 2611 Ultro
3414 2556 3573 2626 igitur
3601 2553 3798 2626 alloqui

2214 2646 2457 2705 desidem
2488 2662 2593 2704 non
2627 2649 2865 2719 peperci,
2896 2648 3080 2713 officii,
3108 2647 3194 2703 vel
3238 2647 3416 2718 gaudii
3446 2648 3549 2703 mei
3583 2648 3751 2716 gratia
3779 2662 3795 2700 :

2212 2756 2441 2811 quorum
2464 2743 2692 2798 alterum
2719 2741 3050 2797 familiaritas
3080 2750 3285 2807 nostra,
3317 2742 3546 2796 alterum
3574 2739 3798 2795 felicitas

2214 2834 2427 2903 publica
2475 2834 2815 2906 suggerebat.
2882 2833 3032 2889 Nunc
3078 2834 3123 2888 si
3180 2847 3358 2900 operae
3406 2843 3509 2899 est,
3547 2832 3799 2888 utendum

2211 2925 2345 2981 mihi
2396 2927 2659 2998 tantisper
2712 2926 2947 2980 animum
2994 2924 3077 2980 fac
3107 2924 3370 2980 remittas.
3417 2923 3800 2980 Primoresca-

2213 3019 2385 3075 lenda:
2416 3020 2685 3075 Ianuariis
2724 3018 3062 3088 appetebant.
3107 3018 3381 3087 Frequens
3423 3024 3643 3072 senatus
3694 3031 3801 3071 ma-

2213 3110 2440 3166 turrime
2469 3110 2521 3165 in
2553 3110 2756 3165 curiam
2782 3123 3127 3178 veneramus,
3156 3108 3460 3178 priusquam
3488 3107 3802 3163 manifestus

2211 3203 2326 3259 dies
2346 3219 2623 3273 creperum
2652 3202 2826 3259 noctis
2854 3203 3163 3258 absolveret
3184 3217 3198 3255 :
3219 3199 3357 3255 forte
3394 3215 3578 3256 rumor
3603 3201 3799 3257 allatus

2209 3305 2293 3352 est
2329 3310 2635 3351 sermonem
2680 3295 2971 3350 desiderati
3022 3293 3276 3364 principis
3316 3294 3478 3349 multa
3524 3303 3687 3351 nocte
3712 3308 3800 3351 ve-

2210 3386 2379 3449 nisse,
2430 3394 2484 3439 et
2536 3396 2651 3441 erat
2697 3400 2903 3441 verum.
2948 3384 3082 3441 Nam
3134 3383 3445 3439 tabellarius
3495 3383 3798 3454 vigiliarum

2212 3478 2387 3533 fessus
2433 3477 2699 3533 adstabat.
2747 3477 2991 3533 Nondum
3039 3476 3178 3532 caelo
3220 3474 3436 3532 albente
3466 3477 3804 3533 concurritur

2207 3569 2498 3626 luminibus
2524 3570 2786 3636 accensis,
2813 3570 2935 3625 nevi
2965 3569 3149 3624 smeuli
3172 3567 3277 3624 fata
3299 3568 3647 3638 recipiantur.
3665 3567 3800 3637 Quid

2205 3662 2406 3717 multa?
2428 3663 2798 3733 lucem,quam
2829 3662 3002 3717 adhuc
3022 3661 3454 3732 opperiebamur,
3483 3660 3798 3732 accipimus.

2207 3754 2303 3810 Dic
2330 3755 2482 3822 mihi,
2510 3754 2717 3825 inquies
2740 3756 2886 3827 (nam
2915 3755 2965 3809 id
2994 3763 3211 3823 praestat
3230 3754 3458 3825 audire),
3482 3754 3608 3825 quid
3632 3754 3802 3829 l)08tl‘i

2211 3857 2387 3918 patres
2417 3862 2577 3917 super
2598 3861 2659 3902 ea
2684 3846 2929 3902 oratione
2944 3847 3259 3902 senserunt?
3281 3847 3477 3901 Rerum
3502 3845 3597 3901 tibi
3615 3855 3804 3902 natura

2208 3941 2564 4013 respondeat,
2598 3940 2790 4010 quibus
2824 3938 3090 4009 suffragiis
3121 3947 3377 4009 ex0ptata
3407 3939 3577 4009 pietas
3612 3938 3804 3994 audia-

2209 4042 2313 4090 tur.
2337 4014 2593 4090 Novimus
2615 4031 2753 4088 bona
2779 4040 2961 4088 nostra
2982 4031 3285 4102 complecti.
3307 4031 3364 4088 Si
3394 4029 3592 4098 credis,
3611 4032 3803 4086 etiam-

2207 4148 2335 4188 num
2377 4131 2521 4187 illius
2547 4130 2726 4202 gaudii
2768 4130 2872 4185 mei
2913 4129 3199 4201 quamdam
3242 4128 3416 4199 patior
3454 4128 3802 4185 cruditatem.

2206 4225 2386 4280 Bonus
2412 4223 2609 4290 Nerva,
2636 4223 2899 4294 Trajanus
2926 4233 3198 4291 strenuus,
3240 4222 3506 4279 Antonius
3548 4224 3693 4293 pius,
3727 4225 3806 4279 in-

2206 4330 2405 4372 nocens
2435 4315 2643 4372 Marcus
2675 4316 2847 4385 plenis
2874 4315 3040 4371 officii
3082 4315 3413 4384 temporibus
3457 4315 3625 4385 adjuti
3652 4325 3802 4386 sunt,

2202 4422 2325 4477 qua:
2374 4416 2499 4463 tunc
2549 4422 2726 4463 mores
2752 4407 2885 4463 alios
2922 4406 3256 4463 nesciebant.
3291 4406 3390 4463 Hic
3438 4406 3490 4462 in
3531 4406 3693 4463 laude
3723 4418 3805 4464 est

2208 4508 2392 4555 natura
2427 4500 2684 4570 principis
2709 4516 2725 4565 ;
2755 4499 2826 4555 ibi
2852 4500 3042 4571 prisca:
3064 4515 3257 4555 munus
3285 4499 3478 4555 aetatis.
3508 4499 3616 4556 Cur
3646 4514 3804 4557 verso

2206 4590 2397 4645 ordine
2426 4591 2526 4645 ista
2550 4590 2871 4660 Optimarum
2922 4592 3117 4647 artium
3167 4600 3416 4660 putemus
3445 4591 3718 4661 exempla,
3751 4601 3808 4649 et

508 4684 761 4739 abaentes
809 4684 943 4739 bene
982 4682 1251 4749 consulas,
1298 4684 1539 4753 impensu
1580 4684 1784 4753 majore
1814 4684 2073 4753 gaudetur
2127 4664 2185 4728 Ῑ)
2212 4680 2301 4737 illa
2332 4682 2400 4737 de
2428 4684 2626 4737 saeculo
2657 4683 2834 4752 priore
2866 4682 3126 4753 vestigia?
3160 4681 3328 4738 Vetus
3357 4682 3590 4737 officium
3642 4696 3802 4739 suum

508 4775 658 4831 Illico
678 4775 918 4846 amplexi
968 4764 1195 4843 litteras,
1241 4791 1360 4847 quas
1407 4777 1870 4847 prosequebantur
1891 4778 2092 4847 oblata,

510 4870 562 4925 in
586 4869 988 4939 exspectatione
1014 4884 1133 4924 esse
1159 4870 1440 4938 coepimus,
1479 4885 1637 4941 quam
1669 4886 1793 4925 mox
1817 4870 1966 4928 vobis
2005 4886 2094 4928 ca-

510 4962 832 5033 pessendum
872 4963 972 5016 iter
1009 4961 1195 5031 Appia:
1223 4962 1548 5018 scriberetis.
1588 4962 1728 5018 Nihil
1761 4963 1950 5020 horum
1996 4980 2094 5036 pa-

508 5055 633 5124 gina
664 5054 960 5109 nuntiabat.
991 5051 1284 5110 Percontor
1310 5054 1664 5122 tabellarium,
1694 5071 1821 5111 num
1844 5066 2093 5114 constan-

510 5146 638 5199 tiam
675 5146 875 5201 decreti
906 5160 1083 5201 rerum
1108 5144 1284 5201 subita
1308 5146 1628 5201 turbassent.
1663 5146 1751 5203 Ait
1770 5150 2091 5205 sententiam

512 5238 639 5292 nihil
667 5239 988 5306 claudicare,
1020 5239 1115 5294 sed
1152 5240 1339 5309 placita
1366 5239 1585 5307 differri,
1624 5241 1799 5299 donec
1827 5244 2095 5299 cunctatio

512 5328 796 5386 Formiana
833 5333 995 5387 multa
1041 5333 1209 5403 fruge,
1252 5342 1310 5389 et
1340 5334 1458 5389 aliis
1506 5336 1605 5390 hoc
1630 5350 1798 5405 genus
1837 5337 1889 5392 in
1940 5353 2094 5393 usum

514 5425 831 5480 necessariis
855 5426 1169 5482 instruatur.
1220 5427 1367 5483 Tunc
1390 5428 1517 5483 mihi
1553 5430 1765 5485 animus
1793 5431 1861 5486 ab
1883 5432 2097 5503 aegritu-

513 5514 638 5569 dine
667 5517 992 5587 remigravit.
1018 5520 1097 5575 Do
1129 5520 1309 5586 fidem,
1342 5522 1470 5577 nihil
1495 5522 1677 5577 humili
1710 5538 1932 5589 mensae,
1961 5524 2095 5579 nihil

516 5607 768 5675 servitiis,
796 5618 887 5664 aut
917 5613 1095 5682 pecori
1117 5612 1444 5669 defuturum.
1490 5614 1567 5670 Ne
1589 5615 1717 5669 mihi
1748 5616 1817 5670 sit
1839 5617 1962 5672 dicti
1994 5616 2095 5670 hu-

511 5700 600 5769 jus
626 5703 849 5771 posthac
877 5708 1112 5776 negatio,
1144 5721 1210 5761 en
1243 5707 1397 5761 vobis
1442 5708 1783 5776 chirographi
1813 5709 1982 5762 instar
2011 5709 2099 5762 ht-

514 5804 677 5851 teras.
701 5795 1055 5867 Sponsionem
1097 5798 1313 5867 stipulat
1341 5799 1572 5854 allectio.
1605 5798 1782 5867 Neque
1825 5799 1967 5854 enim
2001 5815 2091 5871 pa-

513 5888 617 5947 tiar
641 5887 834 5963 decipi,
864 5904 998 5961 quos
1021 5898 1148 5961 Opto
1167 5889 1471 5959 complecti.
1510 5888 1651 5946 Vale.

2204 4776 2415 4831 fortuna
2446 4784 2681 4838 tueatur.
2715 4788 2769 4832 et
2798 4780 2893 4832 has
2932 4778 3110 4833 saltim
3161 4776 3403 4831 Romano
3443 4775 3646 4831 nomini
3674 4776 3804 4833 velit

2204 4885 2423 4927 servare
2460 4870 2699 4927 delicias.
2741 4870 2898 4927 Nullo
2928 4870 3130 4927 fascino
3160 4868 3386 4926 felicitas
3415 4868 3625 4939 publica
3658 4884 3804 4923 mor-

2205 4963 2415 5020 deatur.
2449 4963 2659 5019 Audisti
2702 4963 2906 5030 omnia,
2953 4963 3049 5019 sad
3080 4956 3449 5018 summotenus
3483 4977 3579 5017 ore
3616 4962 3800 5016 libata.

2209 5054 2549 5111 Monumenta
2576 5056 2743 5110 curia:
2784 5064 2980 5110 nostrze
3031 5054 3241 5123 plenius
3274 5064 3445 5109 tecum
3487 5054 3799 5123 loquentur.

2210 5146 2307 5202 Ubi
2346 5161 2468 5202 cum
2509 5145 2659 5217 plura
2691 5148 2948 5216 rescripta
2994 5147 3260 5214 repereris
3284 5144 3568 5210 ;.aestima,
3599 5151 3804 5215 quanto

2203 5240 2454 5295 uberiora
2479 5239 2635 5294 unius
2669 5253 2822 5294 mens
2851 5238 3138 5309 optaverit,
3168 5253 3325 5309 quam
3349 5237 3565 5308 plausus
3594 5235 3800 5293 clIude-

2201 5335 2291 5389 rit.
2320 5333 2468 5390 Vale.

2800 5401 3017 5457 EPIST.
3063 5402 3197 5457 XIV.

2704 5511 3014 5553 SYIIIACBUS
3046 5512 3288 5552 AUSOSIO.

2272 5612 2419 5665 Petis
2447 5626 2475 5663 a
2508 5624 2594 5664 me
2617 5609 2824 5665 litteras
2851 5610 3143 5680 longiores.
3189 5610 3284 5665 Est
3332 5609 3431 5665 hoc
3468 5608 3520 5664 in
3550 5622 3651 5664 nos
3676 5605 3794 5664 veri

2204 5707 2403 5763 amoris
2433 5705 2706 5761 indicium.
2757 5704 2865 5761 Sed
2900 5720 3001 5776 ego
3029 5705 3119 5775 qui
3166 5718 3285 5760 sum
3320 5701 3617 5773 paupertini
3648 5701 3795 5770 inge-

2208 5800 2278 5854 nii
2310 5800 2411 5854 mei
2447 5798 2574 5853 mihi
2598 5798 2867 5863 conscius,
2901 5797 3177 5853 Laconica:
3208 5798 3349 5853 malo
3370 5797 3585 5853 studere
3609 5794 3793 5851 brevi-

2212 5893 2329 5961 tati,
2356 5905 2515 5963 quam
2544 5892 2837 5961 multijugis
2862 5892 3072 5959 paginis
3106 5890 3348 5953 infantia:
3371 5893 3597 5953 maciem
3616 5887 3776 5954 ι)υωί
