4032 6436
188 406 284 465 I55

1428 393 1907 455 EPISTOLARUM
1945 392 2145 451 LIBER
2183 393 2225 448 l.

3356 393 3459 450 154

189 536 321 580 care.
346 518 456 575 Nec
484 516 681 573 mirum
708 516 754 572 si
781 514 980 587 eloquii
1010 513 1180 570 nostri
1214 526 1352 569 vena
1394 522 1611 569 tenuata
1650 522 1769 577 est;
1800 517 1857 577 Α
1880 510 2021 582 apud
2042 519 2117 577 te,
2151 509 2223 564 mi
2250 508 2487 573 domine,
2510 507 2715 564 silenda
2736 520 2843 563 non
2864 506 3089 576 credidi,
3107 514 3161 563 et
3184 507 3324 578 quod
3347 522 3459 579 prm

188 626 339 685 quam
362 608 563 667 dudum
593 602 766 679 naue
786 606 945 663 ullius
971 605 1234 677 poematis
1272 604 1370 670 tui,
1404 618 1581 676 neque
1604 604 1767 675 pede-

190 706 370 763 strium
401 703 733 760 voluminum
761 700 993 761 lectione
1021 698 1229 770 iuvisti.
1267 697 1421 757 Unde
1452 698 1613 770 igitur
1653 713 1771 755 ser-

190 800 357 857 monis
388 797 496 853 mei
536 798 739 868 largam
772 793 949 867 poscis
987 808 1232 859 usuram.
1262 792 1353 863 qui
1392 791 1525 848 nihil
1553 791 1772 849 litterati

192 892 382 951 fenoris
410 890 725 948 credidisti?
771 888 970 946 Volitat
1015 897 1138 944 tuus
1175 886 1395 944 Mosella
1443 900 1540 957 per
1581 898 1773 941 manus

190 990 440 1058 sinusque
461 984 769 1050 multorum,
787 982 981 1039 divinis
1005 992 1112 1037 ate
1127 979 1369 1036 versibus
1391 987 1771 1035 consecratus:

193 1079 281 1133 sed
314 1086 519 1139 tantum
547 1084 733 1133 nostra
768 1090 868 1131 ora
897 1072 1227 1144 praelabitur.
1258 1070 1369 1127 Cdr
1395 1085 1483 1127 me
1519 1070 1673 1126 istius
1705 1069 1776 1125 li-

192 1170 335 1239 belli,
357 1184 562 1241 quaeso,
593 1178 864 1233 exsortem
893 1180 1014 1224 esse
1043 1164 1298 1223 voluisti?
1327 1173 1418 1220 aut
1440 1168 1646 1219 omnes
1677 1161 1774 1219 tibi

194 1264 429 1333 videbar,
455 1265 545 1334 qui
591 1261 887 1334 diiudicare
924 1274 1033 1317 non
1070 1274 1319 1330 possem;
1351 1267 1444 1315 aut
1484 1267 1635 1314 certe
1654 1270 1775 1311 ma-

195 1358 386 1429 lignus,
407 1356 497 1428 qui
524 1355 741 1413 laudare
759 1353 1042 1412 nescirem.
1088 1353 1270 1425 Itaque
1292 1351 1377 1407 vel
1407 1351 1621 1422 ingenio
1653 1364 1775 1405 meo

198 1450 504 1520 plurimum,
532 1448 616 1505 vel
638 1448 903 1515 moribus,
930 1446 1220 1519 derogasti.
1243 1446 1356 1517 Ego
1383 1455 1563 1501 tamen
1588 1454 1777 1501 contra

198 1542 533 1599 interdictum
562 1551 709 1597 tuum
740 1556 865 1599 mox
907 1540 976 1598 ad
1005 1541 1147 1597 illius
1190 1540 1372 1611 Operis
1412 1553 1606 1595 arcana
1650 1552 1777 1608 per-

197 1635 339 1691 veni.
372 1633 545 1690 Velim
576 1632 966 1704 reticere,quid
996 1632 1218 1689 sentiant
1245 1650 1257 1687 :
1282 1631 1439 1688 velim
1469 1630 1536 1687 de
1566 1639 1615 1686 te
1630 1628 1779 1701 justo

193 1728 407 1785 silentio
428 1726 707 1792 vindicari,
741 1726 836 1782 sed
878 1725 1165 1783 admiratio
1201 1718 1522 1797 scriptorum
1559 1738 1779 1781 sensum

197 1820 391 1890 frangit
418 1820 646 1892 injuria.
680 1818 813 1875 Novi
846 1819 986 1875 enim
1018 1820 1179 1874 istum
1210 1818 1448 1883 ﬂuvium,
1470 1831 1594 1874 cum
1622 1827 1782 1874 aeter-

1878 606 1954 661 tui
1979 619 2166 662 amore
2186 604 2318 659 nihil
2351 603 2523 659 habeo
2552 601 2730 673 pensi;
2750 611 2805 659 et
2829 602 2974 674 quod
2998 601 3257 669 vicissim,
3276 602 3461 672 quanti

1873 712 1905 754 a
1937 707 1989 754 te
2020 696 2168 763 fiam,
2222 711 2496 767 nunquam
2535 711 2621 753 me
2652 694 2892 765 poenitet.
2936 694 3089 763 Quod
3113 694 3350 750 Palladio
3384 692 3463 749 fa-

1874 798 2019 847 ctum
2045 790 2189 858 volo,
2226 804 2296 847 ne
2340 790 2543 847 lateant
2586 792 2810 847 honesta
2850 788 3084 861 prolatu.
3108 787 3249 844 Cura
3278 795 3335 841 ut
3371 800 3464 842 va-

1875 882 2023 948 leas;
2070 890 2124 939 et
2151 882 2405 952 quoniam
2434 882 2530 939 tibi
2577 882 2801 941 facultas
2828 880 3097 941 scribendi
3124 887 3322 951 prasto
3358 886 3461 949 est,

1876 974 2072 1032 adhibe
2092 974 2448 1034 voluntatem.
2498 975 2650 1033 Vale.

2476 1088 2696 1147 EPIST.
2736 1088 2877 1147 XVI.

2380 1216 2690 1260 SYIIACBUS
2727 1216 2968 1261 AUSONIO.

1950 1313 2106 1384 Saepe
2129 1315 2493 1373 unanimitatis
2523 1325 2627 1372 tuae
2670 1331 2923 1373 sermone
2960 1315 3272 1385 convenior,
3303 1325 3365 1371 ut
3401 1315 3470 1371 de

1880 1406 2118 1477 acceptis
2170 1407 2390 1475 litteris,
2433 1424 2564 1479 quas
2590 1409 2658 1464 ad
2698 1423 2787 1464 me
2811 1423 2941 1468 cura
2981 1408 3333 1479 propensiore
3367 1409 3467 1461 mi«

1884 1499 2024 1564 sisti,
2065 1499 2151 1555 vel
2181 1500 2449 1567 scribam;
2490 1501 2683 1571 quibus
2730 1515 2847 1572 ego,
2904 1508 2965 1557 ut
2984 1514 3211 1571 quaeque
3246 1498 3471 1554 redditae

1882 1601 2031 1661 sunt,
2057 1601 2295 1650 actutum
2351 1595 2465 1664 pari
2516 1594 2775 1664 religione
2800 1592 3053 1663 respondi
3090 1607 3108 1649 :
3150 1592 3273 1661 quia
3298 1605 3472 1660 neque

1883 1684 2263 1756 rescriptorum
2291 1684 2449 1752 ratio,
2494 1700 2669 1755 neque
2694 1686 2896 1741 amoris
2918 1682 3232 1740 vicissitudo
3260 1681 3472 1737 sinebat

1883 1778 2081 1835 diutius
2107 1776 2374 1833 desidere.
2399 1775 2552 1832 Nunc
2573 1790 2789 1847 quoque
2809 1790 2970 1846 agere
2990 1790 3078 1831 me
3096 1782 3257 1844 atque
3275 1772 3474 1829 habere

196 1866 387 1970 noer
418 1866 717 1982 principum
742 1910 854 1981 iam
893 1910 1102 1982 pridem
1142 1909 1296 1981 signa
1331 1910 1640 1979 comitarer.
1687 1923 1781 1980 ρει-
1810 1901 1859 1964 Β
1882 1876 2395 1982 ξῖῗξ¹²ἶ⁸.¹3¹’ῗῖίῗῗῖῗῖ’
2426 1869 2569 1982 2‘1"?
2584 1866 3474 1982 ΗτῗὲῗθῖῗεΡΒῗῩΪῩῖἫΣῘΪὟςὶῗθ

196 2021 302 2063 rem
336 2005 542 2071 multis,
574 2005 834 2075 imparem
873 2003 1139 2060 maximis.
1172 2003 1324 2059 Nunc
1346 2002 1641 2073 improviso
1670 2001 1781 2058 cla-

197 2114 379 2156 rorum
410 2113 661 2153 versuum
689 2097 949 2168 dignitate
978 2096 1233 2168 Egyptio
1254 2096 1465 2153 Melone
1497 2096 1778 2167 majorem,

182 2174 528 2265 'frigidiorem
555 2190 811 2263 Scythico
834 2190 1022 2258 Tanai,
1056 2189 1445 2261 clarioremque
1468 2189 1571 2246 hoc
1596 2197 1783 2244 nostro

199 2287 442 2358 populari
479 2285 689 2341 Fucino
727 2285 1027 2342 reddidisti.
1072 2285 1418 2357 Nequaquam
1449 2284 1543 2340 tibi
1590 2284 1781 2342 crede-

198 2392 331 2444 rem,
356 2378 428 2433 de
452 2376 687 2432 Mosella
709 2386 831 2433 ortu
859 2392 920 2431 ac
946 2386 1128 2433 meatu
1157 2391 1347 2448 magna
1375 2377 1636 2445 narranti,
1680 2376 1783 2431 nisi

197 2478 343 2525 certo
372 2469 568 2526 scirem
599 2468 742 2540 quod
763 2483 862 2526 nec
903 2468 958 2524 in
994 2481 1240 2541 poemate
1288 2471 1585 2527 mentiaris.
1634 2469 1786 2527 Unde

199 2559 279 2616 illa
310 2561 653 2616 amnicorum
681 2559 907 2631 piscium
928 2558 1175 2617 examina
1206 2560 1484 2631 reperisti?
1508 2575 1668 2631 quam
1690 2575 1786 2617 no-

200 2654 434 2711 minibus
462 2654 629 2724 varia,
658 2662 766 2709 tam
787 2654 1079 2723 coloribus,
1101 2664 1163 2711 ut
1189 2654 1553 2726 magnitudine
1583 2653 1788 2711 distan-

201 2746 285 2816 tia,
315 2745 403 2800 sic
435 2759 653 2815 sapore;
682 2760 804 2816 qua:
828 2746 1111 2817 pigmentis
1151 2746 1307 2802 istius
1343 2746 1598 2803 carminis
1625 2760 1787 2818 supra

203 2846 405 2893 natum
438 2838 578 2893 dona
609 2837 820 2894 fucasti.
853 2839 1016 2909 Atqui
1047 2839 1101 2894 in
1132 2838 1238 2895 tuis
1272 2838 1476 2895 mensis
1504 2854 1649 2911 saepe
1667 2854 1789 2895 ver-

204 2938 367 2995 satus,
399 2944 525 2984 cum
554 2928 806 3000 pleraque
823 2930 947 2995 alia,
971 2945 1091 3001 quas
1117 2940 1243 2985 tunc
1265 2930 1317 2985 in
1337 2930 1591 3000 praetorio
1608 2939 1785 2999 erant,

205 3022 309 3076 esui
338 3021 555 3091 objecta
582 3022 846 3087 mirarer;
896 3036 1167 3091 nunquam
1217 3021 1321 3078 hoc
1350 3037 1517 3094 genus
1562 3021 1789 3092 piscium

208 3111 557 3183 deprehendi.
589 3106 814 3179 Quando
839 3110 894 3166 bi
925 3112 1098 3181 pisces
1128 3112 1180 3167 in
1210 3110 1348 3168 libro
1376 3110 1474 3168 tibi
1500 3112 1609 3167 nati
1642 3120 1788 3179 sunt,

205 3205 291 3277 qui
316 3208 371 3262 in
405 3206 625 3263 ferculis
652 3221 759 3262 non
800 3206 1049 3263 fuerunt?
1076 3205 1259 3262 Jocari
1302 3221 1390 3262 me
1417 3215 1595 3276 putas,
1626 3214 1789 3277 atque

208 3312 363 3369 agere
382 3298 602 3369 'nugas?
631 3297 707 3353 Ita
753 3312 839 3355 me
881 3298 984 3354 diis
1013 3298 1345 3369 probabilem
1386 3300 1675 3368 praestem!
1732 3304 1793 3354 ut
1818 3286 1866 3351 C

208 3402 298 3459 ego
327 3398 485 3444 tuum
510 3402 730 3444 carmen
759 3389 907 3445 libris
960 3387 1195 3457 Maronis
1242 3388 1492 3460 adjungo.
1543 3389 1649 3446 Sed
1684 3390 1795 3460 jam

208 3478 449 3536 desinam
479 3479 586 3535 mei
616 3478 816 3535 oblitus
842 3478 1067 3548 doloris,
1096 3479 1362 3536 inhaerere
1388 3479 1639 3536 laudibus
1668 3480 1793 3547 tuis,

211 3588 276 3629 ne
302 3574 408 3630 hoc
430 3588 646 3645 quoque
682 3573 747 3627 ad
768 3573 995 3643 gloriam
1019 3582 1163 3629 tuam
1185 3574 1424 3642 accedat,
1453 3574 1594 3645 quod
1618 3584 1671 3630 te
1697 3575 1799 3630 mi-

212 3680 380 3723 ramur
404 3668 622 3723 offensi.
654 3667 887 3738 Spargas
918 3667 1047 3723 licet
1064 3667 1435 3738 volumina,et
1460 3682 1547 3723 me
1586 3682 1800 3737 semper

212 3762 446 3830 excipias
472 3779 486 3816 :
514 3759 755 3816 fruemur
783 3770 961 3817 tamen
994 3769 1089 3816 tuo
1116 3774 1298 3830 Opere,
1329 3760 1425 3817 sed
1454 3751 1680 3817 aliorum
1707 3759 1800 3816 be-

212 3851 489 3922 nignitate.
527 3849 674 3907 Vale.

821 3921 1037 3979 EPIS’I‘.
1079 3919 1195 3977 XV.

719 4027 1030 4070 SVMIIACBUS
1058 4028 1298 4070 AUSONIO.

282 4127 430 4183 Pene
472 4138 751 4195 evenerat,
801 4136 858 4182 ut
891 4137 1066 4183 tecum
1106 4127 1381 4184 succincta
1419 4125 1681 4183 brevitate
1724 4124 1805 4180 lo-

215 4210 529 4286 queremur,
556 4223 805 4290 quoniam
836 4220 1059 4277 deerant
1107 4220 1268 4291 digna
1293 4229 1591 4277 memoratu
1622 4238 1636 4276 :
1666 4227 1721 4276 ct
1750 4218 1804 4275 in

219 4310 429 4368 defectu
478 4326 660 4367 rerum
703 4310 836 4367 nihil
865 4325 1002 4383 Opus
1031 4322 1115 4369 est
1162 4312 1441 4383 indulgere
1466 4311 1664 4368 verbis.
1695 4310 1804 4368 Sed

220 4408 538 4477 tetnpestive
566 4404 788 4462 Palladii
829 4402 1060 4464 rhetoris
1091 4407 1259 4463 nostri
1296 4407 1616 4463 declamatio
1658 4407 1808 4462 auxit

221 4500 491 4570 paginam.
552 4497 629 4553 Ea
693 4496 1011 4568 com'placita
1085 4499 1437 4556 summatibus
1485 4499 1804 4566 litterarum,

219 4590 354 4645 clam
388 4600 442 4647 te
468 4605 592 4646 esse
614 4605 722 4645 non
758 4590 963 4647 debuit.
999 4590 1182 4663 Itaque
1218 4607 1339 4648 cum
1379 4600 1433 4649 et
1454 4606 1578 4648 meo
1606 4592 1807 4659 officio,

1886 1976 2007 2019 esse
2036 1975 2143 2017 non
2172 1961 2394 2031 pateris.
2425 1959 2552 2015 Haec
2580 1968 2634 2016 et
2660 1958 2761 2015 alia
2790 1957 3057 2029 prioribus
3076 1970 3292 2027 quoque
3329 1956 3475 2011 litte-

1884 2054 1962 2112 ris
1998 2062 2173 2111 tecum
2198 2052 2405 2109 fueram
2430 2052 2752 2109 collocutus.
2779 2050 2887 2106 Sed
2914 2050 2961 2105 si
2991 2060 3044 2106 te
3072 2047 3333 2104 tabellarii
3363 2062 3476 2103 ser-

1887 2146 2062 2203 monis
2115 2145 2223 2202 mei
2274 2152 2581 2214 compotem
2630 2142 3013 2209 reddiderunt,
3060 2148 3315 2211 congesta
3370 2152 3479 2194 non

1886 2248 2131 2296 onerant.
2161 2238 2301 2294 Malo
2322 2236 2518 2308 quippe
2544 2252 2700 2293 aures
2727 2245 2846 2292 tuas
2876 2233 3129 2292 iterando
3153 2231 3476 2298 obtundere,

1878 2346 2048 2407 quam
2078 2329 2325 2386 fraudare
2366 2330 2660 2387 reticendo.
2714 2328 2921 2384 Fratris
2970 2326 3076 2383 mei
3106 2324 3352 2395 Hesperii
3385 2324 3481 2378 ho-

1888 2437 2021 2481 nore
2044 2422 2279 2489 exsulto,
2303 2421 2667 2478 taciturnitate
2698 2418 3078 2476 convulneror.
3129 2416 3264 2471 Nam
3306 2415 3351 2470 si
3396 2428 3484 2472 me

1888 2516 1974 2573 sui
1996 2523 2266 2571 amantem
2296 2530 2393 2571 usu
2417 2528 2606 2571 rerum
2637 2512 2902 2583 probavit,
2925 2510 3139 2580 scriptis
3165 2508 3362 2563 famam
3392 2506 3486 2562 de.

1891 2612 2002 2667 cuit
2030 2610 2349 2683 praevenire,
2376 2622 2497 2679 qua:
2522 2605 2614 2662 diu
2645 2605 2847 2661 incerta
2873 2604 3070 2658 fluxam
3101 2600 3257 2656 fidem
3278 2596 3488 2669 gaudiis
3578 2612 3581 2613 '

1891 2704 2199 2762 exhibebat.
2242 2704 2363 2773 Ipse
2402 2702 2563 2772 igitur
2597 2699 2818 2755 nuntius
2865 2694 3168 2753 communis
3200 2693 3326 2749 boni
3366 2703 3490 2783 esse

1893 2798 2177 2865 debuerat,
2208 2807 2268 2853 ut
2287 2795 2529 2867 epistola:
2555 2793 2785 2851 assertio
2829 2790 2965 2847 nihil
3010 2790 3341 2857 relinqueret
3367 2785 3487 2856 opi-

1899 2891 2072 2946 nionis
2099 2890 2370 2961 ambiguo.
2404 2888 2511 2944 Sed
2527 2886 2681 2953 dicis,
2714 2900 2836 2943 eum
2866 2884 3069 2955 pudore
3107 2882 3487 2954 prmstrictum,

1896 2997 2247 3040 successuum
2276 2997 2496 3039 suorum
2518 2980 2719 3036 vitasse
2740 2964 3074 3049 iactantiam.
3104 2974 3489 3045 Quisquamne,

1898 3091 2022 3133 etim
2077 3074 2145 3131 de
2186 3088 2247 3131 se
2279 3073 2419 3143 apud
2456 3072 2690 3141 seipsum
2722 3069 2974 3141 loquitur,
3003 3065 3308 3123 erubescit?
3354 3061 3492 3130 Quid

1895 3166 2038 3237 quod
2066 3180 2187 3222 eam
2234 3178 2347 3220 rem
2370 3163 2501 3219 mihi
2525 3161 2828 3233 supersedit
2866 3162 3133 3230 ingerere,
3168 3171 3327 3228 quam
3350 3155 3495 3225 iuste

1897 3259 1964 3316 ad
1994 3269 2281 3330 utrumque
2306 3265 2530 3313 noverat
2570 3254 2875 3327 pertinere?
2906 3251 3105 3308 Veram
3145 3265 3268 3322 ego,
3317 3257 3377 3304 ut
3405 3262 3496 3303 re-

1904 3352 2096 3424 ligiose
2122 3352 2225 3409 ista
2276 3364 2599 3422 conqueror,
2630 3349 2703 3404 ita
2726 3347 2955 3404 libenter
2982 3346 3173 3403 omitto
3205 3362 3222 3401 :
3252 3345 3376 3415 quia
3399 3356 3497 3398 nec

1901 3446 2071 3502 amori
2126 3444 2181 3500 in
2220 3457 2319 3499 vos
2370 3457 2491 3499 meo
2541 3441 2795 3497 convenit
2843 3439 3025 3504 silere,
3071 3437 3211 3509 quod
3260 3436 3497 3501 doleam,

1902 3551 2003 3593 nec
2056 3535 2305 3594 amicitize
2360 3533 2561 3590 incussi
2609 3529 2818 3588 doloris
2872 3531 3104 3587 transire
3161 3540 3493 3585 mensuram.

1905 3630 2053 3687 Vale.

2480 3716 2693 3776 EPIST.
2740 3716 2903 3773 XVII.

2409 3845 2720 3893 SYIMACBUS
2757 3847 2997 3890 AISONIO.

1976 3951 2320 4009 Ambrosium
2356 3949 2425 4007 de
2485 3951 2841 4007 summatibus
2893 3946 3236 4019 provincialis
3286 3945 3384 4002 fori
3434 3943 3503 4001 ad

1906 4042 2151 4099 dominos
2195 4051 2250 4099 et
2290 4042 2561 4113 principes
2614 4033 2825 4098 nostros
2856 4040 3052 4099 Siciliae
3101 4052 3385 4094 commune
3431 4038 3504 4091 le-

1905 4135 2072 4206 gavit,
2095 4134 2260 4191 variis
2292 4135 2612 4190 instructum
2641 4135 2928 4199 mandatis,
2959 4149 3077 4203 quae
3118 4143 3363 4201 spectare
3392 4130 3506 4185 visa

1908 4236 2035 4283 sunt
2064 4228 2263 4283 bonum
2296 4227 2589 4297 publicum.
2644 4227 2780 4282 Huic
2809 4228 2854 4283 si
2883 4226 3058 4281 fautor
3090 4223 3382 4280 accesseris
3412 4221 3500 4277 fu-

1910 4326 2087 4376 turum
2123 4332 2267 4384 reor,
2299 4326 2358 4374 ut
2388 4318 2460 4373 illi
2488 4331 2588 4387 pro
2628 4317 2810 4373 labore
2856 4315 3061 4372 fructus
3114 4312 3506 4370 accommodet.

1909 4410 2104 4479 Quaeso
2132 4408 2294 4479 igitur
2324 4409 2410 4465 vel
2432 4407 2718 4479 legationis
2763 4408 2978 4477 merito,
3000 4407 3085 4463 vel
3126 4421 3246 4462 meo
3290 4405 3510 4462 nomine

1911 4502 1964 4558 in
1992 4502 2250 4572 optimum
2296 4500 2468 4556 virum
2524 4500 2664 4557 bene
2708 4501 2992 4567 consulas,
3037 4499 3127 4570 qui
3172 4497 3302 4554 satis
3345 4496 3510 4553 animi

1913 4596 2258 4652 confirmatus
2273 4604 2376 4663 est,
2408 4595 2660 4665 suffragio
2684 4601 2775 4650 tuo
2796 4607 3173 4651 successuram
3197 4591 3510 4648 facilitatem

223 4691 275 4739 et
294 4694 386 4739 tuo
412 4681 594 4739 studio
621 4683 739 4739 talis
762 4684 949 4740 relatio
974 4684 1306 4752 conveniret,
1334 4684 1427 4741 vix
1454 4684 1631 4740 soluto
1651 4692 1817 4751 coetu,
1845 4672 1899 4735 D
1928 4690 2278 4763 petitionibus
2308 4688 2708 4762 promovendis.
2740 4688 2893 4746 Vale.

223 4776 453 4831 necdum
516 4774 859 4831 eventilatam
897 4774 1187 4832 auditionis
1234 4790 1367 4832 meae
1416 4774 1575 4832 fidem
1614 4775 1819 4845 judicio

224 4868 435 4925 calente
455 4867 677 4924 dictavi.
706 4867 869 4924 Movit
906 4883 1076 4924 novus
1116 4868 1360 4925 Athenaei
1392 4869 1587 4939 hospes
1608 4867 1820 4925 Latiare

230 4961 541 5027 concilium,
573 4959 855 5017 divisionis
878 4969 1013 5028 arte,
1046 4961 1413 5017 inventionum
1444 4960 1615 5032 copia,
1641 4961 1820 5032 gravi-

229 5063 334 5109 tate
359 5069 643 5121 sensuum,
676 5053 797 5110 luce
845 5054 1156 5111 verborum.
1199 5054 1462 5125 Opinione
1501 5068 1617 5110 mea
1657 5053 1816 5108 dico:

226 5155 333 5202 tam
365 5148 569 5218 probus
592 5156 674 5204 est
696 5148 943 5204 oratione
964 5163 1124 5220 quam
1154 5147 1415 5204 moribus.
1444 5147 1594 5202 Tunc
1615 5156 1823 5202 nostra-

229 5250 312 5297 tes
337 5242 464 5309 viri,
486 5243 576 5313 qui
603 5242 745 5298 inter
764 5256 823 5298 se
852 5242 1078 5298 aliarum
1108 5258 1291 5299 rerum
1313 5256 1457 5313 saepe
1483 5241 1826 5309 dissentiunt,

227 5336 557 5393 concordem
587 5338 911 5393 sententiam
943 5352 1107 5407 super
1144 5335 1305 5408 huius
1333 5336 1494 5391 laude
1520 5346 1829 5391 tenuerunt.

228 5429 415 5485 Credo
443 5431 619 5500 plane,
652 5444 751 5487 nec
782 5430 914 5486 fides
932 5444 1083 5486 cassa
1105 5437 1209 5497 est,
1230 5429 1508 5485 rhetorum
1548 5428 1689 5484 hanc
1712 5441 1836 5484 esse

232 5524 562 5593 prosapiam.
617 5524 754 5579 Nam
791 5523 1009 5594 plenum
1065 5520 1284 5594 ingenio
1338 5532 1524 5594 pectus
1573 5521 1833 5577 noscitur.

232 5612 345 5670 Nec
374 5615 525 5671 solus
547 5615 746 5682 vultus,
772 5624 863 5671 aut
890 5615 1059 5681 colos,
1087 5616 1280 5671 asserit
1302 5625 1548 5684 posteros
1575 5614 1631 5669 in
1661 5612 1833 5667 hono-

234 5721 350 5762 rem
374 5718 681 5776 parentum.
708 5706 983 5763 Certiores
1005 5707 1168 5763 habet
1193 5718 1384 5762 natura
1414 5704 1676 5763 vindicias
1695 5705 1833 5761 bene

233 5801 524 5866 sentiendi,
553 5816 617 5858 ac
645 5801 785 5858 bene
808 5801 1085 5873 loquendi.
1107 5801 1431 5873 Gignuntur,
1456 5814 1563 5855 non
1589 5796 1835 5875 scribun-

238 5901 326 5949 tur
356 5894 624 5954 haeredes.
649 5895 803 5964 Quod
827 5894 920 5951 alii
944 5892 1228 5961 docentur,
1258 5892 1344 5950 hic
1369 5900 1526 5951 natus
1556 5899 1663 5950 est.
1707 5889 1834 5950 Haec

2498 4826 2712 4883 EPIST.
2757 4824 2941 4882 XVIII.

2426 4915 2735 4996 έγιιωεηυε
2774 4953 3017 4995 ΑυεοΝιο.

2002 5060 2113 5129 Ego
2137 5058 2236 5115 etsi
2261 5058 2531 5115 continuis
2562 5057 2757 5115 litteris
2779 5056 3040 5112 honorem
3068 5060 3215 5108 tuum
3246 5048 3519 5106 celebrare

1932 5168 2175 5223 possem;
2210 5169 2314 5209 non
2348 5152 2478 5209 satis
2515 5152 2645 5210 mihi
2678 5152 2890 5209 viderer
2920 5163 3176 5223 proquam
3207 5158 3293 5200 res
3339 5150 3522 5213 postu-

1937 5249 2045 5315 Iat,
2080 5249 2223 5319 fungi
2256 5248 2496 5303 debitum
2530 5263 2707 5304 meum
2737 5263 2751 5301 :
2783 5254 2986 5302 tantum
3013 5241 3193 5306 abest,
3223 5246 3279 5292 ut
3304 5249 3524 5307 Operam

1939 5340 2270 5396 assiduitatis
2296 5339 2637 5409 exprobrem.
2669 5339 2776 5395 Sed
2808 5348 2862 5394 ut
2891 5337 2993 5391 hoc
3031 5346 3165 5387 mea:
3191 5326 3527 5385 verecundia:

1942 5433 2225 5502 competit;
2257 5432 2328 5487 ita
2357 5441 2461 5487 tute
2502 5430 2848 5486 humanitatis
2878 5435 2989 5491 est,
3023 5422 3255 5480 studium
3282 5430 3528 5476 nostrum

1946 5527 2058 5596 pari
2086 5525 2252 5596 gratia
2274 5525 2559 5580 sustinere.
2585 5522 2962 5579 Animadverte
2985 5532 3089 5589 quo
3118 5516 3299 5572 tendat
3318 5527 3526 5570 summa

1938 5615 2251 5673 verborum.
2284 5615 2608 5672 Iamdudum
2658 5613 2787 5668 nihil
2836 5610 3051 5676 tribuis,
3094 5608 3235 5682 quod
3268 5607 3527 5679 legamus.

1940 5710 2132 5765 Totum
2166 5724 2282 5777 me,
2318 5710 2561 5778 inquies,
2593 5702 2946 5775 emancipavit
2987 5703 3088 5759 sibi
3116 5717 3242 5758 cura
3273 5696 3528 5769 praetorii.

1942 5800 2144 5858 Verum
2172 5810 2275 5856 est.
2308 5798 2502 5855 Potiris
2530 5796 2723 5852 merito
2751 5811 2959 5852 summa
2986 5794 3205 5865 judicia.
3230 5789 3336 5846 Sed
3365 5785 3533 5842 maxi-

1943 5907 2059 5949 mas
2105 5892 2301 5963 ingenii
2358 5892 2433 5947 tui
2481 5889 2620 5948 vires
2666 5888 2882 5950 fortuna
2931 5902 3125 5959 magna
3168 5896 3277 5944 non
3319 5885 3531 5957 onerat,
