4032 6442
485 373 590 434 189

1728 377 1790 444 Ω.
1828 376 2110 435 ΑΗΒΙΠΔΙ
2146 376 2500 438 SYMMACIII

3639 389 3743 444 I60

485 487 798 559 ceterisque
837 487 1106 543 actoribus
1133 487 1272 545 fama
1311 503 1418 545 non
1445 488 1632 546 defuit.
1668 490 1810 562 Ergo
1839 493 1934 548 tali
1961 507 2055 548 ne-
2080 494 2136 555 Α
2159 511 2370 563 moneo,
2405 507 2461 550 ut
2485 513 2602 550 cum
2637 513 2847 552 causam
2869 499 2980 568 ejus
3014 499 3260 554 adventus
3284 501 3577 573 agnoveris,
3596 505 3740 575 jam
3825 504 3832 510 ”

485 583 630 653 g0tio
671 582 918 652 expende
965 584 1131 638 otium
1180 590 1360 652 tuum,
1409 593 1465 641 et
1501 585 1656 643 noris
1698 587 2061 645 voluminibus
2167 589 2410 658 studium,
2435 589 2817 661 quodexparte
2843 589 3034 661 fovisti.
3079 590 3215 648 Vale.

486 673 687 746 ieiunia
732 687 916 731 nostra
969 686 1223 732 sustenta.
1280 678 1434 746 Quod
1498 681 1544 735 si
1585 680 1859 750 iactantiae
1905 681 2063 754 fugax

488 766 758 836 garrulum
801 766 1031 824 indicem
1078 770 1440 842 pertimescis,
1479 782 1672 842 prasta
1714 774 1873 830 etiam
1903 775 2066 832 silen-

489 858 622 915 tium
646 859 798 928 mihi,
831 869 889 917 ut
912 871 1026 919 tuto
1047 863 1295 921 simulem
1320 880 1440 924 esse
1461 877 1664 935 nostra,
1691 883 1812 940 quae
1833 867 2065 940 scripse-

490 953 584 1010 ris.
616 953 772 1012 Vale.

1049 1029 1263 1088 EPIST.
1303 1031 1517 1088 XXXII.

979 1135 1236 1178 AUSONIOS
1270 1136 1567 1180 SYIIACIIO.

563 1226 722 1284 Modo
757 1229 1016 1300 intelligo,
1062 1248 1215 1300 quam
1251 1234 1430 1288 mellea
1466 1249 1548 1289 res
1575 1235 1645 1289 sit
1681 1236 1880 1302 oratio,
1909 1253 2064 1308 quam

492 1321 788 1390 deleniﬁca,
819 1331 866 1375 et
894 1338 1046 1390 quam
1082 1323 1245 1376 suada
1275 1326 1539 1394 facundia.
1569 1325 1879 1383 Persuasisti
1907 1329 2065 1399 mihi,

492 1415 631 1485 quod
656 1415 879 1486 episton
918 1431 1041 1469 mea:
1067 1417 1205 1486 apud
1230 1417 1461 1486 Capuam
1488 1420 1577 1474 tibi
1615 1420 1831 1478 redditw
1857 1423 2066 1478 concin-

492 1508 630 1561 natio
655 1506 932 1561 inhumana
958 1524 1060 1561 non
1091 1518 1236 1564 esset.
1267 1509 1374 1565 Sed
1398 1510 1496 1564 ho'c
1522 1528 1642 1568 non.
1663 1514 1884 1580 diutius,
1913 1531 2070 1585 quam

492 1596 615 1652 dum
642 1600 884 1672 paginam
911 1609 1050 1654 tuam
1079 1600 1207 1670 legi,
1237 1618 1352 1672 qua:
1386 1619 1466 1658 me
1495 1603 1759 1661 blanditiis
1787 1608 2068 1662 inhiantem

492 1691 625 1757 suis,
651 1692 806 1746 veluti
843 1709 992 1748 succo
1022 1697 1240 1750 nectaris
1268 1697 1495 1750 delibuta
1524 1697 1776 1768 perducit.
1810 1699 1908 1755 Ubi
1936 1703 2069 1756 enim

490 1781 774 1836 chartulam
819 1800 955 1854 pono
991 1795 1038 1840 et
1081 1787 1331 1857 meipsum
1377 1789 1665 1858 interrogo,
1722 1801 1829 1845 tum
1875 1792 2067 1863 absgn-

2715 723 2930 783 EPIST.
2961 725 3199 782 XXXIII.

2661 861 2972 906 SYIIACHUS
2999 865 3242 908 AUSONIO.

2238 958 2404 1014 Aiunt
2438 958 2706 1032 cochleas,
2746 978 2868 1020 cum
2913 965 3102 1022 sitiunt
3141 967 3306 1037 aeris,
3338 977 3501 1041 atque
3539 971 3651 1029 illis
3680 974 3748 1032 de

2169 1050 2310 1107 cmlo
2339 1052 2472 1108 nihil
2503 1053 2744 1126 liquitur,
2791 1071 2956 1116 succo
2991 1061 3214 1132 preprio
3243 1063 3502 1122 victitare.
3546 1067 3625 1123 Ea
3663 1084 3749 1126 res

2170 1142 2306 1198 milii
2334 1159 2435 1200 usu
2464 1147 2635 1214 venit,
2665 1149 2756 1218 qui
2784 1148 3030 1209 desertus
3065 1153 3264 1224 eloquii
3300 1157 3379 1212 tui
3419 1168 3596 1228 pastu,
3629 1177 3749 1218 meo

2169 1237 2346 1294 adhuc
2370 1253 2493 1296 rore
2519 1238 2813 1298 sustentor.
2845 1244 2943 1300 Diu
2973 1246 3241 1303 scribendi
3269 1264 3485 1317 operam
3523 1254 3751 1322 protuli-

2172 1329 2264 1395 sti,
2298 1337 2354 1385 et
2395 1345 2588 1388 vereor
2627 1347 2696 1388 ne
2728 1333 2868 1390 forte
2908 1335 2964 1390 iu
2995 1351 3095 1393 nos
3121 1340 3357 1408 parentis
3386 1341 3598 1397 claudat
3623 1344 3754 1398 affe-

2171 1421 2298 1477 ctio.
2324 1423 2382 1478 Si
2406 1422 2598 1480 falsum
2641 1441 2730 1482 me
2757 1428 2939 1498 opinio
2967 1429 3148 1497 habet,
3176 1431 3337 1490 facito
3355 1436 3564 1494 caeteris
3590 1453 3754 1510 nego-

2172 1512 2262 1571 tiis
2291 1514 2394 1572 tuis
2422 1515 2784 1588 respondendi
2809 1534 2940 1576 cura
2970 1532 3282 1594 praevertat.
3309 1525 3460 1584 Vale.

2713 1633 2933 1692 EPIST.
2963 1636 3204 1694 XXXIV.

2670 1759 2976 1807 SXIIACHUS
3020 1765 3260 1810 AUSONIO.

491 1874 653 1928 thium
678 1890 873 1929 merum
893 1877 1091 1944 resipit,
1123 1887 1169 1931 et
1194 1879 1481 1934 circumlita
1501 1881 1649 1936 melle
1671 1883 1856 1952 pocula
1885 1885 2064 1954 depre-
2097 1875 2148 1938 B
2244 1877 2469 1936 Plenum
2494 1878 2692 1938 laboris
2714 1884 2985 1954 negotium
3007 1901 3158 1957 gero,
3181 1887 3274 1960 qui
3308 1891 3632 1962 compellare
3661 1903 3752 1952 to-

490 1963 677 2018 hendo.
709 1963 772 2018 Si
801 1981 935 2030 vero,
957 1966 1012 2019 id
1039 1967 1175 2036 quod
1195 1983 1328 2038 saepe
1354 1969 1511 2040 facio,
1542 1971 1610 2024 ad
1636 1972 1904 2042 epistolam
1928 1983 2091 2028 tuam-

488 2053 639 2121 redii,
665 2070 841 2110 rursus
867 2055 1083 2123 illicior;
1109 2066 1156 2112 et
1182 2067 1460 2114 retrorsum
1489 2061 1578 2117 ille
1604 2064 1954 2131 suavissimus,
1982 2067 2069 2120 ille

489 2147 707 2216 ﬂoridus
727 2149 799 2203 tui
820 2151 1065 2205 sermonis
1093 2151 1310 2222 afflatus,
1340 2153 1570 2224 deposita
1593 2155 1804 2211 lectione
1823 2159 2065 2226 vanescit,

489 2248 537 2292 et
564 2239 836 2296 testimonii
861 2245 1061 2313 pondus
1091 2245 1322 2314 prohibet
1355 2247 1516 2302 inesse
1539 2249 1815 2304 dulcedini.
1841 2249 1959 2304 Hoc
1990 2269 2070 2307 me

489 2329 620 2384 velut
648 2332 816 2387 aerius
838 2334 1051 2390 bractea:
1088 2337 1236 2406 fucus
1258 2381 1274 2406 ,
1305 2347 1396 2392 aut
1418 2341 1554 2410 picta
1581 2341 1794 2407 nebula,
1825 2358 1928 2398 non
1952 2345 2067 2398 lon-

487 2424 632 2493 gius,
663 2441 817 2494 quam
859 2428 982 2483 dum
1025 2429 1242 2500 videtur,
1281 2431 1536 2501 oblectat;
1563 2435 1939 2493 chamteleontts
1983 2439 2069 2493 be-

487 2516 652 2571 stiolae
677 2519 802 2585 vice,
834 2536 947 2585 qua:
976 2521 1040 2578 de
1065 2524 1304 2595 subjectis
1332 2527 1487 2580 sumit
1509 2529 1748 2584 colorem.
1777 2532 1936 2587 Aliud
1951 2549 2068 2588 sen-

488 2607 559 2661 tio
582 2623 646 2661 ex
667 2609 877 2679 epistola
901 2619 1011 2678 tua,
1038 2614 1182 2668 aliud
1208 2631 1272 2670 ea:
1295 2618 1604 2674 conscientia
1629 2636 1761 2676 mea.
1793 2622 1861 2675 Et
1889 2623 1953 2678 iis
1987 2641 2068 2682 me

486 2699 647 2752 audes
684 2703 1168 2771 facundissimorum
1211 2709 1473 2767 hominum
1515 2714 1670 2770 laude
1708 2715 1948 2788 dignari?
1976 2729 2061 2790 tu,

485 2789 713 2860 inquam,
739 2793 865 2847 mihi
889 2795 1014 2865 ista,
1040 2799 1131 2868 qui
1156 2810 1204 2854 te
1234 2802 1372 2857 ultra
1396 2807 1803 2863 emendationem
1841 2812 2066 2866 omnium

486 2879 765 2947 protulisti.
793 2882 954 2939 Haud
981 2891 1250 2958 quisquam
1275 2892 1351 2948 ita
1372 2895 1514 2963 nitet,
1547 2907 1602 2952 ut
1628 2911 1953 2969 comparatus
1974 2903 2067 2959 tibi

483 2986 585 3026 non
608 2975 826 3031 sordeat.
858 2978 984 3044 Quis
1005 2981 1079 3036 ita
1101 2981 1292 3054 Αἰδορὶ
1321 2999 1661 3058 venustatem,
1691 2994 1804 3064 quis
1823 2996 2066 3067 sophisti-

482 3081 569 3121 cas
591 3066 821 3123 Socratis
859 3073 1238 3144 conclusiones,
1268 3081 1643 3152 enthymemata
1673 3066 2024 3144 Demosthenis
2044 3134 2058 3158 ,

481 3167 574 3213 aut
622 3162 932 3230 apulentiam
975 3163 1307 3238 Tullianam,
1359 3183 1448 3228 aut
1498 3179 1858 3247 proprietatem
1904 3183 2064 3237 nostri

2171 1968 2273 2025 ties
2312 1969 2532 2026 tacitum
2583 1987 2894 2043 persevero.
2929 1978 3127 2037 Contra
3167 1981 3268 2037 nisi
3316 1983 3517 2042 instare
3564 2002 3754 2060 pergo,

2173 2067 2333 2130 atque
2359 2063 2677 2134 exsculpere
2697 2080 2729 2120 a
2758 2075 2810 2123 te
2829 2069 3031 2140 aliquid
3060 2072 3380 2145 litterarum,
3408 2077 3600 2146 gliseet
3619 2081 3754 2138 obli~

2171 2152 2281 2210 vio.
2310 2154 2436 2212 Sive
2458 2155 2622 2228 igitur
2651 2157 2754 2214 hoc
2783 2161 3019 2220 olﬂcium
3047 2181 3225 2223 meum
3251 2169 3497 2227 sedulum
3522 2171 3754 2246 iudicas,

2172 2258 2269 2300 seu
2305 2246 2618 2316 molestum;
2652 2257 2758 2305 stat
2799 2255 3086 2324 sententis,
3130 2257 3392 2316 honorem
3421 2277 3579 2319 suum
3607 2266 3754 2323 eele~

2172 2338 2325 2393 brem
2368 2349 2623 2409 praestare
2662 2344 2986 2417 colloquiis:
3020 2351 3154 2407 adeo
3186 2353 3318 2411 mihi
3366 2358 3562 2414 veteris
3607 2358 3662 2414 in
3707 2369 3755 2419 tu

2172 2429 2372 2485 amoris
2396 2431 2545 2486 nulla
2573 2431 2832 2491 discessio
2858 2446 2959 2493 est.
2993 2439 3062 2495 Et
3089 2443 3280 2499 merito
3306 2462 3319 2498 :
3353 2461 3476 2501 nam
3500 2449 3755 2506 amicitiae

2173 2535 2394 2591 operam
2424 2538 2687 2596 nusquam
2717 2527 2888 2585 locavi
2909 2545 3063 2602 .eque
3092 2533 3251 2591 bene.
3275 2536 3564 2608 Propterea
3591 2541 3761 2598 sileam

2172 2615 2306 2671 tium
2336 2623 2484 2672 tuum
2515 2632 2836 2690 conqueror.
2886 2623 3036 2682 Facit
3071 2630 3214 2684 enim
3244 2632 3480 2688 tenerior
3519 2633 3756 2705 aﬂ‘ectio,

2172 2719 2231 2765 ut
2255 2710 2328 2766 sit
2354 2713 2570 2782 querela
2609 2716 2921 2786 proclivior.
2953 2719 3126 2778 Mollis
3158 2731 3242 2779 est
3280 2725 3490 2782 animus
3523 2727 3757 2798 diligen~

2175 2802 2271 2868 tis;
2301 2812 2356 2858 et
2383 2804 2450 2860 ad
2479 2820 2694 2864 omnem
2737 2823 2955 2867 sensum
2981 2811 3188 2872 doloris
3212 2826 3450 2887 argutus.
3494 2817 3551 2874 Si
3582 2820 3760 2892 negli-

2170 2896 2388 2966 gentius
2418 2908 2637 2968 tractes,
2670 2902 2778 2958 cito
2803 2914 3029 2972 marcet,
3075 2917 3134 2963 ut
3159 2923 3282 2967 rosa
3318 2929 3330 2964 :
3365 2913 3412 2968 si
3455 2912 3642 2970 durius
3672 2924 3759 2972 te-

2171 3002 2323 3057 neas,
2349 2988 2477 3046 livet
2505 3000 2562 3047 ut
2581 2991 2712 3048 lilia.
2739 2994 2961 3067 Legisse
2986 3000 3229 3068 memini,
3251 3003 3399 3059 vultu
3425 3005 3587 3062 etiam
3609 3022 3758 3078 saepe

2169 3078 2289 3136 laedi
2313 3081 2589 3152 pietatem.
2616 3085 2754 3154 Quid
2773 3087 2864 3145 ille
2889 3097 2996 3146 tam
3017 3091 3192 3150 serius
3215 3093 3417 3152 arbiter
3435 3111 3599 3168 super
3619 3113 3756 3156 con-

2169 3175 2320 3232 tinuo
2347 3177 2561 3234 silentio
2590 3193 2654 3236 ac
2687 3180 3027 3240 dissimulato
3054 3188 3323 3244 scribendi
3360 3204 3587 3247 munere
3627 3207 3758 3249 cen-

484 3247 714 3305 Maronis
743 3255 994 3311 accedat?
1025 3258 1150 3326 Qui;
1178 3262 1252 3315 ξω
1278 3263 1479 3330 amem
1508 3267 1743 3337 ungula,
1794 3279 1851 3324 ιιι
1877 3281 1932 3325 ιιι
1958 3274 2059 3328 ειη-
2087 3254 2135 3318 C
2167 3271 2403 3342 suisset}?
2423 3270 2625 3329 Tecum
2661 3274 2778 3331 litae
2809 3279 3026 3346 pensius
3055 3281 3368 3339 aestimabis.
3401 3279 3529 3339 Mihi
3567 3285 3758 3358 religio

481 3341 591 3412 ples
615 3345 824 3401 omnia?
856 3347 995 3416 Quid
1020 3353 1156 3406 enim
1184 3355 1330 3410 aliud
1358 3373 1410 3412 es
1448 3375 1602 3430 quam
1643 3378 1710 3417 ea:
1732 3365 1868 3418 omni
1894 3366 2055 3421 bona-

480 3449 594 3489 rum
632 3438 823 3493 artium
857 3440 1060 3512 ingenio
1099 3445 1311 3502 collecta
1354 3453 1634 3521 perfectio?
1664 3453 1818 3521 Haec,
1850 3457 2058 3516 domine

329 3565 335 3571 .
399 3597 402 3602 λ
479 3523 569 3590 mi,
599 3524 678 3593 ﬁli
701 3526 1043 3600 Symmache,
1083 3551 1184 3590 non
1219 3552 1392 3592 vereor
1419 3555 1482 3595 ne
1509 3541 1563 3596 in
1587 3553 1634 3598 te
1653 3543 1891 3602 blandius
1918 3549 2059 3606 dicta

479 3617 746 3673 videantur
776 3637 881 3678 esse
925 3640 1080 3693 quam
1106 3630 1291 3684 verius.
1318 3630 1386 3685 Et
1413 3644 1649 3706 expertus
1673 3654 1725 3692 es
1751 3640 1906 3708 ﬁdem
1933 3660 2058 3700 metu

479 3711 659 3766 mentis
681 3721 834 3784 atque
856 3716 1130 3787 dictarunt,
1159 3738 1272 3776 cum
1294 3724 1346 3778 in
1365 3729 1606 3784 comitatu
1631 3731 1862 3802 degimus
1881 3738 2054 3807 ambo,

477 3814 584 3854 tero
620 3801 817 3873 dispari
851 3822 871 3860 :
901 3808 988 3862 ubi
1025 3818 1079 3864 tu
1114 3815 1291 3869 ueteris
1328 3817 1528 3873 militia:
1571 3801 1785 3890 praemia
1813 3827 1911 3880 tiro
1948 3801 2055 3884 me;

476 3893 625 3948 ruisti
644 3936 660 3962 ,
686 3912 780 3970 ego
805 3898 1098 3956 tirocinium
1115 3905 1232 3973 jam
1255 3917 1521 3965 veteranus
1559 3917 1783 3972 exercui.
1812 3916 1880 3973 In
1899 3922 2057 3975 comi-

475 3992 587 4039 tatu
616 3987 706 4041 tibi
745 4003 888 4044 verus
920 3992 996 4061 fui
1025 4009 1044 4048 :
1073 3996 1262 4052 nedum
1294 4015 1371 4054 me
1407 4017 1616 4074 peregre
1639 4007 1892 4064 existimes
1918 4029 2058 4066 com-

474 4076 640 4166 posita
668 4079 912 4148 fabulari.
942 4081 1010 4137 In
1036 4087 1308 4157 comitatu,
1335 4090 1548 4162 inquam
1568 4135 1585 4163 ,
1615 4098 1706 4167 qui
1733 4099 1924 4169 frontes
1962 4103 2057 4159 ho-

473 4163 666 4226 minum
685 4174 867 4244 aperit,
891 4187 1082 4234 mentes
1100 4181 1241 4252 tegit,
1266 4199 1347 4239 me
1371 4187 1459 4242 tibi
1478 4197 1528 4245 et
1546 4163 1775 4261 parente,
1799 4203 1848 4249 et
1865 4199 2054 4267 amico,

472 4269 520 4315 et
553 4264 599 4318 si
625 4267 747 4335 quid
786 4279 1000 4341 utroque
1035 4277 1204 4330 carius
1229 4286 1324 4347 est,
1357 4283 1603 4338 cariorem
1643 4287 1804 4356 fuisse
1829 4264 2052 4353 sensisti.

472 4352 580 4408 Sed
607 4357 846 4416 abeamus
867 4361 930 4416 ab
961 4365 1078 4430 his;
1102 4385 1165 4423 ne
1188 4369 1363 4426 isthtec
1387 4352 1796 4438 commemoratio
1815 4384 1884 4438 ad
1909 4352 2056 4442 illam

473 4442 639 4500 Sosia:
669 4450 992 4518 formidinem
1030 4459 1264 4514 uideatur
1293 4469 1549 4524 accedere.
1588 4469 1734 4527 Illud
1761 4477 1900 4544 quod
1928 4496 2057 4548 pene

473 4541 715 4610 praeterit,
743 4560 842 4612 qua
869 4547 1138 4615 affectione
1164 4554 1442 4626 addidisti,
1482 4571 1537 4615 ut
1565 4541 1938 4624 didascalicuni
1959 4574 2056 4628 ali-

471 4633 606 4700 quod
626 4637 950 4704 opusculum,
979 4652 1065 4696 aut
1088 4659 1370 4702 sermonem
1391 4656 1750 4724 protrepticum
1770 4661 2054 4719 mitterem?

470 4719 584 4791 Ego
613 4731 660 4776 te
688 4725 875 4782 docebo
905 4731 1164 4790 docendus
1184 4737 1357 4794 adhuc
1375 4719 1397 4808 ,7
1419 4744 1466 4798 si
1497 4719 1654 4802 essem
1686 4750 1743 4803 id
1772 4755 1965 4822 atatis,
1993 4765 2051 4812 ut

469 4813 748 4872 discerem?
772 4830 862 4875 aut
890 4839 983 4895 ego
1026 4836 1073 4882 te
1103 4841 1329 4901 vegetum
1357 4843 1408 4890 et
1437 4838 1658 4896 alacrem
1695 4813 2052 4906 commovebo?

469 4902 669 4961 Eadem
685 4925 839 4979 opera
863 4923 909 4968 et
933 4915 1113 4974 Musas
1135 4921 1372 4980 hortabor
1410 4938 1468 4982 ut
1494 4944 1712 5002 canant;
1739 4946 1786 4992 et
1810 4941 1975 4996 maria
1991 4952 2049 4999 ut

467 4996 706 5066 efﬂuant;
734 5012 781 5057 et
810 5020 967 5062 auras
990 5019 1047 5064 ut
1072 5023 1276 5083 urgeant
1290 5033 1311 5083 ;
1335 5029 1384 5073 et
1402 5020 1543 5092 ignes
1569 5032 1624 5078 ut
1645 4996 1842 5085 caleant
1867 5033 2048 5091 admoo

466 5091 591 5148 nebo
613 5109 634 5148 :
663 5103 710 5149 et
733 5097 778 5152 si
806 5100 933 5169 quid
959 5102 1128 5159 invitis
1154 5123 1352 5179 quoque
1379 5091 1523 5170 nobis
1556 5127 1740 5175 natura
1766 5124 1846 5193 ﬁt,
1872 5143 2053 5199 super-

464 5182 603 5250 ﬂuus
641 5187 908 5262 instigator
931 5196 1156 5265 agitabo.
1184 5198 1328 5257 Satis
1358 5214 1430 5261 est
1469 5211 1621 5266 unius
1651 5182 1867 5286 erroris,
1909 5182 2051 5290 quod

464 5272 676 5343 aliquod
704 5295 929 5338 meorum
950 5301 1029 5341 me
1051 5293 1296 5349 renitente
1324 5297 1588 5369 vulgatum
1613 5313 1719 5374 est,
1751 5272 1889 5381 quod
1918 5272 2050 5368 bona

465 5364 674 5433 fortuna
700 5371 754 5425 in
776 5389 958 5430 manus
982 5383 1260 5439 amicorum
1280 5388 1484 5446 incidit.
1515 5392 1654 5449 Nam
1675 5399 1721 5452 si
1741 5377 1919 5456 contra
1939 5421 2050 5460 eve-

464 5454 648 5524 nisset,
675 5475 766 5515 nec
793 5473 846 5518 tu
868 5468 993 5523 mihi
1010 5479 1370 5548 persuaderes,
1402 5482 1602 5551 placere
1620 5505 1700 5542 me
1728 5507 1894 5559 posse.
1914 5493 2045 5552 Haec

463 5546 534 5600 ad
561 5549 758 5607 litteras
781 5565 892 5611 tuas
920 5576 1162 5632 responsa
1185 5570 1305 5626 sint.
1333 5571 1526 5630 Cretera
1548 5595 1663 5647 qua:
1687 5546 1890 5639 nbscere
1909 5603 2043 5656 aves,

463 5645 916 5746 compendifaciam
951 5670 969 5707 :
1007 5657 1082 5712 sic
1112 5663 1227 5730 jam
1263 5681 1465 5734 quoque
1501 5645 1657 5741 longa
1696 5683 1770 5728 est
1807 5645 2042 5746 epistola:

460 5731 734 5793 lulianum
771 5751 937 5802 tamen
973 5731 1284 5819 familiarem
1324 5731 1508 5817 domus
1544 5731 1729 5821 uestra
1757 5771 1802 5825 si
1829 5731 1954 5841 quid
1984 5780 2048 5829 de

461 5827 605 5888 nobis
631 5841 1036 5902 psrcontandum
1064 5845 1364 5920 arbitraris,
1396 5853 1488 5912 tibi
1520 5858 1688 5930 allego
1715 5878 1734 5918 ε
1761 5827 1918 5924 simul
1949 5827 2046 5925 ad;
2076 5944 2086 5952 δ

2163 3360 2284 3430 fuit,
2317 3371 2520 3435 tegere,
2552 3381 2672 3435 qua:
2693 3366 2966 3427 dolebant.
2995 3371 3130 3430 Nam
3153 3383 3212 3430 ut
3236 3375 3291 3431 in
3313 3384 3369 3432 te
3395 3375 3561 3432 animi
3586 3393 3759 3448 usque

2163 3453 2400 3521 pendeo;
2445 3457 2516 3510 ita
2539 3471 2704 3528 opere
2733 3462 2970 3518 maximo
3009 3469 3226 3523 usuraiu
3255 3476 3358 3525 tuas
3387 3469 3757 3528 unanimitatis

2160 3555 2434 3615 exspecto.
2468 3547 2619 3606 Vale.
2722 3621 2916 3682 EPlST
2965 3615 3161 3684 XXXV

2668 3751 2976 3796 SYIIACIIUS
3005 3756 3246 3800 AUSONIO.

2231 3865 2331 3921 Diu
2359 3866 2416 3922 in
2443 3863 3078 3941 Campaniae'secessibus
3107 3879 3324 3949 otiatus,
3351 3884 3634 3941 occasione
3660 3901 3751 3944 ca.

2162 3956 2241 4011 rui
2273 3959 2645 4030 scriptionum.
2683 3961 2810 4020 Ideo
2842 3967 3112 4039 paulisper
3146 3974 3414 4030 Sermonis
3452 3978 3556 4033 mei
3601 3980 3749 4037 circa
3821 3998 3833 4008 '

2163 4055 2218 4104 te
2244 4065 2438 4107 munus
2476 4051 2724 4125 intepuit.
2751 4055 2858 4114 Sed
2889 4060 2975 4115 ubi
3003 4061 3055 4116 in
3082 4064 3310 4132 patriam
3338 4062 3529 4137 pedcln
3559 4073 3747 4140 retuli,

2163 4143 2382 4214 antiqua
2410 4145 2540 4202 mihi
2579 4147 2679 4205 fuit
2707 4151 3245 4237 instaurandi'ofﬁcii
3272 4161 3563 4233 diligentia.
3606 4165 3751 4236 Ergo

2161 4233 2343 4292 debito
2371 4239 2577 4298 honore
2605 4243 2943 4302 salutationis
2970 4255 3022 4303 te
3049 4233 3321 4322 impertio,
3350 4263 3636 4325 utrumque
3661 4233 3749 4314 de-

2164 4342 2424 4398 poscens;
2456 4340 2516 4388 ut
2544 4343 2598 4390 et
2626 4334 2848 4392 silentio
2873 4342 3138 4410 superiori
3166 4345 3319 4401 venia
3350 4347 3494 4418 iusta
3525 4359 3749 4419 praeste-

2163 4428 2278 4488 tur,
2329 4433 2384 4480 et
2440 4428 2693 4496 praesenti
2737 4429 2996 4504 obsequio
3034 4435 3349 4498 vicissitudo
3399 4443 3746 4515 reapondeat.

2164 4513 2315 4572 Vale.

2708 4594 2928 4654 EPIST.
2967 4597 3206 4658 XXXVI.

2656 4743 2954 4791 SYIIIACIIUS
2984 4751 3228 4795 AUSONIO.

2231 4856 2519 4930 Interpello
2546 4868 2924 4936 occupationes
2955 4872 3268 4931 assiduitate
3296 4876 3569 4948 colloquii.
3604 4879 3746 4937 Nam

2159 4961 2214 5006 et
2241 4953 2356 5023 ipse
2386 4956 2690 5026 hujusmodi
2720 4975 2910 5031 pascor
2942 4964 3142 5034 officio,
3172 4975 3228 5024 et
3256 4970 3746 5040 peregrinationem

2161 5051 2307 5099 tuam
2338 5047 2537 5105 talibus
2564 5051 2770 5110 solatiis
2797 5055 2962 5112 credo
2994 5059 3248 5114 recreari.
3275 5060 3418 5116 Tuas
3444 5071 3622 5119 autem
3653 5064 3747 5120 lit-

2162 5146 2305 5193 teras
2333 5139 2565 5197 vicissim
2591 5156 2875 5215 exspecto;
2907 5161 3012 5203 non
3049 5150 3228 5221 exigo.
3255 5151 3511 5223 Iniurium
3539 5157 3747 5227 quippe

2161 5238 2266 5297 est,
2298 5246 2622 5304 magnopere
2661 5237 2900 5308 ﬂagitare
2933 5241 3076 5311 quod
3116 5258 3330 5314 speres;
3373 5262 3440 5302 ne
3475 5249 3616 5318 quod
3661 5259 3749 5307 est

2159 5322 2540 5393 voluntarium,
2569 5328 2816 5386 videatur
2843 5341 3137 5391 extortum.
3163 5336 3304 5393 Sane
3327 5337 3477 5395 fratri
3509 5356 3631 5396 meo
3662 5341 3747 5396 ln-

2157 5417 2410 5472 uocentio
2443 5421 2683 5488 gratulor
2707 5461 2723 5488 ,
2763 5423 3026 5481 amicitias
3075 5436 3229 5497 tuas,
3261 5433 3568 5503 priusquam
3611 5435 3747 5489 scri-

2158 5509 2365 5577 berem,
2419 5513 2909 5586 contigissezquia
2960 5518 3170 5576 facilior
3217 5523 3347 5578 mihi
3401 5527 3564 5594 coepit
3621 5542 3748 5584 esse

2158 5599 2279 5668 ejus
2313 5605 2729 5672 commendatio,
2761 5624 2920 5678 quem
2940 5611 3212 5680 ‘probasti,
3251 5632 3411 5684 quam
3443 5617 3634 5673 fuisset
3666 5621 3747 5674 in-

2156 5693 2380 5760 cogniti.
2407 5693 2591 5765 Itaque
2626 5699 2728 5754 IlOC
2758 5716 2920 5758 unum
2953 5705 3200 5762 beneficii
3232 5713 3537 5779 expostulo,
3573 5723 3629 5767 ut
3655 5715 3745 5784 qui

2156 5783 2237 5838 sui
2266 5788 2642 5846 emendatione
2661 5791 2772 5861 jam
2798 5795 3020 5861 nititur;
3057 5801 3349 5859 testimonii
3376 5806 3543 5862 nostri
3573 5783 3746 5878 gratia

2155 5879 2475 5942 cumulatius
2502 5882 2774 5952 diligatur.
2814 5887 2961 5947 Vale.
