4032 6478
468 385 568 443 ιδτ.
1699 368 1762 438 Q.
1807 363 2081 425 AURELII
2122 353 2465 427 SYMMACHI
3629 349 3732 422 ist

465 501 606 556 Iunis
636 495 829 559 tenuis,
858 489 1204 563 opulentiam.
1223 486 1345 552 fide,
1378 473 1640 556 quaestum
1679 479 1839 538 laude
1869 487 2040 536 muta-
2069 471 2121 544 Α
2149 481 2314 536 tacito
2327 494 2460 551 opus
2477 477 2837 546 est,uth‘0nor
2857 474 3105 566 amicitia:
3124 471 3250 530 mihi
3272 475 3731 548 feraturaccepto;

465 591 556 645 vit.
590 588 738 642 Hunc
758 585 850 640 tibi
876 584 926 638 in
958 597 1008 636 m
1028 595 1189 642 inuni,
1214 577 1295 633 vel
1328 577 1498 646 magis
1521 576 1570 629 in
1601 574 1834 627 animum
1867 571 2042 628 libens
2148 587 2322 642 neque
2350 572 2526 627 omnia
2559 569 2810 625 mandata
2839 577 2964 624 sunt
2995 567 3216 635 litteris,
3244 577 3300 622 ιιι
3331 569 3405 624 illi
3437 567 3640 639 aliquid
3665 571 3736 626 ad

465 680 637 738 trado.
692 677 822 731 Nam
871 674 1000 728 mihi
1045 686 1248 726 summa
1290 668 1496 723 curatio
1542 675 1622 720 cst
1672 671 1725 718 ut
1755 663 2040 717 amicitiam

2148 663 2472 720 narrandum
2505 655 2854 732 relinquatur.
2890 663 3087 734 Accipe
3115 660 3294 717 tamen
3324 664 3504 718 rufum
3535 664 3735 736 capita,

467 782 608 826 luam
648 769 770 824 boni
812 767 1053 821 uberent.
1111 761 1186 816 'fc
1232 774 1442 830 quoque
1496 757 1635 811 idem
1666 754 1824 821 velle,
1870 753 2043 809 habeo
2147 762 2203 813 et
2246 759 2482 813 summas
2529 755 2891 825 negotiorum,
2939 755 3133 825 quibus
3179 743 3343 809 frater
3385 753 3690 811 admonitus
3719 798 3737 822 ,

466 871 816 936 compertum.
850 861 1071 930 Semper
1095 856 1239 912 enim
1265 861 1461 908 natura
1495 850 1692 920 gaudet
1714 847 2043 919 aequalibus;

466 965 521 1013 et
551 935 810 1009 familiare
841 951 940 1005 sibi
973 957 1057 1004 est
1110 962 1272 1002 omne
1319 935 1461 1015 quod
1491 937 1672 996 simile
1702 949 1804 996 est.
1843 937 1946 994 Sed
1979 939 2046 992 ne

467 1046 674 1118 prolixo
702 1041 1007 1099 testimonio
1037 1039 1395 1110 suspicionem
1417 1032 1713 1090 laudatoris
1735 1032 2004 1086 incurram
2027 1046 2042 1095 ;

467 1153 651 1209 quaeso
676 1138 789 1206 ipse
829 1136 896 1190 de
933 1148 997 1189 eo
1019 1131 1228 1202 iudices
1254 1129 1500 1186 examine
1529 1124 1800 1197 pensiore.
1826 1123 1901 1178 ita
1923 1136 2046 1177 cum

468 1229 609 1285 illius
652 1227 951 1282 institutum
983 1220 1318 1294 probaveris,
1367 1219 1666 1303 periculum
1705 1214 1893 1286 judicii
1936 1213 2044 1268 mei

470 1319 681 1376 feceris.
727 1317 875 1372 Vale.

1035 1381 1247 1439 EPIST.
1297 1379 1479 1435 XLIV.

854 1487 1162 1532 οῑΙιίΑριιυε
1190 1485 1382 1528 Αοσιιιο
1409 1484 1562 1525 Ρωετ
1572 1483 1687 1524 ειτ.

541 1592 771 1647 Meretur
835 1586 1158 1657 indulgentia
1217 1585 1268 1639 in
1345 1598 1432 1639 me
1492 1589 1609 1646 tua,
1677 1589 1732 1634 ut
1785 1592 1879 1645 ea,
1934 1582 2053 1650 quae

469 1683 713 1757 proxime
750 1673 891 1738 laudi
924 1679 1055 1734 mihi
1086 1675 1322 1741 fuerunt,
1367 1673 1505 1727 clam
1557 1682 1608 1727 te
1647 1685 1767 1726 esse
1808 1683 1916 1724 non
1957 1683 2052 1738 [la-3

438 1814 440 1817 -
469 1780 588 1834 tiar.
624 1775 797 1833 Credo
827 1772 1082 1829 indicium
1106 1770 1295 1824 fecisse
1323 1767 1419 1823 tibi
1448 1765 1661 1833 faniam,
1688 1766 1829 1834 quod
1861 1777 2052 1836 paren-

2150 849 2372 919 quaesita
2401 846 2562 902 latius
2585 851 2930 916 exsequatur.-
2956 845 3223 902 Convertit
3253 848 3390 901 inter
3405 846 3737 915 sacerdotes,

2151 946 2211 994 ut
2237 939 2289 994 in
2319 937 2618 994 Custodiam
2652 937 2850 992 civium
2878 926 3089 1006 publica
3117 935 3379 1006 obsequio
3405 935 3745 993 traderemus

2151 1031 2334 1084 curam
2385 1026 2628 1082 deorum.
2684 1021 2993 1096 Benignitas
3044 1028 3188 1080 enim
3237 1025 3530 1095 superioris
3562 1067 3576 1090 ,
3637 1027 3743 1082 nisi

2151 1121 2293 1176 Cultu
2321 1118 2592 1183 teneatur,
2625 1115 2910 1174 amittitur.
2943 1113 3082 1187 Ergo
3113 1119 3280 1174 multo
3309 1118 3456 1173 tanto
3477 1120 3743 1187 θηναίων,

2151 1218 2309 1284 quam
2352 1211 2581 1278 solebat,
2609 1211 2848 1266 ccclesiis
2876 1209 3046 1264 laetus
3067 1216 3149 1264 est
3175 1211 3365 1264 honor.
3410 1198 3746 1281 Exspeetare

2153 1293 2285 1358 inihi
2331 1302 2531 1357 videris
2571 1300 2783 1368 omnia,
2813 1301 2933 1370 quis
2958 1303 3266 1366 super-sunt.
3300 1295 3548 1355 Titianus
3589 1305 3748 1357 meus

2153 1394 2403 1466 fungetur
2453 1393 2742 1455 indicium,
2788 1393 2876 1446 eui
2913 1389 3272 1460 indulgentius
3306 1393 3554 1448 narrandi
3600 1393 3746 1464 quod

2153 1486 2309 1552 velis,
2334 1489 2498 1554 opera
2536 1483 2709 1555 legata
2736 1491 2836 1538 est.
2870 1481 3112 1536 Edictum
3141 1484 3471 1553 principum,
3504 1484 3607 1539 niai
3633 1483 3747 1554 iam

2160 1581 2344 1632 notum
2372 1583 2475 1643 est,
2508 1575 2647 1631 idem
2674 1575 2772 1630 tibi
2792 1576 3028 1629 asseitor
3049 1573 3314 1643 expediet.
3338 1574 3553 1630 Statuas
3581 1577 3748 1631 etiam

2155 1665 2436 1737 recepistis
2477 1665 2669 1722 iisdem
2701 1673 2836 1734 pene
2872 1664 3052 1735 populi
3083 1665 3585 1731 aeblarnation'lbns,
3629 1666 3747 1737 gub

2159 1761 2257 1817 bus
2283 1760 2601 1815 ainiseratis.
2639 1758 2836 1814 Rides?
2855 1767 2909 1814 et
2942 1755 3068 1812 libet
3096 1757 3271 1814 rideas
3305 1756 3506 1813 iiﬂltim
3541 1775 3554 1812 :
3587 1757 3748 1828 plura

472 1879 578 1926 tem
608 1883 787 1924 meum
811 1865 921 1920 ruri
950 1871 1109 1932 atque
1145 1861 1198 1916 iu
1231 1875 1447 1916 secessu
1471 1862 1680 1914 amissaa
1709 1857 1901 1912 domus
1923 1855 2058 1924 inju-
2085 1845 2137 1920 ᾖ
2162 1853 2373 1918 desino,
2402 1857 2472 1907 ne
2500 1851 2586 1920 qui
2619 1849 2845 1906 strictim
2889 1849 3111 1904 meliora
3149 1848 3393 1916 detextii,
3442 1849 3498 1904 in
3522 1848 3748 1904 Minori-

471 1961 608 2016 riam
635 1957 1044 2027 decoquentem,
1078 1950 1449 2022 frequentibus
1488 1950 1781 2019 suffragiis;
1823 1949 2055 2018 denique

470 2051 775 2108 oratoribus
823 2045 1020 2110 missis,
1074 2059 1214 2100 novo
1255 2044 1459 2098 honore
1502 2051 1722 2097 senatus
1773 2037 2053 2095 acciverit.

469 2147 583 2216 Qua
614 2146 772 2198 causa
804 2139 892 2196 ubi
915 2138 1149 2210 primum
1172 2135 1478 2191 facultatem
1506 2127 1758 2204 loquendi
1785 2129 1924 2201 apud
1953 2127 2056 2184 col-

470 2237 618 2307 legas
645 2233 823 2288 attulit
848 2231 986 2297 dles,
1016 2228 1126 2300 egit
1153 2227 1244 2294 ille
1285 2226 1493 2281 senatui
1526 2224 1748 2295 gratias,
1766 2235 1840 2276 \ea
1872 2219 2056 2274 facun—

471 2328 573 2383 dia‘a
611 2323 894 2396 gravitate,
937 2329 1040 2392 qua
1087 2325 1248 2375 notus
1285 2321 1388 2373 est.
1421 2313 1671 2371 Calendis
1709 2319 1837 2368 tunc
1877 2307 2054 2378 erant,

472 2420 666 2490 quibus
695 2432 866 2472 annus
913 2413 1172 2484 aperitur.
1212 2409 1373 2466 Brevi
1418 2405 1704 2463 intervallo
1747 2419 1870 2459 cum
1901 2400 2056 2456 fami-

475 2511 621 2567 liaris
665 2509 770 2564 mei
812 2504 1018 2576 Trigeti
1063 2503 1178 2559 filio
1214 2500 1471 2572 primorie
1513 2496 1802 2554 candidato
1833 2493 2059 2549 actionis

475 2615 696 2673 operam
725 2597 1158 2670 spopondissem,
1208 2595 1448 2654 animum
1497 2589 1688 2662 religio
1726 2586 1977 2644 convenit
2004 2594 2062 2641 ut

477 2695 762 2754 occasione
786 2688 1040 2748 destinati
1070 2687 1235 2744 officii
1269 2687 1478 2742 obirem
1503 2697 1697 2739 munus
1723 2681 1897 2737 adhuc
1922 2673 2062 2736 a‘me

480 2784 619 2857 patri
657 2783 928 2847 debitum;
961 2778 1080 2848 sed,
1106 2786 1166 2833 ut
1193 2777 1329 2842 dixi,
1368 2775 1436 2830 ab
1466 2774 1563 2830 illo
1591 2771 1802 2828 senatui
1823 2771 1935 2841 jam
1974 2784 2064 2825 so-

481 2875 672 2932 lutum.
722 2874 862 2944 Ergo
890 2871 959 2926 ad
990 2873 1238 2942 quintum
1268 2867 1389 2922 idus
1417 2865 1658 2921 Januarii
1684 2862 1850 2920 verba
1876 2861 1978 2917 feci
2009 2861 2062 2916 in

481 2963 814 3036 amplissimo
839 2961 1026 3019 ordine
1054 2979 1065 3014 :
1090 2975 1212 3032 quae.
1238 2959 1327 3015 ubi
1349 2959 1403 3014 in
1427 2971 1617 3014 manus
1643 2964 1762 3012 tuas
1790 2953 2063 3036 venerint,

485 3072 550 3113 ex
585 3065 677 3113 tuo
714 3055 895 3110 animo
924 3051 1182 3122 conjicies
1212 3049 1413 3121 judicia
1442 3057 1782 3105 cancrorum.
1813 3025 1926 3117 Ego
1964 3039 2065 3100 sub

484 3150 692 3206 incerto
716 3147 978 3204 examinis
1010 3145 1109 3209 tui,
1136 3142 1362 3198 aliorum
1409 3140 1707 3197 sententias
1739 3131 2064 3204 occuleudas

483 3237 686 3309 putavi,
729 3251 799 3292 ne
847 3243 899 3290 te
932 3231 1242 3305 praeiudicio
1285 3233 1418 3287 tanti
1467 3229 1671 3285 ordinis
1713 3225 1930 3284 viderer
1970 3241 2060 3280 ur-
2090 3221 2139 3291 ε

483 3345 630 3403 gere.
669 3329 817 3386 Vale.

1064 3413 1283 3470 EPIST.
1325 3412 1486 3469 XLV.

839 3523 1149 3564 εγωκλειιυε
1189 3521 1378 3562 AGORIO
1417 3520 1696 3560 ΡΒᾸΞΤΕΧΤ.

555 3606 756 3660 Au'ctus
783 3615 899 3658 sum
931 3598 1148 3670 gaudio,
1180 3598 1323 3669 quod
1355 3595 1607 3652 valetudo
1638 3605 1813 3651 tecum
1845 3594 2069 3650 revertit

483 3698 537 3754 in
574 3695 821 3768 gratiam.
869 3692 1001 3748 Nam
1043 3705 1258 3762 semper
1298 3688 1633 3744 incolumitas
1683 3696 1770 3743 tua
1809 3688 1917 3744 voti
1963 3687 2070 3744 mei

482 3800 689 3844 summa
707 3793 810 3841 est.
840 3783 989 3839 Nunc
1016 3785 1062 3836 si
1093 3781 1196 3837 diis
1218 3780 1522 3836 volentibus
1543 3775 1902 3835 reconciliata:
1925 3777 2068 3834 vires

485 3861 646 3933 aniuii
679 3876 752 3932 tui
782 3878 1182 3946 integraverunt
1206 3871 1466 3943 vigorem,
1501 3869 1662 3926 facito
1683 3869 1924 3941 epistola:
1964 3877 2071 3925 tua:

485 3968 774 4039 multiiugis
805 3966 1010 4039 paginis
1035 3976 1350 4037 augeantur.
1385 3963 1484 4019 Odi
1521 3963 1904 4036 parcimoniam
1945 3978 2069 4018 ier-

484 4061 671 4122 borum
708 4044 989 4114 bonorum.
1023 4051 1305 4114 Scribendi
1345 4057 1541 4127 quippe
1579 4053 1850 4120 brevitas,
1901 4057 2070 4125 magis

486 4151 731 4215 fastidio,
762 4165 920 4221 quam
959 4147 1139 4203 officio
1173 4148 1414 4216 proxima
1445 4156 1547 4203 est.
1589 4148 1721 4202 Nolo
1751 4147 1956 4202 litteras
2001 4151 2070 4202 de

485 4257 693 4299 summo
749 4256 842 4297 ore
897 4239 1182 4296 stillantes.
1237 4239 1362 4295 illas
1419 4250 1546 4310 peto
1576 4281 1591 4304 ,
1646 4255 1766 4309 qua:
1822 4254 2072 4295 arescere

487 4339 760 4401 nesciunt;
786 4351 906 4407 quae
933 4351 999 4390 ex
1043 4336 1234 4389 intimo
1269 4334 1501 4404 pectoris
1543 4334 1689 4389 fonte
1727 4345 2066 4404 promuntur.

493 4428 710 4483 Memini
736 4429 1054 4482 brevitatem
1077 4424 1394 4494 Spartanam
1423 4425 1563 4480 laudi
1587 4426 1853 4495 quondam
1886 4425 2067 4480 fuisse.

490 4517 597 4575 Sed
622 4531 724 4587 ego
772 4527 944 4573 tecum
976 4516 1232 4570 Romanis
1276 4517 1481 4586 legibus
1510 4531 1642 4586 ago,
1673 4525 1728 4573 et
1771 4517 1816 4572 si
1857 4518 1926 4571 ita
1958 4519 2068 4587 vis,

490 4610 681 4671 Atticis
707 4628 720 4664 :
751 4610 944 4680 quibus
963 4617 1167 4664 tantum
1186 4608 1351 4664 decus
1371 4623 1399 4661 n
1431 4608 1677 4665 facundia
1702 4609 1818 4678 fuit,
1855 4617 1912 4664 ut
1941 4610 2071 4664 mihi
2094 4593 2152 4656 ³

489 4699 774 4756 videantur
804 4700 1040 4756 Lacones
1068 4709 1212 4754 metu
1241 4699 1541 4756 collationis
1568 4700 1624 4755 in
1654 4701 1922 4758 diversum
1951 4711 2068 4756 stu-

490 4797 577 4852 dia
602 4794 918 4850 destinasse.
942 4793 1152 4850 Vellem
1181 4795 1362 4864 plura;
1383 4793 1477 4850 sed
1510 4803 1600 4850 tuo
1629 4797 1789 4851 modo
1812 4807 2070 4865 compun»

489 4892 695 4964 gendus
741 4903 821 4946 es.
873 4889 1044 4944 Simul
1091 4889 1267 4944 cantio
1293 4898 1408 4957 est,
1442 4903 1510 4945 ne
1551 4898 1606 4946 te
1647 4905 1827 4947 sermo
1869 4892 2068 4948 multus

489 4983 744 5042 odendat.
779 4981 1025 5037 instituto
1056 4982 1214 5052 igitur
1237 4996 1357 5038 meo
1385 4983 1588 5038 calcem
1609 4997 1782 5054 pono,
1825 4984 1951 5039 dum
1981 4994 2069 5040 tuo

488 5093 676 5150 pareo.
715 5075 830 5143 Qua
873 5089 942 5131 ex
970 5090 1031 5131 re
1061 5075 1347 5147 intelligis,
1377 5091 1442 5132 eo
1473 5083 1526 5132 te
1559 5076 1774 5132 invidia:
1799 5087 1852 5134 et
1887 5077 2071 5133 condi-

489 5173 652 5228 tionis
680 5170 988 5235 adductum,
1021 5169 1172 5240 quasi
1202 5184 1232 5225 a
1259 5183 1346 5226 me
1376 5184 1540 5239 pauca
1572 5171 1733 5227 scribi
1773 5169 1940 5239 velis,
1971 5172 2072 5227 nisi

491 5263 660 5318 multa
689 5260 1054 5330 rescripseris.
1083 5261 1231 5316 Vale.

1061 5354 1270 5411 EPIST.
1317 5353 1493 5408 XLVI.

850 5457 1157 5502 SYIIAOHUS
1196 5455 1386 5499 AGOIIO
1423 5457 1702 5497 Ριιεετιζκτ.

565 5537 721 5595 Potui
741 5537 916 5596 facere
940 5537 1138 5607 scripta
1159 5534 1488 5605 compendii,
1516 5548 1637 5589 cum
1663 5535 1755 5590 tibi
1782 5549 2072 5606 germanus

494 5646 645 5688 meus
703 5631 877 5687 verbis
922 5634 1033 5687 suis
1082 5628 1297 5684 uberius
1351 5625 1720 5682 satisfacturos
1767 5628 2068 5700 videretur,

495 5739 650 5795 quam
693 5737 793 5795 ego
821 5726 952 5778 meis
979 5720 1192 5775 litteris.
1245 5716 1348 5774 Sed
1383 5719 1433 5771 iu
1463 5717 1664 5788 majore
1695 5718 1844 5776 lucro
1890 5723 2064 5778 officia

449 5843 454 5847 -
498 5816 740 5884 honesta,
775 5827 932 5884 quam
963 5812 1066 5867 otia
1093 5812 1256 5866 multa
1280 5811 1521 5880 ponenda
1553 5821 1690 5867 sunt.
1729 5812 1868 5881 Ergo
1895 5829 2067 5881 neque

2165 1943 2269 2003 bus
2296 1944 2479 2000 videar
2500 1935 2796 1997 immorari.
2826 1939 2972 1995 Vale.

2689 2029 2694 2031 ·
2721 2019 2934 2088 EPIST.
2977 2029 3181 2086 XLVII.

2513 2135 2827 2181 srtIIIIcnus
2865 2126 3058 2179 [Iconio
3096 2125 3377 2178 vnum.

2230 2238 2442 2296 Silentii
2467 2237 2638 2293 nostri
2667 2233 2804 2290 ratio
2828 2222 3038 2290 diversa
3065 2235 3178 2300 est,
3220 2234 3315 2289 sed
3343 2237 3478 2290 unus
3505 2223 3753 2292 euectus.

2163 2333 2246 2389 Me
2266 2331 2489 2405 impedit
2513 2316 2854 2410 pontificialis
2874 2317 3036 2410 officii
3055 2328 3182 2382 cura
3199 2369 3216 2396 ,
3246 2327 3297 2382 te
3323 2321 3506 2382 Baiani
3532 2327 3626 2382 otii
3655 2342 3756 2410 ne-

2161 2425 2437 2498 gligentia.
2470 2406 2654 2492 Neque
2692 2420 2836 2476 enim
2865 2407 3041 2498 minus
3082 2416 3317 2472 residem
3349 2417 3474 2473 facit
3504 2406 3758 2474 remissio

2166 2496 2374 2584 animi,
2421 2528 2580 2586 quam
2611 2511 2914 2582 oceupatio.
2943 2496 3054 2564 Nec
3093 2509 3288 2563 mirttm‘
3311 2549 3328 2576 ,
3372 2509 3416 2564 sl
3457 2511 3510 2564 te
3538 2508 3626 2564 illa
3661 2513 3758 2566 or‘a

2166 2615 2338 2664 totum
2359 2605 2460 2662 sibi
2489 2593 2752 2669 vindicat;
2777 2605 2898 2657 cum
2917 2601 3089 2672 ipsum
3115 2599 3429 2657 Annibalem
3452 2597 3586 2657 ﬁdes
3607 2607 3754 2656 certa

2166 2701 2269 2766 sit,
2302 2699 2443 2754 bello
2491 2697 2747 2753 invictum
2781 2709 2970 2751 manus
3010 2681 3227 2750 dedisse
3266 2689 3592 2764 Campaniae.
3638 2691 3759 2752 Non

2168 2791 2311 2846 illius
2353 2789 2476 2846 coeli
2519 2797 2609 2842 aut
2647 2787 2746 2843 soli
2794 2785 3104 2858 illecebram
3150 2783 3356 2840 retinax
3399 2779 3760 2839 adventorum

2167 2877 2304 2946 lotos
2337 2875 2649 2958 aequaverit,
2679 2898 2732 2942 et
2761 2883 2926 2940 suada
2953 2881 3110 2939 Circe
3143 2883 3328 2952 pocula
3350 2925 3366 2951 ,
3407 2891 3461 2936 et
3487 2877 3760 2937 tricinium

2169 2983 2584 3039 semivolucrum
2607 2979 2924 3049 puellarum.
2951 2976 3138 3046 Neque
3151 2989 3251 3046 ego
3272 2981 3324 3028 te
3343 2973 3567 3043 pingues
3595 2960 3760 3027 ferias

2169 3087 2328 3144 agere
2349 3071 2649 3137 contendo,
2698 3077 2793 3126 aut
2837 3068 3088 3123 virtutem
3118 3075 3246 3136 puto
3274 3063 3500 3134 fregisse
3525 3059 3760 3118 deliciis.

2169 3164 2275 3250 Sed
2303 3169 2428 3222 dum
2456 3163 2550 3218 tibi
2578 3163 2739 3234 legis,
2764 3160 2858 3215 tibi
2889 3160 3104 3226 scribis,
3135 3168 3192 3213 et
3221 3157 3547 3213 urbanarum
3577 3172 3761 3213 rerum

2171 3247 2346 3312 fessus
2366 3255 2636 3325 ingentem
2667 3253 2904 3306 animum
2940 3249 3227 3306 solitudine
3255 3247 3462 3317 domas,
3494 3247 3764 3302 amicitia-

2155 3364 2288 3404 rum
2314 3347 2493 3402 munia
2510 3346 2684 3401 nullus
2705 3344 3034 3414 exsequeris.
3062 3340 3199 3411 Quin
3221 3342 3413 3412 arripis
3429 3340 3650 3412 stylum,
3669 3354 3765 3395 no-

2171 3453 2406 3511 straeque
2435 3441 2488 3495 in
2518 3449 2568 3496 te
2597 3438 2866 3495 affectioni
2888 3437 3149 3492 honorem
3181 3441 3419 3490 mutuum
3456 3429 3622 3488 facis?
3649 3431 3765 3491 Nisi

2170 3531 2345 3587 mavis
2398 3532 2772 3586 auctoritatem
2814 3527 3082 3599 pontificis
3108 3526 3366 3596 experiri.
3397 3523 3562 3582 Multa
3603 3525 3765 3582 nobis

2170 3623 2226 3678 in
2255 3622 2480 3694 collegio
2519 3619 2867 3678 deliberanda
2910 3629 3056 3676 sunt.
3085 3617 3216 3688 Quis
3248 3607 3345 3673 tibi
3385 3617 3482 3673 h'as
3522 3616 3767 3673 inducias

2169 3715 2368 3789 publici
2411 3715 2658 3772 ‘muneris
2697 3713 2878 3772 dedit?
2907 3701 3122 3769 Senties
3156 3712 3246 3781 jus
3279 3710 3578 3769 sacerdotis
3602 3752 3619 3781 ,
3658 3699 3765 3768 nisi

2171 3807 2476 3880 impleveris
2503 3809 2590 3876 jus
2619 3806 2798 3862 amici.
2835 3793 2988 3861 Vale.

2721 3883 2935 3954 EPIST.
2976 3882 3212 3952 XLVIII.

2535 4004 2848 4045 BVIIIIACHUS
2886 4003 3080 4044 AGOBIO
3117 3999 3399 4042 Ρκετεκτ.

2249 4104 2325 4156 Dii
2355 4102 2502 4167 boni,
2533 4114 2692 4172 quam
2723 4097 2857 4154 nihil
2891 4098 3092 4154 homini
3126 4107 3297 4152 tutum
3329 4106 3490 4168 atque
3513 4097 3772 4170 explora-

2175 4206 2283 4251 tum
2314 4194 2424 4250 est!
2456 4193 2616 4247 Certe
2644 4189 2854 4246 levandi
2891 4189 3055 4244 animi
3088 4203 3250 4244 causa
3287 4189 3441 4244 Baias
3482 4203 3774 4246 concesse-

2173 4287 2326 4346 ratis.
2377 4287 2505 4354 Quis
2551 4283 2737 4338 oculus
2787 4282 3066 4337 fascinavit
3111 4281 3436 4338 destinatam
3483 4282 3773 4351 quietem?

2174 4379 2400 4435 Paulina
2430 4392 2558 4447 ergo
2588 4391 2717 4430 cura
2762 4376 3064 4430 communis
3107 4383 3404 4430 extremum
3447 4375 3632 4430 salutis
3676 4391 3775 4430 ac-

2174 4479 2428 4524 cesserat.
2479 4467 2560 4522 An
2609 4475 2784 4521 vester
2827 4479 2922 4533 pro
2965 4465 3050 4518 illa
3089 4473 3265 4519 tantus
3313 4475 3398 4521 est
3440 4474 3656 4533 metus,
3710 4476 3777 4524 ut

2177 4577 2337 4618 omne
2387 4561 2504 4631 ejus
2556 4559 2949 4614 inconmiodum
3003 4557 3224 4628 periculi
3266 4558 3433 4613 instar
3477 4559 3774 4614 habeatur?

2177 4655 2444 4724 Quidquid
2491 4653 2681 4707 horum
2741 4662 2823 4708 est
2851 4692 2868 4717 ,
2915 4651 3145 4722 spectari
3197 4650 3380 4706 animo
3431 4651 3585 4719 licet,
3629 4667 3774 4720 quas

2177 4761 2448 4804 :erumnas
2503 4746 2748 4810 dierum,
2798 4759 2930 4815 quas
2957 4745 3194 4799 noctium
3236 4745 3444 4815 vigilias
3483 4744 3772 4804 duxeritis.

2177 4841 2267 4898 Sic
2297 4839 2406 4894 nati
2428 4850 2633 4901 sumus,
2661 4844 2718 4891 ut
2742 4837 2939 4906 saepius
2963 4835 3510 4910 adversagfungamur.
3538 4836 3776 4906 Fugiunt

2179 4930 2505 4998 voluptates,
2535 4937 2588 4984 ct
2617 4926 2776 4982 bona:
2821 4927 3082 4996 cujusque
3119 4925 3200 4982 rei
3232 4935 3338 4980 tam
3382 4925 3559 4982 brevis
3599 4942 3730 4982 usus
3754 4970 3772 4996 ,

2177 5036 2334 5093 quam
2359 5020 2491 5076 levis
2516 5033 2706 5076 sensus
2727 5028 2828 5076 est.
2869 5018 3060 5074 Verum
3085 5019 3200 5074 hinc
3221 5019 3660 5090 philosophorum
3687 5021 3777 5075 di-

2179 5112 2573 5183 sputationibus
2601 5111 3012 5190 relinquantur.
3055 5108 3207 5188 Nunc
3244 5110 3480 5164 habitum
3505 5110 3775 5166 laetiorem

2182 5203 2456 5259 mentibus
2487 5185 2828 5268 suadeamus,
2860 5198 3073 5271 quando
3099 5184 3339 5255 Paulina:
3381 5211 3578 5256 nostra:
3625 5203 3777 5257 vale-

2181 5295 2416 5352 tudinem
2444 5307 2627 5349 rursus
2658 5291 2848 5347 locavit
2871 5290 2925 5344 in
2950 5290 3124 5346 solido
3146 5306 3248 5362 pax
3267 5290 3512 5348 deorum.
3540 5277 3687 5349 Vale.

2747 5424 2964 5480 EPIST.
3007 5423 3189 5479 XLIX.

2531 5535 2844 5577 SYIMACBUS
2881 5535 3075 5576 AGORIO
3113 5534 3399 5575 PIJ‘I‘BXT.

2244 5639 2451 5706 Quaeris
2491 5649 2546 5693 ut
2586 5639 2719 5694 civis
2747 5638 2814 5693 ad
2839 5637 3038 5693 bonum
3071 5653 3354 5693 commune
3383 5640 3615 5708 genitus,
3638 5643 3791 5728 quid:

2174 5748 2332 5802 super
2357 5733 2516 5787 rebus
2539 5733 2712 5788 anxiis
2756 5747 2881 5788 vero
2913 5732 3214 5803 proximum
3263 5734 3556 5789 nuntietur.
3588 5734 3772 5794 Certis

2175 5818 2436 5879 indicibus
2460 5823 2688 5881 secunda
2729 5826 3096 5885 cosnovimus.
3148 5824 3350 5881 Dehinc
3371 5823 3520 5881 multi
3567 5824 3778 5888 silentii
