4032 6446
269 360 370 418 ξηι
1468 342 1947 408 ηιδτοωεωιι
1977 343 2187 404 LIBER
2222 345 2262 402 Ι.

268 471 494 543 suspicio
523 465 761 526 sollicitis
805 463 1110 523 rumoribus
1141 463 1316 520 iocum
1361 461 1510 520 fecit.
1555 461 1664 519 Sed
1716 459 1847 516 mihi
1873 456 1927 521 Δ
1951 461 2256 528 protentis
2305 471 2412 520 tuo
2439 462 2614 532 copia.
2639 459 2790 528 Nunc
3151 467 3391 537 epistola
3415 476 3527 529 tua

269 563 571 632 opinionum
605 558 818 623 talium,
845 571 964 626 qua
991 556 1111 612 sine
1139 564 1356 611 auclore
1382 553 1647 624 produnt,
1694 552 1840 608 nulla

268 654 466 710 curatio
500 659 600 707 est.
653 647 926 719 impendio
958 661 1127 718 angor
1163 647 1328 702 animi
1373 644 1516 713 mod
1561 641 1840 700 sacriﬁciis

269 745 642 815 multiplicibus
664 783 681 808 ,
731 752 784 798 et
815 757 909 812 per
929 741 1165 812 singulas
1195 747 1491 811 potestates
1513 751 1658 806 sape
1683 748 1840 804 repe-

268 839 412 903 titis,
464 851 566 892 nec
602 836 728 890 dum
773 834 985 905 publico
1027 834 1245 889 nomine
1285 831 1624 901 Spoletinum
1654 827 1840 898 piatur

268 939 553 986 «tantum.
607 929 740 984 Nam
769 937 822 982 et
849 927 1038 983 Jovem
1064 926 1154 980 vix
1181 923 1484 995 propitiavit
1510 930 1696 976 octava
1727 931 1840 973 Ina-

269 1021 454 1089 ctatio,
477 1032 528 1076 et
559 1020 810 1078 Fortuna
829 1019 1062 1073 Publicae
1087 1015 1381 1086 multiiugis
1399 1013 1592 1069 bestiis
1615 1009 1839 1080 nequid-

269 1128 423 1183 quam
455 1113 763 1168 undecimus
794 1111 965 1165 honor
1009 1109 1179 1164 factus
1221 1116 1322 1163 est.
1349 1105 1466 1174 Quo
1500 1104 1604 1160 ioci
1633 1102 1802 1158 simus
1822 1141 1838 1165 ,

269 1207 534 1278 intelligis.
566 1206 716 1262 Nam
740 1203 1001 1261 sententia
1029 1211 1135 1268 est,
1167 1202 1220 1256 in
1252 1209 1448 1255 emtum
1489 1209 1686 1252 vocare
1727 1193 1842 1248 col-

269 1299 432 1368 legas.
464 1297 674 1353 Curabo
703 1298 872 1363 scias,
913 1295 958 1350 si
985 1291 1114 1363 quid
1151 1289 1392 1348 remedia
1421 1288 1602 1344 divina
1629 1297 1839 1356 prono-

268 1392 458 1446 verint.
490 1389 641 1445 Vale.

896 1448 1107 1514 EPIST.
1148 1455 1210 1512 L.

631 1563 940 1607 SYIIACBUS
977 1563 1166 1605 AGORIO
1203 1561 1477 1604 PMTEXT.

335 1665 452 1740 Ego
479 1664 694 1736 quidem
720 1677 942 1722 securus
970 1663 1218 1719 amicitiae
1241 1661 1634 1734 aequibonique
1670 1657 1838 1724 facio,

269 1758 313 1811 si
337 1755 466 1837 quid
493 1756 544 1809 in
575 1770 660 1810 me
681 1755 748 1809 ab
775 1763 986 1809 amante
1016 1762 1286 1824 peccatur.
1327 1751 1434 1806 Sed
1465 1759 1584 1804 tuos
1629 1761 1838 1810 mores.

265 1831 460 1918 quibus
491 1845 617 1899 nihil
649 1843 785 1900 desit
812 1844 878 1899 ad
904 1843 1138 1908 laudent,
1178 1843 1336 1898 decet
1362 1840 1524 1896 officii
1569 1840 1842 1909 negligen~
1868 1831 1918 1893 Β

267 1938 354 1993 tia.
383 1937 548 2004 Queri
576 1949 660 1991 me
683 1935 939 2005 opinaris,
957 1935 1099 2006 quod
1119 1934 1248 1990 nihil
1269 1933 1471 1989 scribas
1490 1918 1580 1987 {et
1596 1930 1843 1986 refellere

265 2029 600 2088 mendacium
627 2030 784 2099 paras
809 2071 824 2094 ,
849 2029 974 2099 quia
1008 2037 1064 2084 te
1091 2027 1287 2096 aliquid
1332 2025 1613 2096 scripsisse
1655 2023 1842 2080 memi-
1905 2040 1909 2044 π

262 2122 410 2179 nisti.
443 2121 554 2191 Ego
585 2136 714 2177 vero
742 2121 1020 2177 minimum
1051 2120 1214 2176 animi
1242 2133 1500 2190 angerer,
1538 2120 1582 2176 si
1605 2128 1808 2174 iaceres
1827 2157 1841 2182 ,

265 2219 424 2281 prout
464 2210 565 2266 hoc
609 2220 731 2276 est,
771 2209 914 2279 quod
943 2209 1073 2264 mihi
1121 2218 1174 2266 et
1203 2209 1339 2275 patri
1377 2223 1509 2264 unas
1557 2216 1715 2277 atque
1750 2220 1845 2263 eas

263 2304 459 2375 oppido
487 2303 675 2360 breves
723 2303 930 2364 litteras
966 2302 1227 2360 detulisti.
1274 2302 1347 2358 Ita
1379 2301 1476 2360 tibi
1503 2301 1660 2356 ambo
1699 2298 1846 2372 digni

265 2395 489 2466 singulis
516 2393 718 2465 paginis
746 2409 852 2450 non
884 2392 1160 2452 videmur?
1188 2392 1308 2460 Tui,
1341 2393 1580 2463 inquies,
1626 2392 1846 2450 honoris

267 2485 542 2552 interfuit,
584 2495 638 2540 ut
683 2484 925 2556 iungeris
946 2485 1175 2555 parenti.
1206 2484 1324 2542 Alia
1354 2492 1518 2550 sunt,
1558 2499 1678 2553 qua
1721 2498 1844 2540 cum

268 2577 356 2632 illo
383 2577 542 2632 nobis
566 2577 648 2632 vel
686 2577 986 2632 communia
1015 2585 1164 2647 opto,
1204 2577 1287 2631 vel
1313 2576 1482 2646 paria.
1525 2577 1690 2630 Amor
1717 2575 1846 2630 mihi

266 2684 390 2725 meo
419 2669 632 2726 nomine
662 2667 951 2725 deferatur.
982 2667 1204 2726 Abstine
1227 2668 1386 2738 igitur
1414 2667 1653 2738 epistolis
1676 2708 1690 2732 ,
1726 2680 1845 2736 qua:

268 2771 391 2816 sunt
421 2762 592 2816 instar
618 2761 800 2817 edicti.
852 2760 1100 2818 Facessat
1123 2776 1283 2816 omne
1306 2748 1572 2815 fastidium
1597 2801 1611 2824 ,
1645 2775 1712 2814 ex
1741 2773 1848 2829 quo

269 2859 507 2913 nascitt'tr
536 2861 664 2912 Cura
706 2855 1024 2927 compendii.
1064 2856 1170 2912 Sed
1221 2857 1432 2927 longnm
1461 2853 1527 2911 de
1576 2854 1658 2910 his
1702 2853 1847 2926 loqui

270 2951 450 3005 cautio
492 2951 607 3017 erit,
652 2964 718 3004 ne
761 2949 857 3004 tibi
892 2948 1168 3004 molestior
1201 2933 1270 3003 sit
1300 2946 1573 3018 proiixitas
1615 2943 1848 3016 querelae

272 3049 494 3109 nostraa,
524 3047 682 3112 quam
709 3041 838 3096 mihi
860 3041 1092 3096 brevitas
1121 3039 1362 3110 epistolae
1392 3046 1512 3093 tuae.
1563 3035 1714 3105 Quod
1761 3050 1850 3092 su-

272 3141 472 3202 perest,
506 3133 636 3189 deos
667 3147 873 3203 qumso,
904 3139 958 3187 ut
988 3141 1085 3188 nos
1115 3133 1304 3202 plenus
1341 3131 1516 3210 gaudii
1541 3144 1698 3203 quam
1736 3130 1848 3200 pri-

271 3240 418 3281 mum
445 3226 670 3281 revisas.
702 3225 884 3280 Facile
909 3225 1030 3292 erit,
1062 3225 1362 3296 cnguStiam
1386 3225 1706 3295 scriptorum
1731 3225 1847 3279 luo-

273 3329 390 3373 rum
421 3316 756 3386 multiloqnio
785 3321 1092 3387 repensare.
1126 3311 1276 3373 Vale.

886 3451 1101 3508 EPIST.
1143 3451 1228 3507 LI.

639 3577 946 3622 διιυαιιυδ
983 3577 1172 3619 Αςοκιο
1209 3575 1492 3627 ιιιμιτιιιτ.

345 3675 712 3733 Statueramue
768 3675 822 3731 in
867 3675 1104 3734 externis
1145 3676 1318 3733 adhuc
1357 3675 1583 3742 morari;
1631 3677 1726 3732 sed
1773 3677 1848 3732 la-

277 3768 456 3824 bantis
481 3767 666 3838 patriae
695 3768 911 3828 nuntius
934 3768 1195 3824 destinata
1217 3770 1467 3835 mutavit;
1487 3784 1607 3824 cum
1637 3770 1765 3824 mihi
1796 3770 1848 3825 in

1942 551 2170 608 fruimur
2201 567 2217 608 :
2242 559 2369 610 tunc
2396 552 2707 623 adjumcnto
2729 552 2926 610 favoris
2954 564 3184 618 utemur.
3215 558 3370 618 Vale.

2539 663 2758 721 EPIS’I‘.
2791 663 2922 720 LIII.

2308 766 2616 810 GYIIACEUS
2653 768 2844 811 Αεοιιιο
2884 769 3166 812 ιιιιιδτιιιτ.

2013 867 2134 923 Otio
2159 871 2213 922 et
2241 867 2518 924 venatibus
2539 867 2792 938 gloriare.
2816 869 2912 926 Est
2930 870 3045 926 hac
3063 871 3276 942 quidem
3289 872 3524 943 jucunda
3611 887 3619 894 '

1937 960 2192 1030 jactatio,
2242 959 2336 1016 sed
2388 961 2513 1017 tudo
2541 955 2708 1032 magis
2737 971 2766 1016 a
2797 969 2847 1018 te
2873 964 3078 1034 prolata
3105 1003 3119 1030 ,
3160 975 3317 1034 quam
3356 955 3519 1022 serio.

1942 1052 2076 1107 Nam
2100 1052 2323 1108 remissa
2354 1060 2595 1122 tempora
2623 1064 2677 1109 et
2710 1055 2777 1108 ab
2801 1055 3028 1124 negotiis
3055 1055 3280 1124 publicis
3306 1055 3489 1113 feriata
3507 1100 3523 1126 ,

1945 1143 2096 1199 libris
2126 1126 2366 1198 veterum
2416 1143 2748 1198 ruminandis
2786 1143 3015 1200 libanter
3059 1147 3337 1216 expendis.
3390 1148 3523 1203 Aliis

1944 1233 2106 1304 igitur
2128 1233 2278 1290 dabis
2299 1234 2485 1302 verba,
2511 1235 2604 1304 qui
2632 1242 2686 1290 te
2713 1247 3002 1304 congressu
3027 1237 3260 1305 primore
3291 1252 3397 1292 non
3425 1229 3525 1292 no?-

1944 1333 2155 1383 veruut.
2186 1324 2493 1396 Egoactus,
2519 1339 2656 1395 quos
2687 1339 2887 1395 pernox
2915 1335 2969 1382 et
2999 1327 3214 1397 perdius
3245 1329 3339 1384 tibi
3382 1343 3527 1385 curae

1943 1416 2132 1482 babes,
2157 1424 2271 1482 tum
2305 1415 2617 1487 quotidiana
2661 1415 2858 1487 ingenii
2886 1416 2961 1472 tui
2993 1418 3184 1488 pabula
3227 1419 3296 1476 de
3322 1419 3526 1476 littera-

1944 1522 2085 1577 rum,
2110 1520 2243 1577 quas
2262 1507 2392 1562 mihi
2419 1507 2625 1576 tribuis,
2656 1522 2850 1582 sapore
2870 1509 3134 1580 conjecto.
3164 1509 3275 1566 Nisi
3306 1510 3444 1568 forte
3473 1512 3526 1570 in

1945 1597 2114 1666 sylvis
2133 1597 2433 1666 Apollinem
2457 1600 2812 1666 oontinuaris,
2831 1608 2890 1656 ut
2910 1599 2998 1656 ille
3020 1608 3200 1671 pastor
3219 1601 3524 1669 Hesiodins,

1945 1704 2104 1760 quem
2156 1691 2361 1760 poetica
2411 1691 2561 1750 lauro
2619 1690 2943 1750 Cammnalis
2984 1693 3181 1752 familia
3223 1693 3521 1752 coronavit.

1947 1781 2079 1838 Nam
2101 1782 2241 1838 unde
2261 1791 2346 1840 est
2378 1782 2493 1838 haec
2519 1784 2572 1839 in
2601 1784 2838 1855 epistolis
2863 1786 2967 1841 tuis
2993 1800 3247 1846 sensuum
3281 1787 3490 1844 novitas
3506 1829 3524 1856 ,

1949 1874 2229 1932 verborum
2253 1886 2512 1943 vetustas,
2536 1876 2580 1931 si
2611 1883 2815 1932 tantum
2845 1877 3050 1942 nodosa
3071 1879 3206 1936 retia
3227 1917 3245 1946 ,
3273 1881 3358 1935 vel
3390 1895 3523 1950 pen-

1946 1984 2132 2024 narum
2164 1970 2500 2035 formidines,
2533 1977 2588 2025 et
2613 1983 2832 2038 sagaces
2851 1983 3035 2038 canes,
3063 1984 3386 2042 omnemque
3413 1986 3527 2030 rem

1946 2060 2246 2118 venatieam
2299 2059 2579 2116 meliorum
2625 2060 2822 2116 oblitus
2867 2060 3130 2124 ια’θωῖ
3177 2061 3355 2130 Quare
3403 2077 3526 2122 cum

1945 2151 2157 2219 scribis,
2185 2160 2455 2208 memento
2481 2151 2741 2218 facundiae
2783 2161 2888 2208 tum
2915 2152 3130 2216 modum
3159 2168 3378 2226 ponere.
3419 2154 3528 2220 Rus

1945 2243 2079 2301 stica
2119 2243 2226 2298 sint
2255 2251 2310 2300 et
2353 2244 2576 2312 inculta,
2601 2258 2719 2316 qua:
2757 2245 3014 2314 loqueris,
3055 2255 3115 2308 ut
3148 2255 3368 2314 venator
3408 2260 3528 2308 esse

1947 2335 2202 2400 credatis.
2235 2335 2385 2392 Vale.
2603 2395 2606 2398 ,
2717 2395 2720 2398 ,

2533 2403 2744 2462 EPIST.
2787 2403 2922 2462 LIV.

2315 2513 2622 2554 SVIIACHUS
2659 2513 2849 2555 AGORIO
2884 2504 3160 2554 rnzrcxr.

2022 2615 2285 2674 Mmstitiae
2315 2630 2448 2672 meae
2486 2615 2732 2672 solatium
2761 2616 2963 2688 grande
2994 2616 3246 2674 tribuisti.
3297 2615 3428 2672 Nam
3472 2624 3528 2672 ut

1949 2706 2148 2762 dudum
2175 2707 2268 2763 tibi
2291 2707 2426 2762 fama
2471 2707 2593 2764 fecit
2620 2699 2903 2776 indicium,
2939 2708 3117 2764 fratris
3161 2707 3308 2764 obitu
3340 2708 3527 2764 vulne-

1951 2808 2118 2867 ratus,
2152 2801 2404 2855 continuo
2452 2801 2616 2855 animi
2671 2800 2859 2855 dolore
2904 2798 3218 2856 discrucior.
3260 2800 3375 2856 Non
3415 2815 3527 2856 me-

1952 2890 2134 2946 diocre
2171 2899 2348 2945 tamen
2381 2891 2519 2945 inter
2540 2893 2833 2958 praesentes
2858 2901 3015 2945 curas
3046 2890 3287 2946 levamen
3310 2890 3525 2959 accepi,

1950 2981 2091 3050 quod
2119 2991 2170 3036 te
2193 2982 2428 3051 comperi
2454 2981 2745 3036 secundum
2768 2982 3071 3036 communia
3092 2990 3271 3051 Optata
3295 2981 3525 3038 salvere.

1953 3073 2231 3143 Superest,
2263 3082 2320 3132 ut
2368 3073 2666 3130 istiusmodi
2709 3074 2900 3130 ofﬁciis
2947 3073 3278 3145 frequentem
3309 3088 3527 3144 cperam

1951 3167 2183 3238 digneris
2214 3167 2555 3236 impendere;
2585 3183 2702 3238 qua:
2727 3169 2982 3238 perspicis
3005 3167 3322 3230 medicinam
3341 3181 3529 3240 quam:

1953 3257 2074 3315 dam
2097 3258 2371 3315 infortunii
2397 3267 2451 3316 et
2474 3259 2726 3316 moreris
2747 3258 2958 3316 afferre.
2988 3258 3141 3317 Vale.

2561 3368 2772 3427 EPIST.
2812 3370 2925 3428 LV.

2323 3475 2630 3520 ειιηιωιιυε
2666 3477 2858 3519 ΔΟΟΒΜ
2891 3479 3152 3519 ιιιιιτειτ

2021 3576 2145 3631 Scia
2165 3577 2404 3646 get-mani
2427 3577 2627 3632 amoris
2645 3585 2769 3633 esse
2801 3578 2943 3649 quod
2983 3579 3198 3635 suades.
3217 3566 3326 3635 Sed
3351 3585 3528 3637 rerum

1949 3669 2152 3724 eiiiatio
2184 3681 2305 3725 eunt
2331 3671 2553 3740 requirit
2588 3675 2893 3734 auctorem,
2924 3687 3082 3743 quem
3111 3672 3295 3728 habuit
3326 3675 3524 3744 iniusta

1952 3758 2222 3815 dissensio
2259 3760 2555 3830 principem
2581 3778 2595 3814 :
2628 3769 2698 3816 ne
2731 3766 2926 3816 nosam
2956 3765 3215 3820 memisse
3253 3763 3525 3830 videatur,

275 3860 528 3919 omnibus
555 3861 707 3916 malis
733 3857 952 3917 decolor
973 3861 1244 3917 videretur
1281 3861 1542 3918 securitas
1577 3876 1716 3917 mea.
1766 3863 1848 3918 Ad

1952 3851 2044 3921 qui
2083 3849 2356 3921 abiuratas
2383 3851 2678 3918 amicitias,
2719 3854 2868 3922 quasi
2901 3853 3036 3908 nihil
3063 3859 3272 3923 passus,
3300 3848 3529 3909 affectat.

276 3955 379 4010 hoc
415 3954 558 4010 sacri
587 3953 903 4024 pontiﬁcalis
931 3953 1322 4010 administratio
1346 3970 1530 4010 curam
1558 3955 1627 4010 de
1667 3970 1755 4010 me
1797 3964 1851 4011 et

1952 3943 2130 4010 Quare
2155 3941 2389 3997 oblatam
2435 3941 2780 3998 concordiam
2812 3947 2918 3997 non
2953 3943 3150 3998 refuto.
3189 3944 3532 4014 Seqnestrata

275 4047 514 4103 officium
543 4048 666 4102 stati
689 4047 888 4103 mensis
911 4047 1095 4116 exigit.
1129 4047 1310 4118 Neque
1333 4049 1475 4103 enim
1505 4049 1603 4104 fert
1643 4050 1852 4103 animus
1953 4034 2388 4090 εοηθῖάθηιίοηθ
2413 4034 2663 4102 Imm“:
2689 4035 2873 4094 ’θοαί
2897 4035 2954 4089 In
2973 4037 3197 4105 8mm"
3214 4075 3230 4103 ι
3251 4036 3342 4106 εισι
3367 4038 3535 4092 πῖονίι

277 4144 329 4197 in
377 4152 528 4197 tanta
556 4142 890 4198 sacerdotum
922 4143 1242 4214 negligentia
1272 4143 1521 4198 sufficere
1569 4145 1851 4211 collegam.

1953 4125 2234 4184 offensam.
2281 4125 2399 4180 Tibi
2453 4139 2553 4194 pro
2595 4135 2776 4180 nostra
2823 4125 3059 4179 amicitia
3103 4125 3235 4179 satis
3269 4127 3534 4194 gratulor,

276 4235 470 4290 Fuerit
495 4235 606 4288 hac
634 4234 758 4289 olim
793 4235 1021 4304 simplex
1045 4213 1242 4290 divinae
1270 4238 1346 4290 rei
1385 4236 1667 4304 delegatio.
1708 4235 1851 4290 Ntmc

1957 4218 2112 4286 cuius
2141 4216 2291 4271 labor
2317 4215 2475 4270 saluti
2506 4215 2728 4284 publica:
2762 4213 3123 4269 commodabit
3151 4233 3162 4266 :
3199 4214 3270 4270 de
3296 4223 3408 4285 quo
3449 4215 3536 4269 in-

276 4327 387 4381 aris
416 4325 608 4380 deesse
633 4323 898 4381 Romanos
925 4341 1093 4397 genus
1123 4337 1205 4382 est
1243 4327 1536 4383 ambiendi;
1567 4327 1671 4383 Vcs
1703 4329 1857 4383 Etru-

275 4419 352 4474 ria
402 4431 682 4489 quou‘sqne
719 4420 1003 4476 retinebit?
1040 4420 1155 4474 Jam
1193 4423 1468 4491 querimur
1495 4433 1616 4477 esse
1635 4419 1854 4490 aliquid,

273 4513 426 4582 quod
458 4511 635 4566 tandiu
678 4511 884 4566 civibus
915 4511 1245 4581 praeferatur.
1288 4513 1371 4569 Sit
1400 4512 1527 4568 licet
1564 4513 1705 4566 ruris
1745 4521 1856 4567 sta-

1959 4309 2116 4364 terim
2141 4307 2348 4376 parcius
2373 4307 2578 4376 loquar.
2607 4307 2712 4362 lies
2733 4305 2900 4372 enim,
2930 4317 3049 4375 qua:
3077 4307 3143 4362 ad
3168 4307 3355 4362 attines
3376 4309 3536 4376 parti.

1961 4410 2069 4467 net,
2099 4415 2370 4470 nunquam
2402 4415 2508 4454 uno
2538 4407 2674 4454 teste
2701 4409 2948 4454 contenta
2993 4407 3078 4456 est
3109 4417 3122 4452 :
3167 4408 3224 4455 et
3266 4399 3398 4455 mihi
3427 4415 3535 4455 ma-

1961 4505 2195 4562 gn0pere
2215 4489 2498 4557 convenit,
2529 4489 2602 4544 ita
2633 4489 2941 4546 meminisse
2968 4490 3156 4561 gloria:
3186 4497 3322 4558 tute,
3352 4505 3420 4547 ne
3445 4506 3537 4546 ve-

276 4580 365 4660 tus
397 4603 602 4669 mitior,
629 4616 736 4658 non
771 4580 946 4670 potest
972 4603 1110 4658 bene
1128 4603 1298 4660 ιιι(τυί
1325 4605 1468 4672 οιὶο,
1497 4605 1588 4676 qui
1613 4604 1724 4659 suis
1758 4603 1851 4659 ab-

1957 4582 2224 4640 recundite
2253 4580 2450 4636 oblitus
2475 4580 2770 4637 existimer.
2800 4580 2946 4638 Vale.

276 4710 307 4751 s
325 4695 527 4751 'ntibus
547 4695 715 4751 timet.
748 4691 900 4752 Vale.
1257 4760 1260 4761 ν

895 4785 1108 4842 EPIST.
1150 4786 1253 4843 LII.

640 4893 953 4935 ,SVIIIACIIUS
991 4895 1181 4936 acomo
1216 4873 1501 4935 parram.

353 4969 666 5025 Orationem
692 4985 864 5026 meam
893 4964 998 5025 tibi
1015 4985 1133 5026 esse
1158 4972 1546 5041 complacitam,
1581 4971 1745 5026 nihilo
1773 4985 1857 5028 se-

2549 4695 2766 4760 EPIST.
2807 4695 2939 4752 LVI.

2482 4803 2791 4846 SYIIIACHUB
2829 4804 3013 4848 P8030.

2030 4883 2100 4942 Et
2121 4883 2214 4940 tibi
2237 4882 2462 4953 publicis
2484 4883 2711 4953 negotiis
2734 4891 3015 4952 occupato,
3036 4882 3225 4938 breves
3241 4882 3428 4938 litterae
3445 4881 3538 4938 de-

1961 4985 2112 5031 munt
2126 4973 2396 5030 fastidium
2415 4973 2678 5054 lectionis,
2693 4973 2864 5029 etm’ei
2878 4973 3039 5030 officii
3056 4973 3361 5043 assiduitas,
3383 4973 3539 5043 quid-

282 5061 443 5131 cuius
471 5061 696 5131 saude0.
720 5076 876 5132 quam
905 5062 1044 5134 (Ιιιοα
1073 5077 1189 5118 eam
1214 5063 1860 5143 secnnda‘existimatione
1965 5068 2090 5140 quid
2103 5066 2440 5124 scribendum
2455 5067 2714 5136 videatur,
2730 5066 3540 5124 exhausit.Meritosalutatione

283 5166 415 5221 pars
436 5151 626 5206 melior
646 5151 862 5207 humani
883 5155 1092 5222 generis
1109 5163 1329 5208 senatus
1355 5154 1575 5210 audivit.
1605 5154 1862 5223 Adjecisti
1907 5196 1910 5199 .
1968 5164 2148 5232 libata,
2178 5160 2310 5232 frugi
2335 5159 2610 5231 epistolam
2629 5162 2933 5216 necessario
2964 5163 3168 5229 stringe
3194 5159 3534 5229 compendio.

283 5244 613 5299 sacramenti
639 5243 878 5313 pondus;
902 5253 954 5298 et
980 5244 1032 5298 in
1061 5246 1197 5300 bona
1228 5245 1389 5300 verba
1417 5245 1607 5314 jurasti
1641 5262 1655 5302 :
1689 5246 1851 5315 utqui

1965 5254 2084 5311 Alia
2112 5265 2191 5309 est
2220 5255 2360 5309 enim
2390 5253 2705 5321 protestatio
2733 5251 2965 5318 amoris,
3002 5251 3104 5306 alia
3134 5250 3329 5320 linguae
3357 5259 3539 5307 osten-

285 5338 462 5393 scires
499 5337 550 5391 itt
578 5337 930 5407 suspicionem
967 5338 1154 5407 gratiae
1187 5339 1368 5393 venire
1394 5340 1684 5393 amantium
1717 5338 1860 5420 judi-

286 5438 434 5482 cata.
465 5426 593 5482 Nam
619 5428 703 5482 ubi
727 5435 870 5483 certa
903 5429 986 5483 est
1005 5428 1258 5495 amicitia,
1306 5430 1378 5484 ibi
1415 5429 1548 5485 fides
1579 5429 1750 5485 laudis
1779 5430 1863 5485 in-

286 5521 510 5575 certiOr.
542 5520 682 5590 Etgo
711 5534 932 5576 securus
961 5521 1218 5576 examinis
1242 5521 1316 5577 tui
1350 5520 1484 5576 nihil
1526 5536 1707 5576 moror
1736 5535 1860 5577 sen-

289 5615 492 5666 tentias
539 5620 875 5668 catterorum.
939 5611 1075 5681 Quid
1126 5614 1171 5668 si
1227 5613 1486 5669 adfuisses
1545 5622 1650 5668 tam
1706 5613 1860 5670 bona:

287 5703 584 5759 voluntatis
637 5703 866 5771 auditor,
901 5719 982 5758 nm
1020 5719 1119 5774 ego
1153 5703 1339 5776 digito,
1379 5718 1436 5761 ut
1474 5707 1642 5774 aiunt,
1674 5720 1864 5775 supera

291 5811 530 5851 convexa
555 5798 864 5867 tetigissem.
899 5798 1009 5853 Erit
1043 5798 1171 5855 alias
1199 5799 1420 5856 fortasse
1449 5801 1602 5858 nobis
1629 5802 1861 5871 optatior

1969 5347 2096 5401 tatio
2124 5363 2136 5398 :
2159 5355 2316 5416 atque
2331 5345 2446 5400 ideo
2463 5344 2730 5416 antiquior
2747 5343 2876 5399 mihi
2899 5341 2997 5398 fuit
3012 5342 3336 5412 obsequendi
3348 5358 3533 5414 opera,

1967 5454 2123 5508 quam
2156 5436 2426 5508 loquendi.
2459 5436 2670 5506 Copiosi
2699 5435 3028 5500 videbimur,
3053 5434 3100 5490 si
3127 5433 3340 5492 abunde
3366 5436 3538 5494 seduli

1968 5530 2281 5586 iudicemur.
2309 5529 2458 5586 Vale.

2547 5619 2761 5676 EPIST.
2803 5617 2960 5675 LVII.

2486 5725 2794 5769 εῑκκιειιυε
2833 5728 3017 5769 PROBO.

2042 5807 2100 5861 in
2126 5805 2412 5876 praesentia
2429 5813 2683 5872 quantum
2709 5807 2837 5863 satis
2860 5806 3027 5862 visum
3055 5815 3133 5862 cst
3168 5803 3416 5861 amicitiae
3437 5816 3541 5854 nut-
