  <div class='ocr_page' id='page_1' title='image "/cluster/home/n/w/nwhite01/storage/ocr_20150623/18/hvd.32044015471337/091.png"; bbox 0 0 4032 6430; ppageno 0'>
   <div class='ocr_carea' id='block_1_1' title="bbox 573 348 677 407">
    <p class='ocr_par' dir='ltr' id='par_1_1' title="bbox 573 348 677 407">
     <span class='ocr_line' id='line_1_1' title="bbox 573 348 677 407; baseline 0 -1"><span class='ocrx_word' id='word_1_1' title='bbox 573 348 677 407; x_wconf 76' lang='grc'><strong>167</strong></span> 
     </span>
    </p>
   </div>
   <div class='ocr_carea' id='block_1_2' title="bbox 571 546 2147 622">
    <p class='ocr_par' dir='ltr' id='par_1_2' title="bbox 571 546 2147 622">
     <span class='ocr_line' id='line_1_2' title="bbox 571 546 2147 622; baseline -0.009 -8"><span class='ocrx_word' id='word_1_2' title='bbox 571 555 835 614; x_wconf 77' lang='lat' dir='ltr'><strong>tabellarii</strong></span> <span class='ocrx_word' id='word_1_3' title='bbox 855 550 1245 622; x_wconf 68' lang='lat' dir='ltr'><strong>contemplatus</strong></span> <span class='ocrx_word' id='word_1_4' title='bbox 1265 588 1282 615; x_wconf 92' lang='lat'><strong>,</strong></span> <span class='ocrx_word' id='word_1_5' title='bbox 1312 547 1566 603; x_wconf 89' lang='lat' dir='ltr'><strong>exhibeo.</strong></span> <span class='ocrx_word' id='word_1_6' title='bbox 1604 547 1749 603; x_wconf 78' lang='lat' dir='ltr'><strong>Alias</strong></span> <span class='ocrx_word' id='word_1_7' title='bbox 1774 546 1906 601; x_wconf 89' lang='lat' dir='ltr'><strong>mihi</strong></span> <span class='ocrx_word' id='word_1_8' title='bbox 1937 554 1993 601; x_wconf 90' lang='lat' dir='ltr'><strong>et</strong></span> <span class='ocrx_word' id='word_1_9' title='bbox 2019 559 2147 600; x_wconf 90' lang='lat' dir='ltr'><strong>usus</strong></span> 
     </span>
    </p>
   </div>
   <div class='ocr_carea' id='block_1_3' title="bbox 570 636 2149 712">
    <p class='ocr_par' dir='ltr' id='par_1_3' title="bbox 570 636 2149 712">
     <span class='ocr_line' id='line_1_3' title="bbox 570 636 2149 712; baseline -0.008 -9"><span class='ocrx_word' id='word_1_10' title='bbox 570 647 763 712; x_wconf 67' lang='lat' dir='ltr'><strong>venite,</strong></span> <span class='ocrx_word' id='word_1_11' title='bbox 782 653 836 701; x_wconf 89' lang='lat' dir='ltr'><strong>et</strong></span> <span class='ocrx_word' id='word_1_12' title='bbox 850 658 978 700; x_wconf 90' lang='lat' dir='ltr'><strong>cura</strong></span> <span class='ocrx_word' id='word_1_13' title='bbox 995 656 1100 698; x_wconf 91' lang='lat' dir='ltr'><strong>non</strong></span> <span class='ocrx_word' id='word_1_14' title='bbox 1123 640 1297 697; x_wconf 89' lang='lat' dir='ltr'><strong>deerit</strong></span> <span class='ocrx_word' id='word_1_15' title='bbox 1319 640 1563 709; x_wconf 72' lang='lat' dir='ltr'><strong>epistola:</strong></span> <span class='ocrx_word' id='word_1_16' title='bbox 1580 638 1860 708; x_wconf 76' lang='lat' dir='ltr'><strong>longioris.</strong></span> <span class='ocrx_word' id='word_1_17' title='bbox 1888 637 1969 692; x_wconf 90' lang='lat' dir='ltr'><strong>Dii</strong></span> <span class='ocrx_word' id='word_1_18' title='bbox 1990 636 2149 692; x_wconf 91' lang='lat' dir='ltr'><strong>modo</strong></span> 
     </span>
    </p>
   </div>
   <div class='ocr_carea' id='block_1_4' title="bbox 569 727 2147 808">
    <p class='ocr_par' dir='ltr' id='par_1_4' title="bbox 569 727 2147 808">
     <span class='ocr_line' id='line_1_4' title="bbox 569 727 2147 808; baseline -0.007 -14"><span class='ocrx_word' id='word_1_19' title='bbox 569 745 745 808; x_wconf 90' lang='lat' dir='ltr'><strong>optata</strong></span> <span class='ocrx_word' id='word_1_20' title='bbox 763 735 1052 798; x_wconf 74' lang='lat' dir='ltr'><strong>fortunent,</strong></span> <span class='ocrx_word' id='word_1_21' title='bbox 1072 732 1298 789; x_wconf 82' lang='lat' dir='ltr'><strong>salutem</strong></span> <span class='ocrx_word' id='word_1_22' title='bbox 1324 731 1475 801; x_wconf 87' lang='lat' dir='ltr'><strong>Reip.</strong></span> <span class='ocrx_word' id='word_1_23' title='bbox 1500 731 1554 786; x_wconf 91' lang='lat' dir='ltr'><strong>in</strong></span> <span class='ocrx_word' id='word_1_24' title='bbox 1575 730 1747 785; x_wconf 88' lang='lat' dir='ltr'><strong>solido</strong></span> <span class='ocrx_word' id='word_1_25' title='bbox 1769 729 1978 785; x_wconf 82' lang='lat' dir='ltr'><strong>locentl</strong></span> <span class='ocrx_word' id='word_1_26' title='bbox 2009 727 2147 783; x_wconf 86' lang='lat' dir='ltr'><strong>Tum</strong></span> 
     </span>
    </p>
   </div>
   <div class='ocr_carea' id='block_1_5' title="bbox 568 821 2147 899">
    <p class='ocr_par' dir='ltr' id='par_1_5' title="bbox 568 821 2147 899">
     <span class='ocr_line' id='line_1_5' title="bbox 568 821 2147 899; baseline -0.006 -14"><span class='ocrx_word' id='word_1_27' title='bbox 568 830 813 885; x_wconf 80' lang='lat' dir='ltr'><strong>voluntas</strong></span> <span class='ocrx_word' id='word_1_28' title='bbox 838 826 1140 899; x_wconf 83' lang='lat' dir='ltr'><strong>promptior</strong></span> <span class='ocrx_word' id='word_1_29' title='bbox 1169 826 1295 893; x_wconf 91' lang='lat' dir='ltr'><strong>erit,</strong></span> <span class='ocrx_word' id='word_1_30' title='bbox 1323 832 1378 880; x_wconf 89' lang='lat' dir='ltr'><strong>et</strong></span> <span class='ocrx_word' id='word_1_31' title='bbox 1403 823 1469 879; x_wconf 90' lang='lat' dir='ltr'><strong>ad</strong></span> <span class='ocrx_word' id='word_1_32' title='bbox 1498 822 1797 892; x_wconf 90' lang='lat' dir='ltr'><strong>scribenda,</strong></span> <span class='ocrx_word' id='word_1_33' title='bbox 1825 837 1947 891; x_wconf 64' lang='lat' dir='ltr'><strong>quae</strong></span> <span class='ocrx_word' id='word_1_34' title='bbox 1972 821 2147 877; x_wconf 91' lang='lat' dir='ltr'><strong>liben-</strong></span> 
     </span>
    </p>
   </div>
   <div class='ocr_carea' id='block_1_6' title="bbox 568 916 2150 990">
    <p class='ocr_par' dir='ltr' id='par_1_6' title="bbox 568 916 2150 990">
     <span class='ocr_line' id='line_1_6' title="bbox 568 916 2150 990; baseline -0.004 -13"><span class='ocrx_word' id='word_1_35' title='bbox 568 931 652 977; x_wconf 92' lang='lat' dir='ltr'><strong>ter</strong></span> <span class='ocrx_word' id='word_1_36' title='bbox 672 920 936 990; x_wconf 89' lang='lat' dir='ltr'><strong>accipias;</strong></span> <span class='ocrx_word' id='word_1_37' title='bbox 973 926 1029 974; x_wconf 90' lang='lat' dir='ltr'><strong>et</strong></span> <span class='ocrx_word' id='word_1_38' title='bbox 1064 917 1131 973; x_wconf 91' lang='lat' dir='ltr'><strong>ad</strong></span> <span class='ocrx_word' id='word_1_39' title='bbox 1157 916 1383 989; x_wconf 88' lang='lat' dir='ltr'><strong>legenda</strong></span> <span class='ocrx_word' id='word_1_40' title='bbox 1408 955 1425 985; x_wconf 87' lang='lat'><strong>,</strong></span> <span class='ocrx_word' id='word_1_41' title='bbox 1465 931 1584 987; x_wconf 76' lang='lat' dir='ltr'><strong>qua:</strong></span> <span class='ocrx_word' id='word_1_42' title='bbox 1608 916 1786 971; x_wconf 88' lang='lat' dir='ltr'><strong>animo</strong></span> <span class='ocrx_word' id='word_1_43' title='bbox 1812 922 2035 972; x_wconf 89' lang='lat' dir='ltr'><strong>vacante</strong></span> <span class='ocrx_word' id='word_1_44' title='bbox 2062 928 2150 971; x_wconf 90' lang='lat' dir='ltr'><strong>re-</strong></span> 
     </span>
    </p>
   </div>
   <div class='ocr_carea' id='block_1_7' title="bbox 565 1010 1051 1084">
    <p class='ocr_par' dir='ltr' id='par_1_7' title="bbox 565 1010 1051 1084">
     <span class='ocr_line' id='line_1_7' title="bbox 565 1010 1051 1084; baseline -0.014 -12"><span class='ocrx_word' id='word_1_45' title='bbox 565 1012 871 1084; x_wconf 73' lang='lat' dir='ltr'><strong>scripseris.</strong></span> <span class='ocrx_word' id='word_1_46' title='bbox 900 1010 1051 1068; x_wconf 93' lang='lat' dir='ltr'><strong>Vale.</strong></span> 
     </span>
    </p>
   </div>
   <div class='ocr_carea' id='block_1_8' title="bbox 1141 1101 1575 1159">
    <p class='ocr_par' dir='ltr' id='par_1_8' title="bbox 1141 1101 1575 1159">
     <span class='ocr_line' id='line_1_8' title="bbox 1141 1101 1575 1159; baseline -0.007 0"><span class='ocrx_word' id='word_1_47' title='bbox 1141 1102 1358 1159; x_wconf 84' lang='lat' dir='ltr'><strong>EPIST.</strong></span> <span class='ocrx_word' id='word_1_48' title='bbox 1398 1101 1575 1157; x_wconf 86' lang='lat' dir='ltr'><strong>LVIII.</strong></span> 
     </span>
    </p>
   </div>
   <div class='ocr_carea' id='block_1_9' title="bbox 1087 1229 1614 1273">
    <p class='ocr_par' dir='ltr' id='par_1_9' title="bbox 1087 1229 1614 1273">
     <span class='ocr_line' id='line_1_9' title="bbox 1087 1229 1614 1273; baseline -0.006 0"><span class='ocrx_word' id='word_1_49' title='bbox 1087 1231 1390 1273; x_wconf 71' lang='lat' dir='ltr'><strong>SYIIACHUS</strong></span> <span class='ocrx_word' id='word_1_50' title='bbox 1427 1229 1614 1271; x_wconf 81' lang='lat' dir='ltr'><strong>PRORO.</strong></span> 
     </span>
    </p>
   </div>
   <div class='ocr_carea' id='block_1_10' title="bbox 636 1323 2146 1400">
    <p class='ocr_par' dir='ltr' id='par_1_10' title="bbox 636 1323 2146 1400">
     <span class='ocr_line' id='line_1_10' title="bbox 636 1323 2146 1400; baseline -0.005 -9"><span class='ocrx_word' id='word_1_51' title='bbox 636 1332 716 1391; x_wconf 87' lang='lat' dir='ltr'><strong>Sit</strong></span> <span class='ocrx_word' id='word_1_52' title='bbox 742 1333 835 1390; x_wconf 91' lang='lat' dir='ltr'><strong>tibi</strong></span> <span class='ocrx_word' id='word_1_53' title='bbox 859 1333 1066 1389; x_wconf 88' lang='lat' dir='ltr'><strong>animus</strong></span> <span class='ocrx_word' id='word_1_54' title='bbox 1091 1344 1295 1400; x_wconf 85' lang='lat' dir='ltr'><strong>aequus,</strong></span> <span class='ocrx_word' id='word_1_55' title='bbox 1316 1336 1372 1385; x_wconf 91' lang='lat' dir='ltr'><strong>et</strong></span> <span class='ocrx_word' id='word_1_56' title='bbox 1392 1328 1601 1398; x_wconf 90' lang='lat' dir='ltr'><strong>patiens</strong></span> <span class='ocrx_word' id='word_1_57' title='bbox 1620 1323 1857 1386; x_wconf 89' lang='lat' dir='ltr'><strong>muneris</strong></span> <span class='ocrx_word' id='word_1_58' title='bbox 1880 1328 2146 1399; x_wconf 80' lang='lat' dir='ltr'><strong>imperati.</strong></span> 
     </span>
    </p>
   </div>
   <div class='ocr_carea' id='block_1_11' title="bbox 564 1420 2152 1508">
    <p class='ocr_par' dir='ltr' id='par_1_11' title="bbox 564 1420 2152 1508">
     <span class='ocr_line' id='line_1_11' title="bbox 564 1420 2152 1508; baseline -0.005 -25"><span class='ocrx_word' id='word_1_59' title='bbox 564 1426 723 1497; x_wconf 62' lang='lat' dir='ltr'><strong>Saepe</strong></span> <span class='ocrx_word' id='word_1_60' title='bbox 752 1440 852 1481; x_wconf 91' lang='lat' dir='ltr'><strong>usu</strong></span> <span class='ocrx_word' id='word_1_61' title='bbox 880 1424 1062 1487; x_wconf 91' lang='lat' dir='ltr'><strong>venit,</strong></span> <span class='ocrx_word' id='word_1_62' title='bbox 1095 1429 1153 1476; x_wconf 93' lang='lat' dir='ltr'><strong>ut</strong></span> <span class='ocrx_word' id='word_1_63' title='bbox 1180 1422 1232 1476; x_wconf 93' lang='lat' dir='ltr'><strong>in</strong></span> <span class='ocrx_word' id='word_1_64' title='bbox 1263 1420 1527 1477; x_wconf 89' lang='lat' dir='ltr'><strong>secundos</strong></span> <span class='ocrx_word' id='word_1_65' title='bbox 1573 1420 1786 1477; x_wconf 82' lang='lat' dir='ltr'><strong>labores</strong></span> <span class='ocrx_word' id='word_1_66' title='bbox 1824 1420 1993 1476; x_wconf 89' lang='lat' dir='ltr'><strong>virtus</strong></span> <span class='ocrx_word' id='word_1_67' title='bbox 2022 1436 2152 1508; x_wconf 33' lang='lat' dir='ltr'><strong>pro:</strong></span> 
     </span>
    </p>
   </div>
   <div class='ocr_carea' id='block_1_12' title="bbox 564 1511 2148 1587">
    <p class='ocr_par' dir='ltr' id='par_1_12' title="bbox 564 1511 2148 1587">
     <span class='ocr_line' id='line_1_12' title="bbox 564 1511 2148 1587; baseline -0.004 -13"><span class='ocrx_word' id='word_1_68' title='bbox 564 1519 688 1575; x_wconf 90' lang='lat' dir='ltr'><strong>bata</strong></span> <span class='ocrx_word' id='word_1_69' title='bbox 718 1524 1010 1587; x_wconf 88' lang='lat' dir='ltr'><strong>reparetur.</strong></span> <span class='ocrx_word' id='word_1_70' title='bbox 1056 1512 1237 1582; x_wconf 92' lang='lat' dir='ltr'><strong>Quid?</strong></span> <span class='ocrx_word' id='word_1_71' title='bbox 1274 1512 1383 1567; x_wconf 89' lang='lat' dir='ltr'><strong>tui?</strong></span> <span class='ocrx_word' id='word_1_72' title='bbox 1415 1512 1645 1568; x_wconf 86' lang='lat' dir='ltr'><strong>libenter</strong></span> <span class='ocrx_word' id='word_1_73' title='bbox 1670 1513 1731 1567; x_wconf 93' lang='lat' dir='ltr'><strong>C.</strong></span> <span class='ocrx_word' id='word_1_74' title='bbox 1763 1511 1925 1567; x_wconf 81' lang='lat' dir='ltr'><strong>Atilio</strong></span> <span class='ocrx_word' id='word_1_75' title='bbox 1953 1512 2148 1567; x_wconf 89' lang='lat' dir='ltr'><strong>factum</strong></span> 
     </span>
    </p>
   </div>
   <div class='ocr_carea' id='block_1_13' title="bbox 562 1604 2153 1680">
    <p class='ocr_par' dir='ltr' id='par_1_13' title="bbox 562 1604 2153 1680">
     <span class='ocr_line' id='line_1_13' title="bbox 562 1604 2153 1680; baseline -0.003 -16"><span class='ocrx_word' id='word_1_76' title='bbox 562 1610 756 1680; x_wconf 86' lang='lat' dir='ltr'><strong>putas?</strong></span> <span class='ocrx_word' id='word_1_77' title='bbox 799 1607 939 1679; x_wconf 89' lang='lat' dir='ltr'><strong>quod</strong></span> <span class='ocrx_word' id='word_1_78' title='bbox 981 1606 1216 1662; x_wconf 90' lang='lat' dir='ltr'><strong>fascibus</strong></span> <span class='ocrx_word' id='word_1_79' title='bbox 1262 1612 1439 1659; x_wconf 88' lang='lat' dir='ltr'><strong>aratra</strong></span> <span class='ocrx_word' id='word_1_80' title='bbox 1484 1604 1744 1670; x_wconf 84' lang='lat' dir='ltr'><strong>mutavit,</strong></span> <span class='ocrx_word' id='word_1_81' title='bbox 1772 1612 1827 1659; x_wconf 90' lang='lat' dir='ltr'><strong>et</strong></span> <span class='ocrx_word' id='word_1_82' title='bbox 1870 1605 1923 1659; x_wconf 90' lang='lat' dir='ltr'><strong>in</strong></span> <span class='ocrx_word' id='word_1_83' title='bbox 1975 1604 2153 1660; x_wconf 91' lang='lat' dir='ltr'><strong>medio</strong></span> 
     </span>
    </p>
   </div>
   <div class='ocr_carea' id='block_1_14' title="bbox 563 1694 2153 1767">
    <p class='ocr_par' dir='ltr' id='par_1_14' title="bbox 563 1694 2153 1767">
     <span class='ocr_line' id='line_1_14' title="bbox 563 1694 2153 1767; baseline -0.004 -11"><span class='ocrx_word' id='word_1_84' title='bbox 563 1698 821 1756; x_wconf 88' lang='lat' dir='ltr'><strong>sementis</strong></span> <span class='ocrx_word' id='word_1_85' title='bbox 848 1712 1014 1767; x_wconf 90' lang='lat' dir='ltr'><strong>opere</strong></span> <span class='ocrx_word' id='word_1_86' title='bbox 1042 1696 1267 1752; x_wconf 89' lang='lat' dir='ltr'><strong>anhelos</strong></span> <span class='ocrx_word' id='word_1_87' title='bbox 1294 1694 1459 1750; x_wconf 82' lang='lat' dir='ltr'><strong>boves</strong></span> <span class='ocrx_word' id='word_1_88' title='bbox 1487 1696 1671 1749; x_wconf 83' lang='lat' dir='ltr'><strong>statuit</strong></span> <span class='ocrx_word' id='word_1_89' title='bbox 1698 1694 1969 1750; x_wconf 84' lang='lat' dir='ltr'><strong>rusticus?</strong></span> <span class='ocrx_word' id='word_1_90' title='bbox 1996 1695 2153 1763; x_wconf 87' lang='lat' dir='ltr'><strong>Quis—</strong></span> 
     </span>
    </p>
   </div>
   <div class='ocr_carea' id='block_1_15' title="bbox 561 1785 2151 1862">
    <p class='ocr_par' dir='ltr' id='par_1_15' title="bbox 561 1785 2151 1862">
     <span class='ocr_line' id='line_1_15' title="bbox 561 1785 2151 1862; baseline -0.002 -17"><span class='ocrx_word' id='word_1_91' title='bbox 561 1793 683 1862; x_wconf 88' lang='lat' dir='ltr'><strong>quis</strong></span> <span class='ocrx_word' id='word_1_92' title='bbox 714 1791 868 1845; x_wconf 60' lang='lat' dir='ltr'><strong>bona‘.</strong></span> <span class='ocrx_word' id='word_1_93' title='bbox 893 1788 1060 1857; x_wconf 91' lang='lat' dir='ltr'><strong>frugis</strong></span> <span class='ocrx_word' id='word_1_94' title='bbox 1090 1796 1194 1857; x_wconf 90' lang='lat' dir='ltr'><strong>est,</strong></span> <span class='ocrx_word' id='word_1_95' title='bbox 1228 1787 1281 1841; x_wconf 90' lang='lat' dir='ltr'><strong>in</strong></span> <span class='ocrx_word' id='word_1_96' title='bbox 1308 1786 1577 1856; x_wconf 90' lang='lat' dir='ltr'><strong>publicum</strong></span> <span class='ocrx_word' id='word_1_97' title='bbox 1608 1785 1947 1842; x_wconf 89' lang='lat' dir='ltr'><strong>commodum</strong></span> <span class='ocrx_word' id='word_1_98' title='bbox 1975 1787 2151 1842; x_wconf 87' lang='lat' dir='ltr'><strong>vindi-</strong></span> 
     </span>
    </p>
   </div>
   <div class='ocr_carea' id='block_1_16' title="bbox 563 1876 2146 1947">
    <p class='ocr_par' dir='ltr' id='par_1_16' title="bbox 563 1876 2146 1947">
     <span class='ocr_line' id='line_1_16' title="bbox 563 1876 2146 1947; baseline -0.002 -9"><span class='ocrx_word' id='word_1_99' title='bbox 563 1890 736 1939; x_wconf 87' lang='lat' dir='ltr'><strong>catur.</strong></span> <span class='ocrx_word' id='word_1_100' title='bbox 770 1880 919 1935; x_wconf 87' lang='lat' dir='ltr'><strong>Pone</strong></span> <span class='ocrx_word' id='word_1_101' title='bbox 958 1879 1079 1934; x_wconf 88' lang='lat' dir='ltr'><strong>illas</strong></span> <span class='ocrx_word' id='word_1_102' title='bbox 1107 1876 1321 1933; x_wconf 85' lang='lat' dir='ltr'><strong>interim</strong></span> <span class='ocrx_word' id='word_1_103' title='bbox 1350 1877 1696 1947; x_wconf 78' lang='lat' dir='ltr'><strong>cogitationes</strong></span> <span class='ocrx_word' id='word_1_104' title='bbox 1725 1878 1895 1934; x_wconf 85' lang='lat' dir='ltr'><strong>felicis</strong></span> <span class='ocrx_word' id='word_1_105' title='bbox 1924 1878 2017 1935; x_wconf 90' lang='lat' dir='ltr'><strong>otii</strong></span> <span class='ocrx_word' id='word_1_106' title='bbox 2045 1881 2146 1935; x_wconf 87' lang='lat' dir='ltr'><strong>tui.</strong></span> 
     </span>
    </p>
   </div>
   <div class='ocr_carea' id='block_1_17' title="bbox 558 1969 2145 2042">
    <p class='ocr_par' dir='ltr' id='par_1_17' title="bbox 558 1969 2145 2042">
     <span class='ocr_line' id='line_1_17' title="bbox 558 1969 2145 2042; baseline 0.001 -15"><span class='ocrx_word' id='word_1_107' title='bbox 558 1972 728 2042; x_wconf 90' lang='lat' dir='ltr'><strong>Quam</strong></span> <span class='ocrx_word' id='word_1_108' title='bbox 760 1970 899 2027; x_wconf 90' lang='lat' dir='ltr'><strong>bene</strong></span> <span class='ocrx_word' id='word_1_109' title='bbox 927 1969 1130 2025; x_wconf 90' lang='lat' dir='ltr'><strong>urbana</strong></span> <span class='ocrx_word' id='word_1_110' title='bbox 1160 1983 1323 2040; x_wconf 85' lang='lat' dir='ltr'><strong>opera</strong></span> <span class='ocrx_word' id='word_1_111' title='bbox 1354 1969 1507 2025; x_wconf 91' lang='lat' dir='ltr'><strong>novis</strong></span> <span class='ocrx_word' id='word_1_112' title='bbox 1552 1970 1776 2042; x_wconf 79' lang='lat' dir='ltr'><strong>fastigiis</strong></span> <span class='ocrx_word' id='word_1_113' title='bbox 1802 1973 2105 2029; x_wconf 85' lang='lat' dir='ltr'><strong>excitabam</strong></span> <span class='ocrx_word' id='word_1_114' title='bbox 2131 1975 2145 2028; x_wconf 92' lang='lat'><strong>!</strong></span> 
     </span>
    </p>
   </div>
   <div class='ocr_carea' id='block_1_18' title="bbox 561 2063 2145 2137">
    <p class='ocr_par' dir='ltr' id='par_1_18' title="bbox 561 2063 2145 2137">
     <span class='ocr_line' id='line_1_18' title="bbox 561 2063 2145 2137; baseline 0 -15"><span class='ocrx_word' id='word_1_115' title='bbox 561 2066 663 2123; x_wconf 89' lang='lat' dir='ltr'><strong>Ubi</strong></span> <span class='ocrx_word' id='word_1_116' title='bbox 692 2080 819 2137; x_wconf 89' lang='lat' dir='ltr'><strong>ager</strong></span> <span class='ocrx_word' id='word_1_117' title='bbox 840 2064 1056 2121; x_wconf 86' lang='lat' dir='ltr'><strong>noster?</strong></span> <span class='ocrx_word' id='word_1_118' title='bbox 1082 2064 1167 2121; x_wconf 90' lang='lat' dir='ltr'><strong>vel</strong></span> <span class='ocrx_word' id='word_1_119' title='bbox 1195 2063 1287 2121; x_wconf 91' lang='lat' dir='ltr'><strong>ille</strong></span> <span class='ocrx_word' id='word_1_120' title='bbox 1310 2074 1565 2120; x_wconf 86' lang='lat' dir='ltr'><strong>autumno</strong></span> <span class='ocrx_word' id='word_1_121' title='bbox 1587 2066 1760 2122; x_wconf 90' lang='lat' dir='ltr'><strong>omnis</strong></span> <span class='ocrx_word' id='word_1_122' title='bbox 1781 2067 1948 2137; x_wconf 74' lang='lat' dir='ltr'><strong>copia:</strong></span> <span class='ocrx_word' id='word_1_123' title='bbox 1979 2068 2145 2137; x_wconf 83' lang='lat' dir='ltr'><strong>ferax,</strong></span> 
     </span>
    </p>
   </div>
   <div class='ocr_carea' id='block_1_19' title="bbox 560 2158 2149 2232">
    <p class='ocr_par' dir='ltr' id='par_1_19' title="bbox 560 2158 2149 2232">
     <span class='ocr_line' id='line_1_19' title="bbox 560 2158 2149 2232; baseline 0.002 -18"><span class='ocrx_word' id='word_1_124' title='bbox 560 2158 772 2215; x_wconf 88' lang='lat' dir='ltr'><strong>velille</strong></span> <span class='ocrx_word' id='word_1_125' title='bbox 821 2160 996 2215; x_wconf 91' lang='lat' dir='ltr'><strong>hieme</strong></span> <span class='ocrx_word' id='word_1_126' title='bbox 1022 2158 1272 2230; x_wconf 81' lang='lat' dir='ltr'><strong>apricus?</strong></span> <span class='ocrx_word' id='word_1_127' title='bbox 1318 2161 1425 2216; x_wconf 76' lang='lat' dir='ltr'><strong>Aut</strong></span> <span class='ocrx_word' id='word_1_128' title='bbox 1466 2159 1559 2231; x_wconf 87' lang='lat' dir='ltr'><strong>qui</strong></span> <span class='ocrx_word' id='word_1_129' title='bbox 1605 2175 1729 2217; x_wconf 83' lang='lat' dir='ltr'><strong>vere</strong></span> <span class='ocrx_word' id='word_1_130' title='bbox 1774 2163 1898 2216; x_wconf 85' lang='lat' dir='ltr'><strong>anni</strong></span> <span class='ocrx_word' id='word_1_131' title='bbox 1946 2162 2149 2232; x_wconf 85' lang='lat' dir='ltr'><strong>primas</strong></span> 
     </span>
    </p>
   </div>
   <div class='ocr_carea' id='block_1_20' title="bbox 560 2249 2149 2322">
    <p class='ocr_par' dir='ltr' id='par_1_20' title="bbox 560 2249 2149 2322">
     <span class='ocr_line' id='line_1_20' title="bbox 560 2249 2149 2322; baseline 0.001 -13"><span class='ocrx_word' id='word_1_132' title='bbox 560 2266 711 2309; x_wconf 87' lang='lat' dir='ltr'><strong>rosas</strong></span> <span class='ocrx_word' id='word_1_133' title='bbox 741 2251 906 2308; x_wconf 90' lang='lat' dir='ltr'><strong>humo</strong></span> <span class='ocrx_word' id='word_1_134' title='bbox 934 2249 1101 2322; x_wconf 81' lang='lat' dir='ltr'><strong>exuit,</strong></span> <span class='ocrx_word' id='word_1_135' title='bbox 1126 2261 1217 2307; x_wconf 90' lang='lat' dir='ltr'><strong>aut</strong></span> <span class='ocrx_word' id='word_1_136' title='bbox 1240 2251 1329 2322; x_wconf 90' lang='lat' dir='ltr'><strong>qui</strong></span> <span class='ocrx_word' id='word_1_137' title='bbox 1356 2252 1457 2308; x_wconf 87' lang='lat' dir='ltr'><strong>sub</strong></span> <span class='ocrx_word' id='word_1_138' title='bbox 1482 2252 1668 2307; x_wconf 69' lang='lat' dir='ltr'><strong>aestivo</strong></span> <span class='ocrx_word' id='word_1_139' title='bbox 1690 2252 1802 2308; x_wconf 90' lang='lat' dir='ltr'><strong>sole</strong></span> <span class='ocrx_word' id='word_1_140' title='bbox 1830 2253 1898 2308; x_wconf 90' lang='lat' dir='ltr'><strong>de</strong></span> <span class='ocrx_word' id='word_1_141' title='bbox 1928 2268 2149 2311; x_wconf 91' lang='lat' dir='ltr'><strong>nemore</strong></span> 
     </span>
    </p>
   </div>
   <div class='ocr_carea' id='block_1_21' title="bbox 560 2342 2148 2415">
    <p class='ocr_par' dir='ltr' id='par_1_21' title="bbox 560 2342 2148 2415">
     <span class='ocr_line' id='line_1_21' title="bbox 560 2342 2148 2415; baseline 0.001 -15"><span class='ocrx_word' id='word_1_142' title='bbox 560 2351 618 2400; x_wconf 92' lang='lat' dir='ltr'><strong>et</strong></span> <span class='ocrx_word' id='word_1_143' title='bbox 644 2343 790 2399; x_wconf 89' lang='lat' dir='ltr'><strong>fonte</strong></span> <span class='ocrx_word' id='word_1_144' title='bbox 818 2342 1099 2414; x_wconf 76' lang='lat' dir='ltr'><strong>frigescit?</strong></span> <span class='ocrx_word' id='word_1_145' title='bbox 1128 2343 1234 2400; x_wconf 90' lang='lat' dir='ltr'><strong>Sed</strong></span> <span class='ocrx_word' id='word_1_146' title='bbox 1256 2342 1384 2415; x_wconf 90' lang='lat' dir='ltr'><strong>quid</strong></span> <span class='ocrx_word' id='word_1_147' title='bbox 1409 2358 1440 2398; x_wconf 91' lang='lat' dir='ltr'><strong>a</strong></span> <span class='ocrx_word' id='word_1_148' title='bbox 1467 2344 1742 2414; x_wconf 90' lang='lat' dir='ltr'><strong>proposito</strong></span> <span class='ocrx_word' id='word_1_149' title='bbox 1763 2345 1983 2401; x_wconf 82' lang='lat' dir='ltr'><strong>excidi?</strong></span> <span class='ocrx_word' id='word_1_150' title='bbox 2012 2346 2148 2401; x_wconf 90' lang='lat' dir='ltr'><strong>Dum</strong></span> 
     </span>
    </p>
   </div>
   <div class='ocr_carea' id='block_1_22' title="bbox 558 2436 2147 2509">
    <p class='ocr_par' dir='ltr' id='par_1_22' title="bbox 558 2436 2147 2509">
     <span class='ocr_line' id='line_1_22' title="bbox 558 2436 2147 2509; baseline 0.001 -16"><span class='ocrx_word' id='word_1_151' title='bbox 558 2436 878 2494; x_wconf 87' lang='lat' dir='ltr'><strong>medicinam</strong></span> <span class='ocrx_word' id='word_1_152' title='bbox 933 2436 1073 2494; x_wconf 88' lang='lat' dir='ltr'><strong>facio</strong></span> <span class='ocrx_word' id='word_1_153' title='bbox 1121 2437 1356 2509; x_wconf 85' lang='lat' dir='ltr'><strong>querelis</strong></span> <span class='ocrx_word' id='word_1_154' title='bbox 1413 2439 1557 2505; x_wconf 88' lang='lat' dir='ltr'><strong>tuis,</strong></span> <span class='ocrx_word' id='word_1_155' title='bbox 1606 2437 1747 2495; x_wconf 90' lang='lat' dir='ltr'><strong>ultro</strong></span> <span class='ocrx_word' id='word_1_156' title='bbox 1794 2439 2147 2496; x_wconf 85' lang='lat' dir='ltr'><strong>desideranda</strong></span> 
     </span>
    </p>
   </div>
   <div class='ocr_carea' id='block_1_23' title="bbox 558 2531 2151 2603">
    <p class='ocr_par' dir='ltr' id='par_1_23' title="bbox 558 2531 2151 2603">
     <span class='ocr_line' id='line_1_23' title="bbox 558 2531 2151 2603; baseline 0.005 -19"><span class='ocrx_word' id='word_1_157' title='bbox 558 2531 818 2601; x_wconf 88' lang='lat' dir='ltr'><strong>suggessi.</strong></span> <span class='ocrx_word' id='word_1_158' title='bbox 850 2531 983 2587; x_wconf 86' lang='lat' dir='ltr'><strong>Esto</strong></span> <span class='ocrx_word' id='word_1_159' title='bbox 1003 2574 1016 2599; x_wconf 93' lang='lat'><strong>,</strong></span> <span class='ocrx_word' id='word_1_160' title='bbox 1051 2540 1111 2587; x_wconf 91' lang='lat' dir='ltr'><strong>ut</strong></span> <span class='ocrx_word' id='word_1_161' title='bbox 1137 2546 1227 2599; x_wconf 91' lang='lat' dir='ltr'><strong>es,</strong></span> <span class='ocrx_word' id='word_1_162' title='bbox 1258 2548 1507 2589; x_wconf 90' lang='lat' dir='ltr'><strong>curarum</strong></span> <span class='ocrx_word' id='word_1_163' title='bbox 1535 2535 1773 2590; x_wconf 91' lang='lat' dir='ltr'><strong>omnium</strong></span> <span class='ocrx_word' id='word_1_164' title='bbox 1801 2535 2065 2603; x_wconf 86' lang='lat' dir='ltr'><strong>tolerans,</strong></span> <span class='ocrx_word' id='word_1_165' title='bbox 2095 2544 2151 2592; x_wconf 90' lang='lat' dir='ltr'><strong>et</strong></span> 
     </span>
    </p>
   </div>
   <div class='ocr_carea' id='block_1_24' title="bbox 560 2619 2149 2696">
    <p class='ocr_par' dir='ltr' id='par_1_24' title="bbox 560 2619 2149 2696">
     <span class='ocr_line' id='line_1_24' title="bbox 560 2619 2149 2696; baseline 0.006 -22"><span class='ocrx_word' id='word_1_166' title='bbox 560 2619 799 2677; x_wconf 86' lang='lat' dir='ltr'><strong>debitam</strong></span> <span class='ocrx_word' id='word_1_167' title='bbox 821 2637 1042 2693; x_wconf 89' lang='lat' dir='ltr'><strong>operam</strong></span> <span class='ocrx_word' id='word_1_168' title='bbox 1073 2624 1223 2680; x_wconf 89' lang='lat' dir='ltr'><strong>solve</strong></span> <span class='ocrx_word' id='word_1_169' title='bbox 1248 2625 1600 2696; x_wconf 88' lang='lat' dir='ltr'><strong>principibus,</strong></span> <span class='ocrx_word' id='word_1_170' title='bbox 1626 2625 1715 2696; x_wconf 92' lang='lat' dir='ltr'><strong>qui</strong></span> <span class='ocrx_word' id='word_1_171' title='bbox 1745 2628 2006 2683; x_wconf 90' lang='lat' dir='ltr'><strong>rationem</strong></span> <span class='ocrx_word' id='word_1_172' title='bbox 2036 2642 2149 2684; x_wconf 87' lang='lat' dir='ltr'><strong>ma-</strong></span> 
     </span>
    </p>
   </div>
   <div class='ocr_carea' id='block_1_25' title="bbox 558 2710 2006 2787">
    <p class='ocr_par' dir='ltr' id='par_1_25' title="bbox 558 2710 2006 2787">
     <span class='ocr_line' id='line_1_25' title="bbox 558 2710 2006 2787; baseline 0.007 -21"><span class='ocrx_word' id='word_1_173' title='bbox 558 2710 640 2781; x_wconf 88' lang='lat' dir='ltr'><strong>gis</strong></span> <span class='ocrx_word' id='word_1_174' title='bbox 668 2713 844 2770; x_wconf 91' lang='lat' dir='ltr'><strong>meriti</strong></span> <span class='ocrx_word' id='word_1_175' title='bbox 876 2715 975 2782; x_wconf 94' lang='lat' dir='ltr'><strong>tui,</strong></span> <span class='ocrx_word' id='word_1_176' title='bbox 1003 2730 1162 2787; x_wconf 88' lang='lat' dir='ltr'><strong>quam</strong></span> <span class='ocrx_word' id='word_1_177' title='bbox 1189 2716 1480 2775; x_wconf 85' lang='lat' dir='ltr'><strong>voluntatis</strong></span> <span class='ocrx_word' id='word_1_178' title='bbox 1506 2719 1826 2775; x_wconf 89' lang='lat' dir='ltr'><strong>habuerunt.</strong></span> <span class='ocrx_word' id='word_1_179' title='bbox 1859 2720 2006 2777; x_wconf 92' lang='lat' dir='ltr'><strong>Vale.</strong></span> 
     </span>
    </p>
   </div>
   <div class='ocr_carea' id='block_1_26' title="bbox 1159 2850 1554 2909">
    <p class='ocr_par' dir='ltr' id='par_1_26' title="bbox 1159 2850 1554 2909">
     <span class='ocr_line' id='line_1_26' title="bbox 1159 2850 1554 2909; baseline 0.01 -4"><span class='ocrx_word' id='word_1_180' title='bbox 1159 2850 1375 2907; x_wconf 85' lang='lat' dir='ltr'><strong>EPIST.</strong></span> <span class='ocrx_word' id='word_1_181' title='bbox 1417 2852 1554 2909; x_wconf 86' lang='lat' dir='ltr'><strong>LIX.</strong></span> 
     </span>
    </p>
   </div>
   <div class='ocr_carea' id='block_1_27' title="bbox 1077 2978 1622 3023">
    <p class='ocr_par' dir='ltr' id='par_1_27' title="bbox 1077 2978 1622 3023">
     <span class='ocr_line' id='line_1_27' title="bbox 1077 2978 1622 3023; baseline 0.007 -4"><span class='ocrx_word' id='word_1_182' title='bbox 1077 2978 1385 3021; x_wconf 70' lang='lat' dir='ltr'><strong>SYIIACBUS</strong></span> <span class='ocrx_word' id='word_1_183' title='bbox 1434 2981 1622 3023; x_wconf 82' lang='lat' dir='ltr'><strong>PROBO.</strong></span> 
     </span>
    </p>
   </div>
   <div class='ocr_carea' id='block_1_28' title="bbox 625 3077 2144 3157">
    <p class='ocr_par' dir='ltr' id='par_1_28' title="bbox 625 3077 2144 3157">
     <span class='ocr_line' id='line_1_28' title="bbox 625 3077 2144 3157; baseline 0.009 -25"><span class='ocrx_word' id='word_1_184' title='bbox 625 3077 807 3134; x_wconf 82' lang='lat' dir='ltr'><strong>Mones</strong></span> <span class='ocrx_word' id='word_1_185' title='bbox 835 3079 1085 3136; x_wconf 68' lang='lat' dir='ltr'><strong>amicitia:</strong></span> <span class='ocrx_word' id='word_1_186' title='bbox 1109 3080 1310 3139; x_wconf 89' lang='lat' dir='ltr'><strong>bonum</strong></span> <span class='ocrx_word' id='word_1_187' title='bbox 1340 3083 1557 3154; x_wconf 84' lang='lat' dir='ltr'><strong>scriptis</strong></span> <span class='ocrx_word' id='word_1_188' title='bbox 1588 3085 1955 3157; x_wconf 87' lang='lat' dir='ltr'><strong>frequentibus</strong></span> <span class='ocrx_word' id='word_1_189' title='bbox 1978 3101 2144 3145; x_wconf 84' lang='lat' dir='ltr'><strong>exco-</strong></span> 
     </span>
    </p>
   </div>
   <div class='ocr_carea' id='block_1_29' title="bbox 1804 334 2577 407">
    <p class='ocr_par' dir='ltr' id='par_1_29' title="bbox 1804 334 2577 407">
     <span class='ocr_line' id='line_1_29' title="bbox 1804 334 2577 407; baseline 0 -12"><span class='ocrx_word' id='word_1_190' title='bbox 1804 339 1871 407; x_wconf 92' lang='lat' dir='ltr'><strong>Q.</strong></span> <span class='ocrx_word' id='word_1_191' title='bbox 1911 336 2189 400; x_wconf 79' lang='lat' dir='ltr'><strong>AURELII</strong></span> <span class='ocrx_word' id='word_1_192' title='bbox 2223 334 2577 396; x_wconf 77' lang='lat' dir='ltr'><strong>SYMMACRI</strong></span> 
     </span>
    </p>
   </div>
   <div class='ocr_carea' id='block_1_30' title="bbox 569 451 2230 531">
    <p class='ocr_par' dir='ltr' id='par_1_30' title="bbox 569 451 2230 531">
     <span class='ocr_line' id='line_1_30' title="bbox 569 451 2230 531; baseline -0.007 -10"><span class='ocrx_word' id='word_1_193' title='bbox 569 461 853 531; x_wconf 71' lang='lat' dir='ltr'><strong>nerandte,</strong></span> <span class='ocrx_word' id='word_1_194' title='bbox 886 470 1006 515; x_wconf 89' lang='lat' dir='ltr'><strong>cum</strong></span> <span class='ocrx_word' id='word_1_195' title='bbox 1036 465 1156 513; x_wconf 83' lang='lat' dir='ltr'><strong>tuas</strong></span> <span class='ocrx_word' id='word_1_196' title='bbox 1183 453 1579 522; x_wconf 85' lang='lat' dir='ltr'><strong>occupationes,</strong></span> <span class='ocrx_word' id='word_1_197' title='bbox 1612 460 1724 509; x_wconf 92' lang='lat' dir='ltr'><strong>tum</strong></span> <span class='ocrx_word' id='word_1_198' title='bbox 1752 451 2147 510; x_wconf 86' lang='lat' dir='ltr'><strong>festinationem</strong></span> <span class='ocrx_word' id='word_1_199' title='bbox 2174 461 2230 522; x_wconf 71' lang='grc' dir='ltr'><strong>Α</strong></span> 
     </span>
    </p>
   </div>
   <div class='ocr_carea' id='block_1_31' title="bbox 2180 1841 2230 1903">
    <p class='ocr_par' dir='ltr' id='par_1_31' title="bbox 2180 1841 2230 1903">
     <span class='ocr_line' id='line_1_31' title="bbox 2180 1841 2230 1903; baseline 0 0"><span class='ocrx_word' id='word_1_200' title='bbox 2180 1841 2230 1903; x_wconf 82' lang='grc' dir='ltr'><strong><em>Β</em></strong></span> 
     </span>
    </p>
   </div>
   <div class='ocr_carea' id='block_1_32' title="bbox 2858 451 3250 510">
    <p class='ocr_par' dir='ltr' id='par_1_32' title="bbox 2858 451 3250 510">
     <span class='ocr_line' id='line_1_32' title="bbox 2858 451 3250 510; baseline 0.005 -2"><span class='ocrx_word' id='word_1_201' title='bbox 2858 451 3075 510; x_wconf 85' lang='lat' dir='ltr'><strong>EPIST.</strong></span> <span class='ocrx_word' id='word_1_202' title='bbox 3114 452 3250 510; x_wconf 84' lang='lat' dir='ltr'><strong>LXI.</strong></span> 
     </span>
    </p>
   </div>
   <div class='ocr_carea' id='block_1_33' title="bbox 2790 558 3325 603">
    <p class='ocr_par' dir='ltr' id='par_1_33' title="bbox 2790 558 3325 603">
     <span class='ocr_line' id='line_1_33' title="bbox 2790 558 3325 603; baseline 0.004 -4"><span class='ocrx_word' id='word_1_203' title='bbox 2790 558 3097 601; x_wconf 73' lang='lat' dir='ltr'><strong>SYIIACRUS</strong></span> <span class='ocrx_word' id='word_1_204' title='bbox 3140 560 3325 603; x_wconf 75' lang='lat' dir='ltr'><strong>PROIO.</strong></span> 
     </span>
    </p>
   </div>
   <div class='ocr_carea' id='block_1_34' title="bbox 2325 634 3829 713">
    <p class='ocr_par' dir='ltr' id='par_1_34' title="bbox 2325 634 3829 713">
     <span class='ocr_line' id='line_1_34' title="bbox 2325 634 3829 713; baseline 0.005 -23"><span class='ocrx_word' id='word_1_205' title='bbox 2325 634 2420 690; x_wconf 79' lang='lat' dir='ltr'><strong>Ais</strong></span> <span class='ocrx_word' id='word_1_206' title='bbox 2454 642 2506 692; x_wconf 92' lang='lat' dir='ltr'><strong>te</strong></span> <span class='ocrx_word' id='word_1_207' title='bbox 2546 635 2838 707; x_wconf 90' lang='lat' dir='ltr'><strong>multijugis</strong></span> <span class='ocrx_word' id='word_1_208' title='bbox 2865 638 3277 694; x_wconf 85' lang='lat' dir='ltr'><strong>necessitatibus</strong></span> <span class='ocrx_word' id='word_1_209' title='bbox 3306 638 3590 708; x_wconf 91' lang='lat' dir='ltr'><strong>impediri,</strong></span> <span class='ocrx_word' id='word_1_210' title='bbox 3625 642 3829 713; x_wconf 73' lang='lat' dir='ltr'><strong>quomi-</strong></span> 
     </span>
    </p>
   </div>
   <div class='ocr_carea' id='block_1_35' title="bbox 2252 726 3829 807">
    <p class='ocr_par' dir='ltr' id='par_1_35' title="bbox 2252 726 3829 807">
     <span class='ocr_line' id='line_1_35' title="bbox 2252 726 3829 807; baseline 0.004 -25"><span class='ocrx_word' id='word_1_211' title='bbox 2252 741 2354 782; x_wconf 89' lang='lat' dir='ltr'><strong>nus</strong></span> <span class='ocrx_word' id='word_1_212' title='bbox 2381 726 2622 807; x_wconf 85' lang='lat' dir='ltr'><strong>gnaviter</strong></span> <span class='ocrx_word' id='word_1_213' title='bbox 2652 728 2944 783; x_wconf 88' lang='lat' dir='ltr'><strong>amicorum</strong></span> <span class='ocrx_word' id='word_1_214' title='bbox 2982 728 3293 785; x_wconf 89' lang='lat' dir='ltr'><strong>carissimos</strong></span> <span class='ocrx_word' id='word_1_215' title='bbox 3332 730 3640 802; x_wconf 87' lang='lat' dir='ltr'><strong>alloquaris.</strong></span> <span class='ocrx_word' id='word_1_216' title='bbox 3691 732 3829 789; x_wconf 71' lang='lat' dir='ltr'><strong>Nota</strong></span> 
     </span>
    </p>
   </div>
   <div class='ocr_carea' id='block_1_36' title="bbox 2250 818 3829 892">
    <p class='ocr_par' dir='ltr' id='par_1_36' title="bbox 2250 818 3829 892">
     <span class='ocr_line' id='line_1_36' title="bbox 2250 818 3829 892; baseline 0.005 -18"><span class='ocrx_word' id='word_1_217' title='bbox 2250 819 2331 874; x_wconf 90' lang='lat' dir='ltr'><strong>rei</strong></span> <span class='ocrx_word' id='word_1_218' title='bbox 2359 827 2536 874; x_wconf 86' lang='lat' dir='ltr'><strong>cesset</strong></span> <span class='ocrx_word' id='word_1_219' title='bbox 2559 820 2806 875; x_wconf 89' lang='lat' dir='ltr'><strong>assertio.</strong></span> <span class='ocrx_word' id='word_1_220' title='bbox 2832 818 2963 875; x_wconf 86' lang='lat' dir='ltr'><strong>Nam</strong></span> <span class='ocrx_word' id='word_1_221' title='bbox 2991 830 3047 875; x_wconf 88' lang='lat' dir='ltr'><strong>et</strong></span> <span class='ocrx_word' id='word_1_222' title='bbox 3068 824 3159 892; x_wconf 81' lang='lat' dir='ltr'><strong>qui</strong></span> <span class='ocrx_word' id='word_1_223' title='bbox 3185 822 3369 891; x_wconf 85' lang='lat' dir='ltr'><strong>procul</strong></span> <span class='ocrx_word' id='word_1_224' title='bbox 3389 824 3663 891; x_wconf 88' lang='lat' dir='ltr'><strong>absumus,</strong></span> <span class='ocrx_word' id='word_1_225' title='bbox 3687 840 3829 882; x_wconf 80' lang='lat' dir='ltr'><strong>curas</strong></span> 
     </span>
    </p>
   </div>
   <div class='ocr_carea' id='block_1_37' title="bbox 2250 910 3829 985">
    <p class='ocr_par' dir='ltr' id='par_1_37' title="bbox 2250 910 3829 985">
     <span class='ocr_line' id='line_1_37' title="bbox 2250 910 3829 985; baseline 0.005 -20"><span class='ocrx_word' id='word_1_226' title='bbox 2250 923 2315 966; x_wconf 88' lang='lat' dir='ltr'><strong>ac</strong></span> <span class='ocrx_word' id='word_1_227' title='bbox 2342 910 2548 981; x_wconf 86' lang='lat' dir='ltr'><strong>vigilias</strong></span> <span class='ocrx_word' id='word_1_228' title='bbox 2575 919 2693 966; x_wconf 87' lang='lat' dir='ltr'><strong>tuas</strong></span> <span class='ocrx_word' id='word_1_229' title='bbox 2716 913 3015 968; x_wconf 89' lang='lat' dir='ltr'><strong>communis</strong></span> <span class='ocrx_word' id='word_1_230' title='bbox 3062 913 3247 983; x_wconf 64' lang='lat' dir='ltr'><strong>patriae</strong></span> <span class='ocrx_word' id='word_1_231' title='bbox 3294 915 3463 985; x_wconf 88' lang='lat' dir='ltr'><strong>copiis</strong></span> <span class='ocrx_word' id='word_1_232' title='bbox 3499 925 3556 971; x_wconf 90' lang='lat' dir='ltr'><strong>et</strong></span> <span class='ocrx_word' id='word_1_233' title='bbox 3596 916 3829 973; x_wconf 86' lang='lat' dir='ltr'><strong>satietate</strong></span> 
     </span>
    </p>
   </div>
   <div class='ocr_carea' id='block_1_38' title="bbox 2250 1004 3830 1078">
    <p class='ocr_par' dir='ltr' id='par_1_38' title="bbox 2250 1004 3830 1078">
     <span class='ocr_line' id='line_1_38' title="bbox 2250 1004 3830 1078; baseline 0.003 -19"><span class='ocrx_word' id='word_1_234' title='bbox 2250 1004 2536 1060; x_wconf 87' lang='lat' dir='ltr'><strong>sentimus.</strong></span> <span class='ocrx_word' id='word_1_235' title='bbox 2566 1004 2779 1060; x_wconf 82' lang='lat' dir='ltr'><strong>Mutasti</strong></span> <span class='ocrx_word' id='word_1_236' title='bbox 2821 1004 2979 1076; x_wconf 88' lang='lat' dir='ltr'><strong>igitur</strong></span> <span class='ocrx_word' id='word_1_237' title='bbox 3002 1004 3260 1076; x_wconf 87' lang='lat' dir='ltr'><strong>officium,</strong></span> <span class='ocrx_word' id='word_1_238' title='bbox 3299 1021 3407 1062; x_wconf 88' lang='lat' dir='ltr'><strong>non</strong></span> <span class='ocrx_word' id='word_1_239' title='bbox 3435 1010 3661 1078; x_wconf 86' lang='lat' dir='ltr'><strong>negasti.</strong></span> <span class='ocrx_word' id='word_1_240' title='bbox 3692 1008 3830 1064; x_wconf 70' lang='lat' dir='ltr'><strong>Anti~</strong></span> 
     </span>
    </p>
   </div>
   <div class='ocr_carea' id='block_1_39' title="bbox 2252 1095 3822 1169">
    <p class='ocr_par' dir='ltr' id='par_1_39' title="bbox 2252 1095 3822 1169">
     <span class='ocr_line' id='line_1_39' title="bbox 2252 1095 3822 1169; baseline 0.005 -20"><span class='ocrx_word' id='word_1_241' title='bbox 2252 1095 2409 1165; x_wconf 86' lang='lat' dir='ltr'><strong>quior</strong></span> <span class='ocrx_word' id='word_1_242' title='bbox 2444 1095 2589 1152; x_wconf 92' lang='lat' dir='ltr'><strong>enim</strong></span> <span class='ocrx_word' id='word_1_243' title='bbox 2634 1096 2728 1152; x_wconf 88' lang='lat' dir='ltr'><strong>tibi</strong></span> <span class='ocrx_word' id='word_1_244' title='bbox 2758 1096 2889 1167; x_wconf 86' lang='lat' dir='ltr'><strong>fuit,</strong></span> <span class='ocrx_word' id='word_1_245' title='bbox 2941 1105 3000 1152; x_wconf 92' lang='lat' dir='ltr'><strong>ut</strong></span> <span class='ocrx_word' id='word_1_246' title='bbox 3038 1112 3159 1153; x_wconf 91' lang='lat' dir='ltr'><strong>esse</strong></span> <span class='ocrx_word' id='word_1_247' title='bbox 3186 1098 3407 1164; x_wconf 90' lang='lat' dir='ltr'><strong>debuit,</strong></span> <span class='ocrx_word' id='word_1_248' title='bbox 3447 1101 3592 1155; x_wconf 89' lang='lat' dir='ltr'><strong>salus</strong></span> <span class='ocrx_word' id='word_1_249' title='bbox 3621 1100 3822 1169; x_wconf 86' lang='lat' dir='ltr'><strong>civium,</strong></span> 
     </span>
    </p>
   </div>
   <div class='ocr_carea' id='block_1_40' title="bbox 2251 1186 3825 1261">
    <p class='ocr_par' dir='ltr' id='par_1_40' title="bbox 2251 1186 3825 1261">
     <span class='ocr_line' id='line_1_40' title="bbox 2251 1186 3825 1261; baseline 0.004 -21"><span class='ocrx_word' id='word_1_250' title='bbox 2251 1200 2411 1255; x_wconf 92' lang='lat' dir='ltr'><strong>quam</strong></span> <span class='ocrx_word' id='word_1_251' title='bbox 2442 1186 2713 1243; x_wconf 81' lang='lat' dir='ltr'><strong>salutatio.</strong></span> <span class='ocrx_word' id='word_1_252' title='bbox 2763 1187 2915 1243; x_wconf 87' lang='lat' dir='ltr'><strong>Nunc</strong></span> <span class='ocrx_word' id='word_1_253' title='bbox 2951 1202 3082 1243; x_wconf 89' lang='lat' dir='ltr'><strong>sane</strong></span> <span class='ocrx_word' id='word_1_254' title='bbox 3105 1197 3159 1244; x_wconf 91' lang='lat' dir='ltr'><strong>et</strong></span> <span class='ocrx_word' id='word_1_255' title='bbox 3182 1189 3547 1247; x_wconf 88' lang='lat' dir='ltr'><strong>desideramus</strong></span> <span class='ocrx_word' id='word_1_256' title='bbox 3590 1201 3649 1248; x_wconf 89' lang='lat' dir='ltr'><strong>et</strong></span> <span class='ocrx_word' id='word_1_257' title='bbox 3673 1207 3825 1261; x_wconf 82' lang='lat' dir='ltr'><strong>expo-</strong></span> 
     </span>
    </p>
   </div>
   <div class='ocr_carea' id='block_1_41' title="bbox 2251 1277 3825 1354">
    <p class='ocr_par' dir='ltr' id='par_1_41' title="bbox 2251 1277 3825 1354">
     <span class='ocr_line' id='line_1_41' title="bbox 2251 1277 3825 1354; baseline 0.004 -21"><span class='ocrx_word' id='word_1_258' title='bbox 2251 1277 2453 1333; x_wconf 84' lang='lat' dir='ltr'><strong>scimus</strong></span> <span class='ocrx_word' id='word_1_259' title='bbox 2480 1288 2597 1335; x_wconf 88' lang='lat' dir='ltr'><strong>tuas</strong></span> <span class='ocrx_word' id='word_1_260' title='bbox 2625 1279 2828 1335; x_wconf 86' lang='lat' dir='ltr'><strong>litteras</strong></span> <span class='ocrx_word' id='word_1_261' title='bbox 2850 1319 2866 1347; x_wconf 84' lang='lat'><strong>,</strong></span> <span class='ocrx_word' id='word_1_262' title='bbox 2898 1280 3115 1351; x_wconf 88' lang='lat' dir='ltr'><strong>largiter</strong></span> <span class='ocrx_word' id='word_1_263' title='bbox 3140 1290 3392 1352; x_wconf 87' lang='lat' dir='ltr'><strong>congesta</strong></span> <span class='ocrx_word' id='word_1_264' title='bbox 3429 1281 3588 1354; x_wconf 75' lang='lat' dir='ltr'><strong>fruge</strong></span> <span class='ocrx_word' id='word_1_265' title='bbox 3637 1284 3691 1338; x_wconf 91' lang='lat' dir='ltr'><strong>in</strong></span> <span class='ocrx_word' id='word_1_266' title='bbox 3718 1299 3825 1354; x_wconf 89' lang='lat' dir='ltr'><strong>pro-</strong></span> 
     </span>
    </p>
   </div>
   <div class='ocr_carea' id='block_1_42' title="bbox 2253 1370 3824 1446">
    <p class='ocr_par' dir='ltr' id='par_1_42' title="bbox 2253 1370 3824 1446">
     <span class='ocr_line' id='line_1_42' title="bbox 2253 1370 3824 1446; baseline 0.004 -21"><span class='ocrx_word' id='word_1_267' title='bbox 2253 1370 2412 1425; x_wconf 70' lang='lat' dir='ltr'><strong>ximae</strong></span> <span class='ocrx_word' id='word_1_268' title='bbox 2462 1370 2652 1427; x_wconf 86' lang='lat' dir='ltr'><strong>hiemis</strong></span> <span class='ocrx_word' id='word_1_269' title='bbox 2698 1372 3067 1446; x_wconf 78' lang='lat' dir='ltr'><strong>impendium:</strong></span> <span class='ocrx_word' id='word_1_270' title='bbox 3104 1388 3407 1445; x_wconf 88' lang='lat' dir='ltr'><strong>quanquam</strong></span> <span class='ocrx_word' id='word_1_271' title='bbox 3454 1376 3569 1431; x_wconf 89' lang='lat' dir='ltr'><strong>scio</strong></span> <span class='ocrx_word' id='word_1_272' title='bbox 3611 1377 3824 1432; x_wconf 88' lang='lat' dir='ltr'><strong>necdum</strong></span> 
     </span>
    </p>
   </div>
   <div class='ocr_carea' id='block_1_43' title="bbox 2256 1463 3827 1539">
    <p class='ocr_par' dir='ltr' id='par_1_43' title="bbox 2256 1463 3827 1539">
     <span class='ocr_line' id='line_1_43' title="bbox 2256 1463 3827 1539; baseline 0.006 -22"><span class='ocrx_word' id='word_1_273' title='bbox 2256 1463 2352 1519; x_wconf 91' lang='lat' dir='ltr'><strong>tibi</strong></span> <span class='ocrx_word' id='word_1_274' title='bbox 2379 1464 2518 1520; x_wconf 91' lang='lat' dir='ltr'><strong>banc</strong></span> <span class='ocrx_word' id='word_1_275' title='bbox 2547 1476 2752 1536; x_wconf 85' lang='lat' dir='ltr'><strong>partem</strong></span> <span class='ocrx_word' id='word_1_276' title='bbox 2783 1467 2944 1523; x_wconf 91' lang='lat' dir='ltr'><strong>nimis</strong></span> <span class='ocrx_word' id='word_1_277' title='bbox 2973 1475 3139 1522; x_wconf 92' lang='lat' dir='ltr'><strong>tutam</strong></span> <span class='ocrx_word' id='word_1_278' title='bbox 3171 1468 3355 1524; x_wconf 89' lang='lat' dir='ltr'><strong>videri.</strong></span> <span class='ocrx_word' id='word_1_279' title='bbox 3390 1467 3669 1539; x_wconf 84' lang='lat' dir='ltr'><strong>Nunquam</strong></span> <span class='ocrx_word' id='word_1_280' title='bbox 3699 1471 3827 1526; x_wconf 88' lang='lat' dir='ltr'><strong>enim</strong></span> 
     </span>
    </p>
   </div>
   <div class='ocr_carea' id='block_1_44' title="bbox 2255 1558 3828 1632">
    <p class='ocr_par' dir='ltr' id='par_1_44' title="bbox 2255 1558 3828 1632">
     <span class='ocr_line' id='line_1_44' title="bbox 2255 1558 3828 1632; baseline 0.004 -21"><span class='ocrx_word' id='word_1_281' title='bbox 2255 1565 2341 1611; x_wconf 90' lang='lat' dir='ltr'><strong>est</strong></span> <span class='ocrx_word' id='word_1_282' title='bbox 2360 1570 2580 1613; x_wconf 87' lang='lat' dir='ltr'><strong>securus</strong></span> <span class='ocrx_word' id='word_1_283' title='bbox 2612 1574 2764 1614; x_wconf 89' lang='lat' dir='ltr'><strong>amor</strong></span> <span class='ocrx_word' id='word_1_284' title='bbox 2791 1558 2974 1630; x_wconf 75' lang='lat' dir='ltr'><strong>patriae</strong></span> <span class='ocrx_word' id='word_1_285' title='bbox 2998 1577 3011 1613; x_wconf 91' lang='lat'><strong>:</strong></span> <span class='ocrx_word' id='word_1_286' title='bbox 3034 1570 3085 1616; x_wconf 91' lang='lat' dir='ltr'><strong>et</strong></span> <span class='ocrx_word' id='word_1_287' title='bbox 3114 1561 3362 1630; x_wconf 81' lang='lat' dir='ltr'><strong>quamvis</strong></span> <span class='ocrx_word' id='word_1_288' title='bbox 3388 1576 3578 1632; x_wconf 90' lang='lat' dir='ltr'><strong>magna</strong></span> <span class='ocrx_word' id='word_1_289' title='bbox 3607 1563 3828 1618; x_wconf 87' lang='lat' dir='ltr'><strong>remedia</strong></span> 
     </span>
    </p>
   </div>
   <div class='ocr_carea' id='block_1_45' title="bbox 2255 1648 3826 1725">
    <p class='ocr_par' dir='ltr' id='par_1_45' title="bbox 2255 1648 3826 1725">
     <span class='ocr_line' id='line_1_45' title="bbox 2255 1648 3826 1725; baseline 0.006 -23"><span class='ocrx_word' id='word_1_290' title='bbox 2255 1648 2568 1718; x_wconf 88' lang='lat' dir='ltr'><strong>conquirat,</strong></span> <span class='ocrx_word' id='word_1_291' title='bbox 2601 1666 2812 1722; x_wconf 88' lang='lat' dir='ltr'><strong>semper</strong></span> <span class='ocrx_word' id='word_1_292' title='bbox 2839 1652 2971 1708; x_wconf 90' lang='lat' dir='ltr'><strong>illud</strong></span> <span class='ocrx_word' id='word_1_293' title='bbox 2996 1661 3145 1723; x_wconf 90' lang='lat' dir='ltr'><strong>putat</strong></span> <span class='ocrx_word' id='word_1_294' title='bbox 3174 1655 3451 1712; x_wconf 90' lang='lat' dir='ltr'><strong>imminere</strong></span> <span class='ocrx_word' id='word_1_295' title='bbox 3476 1656 3620 1725; x_wconf 88' lang='lat' dir='ltr'><strong>quod</strong></span> <span class='ocrx_word' id='word_1_296' title='bbox 3648 1656 3826 1712; x_wconf 89' lang='lat' dir='ltr'><strong>timuit.</strong></span> 
     </span>
    </p>
   </div>
   <div class='ocr_carea' id='block_1_46' title="bbox 2259 1739 2408 1796">
    <p class='ocr_par' dir='ltr' id='par_1_46' title="bbox 2259 1739 2408 1796">
     <span class='ocr_line' id='line_1_46' title="bbox 2259 1739 2408 1796; baseline 0.007 -3"><span class='ocrx_word' id='word_1_297' title='bbox 2259 1739 2408 1796; x_wconf 90' lang='lat' dir='ltr'><strong>Vale.</strong></span> 
     </span>
    </p>
   </div>
   <div class='ocr_carea' id='block_1_47' title="bbox 2834 1814 3253 1872">
    <p class='ocr_par' dir='ltr' id='par_1_47' title="bbox 2834 1814 3253 1872">
     <span class='ocr_line' id='line_1_47' title="bbox 2834 1814 3253 1872; baseline 0.01 -4"><span class='ocrx_word' id='word_1_298' title='bbox 2834 1814 3052 1870; x_wconf 86' lang='lat' dir='ltr'><strong>EPIST.</strong></span> <span class='ocrx_word' id='word_1_299' title='bbox 3093 1814 3253 1872; x_wconf 84' lang='lat' dir='ltr'><strong>LXII.</strong></span> 
     </span>
    </p>
   </div>
   <div class='ocr_carea' id='block_1_48' title="bbox 2513 1920 3593 1967">
    <p class='ocr_par' dir='ltr' id='par_1_48' title="bbox 2513 1920 3593 1967">
     <span class='ocr_line' id='line_1_48' title="bbox 2513 1920 3593 1967; baseline 0.006 -7"><span class='ocrx_word' id='word_1_300' title='bbox 2513 1920 2817 1962; x_wconf 64' lang='lat' dir='ltr'><strong>SVIHACBUS</strong></span> <span class='ocrx_word' id='word_1_301' title='bbox 2862 1922 3083 1964; x_wconf 68' lang='grc' dir='ltr'><strong>(επιειΝο</strong></span> <span class='ocrx_word' id='word_1_302' title='bbox 3122 1924 3334 1966; x_wconf 69' lang='lat' dir='ltr'><strong>&#39;I&#39;ICIANO</strong></span> <span class='ocrx_word' id='word_1_303' title='bbox 3374 1926 3593 1967; x_wconf 73' lang='lat' dir='ltr'><strong>FRATRI.</strong></span> 
     </span>
    </p>
   </div>
   <div class='ocr_carea' id='block_1_49' title="bbox 2323 2019 3829 2091">
    <p class='ocr_par' dir='ltr' id='par_1_49' title="bbox 2323 2019 3829 2091">
     <span class='ocr_line' id='line_1_49' title="bbox 2323 2019 3829 2091; baseline 0.005 -18"><span class='ocrx_word' id='word_1_304' title='bbox 2323 2019 2484 2074; x_wconf 58' lang='lat' dir='ltr'><strong>Bonae</strong></span> <span class='ocrx_word' id='word_1_305' title='bbox 2516 2019 2631 2090; x_wconf 91' lang='lat' dir='ltr'><strong>spei</strong></span> <span class='ocrx_word' id='word_1_306' title='bbox 2662 2020 2849 2090; x_wconf 90' lang='lat' dir='ltr'><strong>plenus</strong></span> <span class='ocrx_word' id='word_1_307' title='bbox 2868 2061 2884 2088; x_wconf 96' lang='lat'><strong>,</strong></span> <span class='ocrx_word' id='word_1_308' title='bbox 2918 2029 3197 2091; x_wconf 88' lang='lat' dir='ltr'><strong>postquam</strong></span> <span class='ocrx_word' id='word_1_309' title='bbox 3232 2022 3362 2077; x_wconf 89' lang='lat' dir='ltr'><strong>mihi</strong></span> <span class='ocrx_word' id='word_1_310' title='bbox 3393 2023 3656 2079; x_wconf 82' lang='lat' dir='ltr'><strong>adventus</strong></span> <span class='ocrx_word' id='word_1_311' title='bbox 3683 2026 3829 2082; x_wconf 86' lang='lat' dir='ltr'><strong>vestri</strong></span> 
     </span>
    </p>
   </div>
   <div class='ocr_carea' id='block_1_50' title="bbox 2251 2112 3829 2189">
    <p class='ocr_par' dir='ltr' id='par_1_50' title="bbox 2251 2112 3829 2189">
     <span class='ocr_line' id='line_1_50' title="bbox 2251 2112 3829 2189; baseline 0.003 -20"><span class='ocrx_word' id='word_1_312' title='bbox 2251 2113 2454 2169; x_wconf 87' lang='lat' dir='ltr'><strong>fecistis</strong></span> <span class='ocrx_word' id='word_1_313' title='bbox 2484 2112 2761 2180; x_wconf 92' lang='lat' dir='ltr'><strong>indicium,</strong></span> <span class='ocrx_word' id='word_1_314' title='bbox 2797 2113 2978 2169; x_wconf 91' lang='lat' dir='ltr'><strong>calcar</strong></span> <span class='ocrx_word' id='word_1_315' title='bbox 3022 2115 3287 2185; x_wconf 88' lang='lat' dir='ltr'><strong>quoddam</strong></span> <span class='ocrx_word' id='word_1_316' title='bbox 3330 2115 3594 2187; x_wconf 91' lang='lat' dir='ltr'><strong>suppingo</strong></span> <span class='ocrx_word' id='word_1_317' title='bbox 3640 2133 3829 2189; x_wconf 79' lang='lat' dir='ltr'><strong>prope-</strong></span> 
     </span>
    </p>
   </div>
   <div class='ocr_carea' id='block_1_51' title="bbox 2250 2207 3832 2279">
    <p class='ocr_par' dir='ltr' id='par_1_51' title="bbox 2250 2207 3832 2279">
     <span class='ocr_line' id='line_1_51' title="bbox 2250 2207 3832 2279; baseline 0.001 -17"><span class='ocrx_word' id='word_1_318' title='bbox 2250 2207 2520 2273; x_wconf 89' lang='lat' dir='ltr'><strong>rantibus;</strong></span> <span class='ocrx_word' id='word_1_319' title='bbox 2568 2216 2622 2263; x_wconf 94' lang='lat' dir='ltr'><strong>et</strong></span> <span class='ocrx_word' id='word_1_320' title='bbox 2666 2207 2717 2261; x_wconf 93' lang='lat' dir='ltr'><strong>in</strong></span> <span class='ocrx_word' id='word_1_321' title='bbox 2746 2220 2863 2262; x_wconf 90' lang='lat' dir='ltr'><strong>eam</strong></span> <span class='ocrx_word' id='word_1_322' title='bbox 2898 2222 3012 2263; x_wconf 88' lang='lat' dir='ltr'><strong>rem</strong></span> <span class='ocrx_word' id='word_1_323' title='bbox 3045 2217 3192 2262; x_wconf 92' lang='lat' dir='ltr'><strong>tuum</strong></span> <span class='ocrx_word' id='word_1_324' title='bbox 3233 2222 3428 2263; x_wconf 91' lang='lat' dir='ltr'><strong>munus</strong></span> <span class='ocrx_word' id='word_1_325' title='bbox 3470 2209 3739 2279; x_wconf 90' lang='lat' dir='ltr'><strong>imploro,</strong></span> <span class='ocrx_word' id='word_1_326' title='bbox 3786 2220 3832 2265; x_wconf 93' lang='lat' dir='ltr'><strong>ut</strong></span> 
     </span>
    </p>
   </div>
   <div class='ocr_carea' id='block_1_52' title="bbox 2249 2299 3832 2372">
    <p class='ocr_par' dir='ltr' id='par_1_52' title="bbox 2249 2299 3832 2372">
     <span class='ocr_line' id='line_1_52' title="bbox 2249 2299 3832 2372; baseline 0.003 -18"><span class='ocrx_word' id='word_1_327' title='bbox 2249 2308 2529 2371; x_wconf 89' lang='lat' dir='ltr'><strong>parentum</strong></span> <span class='ocrx_word' id='word_1_328' title='bbox 2565 2299 2739 2355; x_wconf 91' lang='lat' dir='ltr'><strong>studia</strong></span> <span class='ocrx_word' id='word_1_329' title='bbox 2792 2300 3035 2356; x_wconf 90' lang='lat' dir='ltr'><strong>hortator</strong></span> <span class='ocrx_word' id='word_1_330' title='bbox 3063 2301 3350 2357; x_wconf 92' lang='lat' dir='ltr'><strong>acceleres.</strong></span> <span class='ocrx_word' id='word_1_331' title='bbox 3394 2300 3565 2357; x_wconf 85' lang='lat' dir='ltr'><strong>Stabit</strong></span> <span class='ocrx_word' id='word_1_332' title='bbox 3593 2303 3733 2372; x_wconf 89' lang='lat' dir='ltr'><strong>apud</strong></span> <span class='ocrx_word' id='word_1_333' title='bbox 3758 2318 3832 2359; x_wconf 85' lang='lat' dir='ltr'><strong>me</strong></span> 
     </span>
    </p>
   </div>
   <div class='ocr_carea' id='block_1_53' title="bbox 2248 2391 3831 2463">
    <p class='ocr_par' dir='ltr' id='par_1_53' title="bbox 2248 2391 3831 2463">
     <span class='ocr_line' id='line_1_53' title="bbox 2248 2391 3831 2463; baseline 0.001 -14"><span class='ocrx_word' id='word_1_334' title='bbox 2248 2394 2506 2449; x_wconf 81' lang='lat' dir='ltr'><strong>memoria</strong></span> <span class='ocrx_word' id='word_1_335' title='bbox 2552 2391 2796 2449; x_wconf 84' lang='lat' dir='ltr'><strong>beneﬁcii</strong></span> <span class='ocrx_word' id='word_1_336' title='bbox 2850 2392 2923 2447; x_wconf 85' lang='lat' dir='ltr'><strong>tui</strong></span> <span class='ocrx_word' id='word_1_337' title='bbox 2951 2433 2967 2458; x_wconf 91' lang='lat'><strong>,</strong></span> <span class='ocrx_word' id='word_1_338' title='bbox 3013 2408 3112 2449; x_wconf 90' lang='lat' dir='ltr'><strong>nec</strong></span> <span class='ocrx_word' id='word_1_339' title='bbox 3142 2408 3377 2463; x_wconf 83' lang='lat' dir='ltr'><strong>unquam</strong></span> <span class='ocrx_word' id='word_1_340' title='bbox 3416 2394 3576 2450; x_wconf 88' lang='lat' dir='ltr'><strong>tacita</strong></span> <span class='ocrx_word' id='word_1_341' title='bbox 3608 2395 3752 2461; x_wconf 89' lang='lat' dir='ltr'><strong>erit;</strong></span> <span class='ocrx_word' id='word_1_342' title='bbox 3792 2393 3831 2450; x_wconf 87' lang='lat' dir='ltr'><strong>si</strong></span> 
     </span>
    </p>
   </div>
   <div class='ocr_carea' id='block_1_54' title="bbox 2249 2483 3254 2555">
    <p class='ocr_par' dir='ltr' id='par_1_54' title="bbox 2249 2483 3254 2555">
     <span class='ocr_line' id='line_1_54' title="bbox 2249 2483 3254 2555; baseline 0.002 -16"><span class='ocrx_word' id='word_1_343' title='bbox 2249 2486 2475 2540; x_wconf 90' lang='lat' dir='ltr'><strong>fratrum</strong></span> <span class='ocrx_word' id='word_1_344' title='bbox 2502 2483 2744 2555; x_wconf 90' lang='lat' dir='ltr'><strong>delegata</strong></span> <span class='ocrx_word' id='word_1_345' title='bbox 2774 2484 3068 2539; x_wconf 87' lang='lat' dir='ltr'><strong>curaveris.</strong></span> <span class='ocrx_word' id='word_1_346' title='bbox 3102 2484 3254 2541; x_wconf 89' lang='lat' dir='ltr'><strong>Vale.</strong></span> 
     </span>
    </p>
   </div>
   <div class='ocr_carea' id='block_1_55' title="bbox 2822 2596 3264 2654">
    <p class='ocr_par' dir='ltr' id='par_1_55' title="bbox 2822 2596 3264 2654">
     <span class='ocr_line' id='line_1_55' title="bbox 2822 2596 3264 2654; baseline 0 -3"><span class='ocrx_word' id='word_1_347' title='bbox 2822 2596 3041 2654; x_wconf 87' lang='lat' dir='ltr'><strong>EPIST.</strong></span> <span class='ocrx_word' id='word_1_348' title='bbox 3083 2596 3264 2653; x_wconf 80' lang='lat' dir='ltr'><strong>LXIII.</strong></span> 
     </span>
    </p>
   </div>
   <div class='ocr_carea' id='block_1_56' title="bbox 2510 2692 3585 2745">
    <p class='ocr_par' dir='ltr' id='par_1_56' title="bbox 2510 2692 3585 2745">
     <span class='ocr_line' id='line_1_56' title="bbox 2510 2692 3585 2745; baseline 0.002 -4"><span class='ocrx_word' id='word_1_349' title='bbox 2510 2701 2819 2745; x_wconf 68' lang='lat' dir='ltr'><strong>svuuacuus</strong></span> <span class='ocrx_word' id='word_1_350' title='bbox 2858 2703 3077 2745; x_wconf 66' lang='grc' dir='ltr'><strong>δειδιΝο</strong></span> <span class='ocrx_word' id='word_1_351' title='bbox 3120 2692 3332 2745; x_wconf 76' lang='lat' dir='ltr'><strong>TICIANO</strong></span> <span class='ocrx_word' id='word_1_352' title='bbox 3370 2704 3585 2745; x_wconf 70' lang='lat' dir='ltr'><strong>suum.</strong></span> 
     </span>
    </p>
   </div>
   <div class='ocr_carea' id='block_1_57' title="bbox 2319 2800 3831 2875">
    <p class='ocr_par' dir='ltr' id='par_1_57' title="bbox 2319 2800 3831 2875">
     <span class='ocr_line' id='line_1_57' title="bbox 2319 2800 3831 2875; baseline 0.004 -20"><span class='ocrx_word' id='word_1_353' title='bbox 2319 2800 2566 2870; x_wconf 88' lang='lat' dir='ltr'><strong>Longum</strong></span> <span class='ocrx_word' id='word_1_354' title='bbox 2591 2801 2879 2873; x_wconf 91' lang='lat' dir='ltr'><strong>loquantur</strong></span> <span class='ocrx_word' id='word_1_355' title='bbox 2905 2816 3005 2873; x_wconf 92' lang='lat' dir='ltr'><strong>pro</strong></span> <span class='ocrx_word' id='word_1_356' title='bbox 3031 2803 3316 2875; x_wconf 90' lang='lat' dir='ltr'><strong>incognitis</strong></span> <span class='ocrx_word' id='word_1_357' title='bbox 3345 2814 3437 2860; x_wconf 91' lang='lat' dir='ltr'><strong>aut</strong></span> <span class='ocrx_word' id='word_1_358' title='bbox 3459 2804 3655 2862; x_wconf 91' lang='lat' dir='ltr'><strong>alienis</strong></span> <span class='ocrx_word' id='word_1_359' title='bbox 3683 2803 3831 2861; x_wconf 81' lang='lat' dir='ltr'><strong>verba</strong></span> 
     </span>
    </p>
   </div>
   <div class='ocr_carea' id='block_1_58' title="bbox 2247 2892 3832 2965">
    <p class='ocr_par' dir='ltr' id='par_1_58' title="bbox 2247 2892 3832 2965">
     <span class='ocr_line' id='line_1_58' title="bbox 2247 2892 3832 2965; baseline 0.004 -20"><span class='ocrx_word' id='word_1_360' title='bbox 2247 2892 2460 2947; x_wconf 84' lang='lat' dir='ltr'><strong>t‘acturi.</strong></span> <span class='ocrx_word' id='word_1_361' title='bbox 2511 2892 2640 2948; x_wconf 81' lang='lat' dir='ltr'><strong>Mihi</strong></span> <span class='ocrx_word' id='word_1_362' title='bbox 2681 2893 2797 2950; x_wconf 70' lang='lat' dir='ltr'><strong>haec</strong></span> <span class='ocrx_word' id='word_1_363' title='bbox 2821 2908 2986 2965; x_wconf 90' lang='lat' dir='ltr'><strong>opera</strong></span> <span class='ocrx_word' id='word_1_364' title='bbox 3015 2894 3308 2951; x_wconf 90' lang='lat' dir='ltr'><strong>desinenda</strong></span> <span class='ocrx_word' id='word_1_365' title='bbox 3336 2905 3419 2952; x_wconf 88' lang='lat' dir='ltr'><strong>est</strong></span> <span class='ocrx_word' id='word_1_366' title='bbox 3440 2938 3455 2965; x_wconf 89' lang='lat'><strong>,</strong></span> <span class='ocrx_word' id='word_1_367' title='bbox 3488 2912 3611 2953; x_wconf 91' lang='lat' dir='ltr'><strong>cum</strong></span> <span class='ocrx_word' id='word_1_368' title='bbox 3641 2898 3832 2953; x_wconf 84' lang='lat' dir='ltr'><strong>litteras</strong></span> 
     </span>
    </p>
   </div>
   <div class='ocr_carea' id='block_1_59' title="bbox 2248 2985 3831 3063">
    <p class='ocr_par' dir='ltr' id='par_1_59' title="bbox 2248 2985 3831 3063">
     <span class='ocr_line' id='line_1_59' title="bbox 2248 2985 3831 3063; baseline 0.003 -22"><span class='ocrx_word' id='word_1_369' title='bbox 2248 2997 2459 3043; x_wconf 89' lang='lat' dir='ltr'><strong>nostras</strong></span> <span class='ocrx_word' id='word_1_370' title='bbox 2485 2985 2714 3045; x_wconf 90' lang='lat' dir='ltr'><strong>Saturus</strong></span> <span class='ocrx_word' id='word_1_371' title='bbox 2744 2988 2913 3046; x_wconf 90' lang='lat' dir='ltr'><strong>frater</strong></span> <span class='ocrx_word' id='word_1_372' title='bbox 2940 2990 3241 3045; x_wconf 88' lang='lat' dir='ltr'><strong>communis</strong></span> <span class='ocrx_word' id='word_1_373' title='bbox 3269 2990 3497 3061; x_wconf 89' lang='lat' dir='ltr'><strong>accipiat</strong></span> <span class='ocrx_word' id='word_1_374' title='bbox 3524 3032 3541 3058; x_wconf 98' lang='lat'><strong>,</strong></span> <span class='ocrx_word' id='word_1_375' title='bbox 3571 3006 3707 3063; x_wconf 84' lang='lat' dir='ltr'><strong>quas</strong></span> <span class='ocrx_word' id='word_1_376' title='bbox 3736 3005 3831 3047; x_wconf 91' lang='lat' dir='ltr'><strong>non</strong></span> 
     </span>
    </p>
   </div>
   <div class='ocr_carea' id='block_1_60' title="bbox 2250 3080 3832 3154">
    <p class='ocr_par' dir='ltr' id='par_1_60' title="bbox 2250 3080 3832 3154">
     <span class='ocr_line' id='line_1_60' title="bbox 2250 3080 3832 3154; baseline 0.003 -19"><span class='ocrx_word' id='word_1_377' title='bbox 2250 3080 2705 3136; x_wconf 88' lang='lat' dir='ltr'><strong>commendationi</strong></span> <span class='ocrx_word' id='word_1_378' title='bbox 2753 3082 2867 3152; x_wconf 85' lang='lat' dir='ltr'><strong>ejus</strong></span> <span class='ocrx_word' id='word_1_379' title='bbox 2914 3082 3179 3154; x_wconf 68' lang='lat' dir='ltr'><strong>praestiti,</strong></span> <span class='ocrx_word' id='word_1_380' title='bbox 3210 3082 3305 3139; x_wconf 86' lang='lat' dir='ltr'><strong>sed</strong></span> <span class='ocrx_word' id='word_1_381' title='bbox 3338 3093 3520 3140; x_wconf 90' lang='lat' dir='ltr'><strong>nostra</strong></span> <span class='ocrx_word' id='word_1_382' title='bbox 3565 3084 3711 3142; x_wconf 89' lang='lat' dir='ltr'><strong>circa</strong></span> <span class='ocrx_word' id='word_1_383' title='bbox 3747 3097 3832 3140; x_wconf 90' lang='lat' dir='ltr'><strong>vos</strong></span> 
     </span>
    </p>
   </div>
   <div class='ocr_carea' id='block_1_61' title="bbox 556 3170 2142 3279">
    <p class='ocr_par' dir='ltr' id='par_1_61' title="bbox 556 3170 2142 3250">
     <span class='ocr_line' id='line_1_61' title="bbox 556 3170 2142 3250; baseline 0.006 -24"><span class='ocrx_word' id='word_1_384' title='bbox 556 3170 750 3226; x_wconf 92' lang='lat' dir='ltr'><strong>lamus.</strong></span> <span class='ocrx_word' id='word_1_385' title='bbox 795 3170 977 3227; x_wconf 87' lang='lat' dir='ltr'><strong>Placet</strong></span> <span class='ocrx_word' id='word_1_386' title='bbox 1019 3174 1249 3228; x_wconf 90' lang='lat' dir='ltr'><strong>hortatio</strong></span> <span class='ocrx_word' id='word_1_387' title='bbox 1294 3175 1564 3231; x_wconf 83' lang='lat' dir='ltr'><strong>invitatrix</strong></span> <span class='ocrx_word' id='word_1_388' title='bbox 1604 3180 1901 3250; x_wconf 89' lang='lat' dir='ltr'><strong>religionis.</strong></span> <span class='ocrx_word' id='word_1_389' title='bbox 1950 3180 2055 3247; x_wconf 88' lang='lat' dir='ltr'><strong>Et,</strong></span> <span class='ocrx_word' id='word_1_390' title='bbox 2086 3189 2142 3236; x_wconf 91' lang='lat' dir='ltr'><strong>ut</strong></span> 
     </span>
    </p>
   </div>
   <div class='ocr_carea' id='block_1_62' title="bbox 2243 3170 3016 3279">
    <p class='ocr_par' dir='ltr' id='par_1_62' title="bbox 2249 3174 3016 3231">
     <span class='ocr_line' id='line_1_62' title="bbox 2249 3174 3016 3231; baseline 0.003 -2"><span class='ocrx_word' id='word_1_391' title='bbox 2249 3187 2436 3229; x_wconf 85' lang='lat' dir='ltr'><strong>amore</strong></span> <span class='ocrx_word' id='word_1_392' title='bbox 2465 3174 2631 3229; x_wconf 87' lang='lat' dir='ltr'><strong>factas</strong></span> <span class='ocrx_word' id='word_1_393' title='bbox 2659 3174 2837 3230; x_wconf 84' lang='lat' dir='ltr'><strong>emisi.</strong></span> <span class='ocrx_word' id='word_1_394' title='bbox 2864 3174 3016 3231; x_wconf 90' lang='lat' dir='ltr'><strong>Vale.</strong></span> 
     </span>
    </p>
   </div>
   <div class='ocr_carea' id='block_1_63' title="bbox 557 3264 2141 3339">
    <p class='ocr_par' dir='ltr' id='par_1_63' title="bbox 557 3264 2141 3339">
     <span class='ocr_line' id='line_1_63' title="bbox 557 3264 2141 3339; baseline 0.007 -20"><span class='ocrx_word' id='word_1_395' title='bbox 557 3278 741 3320; x_wconf 87' lang='lat' dir='ltr'><strong>verum</strong></span> <span class='ocrx_word' id='word_1_396' title='bbox 792 3264 998 3330; x_wconf 91' lang='lat' dir='ltr'><strong>fatear,</strong></span> <span class='ocrx_word' id='word_1_397' title='bbox 1046 3265 1211 3321; x_wconf 88' lang='lat' dir='ltr'><strong>decus</strong></span> <span class='ocrx_word' id='word_1_398' title='bbox 1260 3268 1392 3324; x_wconf 88' lang='lat' dir='ltr'><strong>mihi</strong></span> <span class='ocrx_word' id='word_1_399' title='bbox 1440 3282 1523 3326; x_wconf 91' lang='lat' dir='ltr'><strong>est</strong></span> <span class='ocrx_word' id='word_1_400' title='bbox 1566 3270 1681 3327; x_wconf 74' lang='lat' dir='ltr'><strong>haec</strong></span> <span class='ocrx_word' id='word_1_401' title='bbox 1729 3281 1817 3327; x_wconf 92' lang='lat' dir='ltr'><strong>tua</strong></span> <span class='ocrx_word' id='word_1_402' title='bbox 1865 3274 2141 3339; x_wconf 84' lang='lat' dir='ltr'><strong>voluntas;</strong></span> 
     </span>
    </p>
   </div>
   <div class='ocr_carea' id='block_1_64' title="bbox 557 3358 2146 3439">
    <p class='ocr_par' dir='ltr' id='par_1_64' title="bbox 557 3358 2146 3439">
     <span class='ocr_line' id='line_1_64' title="bbox 557 3358 2146 3439; baseline 0.008 -26"><span class='ocrx_word' id='word_1_403' title='bbox 557 3372 708 3413; x_wconf 89' lang='lat' dir='ltr'><strong>amor</strong></span> <span class='ocrx_word' id='word_1_404' title='bbox 738 3359 881 3413; x_wconf 90' lang='lat' dir='ltr'><strong>enim</strong></span> <span class='ocrx_word' id='word_1_405' title='bbox 910 3358 1128 3415; x_wconf 81' lang='lat' dir='ltr'><strong>maximi</strong></span> <span class='ocrx_word' id='word_1_406' title='bbox 1176 3361 1297 3431; x_wconf 91' lang='lat' dir='ltr'><strong>plus</strong></span> <span class='ocrx_word' id='word_1_407' title='bbox 1323 3363 1566 3434; x_wconf 91' lang='lat' dir='ltr'><strong>requirit.</strong></span> <span class='ocrx_word' id='word_1_408' title='bbox 1623 3366 1728 3423; x_wconf 92' lang='lat' dir='ltr'><strong>Sed</strong></span> <span class='ocrx_word' id='word_1_409' title='bbox 1758 3369 1899 3439; x_wconf 92' lang='lat' dir='ltr'><strong>quod</strong></span> <span class='ocrx_word' id='word_1_410' title='bbox 1926 3369 2028 3436; x_wconf 91' lang='lat' dir='ltr'><strong>ais,</strong></span> <span class='ocrx_word' id='word_1_411' title='bbox 2059 3385 2146 3426; x_wconf 91' lang='lat' dir='ltr'><strong>me</strong></span> 
     </span>
    </p>
   </div>
   <div class='ocr_carea' id='block_1_65' title="bbox 556 3449 2147 3532">
    <p class='ocr_par' dir='ltr' id='par_1_65' title="bbox 556 3449 2147 3532">
     <span class='ocr_line' id='line_1_65' title="bbox 556 3449 2147 3532; baseline 0.009 -29"><span class='ocrx_word' id='word_1_412' title='bbox 556 3449 761 3520; x_wconf 91' lang='lat' dir='ltr'><strong>potius,</strong></span> <span class='ocrx_word' id='word_1_413' title='bbox 791 3452 884 3521; x_wconf 89' lang='lat' dir='ltr'><strong>qui</strong></span> <span class='ocrx_word' id='word_1_414' title='bbox 913 3451 1016 3507; x_wconf 90' lang='lat' dir='ltr'><strong>sim</strong></span> <span class='ocrx_word' id='word_1_415' title='bbox 1047 3465 1252 3509; x_wconf 90' lang='lat' dir='ltr'><strong>vacuus</strong></span> <span class='ocrx_word' id='word_1_416' title='bbox 1285 3454 1514 3524; x_wconf 72' lang='lat' dir='ltr'><strong>publica:</strong></span> <span class='ocrx_word' id='word_1_417' title='bbox 1543 3458 1653 3527; x_wconf 88' lang='lat' dir='ltr'><strong>rei,</strong></span> <span class='ocrx_word' id='word_1_418' title='bbox 1682 3459 1987 3516; x_wconf 89' lang='lat' dir='ltr'><strong>istiusmodi</strong></span> <span class='ocrx_word' id='word_1_419' title='bbox 2016 3462 2147 3532; x_wconf 84' lang='lat' dir='ltr'><strong>vigi-</strong></span> 
     </span>
    </p>
   </div>
   <div class='ocr_carea' id='block_1_66' title="bbox 556 3540 2146 3625">
    <p class='ocr_par' dir='ltr' id='par_1_66' title="bbox 556 3540 2146 3625">
     <span class='ocr_line' id='line_1_66' title="bbox 556 3540 2146 3625; baseline 0.01 -30"><span class='ocrx_word' id='word_1_420' title='bbox 556 3541 684 3596; x_wconf 89' lang='lat' dir='ltr'><strong>liam</strong></span> <span class='ocrx_word' id='word_1_421' title='bbox 713 3540 918 3599; x_wconf 89' lang='lat' dir='ltr'><strong>debere</strong></span> <span class='ocrx_word' id='word_1_422' title='bbox 946 3543 1160 3613; x_wconf 89' lang='lat' dir='ltr'><strong>sortiri,</strong></span> <span class='ocrx_word' id='word_1_423' title='bbox 1190 3560 1399 3616; x_wconf 66' lang='lat' dir='ltr'><strong>aequum</strong></span> <span class='ocrx_word' id='word_1_424' title='bbox 1430 3562 1551 3604; x_wconf 90' lang='lat' dir='ltr'><strong>esse</strong></span> <span class='ocrx_word' id='word_1_425' title='bbox 1579 3550 1859 3608; x_wconf 87' lang='lat' dir='ltr'><strong>dissentio.</strong></span> <span class='ocrx_word' id='word_1_426' title='bbox 1889 3551 2008 3609; x_wconf 85' lang='lat' dir='ltr'><strong>Jam</strong></span> <span class='ocrx_word' id='word_1_427' title='bbox 2036 3555 2146 3625; x_wconf 88' lang='lat' dir='ltr'><strong>pri-</strong></span> 
     </span>
    </p>
   </div>
   <div class='ocr_carea' id='block_1_67' title="bbox 465 3637 2143 3709">
    <p class='ocr_par' dir='ltr' id='par_1_67' title="bbox 465 3637 2143 3709">
     <span class='ocr_line' id='line_1_67' title="bbox 465 3637 2143 3709; baseline 0.008 -18"><span class='ocrx_word' id='word_1_428' title='bbox 465 3684 471 3691; x_wconf 92' lang='lat'><strong>.</strong></span> <span class='ocrx_word' id='word_1_429' title='bbox 554 3650 700 3692; x_wconf 89' lang='lat' dir='ltr'><strong>mum</strong></span> <span class='ocrx_word' id='word_1_430' title='bbox 729 3637 872 3709; x_wconf 90' lang='lat' dir='ltr'><strong>quod</strong></span> <span class='ocrx_word' id='word_1_431' title='bbox 914 3637 1077 3694; x_wconf 87' lang='lat' dir='ltr'><strong>homo</strong></span> <span class='ocrx_word' id='word_1_432' title='bbox 1124 3640 1336 3696; x_wconf 88' lang='lat' dir='ltr'><strong>licentis</strong></span> <span class='ocrx_word' id='word_1_433' title='bbox 1388 3643 1481 3698; x_wconf 91' lang='lat' dir='ltr'><strong>otii</strong></span> <span class='ocrx_word' id='word_1_434' title='bbox 1527 3647 1754 3701; x_wconf 90' lang='lat' dir='ltr'><strong>scrutari</strong></span> <span class='ocrx_word' id='word_1_435' title='bbox 1803 3645 1948 3703; x_wconf 90' lang='lat' dir='ltr'><strong>vices</strong></span> <span class='ocrx_word' id='word_1_436' title='bbox 1993 3663 2143 3705; x_wconf 86' lang='lat' dir='ltr'><strong>com-</strong></span> 
     </span>
    </p>
   </div>
   <div class='ocr_carea' id='block_1_68' title="bbox 558 3730 2143 3800">
    <p class='ocr_par' dir='ltr' id='par_1_68' title="bbox 558 3730 2143 3800">
     <span class='ocr_line' id='line_1_68' title="bbox 558 3730 2143 3800; baseline 0.011 -17"><span class='ocrx_word' id='word_1_437' title='bbox 558 3730 852 3785; x_wconf 89' lang='lat' dir='ltr'><strong>meantium</strong></span> <span class='ocrx_word' id='word_1_438' title='bbox 900 3746 1007 3787; x_wconf 91' lang='lat' dir='ltr'><strong>non</strong></span> <span class='ocrx_word' id='word_1_439' title='bbox 1038 3731 1223 3787; x_wconf 90' lang='lat' dir='ltr'><strong>laboro</strong></span> <span class='ocrx_word' id='word_1_440' title='bbox 1255 3750 1267 3785; x_wconf 90' lang='lat'><strong>:</strong></span> <span class='ocrx_word' id='word_1_441' title='bbox 1296 3742 1422 3790; x_wconf 85' lang='lat' dir='ltr'><strong>tuus</strong></span> <span class='ocrx_word' id='word_1_442' title='bbox 1452 3737 1623 3793; x_wconf 91' lang='lat' dir='ltr'><strong>honor</strong></span> <span class='ocrx_word' id='word_1_443' title='bbox 1649 3747 1919 3797; x_wconf 86' lang='lat' dir='ltr'><strong>vecturam</strong></span> <span class='ocrx_word' id='word_1_444' title='bbox 1949 3742 2143 3800; x_wconf 89' lang='lat' dir='ltr'><strong>litteris</strong></span> 
     </span>
    </p>
   </div>
   <div class='ocr_carea' id='block_1_69' title="bbox 554 3821 2141 3897">
    <p class='ocr_par' dir='ltr' id='par_1_69' title="bbox 554 3821 2141 3897">
     <span class='ocr_line' id='line_1_69' title="bbox 554 3821 2141 3897; baseline 0.012 -22"><span class='ocrx_word' id='word_1_445' title='bbox 554 3821 655 3876; x_wconf 77' lang='lat' dir='ltr'><strong>nisi</strong></span> <span class='ocrx_word' id='word_1_446' title='bbox 688 3821 913 3891; x_wconf 89' lang='lat' dir='ltr'><strong>invenit,</strong></span> <span class='ocrx_word' id='word_1_447' title='bbox 942 3821 1087 3879; x_wconf 87' lang='lat' dir='ltr'><strong>facit.</strong></span> <span class='ocrx_word' id='word_1_448' title='bbox 1124 3823 1325 3881; x_wconf 90' lang='lat' dir='ltr'><strong>Dehinc</strong></span> <span class='ocrx_word' id='word_1_449' title='bbox 1348 3827 1645 3897; x_wconf 9' lang='lat' dir='ltr'><strong>quodgmibi</strong></span> <span class='ocrx_word' id='word_1_450' title='bbox 1672 3830 1819 3888; x_wconf 91' lang='lat' dir='ltr'><strong>iners</strong></span> <span class='ocrx_word' id='word_1_451' title='bbox 1841 3834 2141 3894; x_wconf 87' lang='lat' dir='ltr'><strong>desuetudo</strong></span> 
     </span>
    </p>
   </div>
   <div class='ocr_carea' id='block_1_70' title="bbox 551 3915 2141 4002">
    <p class='ocr_par' dir='ltr' id='par_1_70' title="bbox 551 3915 2141 4002">
     <span class='ocr_line' id='line_1_70' title="bbox 551 3915 2141 4002; baseline 0.013 -31"><span class='ocrx_word' id='word_1_452' title='bbox 551 3915 776 3975; x_wconf 89' lang='lat' dir='ltr'><strong>oblimat</strong></span> <span class='ocrx_word' id='word_1_453' title='bbox 799 3917 1088 3988; x_wconf 89' lang='lat' dir='ltr'><strong>ingenium.</strong></span> <span class='ocrx_word' id='word_1_454' title='bbox 1133 3919 1251 3977; x_wconf 88' lang='lat' dir='ltr'><strong>Tibi</strong></span> <span class='ocrx_word' id='word_1_455' title='bbox 1290 3924 1515 3995; x_wconf 88' lang='lat' dir='ltr'><strong>impigro</strong></span> <span class='ocrx_word' id='word_1_456' title='bbox 1538 3926 1739 3996; x_wconf 87' lang='lat' dir='ltr'><strong>jamdiu</strong></span> <span class='ocrx_word' id='word_1_457' title='bbox 1769 3933 1970 4002; x_wconf 89' lang='lat' dir='ltr'><strong>negotii</strong></span> <span class='ocrx_word' id='word_1_458' title='bbox 1996 3935 2141 3992; x_wconf 88' lang='lat' dir='ltr'><strong>leva-</strong></span> 
     </span>
    </p>
   </div>
   <div class='ocr_carea' id='block_1_71' title="bbox 554 4010 2141 4098">
    <p class='ocr_par' dir='ltr' id='par_1_71' title="bbox 554 4010 2141 4098">
     <span class='ocr_line' id='line_1_71' title="bbox 554 4010 2141 4098; baseline 0.014 -37"><span class='ocrx_word' id='word_1_459' title='bbox 554 4016 641 4063; x_wconf 84' lang='lat' dir='ltr'><strong>tur</strong></span> <span class='ocrx_word' id='word_1_460' title='bbox 661 4022 790 4064; x_wconf 90' lang='lat' dir='ltr'><strong>usus</strong></span> <span class='ocrx_word' id='word_1_461' title='bbox 816 4010 1089 4080; x_wconf 91' lang='lat' dir='ltr'><strong>loquendi.</strong></span> <span class='ocrx_word' id='word_1_462' title='bbox 1120 4011 1263 4084; x_wconf 87' lang='lat' dir='ltr'><strong>Ergo</strong></span> <span class='ocrx_word' id='word_1_463' title='bbox 1282 4030 1389 4085; x_wconf 92' lang='lat' dir='ltr'><strong>quo</strong></span> <span class='ocrx_word' id='word_1_464' title='bbox 1416 4026 1471 4071; x_wconf 92' lang='lat' dir='ltr'><strong>tu</strong></span> <span class='ocrx_word' id='word_1_465' title='bbox 1500 4018 1567 4073; x_wconf 90' lang='lat' dir='ltr'><strong>ad</strong></span> <span class='ocrx_word' id='word_1_466' title='bbox 1597 4021 1937 4080; x_wconf 88' lang='lat' dir='ltr'><strong>scribendum</strong></span> <span class='ocrx_word' id='word_1_467' title='bbox 1966 4029 2141 4098; x_wconf 83' lang='lat' dir='ltr'><strong>major</strong></span> 
     </span>
    </p>
   </div>
   <div class='ocr_carea' id='block_1_72' title="bbox 550 4100 2139 4178">
    <p class='ocr_par' dir='ltr' id='par_1_72' title="bbox 550 4100 2139 4178">
     <span class='ocr_line' id='line_1_72' title="bbox 550 4100 2139 4178; baseline 0.016 -26"><span class='ocrx_word' id='word_1_468' title='bbox 550 4100 726 4169; x_wconf 88' lang='lat' dir='ltr'><strong>copia,</strong></span> <span class='ocrx_word' id='word_1_469' title='bbox 757 4100 861 4156; x_wconf 90' lang='lat' dir='ltr'><strong>hoc</strong></span> <span class='ocrx_word' id='word_1_470' title='bbox 886 4117 986 4172; x_wconf 89' lang='lat' dir='ltr'><strong>ego</strong></span> <span class='ocrx_word' id='word_1_471' title='bbox 1012 4102 1221 4174; x_wconf 91' lang='lat' dir='ltr'><strong>dignior</strong></span> <span class='ocrx_word' id='word_1_472' title='bbox 1249 4107 1403 4161; x_wconf 88' lang='lat' dir='ltr'><strong>venia</strong></span> <span class='ocrx_word' id='word_1_473' title='bbox 1432 4110 1684 4169; x_wconf 90' lang='lat' dir='ltr'><strong>raritatis.</strong></span> <span class='ocrx_word' id='word_1_474' title='bbox 1716 4112 1929 4174; x_wconf 88' lang='lat' dir='ltr'><strong>Satisne</strong></span> <span class='ocrx_word' id='word_1_475' title='bbox 1952 4119 2139 4178; x_wconf 89' lang='lat' dir='ltr'><strong>videor</strong></span> 
     </span>
    </p>
   </div>
   <div class='ocr_carea' id='block_1_73' title="bbox 550 4190 2135 4283">
    <p class='ocr_par' dir='ltr' id='par_1_73' title="bbox 550 4190 2135 4283">
     <span class='ocr_line' id='line_1_73' title="bbox 550 4190 2135 4283; baseline 0.015 -36"><span class='ocrx_word' id='word_1_476' title='bbox 550 4190 634 4247; x_wconf 91' lang='lat' dir='ltr'><strong>his</strong></span> <span class='ocrx_word' id='word_1_477' title='bbox 678 4192 855 4248; x_wconf 89' lang='lat' dir='ltr'><strong>causis</strong></span> <span class='ocrx_word' id='word_1_478' title='bbox 899 4196 1136 4251; x_wconf 88' lang='lat' dir='ltr'><strong>munitus</strong></span> <span class='ocrx_word' id='word_1_479' title='bbox 1183 4197 1237 4251; x_wconf 92' lang='lat' dir='ltr'><strong>in</strong></span> <span class='ocrx_word' id='word_1_480' title='bbox 1286 4203 1602 4267; x_wconf 85' lang='lat' dir='ltr'><strong>posterum?</strong></span> <span class='ocrx_word' id='word_1_481' title='bbox 1652 4204 1958 4266; x_wconf 83' lang='lat' dir='ltr'><strong>llemineris</strong></span> <span class='ocrx_word' id='word_1_482' title='bbox 1995 4213 2135 4283; x_wconf 90' lang='lat' dir='ltr'><strong>volo,</strong></span> 
     </span>
    </p>
   </div>
   <div class='ocr_carea' id='block_1_74' title="bbox 550 4283 2135 4373">
    <p class='ocr_par' dir='ltr' id='par_1_74' title="bbox 550 4283 2135 4373">
     <span class='ocr_line' id='line_1_74' title="bbox 550 4283 2135 4373; baseline 0.017 -36"><span class='ocrx_word' id='word_1_483' title='bbox 550 4283 805 4355; x_wconf 89' lang='lat' dir='ltr'><strong>quidquid</strong></span> <span class='ocrx_word' id='word_1_484' title='bbox 840 4301 871 4341; x_wconf 93' lang='lat' dir='ltr'><strong>a</strong></span> <span class='ocrx_word' id='word_1_485' title='bbox 902 4302 988 4343; x_wconf 91' lang='lat' dir='ltr'><strong>me</strong></span> <span class='ocrx_word' id='word_1_486' title='bbox 1015 4290 1280 4345; x_wconf 90' lang='lat' dir='ltr'><strong>sermonis</strong></span> <span class='ocrx_word' id='word_1_487' title='bbox 1338 4297 1611 4366; x_wconf 87' lang='lat' dir='ltr'><strong>acceperis</strong></span> <span class='ocrx_word' id='word_1_488' title='bbox 1634 4338 1651 4364; x_wconf 92' lang='lat'><strong>,</strong></span> <span class='ocrx_word' id='word_1_489' title='bbox 1700 4299 1940 4373; x_wconf 89' lang='lat' dir='ltr'><strong>obsequii</strong></span> <span class='ocrx_word' id='word_1_490' title='bbox 1992 4320 2135 4373; x_wconf 87' lang='lat' dir='ltr'><strong>esse,</strong></span> 
     </span>
    </p>
   </div>
   <div class='ocr_carea' id='block_1_75' title="bbox 552 4374 993 4431">
    <p class='ocr_par' dir='ltr' id='par_1_75' title="bbox 552 4374 993 4431">
     <span class='ocr_line' id='line_1_75' title="bbox 552 4374 993 4431; baseline 0.007 -5"><span class='ocrx_word' id='word_1_491' title='bbox 552 4386 658 4427; x_wconf 91' lang='lat' dir='ltr'><strong>non</strong></span> <span class='ocrx_word' id='word_1_492' title='bbox 688 4374 809 4429; x_wconf 93' lang='lat' dir='ltr'><strong>otii.</strong></span> <span class='ocrx_word' id='word_1_493' title='bbox 847 4374 993 4431; x_wconf 91' lang='lat' dir='ltr'><strong>Vale.</strong></span> 
     </span>
    </p>
   </div>
   <div class='ocr_carea' id='block_1_76' title="bbox 1166 4470 1532 4532">
    <p class='ocr_par' dir='ltr' id='par_1_76' title="bbox 1166 4470 1532 4532">
     <span class='ocr_line' id='line_1_76' title="bbox 1166 4470 1532 4532; baseline 0.022 -8"><span class='ocrx_word' id='word_1_494' title='bbox 1166 4470 1380 4529; x_wconf 81' lang='lat' dir='ltr'><strong>EPIST.</strong></span> <span class='ocrx_word' id='word_1_495' title='bbox 1424 4475 1532 4532; x_wconf 85' lang='lat' dir='ltr'><strong>LX.</strong></span> 
     </span>
    </p>
   </div>
   <div class='ocr_carea' id='block_1_77' title="bbox 1078 4598 1603 4649">
    <p class='ocr_par' dir='ltr' id='par_1_77' title="bbox 1078 4598 1603 4649">
     <span class='ocr_line' id='line_1_77' title="bbox 1078 4598 1603 4649; baseline 0.021 -11"><span class='ocrx_word' id='word_1_496' title='bbox 1078 4598 1387 4645; x_wconf 70' lang='lat' dir='ltr'><strong>SYIIACRUS</strong></span> <span class='ocrx_word' id='word_1_497' title='bbox 1417 4605 1603 4649; x_wconf 70' lang='lat' dir='ltr'><strong>PROBO.</strong></span> 
     </span>
    </p>
   </div>
   <div class='ocr_carea' id='block_1_78' title="bbox 616 4692 2130 4781">
    <p class='ocr_par' dir='ltr' id='par_1_78' title="bbox 616 4692 2130 4781">
     <span class='ocr_line' id='line_1_78' title="bbox 616 4692 2130 4781; baseline 0.019 -34"><span class='ocrx_word' id='word_1_498' title='bbox 616 4692 741 4748; x_wconf 90' lang='lat' dir='ltr'><strong>Scio</strong></span> <span class='ocrx_word' id='word_1_499' title='bbox 768 4701 820 4751; x_wconf 90' lang='lat' dir='ltr'><strong>te</strong></span> <span class='ocrx_word' id='word_1_500' title='bbox 846 4711 951 4752; x_wconf 91' lang='lat' dir='ltr'><strong>non</strong></span> <span class='ocrx_word' id='word_1_501' title='bbox 982 4698 1316 4757; x_wconf 87' lang='lat' dir='ltr'><strong>fortunarum</strong></span> <span class='ocrx_word' id='word_1_502' title='bbox 1360 4702 1559 4760; x_wconf 90' lang='lat' dir='ltr'><strong>habere</strong></span> <span class='ocrx_word' id='word_1_503' title='bbox 1586 4704 1863 4781; x_wconf 88' lang='lat' dir='ltr'><strong>dilectum,</strong></span> <span class='ocrx_word' id='word_1_504' title='bbox 1893 4715 1986 4772; x_wconf 85' lang='lat' dir='ltr'><strong>sed</strong></span> <span class='ocrx_word' id='word_1_505' title='bbox 2016 4732 2130 4775; x_wconf 88' lang='lat' dir='ltr'><strong>me-</strong></span> 
     </span>
    </p>
   </div>
   <div class='ocr_carea' id='block_1_79' title="bbox 548 4788 2129 4868">
    <p class='ocr_par' dir='ltr' id='par_1_79' title="bbox 548 4788 2129 4868">
     <span class='ocr_line' id='line_1_79' title="bbox 548 4788 2129 4868; baseline 0.016 -27"><span class='ocrx_word' id='word_1_506' title='bbox 548 4788 790 4843; x_wconf 88' lang='lat' dir='ltr'><strong>ritorum.</strong></span> <span class='ocrx_word' id='word_1_507' title='bbox 821 4789 1092 4849; x_wconf 86' lang='lat' dir='ltr'><strong>Romanus</strong></span> <span class='ocrx_word' id='word_1_508' title='bbox 1119 4795 1396 4853; x_wconf 87' lang='lat' dir='ltr'><strong>familiaris</strong></span> <span class='ocrx_word' id='word_1_509' title='bbox 1421 4816 1573 4858; x_wconf 89' lang='lat' dir='ltr'><strong>meus</strong></span> <span class='ocrx_word' id='word_1_510' title='bbox 1597 4805 1782 4860; x_wconf 90' lang='lat' dir='ltr'><strong>aulicis</strong></span> <span class='ocrx_word' id='word_1_511' title='bbox 1803 4806 1965 4864; x_wconf 88' lang='lat' dir='ltr'><strong>etiam</strong></span> <span class='ocrx_word' id='word_1_512' title='bbox 1987 4826 2129 4868; x_wconf 91' lang='lat' dir='ltr'><strong>nunc</strong></span> 
     </span>
    </p>
   </div>
   <div class='ocr_carea' id='block_1_80' title="bbox 547 4883 2133 4961">
    <p class='ocr_par' dir='ltr' id='par_1_80' title="bbox 547 4883 2133 4961">
     <span class='ocr_line' id='line_1_80' title="bbox 547 4883 2133 4961; baseline 0.019 -29"><span class='ocrx_word' id='word_1_513' title='bbox 547 4890 696 4950; x_wconf 89' lang='lat' dir='ltr'><strong>paret</strong></span> <span class='ocrx_word' id='word_1_514' title='bbox 724 4883 918 4939; x_wconf 86' lang='lat' dir='ltr'><strong>officiis</strong></span> <span class='ocrx_word' id='word_1_515' title='bbox 938 4925 953 4949; x_wconf 96' lang='lat'><strong>,</strong></span> <span class='ocrx_word' id='word_1_516' title='bbox 983 4896 1162 4956; x_wconf 87' lang='lat' dir='ltr'><strong>utpote</strong></span> <span class='ocrx_word' id='word_1_517' title='bbox 1188 4890 1324 4946; x_wconf 87' lang='lat' dir='ltr'><strong>sacri</strong></span> <span class='ocrx_word' id='word_1_518' title='bbox 1351 4892 1665 4952; x_wconf 83' lang='lat' dir='ltr'><strong>administer</strong></span> <span class='ocrx_word' id='word_1_519' title='bbox 1693 4902 1886 4955; x_wconf 76' lang='lat' dir='ltr'><strong>:crarii.</strong></span> <span class='ocrx_word' id='word_1_520' title='bbox 1919 4902 2024 4960; x_wconf 90' lang='lat' dir='ltr'><strong>Sed</strong></span> <span class='ocrx_word' id='word_1_521' title='bbox 2048 4907 2133 4961; x_wconf 91' lang='lat' dir='ltr'><strong>in-</strong></span> 
     </span>
    </p>
   </div>
   <div class='ocr_carea' id='block_1_81' title="bbox 544 4979 2130 5062">
    <p class='ocr_par' dir='ltr' id='par_1_81' title="bbox 544 4979 2130 5062">
     <span class='ocr_line' id='line_1_81' title="bbox 544 4979 2130 5062; baseline 0.017 -36"><span class='ocrx_word' id='word_1_522' title='bbox 544 4983 836 5030; x_wconf 83' lang='lat' dir='ltr'><strong>strumenta</strong></span> <span class='ocrx_word' id='word_1_523' title='bbox 866 4979 1144 5047; x_wconf 86' lang='lat' dir='ltr'><strong>probitatis</strong></span> <span class='ocrx_word' id='word_1_524' title='bbox 1169 4985 1268 5037; x_wconf 90' lang='lat' dir='ltr'><strong>sub</strong></span> <span class='ocrx_word' id='word_1_525' title='bbox 1295 5000 1393 5040; x_wconf 82' lang='lat' dir='ltr'><strong>usu</strong></span> <span class='ocrx_word' id='word_1_526' title='bbox 1421 4986 1638 5045; x_wconf 90' lang='lat' dir='ltr'><strong>honoris</strong></span> <span class='ocrx_word' id='word_1_527' title='bbox 1667 4992 1919 5049; x_wconf 81' lang='lat' dir='ltr'><strong>excoluit.</strong></span> <span class='ocrx_word' id='word_1_528' title='bbox 1951 4996 2130 5062; x_wconf 85' lang='lat' dir='ltr'><strong>Quare</strong></span> 
     </span>
    </p>
   </div>
   <div class='ocr_carea' id='block_1_82' title="bbox 542 5066 2127 5152">
    <p class='ocr_par' dir='ltr' id='par_1_82' title="bbox 542 5066 2127 5152">
     <span class='ocr_line' id='line_1_82' title="bbox 542 5066 2127 5152; baseline 0.017 -33"><span class='ocrx_word' id='word_1_529' title='bbox 542 5066 771 5136; x_wconf 83' lang='lat' dir='ltr'><strong>dignitas</strong></span> <span class='ocrx_word' id='word_1_530' title='bbox 814 5069 900 5122; x_wconf 90' lang='lat' dir='ltr'><strong>illa</strong></span> <span class='ocrx_word' id='word_1_531' title='bbox 947 5081 1028 5125; x_wconf 88' lang='lat' dir='ltr'><strong>est</strong></span> <span class='ocrx_word' id='word_1_532' title='bbox 1070 5076 1365 5142; x_wconf 89' lang='lat' dir='ltr'><strong>promiscua</strong></span> <span class='ocrx_word' id='word_1_533' title='bbox 1397 5094 1516 5135; x_wconf 92' lang='lat' dir='ltr'><strong>cum</strong></span> <span class='ocrx_word' id='word_1_534' title='bbox 1560 5082 1837 5152; x_wconf 84' lang='lat' dir='ltr'><strong>plurimis,</strong></span> <span class='ocrx_word' id='word_1_535' title='bbox 1875 5087 2127 5146; x_wconf 86' lang='lat' dir='ltr'><strong>honestas</strong></span> 
     </span>
    </p>
   </div>
   <div class='ocr_carea' id='block_1_83' title="bbox 542 5164 2126 5249">
    <p class='ocr_par' dir='ltr' id='par_1_83' title="bbox 542 5164 2126 5249">
     <span class='ocr_line' id='line_1_83' title="bbox 542 5164 2126 5249; baseline 0.017 -38"><span class='ocrx_word' id='word_1_536' title='bbox 542 5173 694 5227; x_wconf 74' lang='lat' dir='ltr'><strong>mqua</strong></span> <span class='ocrx_word' id='word_1_537' title='bbox 722 5174 841 5214; x_wconf 91' lang='lat' dir='ltr'><strong>cum</strong></span> <span class='ocrx_word' id='word_1_538' title='bbox 873 5164 1075 5229; x_wconf 88' lang='lat' dir='ltr'><strong>paucis.</strong></span> <span class='ocrx_word' id='word_1_539' title='bbox 1118 5168 1267 5232; x_wconf 87' lang='lat' dir='ltr'><strong>Quod</strong></span> <span class='ocrx_word' id='word_1_540' title='bbox 1310 5184 1375 5225; x_wconf 94' lang='lat' dir='ltr'><strong>co</strong></span> <span class='ocrx_word' id='word_1_541' title='bbox 1406 5178 1805 5233; x_wconf 90' lang='lat' dir='ltr'><strong>memorandum</strong></span> <span class='ocrx_word' id='word_1_542' title='bbox 1838 5182 2040 5249; x_wconf 87' lang='lat' dir='ltr'><strong>putavi,</strong></span> <span class='ocrx_word' id='word_1_543' title='bbox 2069 5192 2126 5238; x_wconf 91' lang='lat' dir='ltr'><strong>ut</strong></span> 
     </span>
    </p>
   </div>
   <div class='ocr_carea' id='block_1_84' title="bbox 542 5258 2124 5339">
    <p class='ocr_par' dir='ltr' id='par_1_84' title="bbox 542 5258 2124 5339">
     <span class='ocr_line' id='line_1_84' title="bbox 542 5258 2124 5339; baseline 0.02 -39"><span class='ocrx_word' id='word_1_544' title='bbox 542 5260 573 5299; x_wconf 89' lang='lat' dir='ltr'><strong>a</strong></span> <span class='ocrx_word' id='word_1_545' title='bbox 602 5258 653 5303; x_wconf 89' lang='lat' dir='ltr'><strong>te</strong></span> <span class='ocrx_word' id='word_1_546' title='bbox 681 5265 892 5321; x_wconf 89' lang='lat' dir='ltr'><strong>quoque</strong></span> <span class='ocrx_word' id='word_1_547' title='bbox 923 5268 1021 5323; x_wconf 93' lang='lat' dir='ltr'><strong>pro</strong></span> <span class='ocrx_word' id='word_1_548' title='bbox 1049 5263 1253 5314; x_wconf 86' lang='lat' dir='ltr'><strong>ratione</strong></span> <span class='ocrx_word' id='word_1_549' title='bbox 1284 5262 1430 5328; x_wconf 67' lang='lat' dir='ltr'><strong>vitae,</strong></span> <span class='ocrx_word' id='word_1_550' title='bbox 1464 5280 1568 5320; x_wconf 81' lang='lat' dir='ltr'><strong>non</strong></span> <span class='ocrx_word' id='word_1_551' title='bbox 1601 5282 1700 5337; x_wconf 92' lang='lat' dir='ltr'><strong>pro</strong></span> <span class='ocrx_word' id='word_1_552' title='bbox 1723 5271 1889 5339; x_wconf 85' lang='lat' dir='ltr'><strong>gradu</strong></span> <span class='ocrx_word' id='word_1_553' title='bbox 1920 5273 2124 5330; x_wconf 69' lang='lat' dir='ltr'><strong>militiae</strong></span> 
     </span>
    </p>
   </div>
   <div class='ocr_carea' id='block_1_85' title="bbox 542 5349 2122 5435">
    <p class='ocr_par' dir='ltr' id='par_1_85' title="bbox 542 5349 2122 5435">
     <span class='ocr_line' id='line_1_85' title="bbox 542 5349 2122 5435; baseline 0.019 -41"><span class='ocrx_word' id='word_1_554' title='bbox 542 5355 843 5400; x_wconf 85' lang='lat' dir='ltr'><strong>censeatur.</strong></span> <span class='ocrx_word' id='word_1_555' title='bbox 898 5349 1001 5404; x_wconf 81' lang='lat' dir='ltr'><strong>Fac</strong></span> <span class='ocrx_word' id='word_1_556' title='bbox 1036 5354 1331 5421; x_wconf 90' lang='lat' dir='ltr'><strong>periculum</strong></span> <span class='ocrx_word' id='word_1_557' title='bbox 1371 5360 1617 5416; x_wconf 80' lang='lat' dir='ltr'><strong>maximis</strong></span> <span class='ocrx_word' id='word_1_558' title='bbox 1650 5365 1700 5417; x_wconf 90' lang='lat' dir='ltr'><strong>in</strong></span> <span class='ocrx_word' id='word_1_559' title='bbox 1731 5367 1994 5435; x_wconf 81' lang='lat' dir='ltr'><strong>negotiis;</strong></span> <span class='ocrx_word' id='word_1_560' title='bbox 2040 5368 2122 5424; x_wconf 89' lang='lat' dir='ltr'><strong>fac</strong></span> 
     </span>
    </p>
   </div>
   <div class='ocr_carea' id='block_1_86' title="bbox 542 5432 2116 5525">
    <p class='ocr_par' dir='ltr' id='par_1_86' title="bbox 542 5432 2116 5525">
     <span class='ocr_line' id='line_1_86' title="bbox 542 5432 2116 5525; baseline 0.018 -38"><span class='ocrx_word' id='word_1_561' title='bbox 542 5432 597 5487; x_wconf 91' lang='lat' dir='ltr'><strong>in</strong></span> <span class='ocrx_word' id='word_1_562' title='bbox 629 5435 786 5491; x_wconf 89' lang='lat' dir='ltr'><strong>seriis</strong></span> <span class='ocrx_word' id='word_1_563' title='bbox 814 5443 1136 5500; x_wconf 89' lang='lat' dir='ltr'><strong>remissisve.</strong></span> <span class='ocrx_word' id='word_1_564' title='bbox 1166 5444 1421 5517; x_wconf 84' lang='lat' dir='ltr'><strong>Reperies</strong></span> <span class='ocrx_word' id='word_1_565' title='bbox 1453 5453 1686 5509; x_wconf 88' lang='lat' dir='ltr'><strong>hominis</strong></span> <span class='ocrx_word' id='word_1_566' title='bbox 1716 5432 1905 5511; x_wconf 78' lang='lat' dir='ltr'><strong>tectam</strong></span> <span class='ocrx_word' id='word_1_567' title='bbox 1937 5432 2116 5525; x_wconf 88' lang='lat' dir='ltr'><strong>fidem,</strong></span> 
     </span>
    </p>
   </div>
   <div class='ocr_carea' id='block_1_87' title="bbox 540 5534 2119 5615">
    <p class='ocr_par' dir='ltr' id='par_1_87' title="bbox 540 5534 2119 5615">
     <span class='ocr_line' id='line_1_87' title="bbox 540 5534 2119 5615; baseline 0.017 -35"><span class='ocrx_word' id='word_1_568' title='bbox 540 5535 811 5597; x_wconf 88' lang='lat' dir='ltr'><strong>patentem</strong></span> <span class='ocrx_word' id='word_1_569' title='bbox 842 5534 1153 5605; x_wconf 85' lang='lat' dir='ltr'><strong>religionem</strong></span> <span class='ocrx_word' id='word_1_570' title='bbox 1174 5579 1190 5605; x_wconf 93' lang='lat'><strong>,</strong></span> <span class='ocrx_word' id='word_1_571' title='bbox 1224 5541 1556 5609; x_wconf 86' lang='lat' dir='ltr'><strong>prudentiam</strong></span> <span class='ocrx_word' id='word_1_572' title='bbox 1586 5546 1827 5615; x_wconf 89' lang='lat' dir='ltr'><strong>liberam,</strong></span> <span class='ocrx_word' id='word_1_573' title='bbox 1859 5566 2119 5607; x_wconf 86' lang='lat' dir='ltr'><strong>verecun-</strong></span> 
     </span>
    </p>
   </div>
   <div class='ocr_carea' id='block_1_88' title="bbox 538 5620 2120 5710">
    <p class='ocr_par' dir='ltr' id='par_1_88' title="bbox 538 5620 2120 5710">
     <span class='ocr_line' id='line_1_88' title="bbox 538 5620 2120 5710; baseline 0.017 -37"><span class='ocrx_word' id='word_1_574' title='bbox 538 5620 681 5675; x_wconf 92' lang='lat' dir='ltr'><strong>diam</strong></span> <span class='ocrx_word' id='word_1_575' title='bbox 714 5621 1005 5683; x_wconf 89' lang='lat' dir='ltr'><strong>liberalem.</strong></span> <span class='ocrx_word' id='word_1_576' title='bbox 1058 5630 1157 5686; x_wconf 88' lang='lat' dir='ltr'><strong>Cui</strong></span> <span class='ocrx_word' id='word_1_577' title='bbox 1186 5647 1286 5704; x_wconf 89' lang='lat' dir='ltr'><strong>ego</strong></span> <span class='ocrx_word' id='word_1_578' title='bbox 1316 5646 1595 5705; x_wconf 88' lang='lat' dir='ltr'><strong>propterea</strong></span> <span class='ocrx_word' id='word_1_579' title='bbox 1646 5638 1840 5694; x_wconf 90' lang='lat' dir='ltr'><strong>factum</strong></span> <span class='ocrx_word' id='word_1_580' title='bbox 1872 5643 2023 5710; x_wconf 88' lang='lat' dir='ltr'><strong>volo,</strong></span> <span class='ocrx_word' id='word_1_581' title='bbox 2063 5653 2120 5700; x_wconf 89' lang='lat' dir='ltr'><strong>ut</strong></span> 
     </span>
    </p>
   </div>
   <div class='ocr_carea' id='block_1_89' title="bbox 538 5712 2117 5794">
    <p class='ocr_par' dir='ltr' id='par_1_89' title="bbox 538 5712 2117 5794">
     <span class='ocr_line' id='line_1_89' title="bbox 538 5712 2117 5794; baseline 0.017 -29"><span class='ocrx_word' id='word_1_582' title='bbox 538 5712 641 5767; x_wconf 91' lang='lat' dir='ltr'><strong>mei</strong></span> <span class='ocrx_word' id='word_1_583' title='bbox 673 5716 955 5774; x_wconf 87' lang='lat' dir='ltr'><strong>testimonii</strong></span> <span class='ocrx_word' id='word_1_584' title='bbox 1007 5722 1137 5779; x_wconf 82' lang='lat' dir='ltr'><strong>ﬁdes</strong></span> <span class='ocrx_word' id='word_1_585' title='bbox 1185 5727 1426 5794; x_wconf 87' lang='lat' dir='ltr'><strong>clareat,</strong></span> <span class='ocrx_word' id='word_1_586' title='bbox 1471 5737 1523 5783; x_wconf 90' lang='lat' dir='ltr'><strong>et</strong></span> <span class='ocrx_word' id='word_1_587' title='bbox 1554 5728 1645 5785; x_wconf 90' lang='lat' dir='ltr'><strong>tibi</strong></span> <span class='ocrx_word' id='word_1_588' title='bbox 1692 5731 1894 5787; x_wconf 90' lang='lat' dir='ltr'><strong>amicus</strong></span> <span class='ocrx_word' id='word_1_589' title='bbox 1922 5733 2117 5792; x_wconf 76' lang='lat' dir='ltr'><strong>limatte</strong></span> 
     </span>
    </p>
   </div>
   <div class='ocr_carea' id='block_1_90' title="bbox 538 5805 1260 5905">
    <p class='ocr_par' dir='ltr' id='par_1_90' title="bbox 538 5805 1260 5905">
     <span class='ocr_line' id='line_1_90' title="bbox 538 5805 1260 5905; baseline 0.017 -46"><span class='ocrx_word' id='word_1_590' title='bbox 538 5805 816 5875; x_wconf 82' lang='lat' dir='ltr'><strong>probitatis</strong></span> <span class='ocrx_word' id='word_1_591' title='bbox 846 5812 1079 5905; x_wconf 69' lang='lat' dir='ltr'><strong>accedat.</strong></span> <span class='ocrx_word' id='word_1_592' title='bbox 1115 5813 1260 5872; x_wconf 83' lang='lat' dir='ltr'><strong>Vale.</strong></span> 
     </span>
    </p>
   </div>
   <div class='ocr_carea' id='block_1_91' title="bbox 2822 3268 3268 3326">
    <p class='ocr_par' dir='ltr' id='par_1_91' title="bbox 2822 3268 3268 3326">
     <span class='ocr_line' id='line_1_91' title="bbox 2822 3268 3268 3326; baseline 0.002 -3"><span class='ocrx_word' id='word_1_593' title='bbox 2822 3268 3044 3325; x_wconf 85' lang='lat' dir='ltr'><strong>EPIST.</strong></span> <span class='ocrx_word' id='word_1_594' title='bbox 3085 3269 3268 3326; x_wconf 86' lang='lat' dir='ltr'><strong>LXIV.</strong></span> 
     </span>
    </p>
   </div>
   <div class='ocr_carea' id='block_1_92' title="bbox 2519 3362 3565 3417">
    <p class='ocr_par' dir='ltr' id='par_1_92' title="bbox 2519 3362 3565 3417">
     <span class='ocr_line' id='line_1_92' title="bbox 2519 3362 3565 3417; baseline 0.001 -3"><span class='ocrx_word' id='word_1_595' title='bbox 2519 3373 2831 3415; x_wconf 69' lang='lat' dir='ltr'><strong>SYHACHUS</strong></span> <span class='ocrx_word' id='word_1_596' title='bbox 2858 3375 3076 3417; x_wconf 64' lang='grc' dir='ltr'><strong>δειδιΝο</strong></span> <span class='ocrx_word' id='word_1_597' title='bbox 3110 3362 3323 3417; x_wconf 74' lang='lat' dir='ltr'><strong>&#39;I‘lClANO</strong></span> <span class='ocrx_word' id='word_1_598' title='bbox 3354 3376 3565 3416; x_wconf 73' lang='lat' dir='ltr'><strong>rsum.</strong></span> 
     </span>
    </p>
   </div>
   <div class='ocr_carea' id='block_1_93' title="bbox 2317 3471 3831 3547">
    <p class='ocr_par' dir='ltr' id='par_1_93' title="bbox 2317 3471 3831 3547">
     <span class='ocr_line' id='line_1_93' title="bbox 2317 3471 3831 3547; baseline 0.003 -21"><span class='ocrx_word' id='word_1_599' title='bbox 2317 3471 2699 3529; x_wconf 87' lang='lat' dir='ltr'><strong>Commendari</strong></span> <span class='ocrx_word' id='word_1_600' title='bbox 2725 3489 2755 3529; x_wconf 91' lang='lat' dir='ltr'><strong>a</strong></span> <span class='ocrx_word' id='word_1_601' title='bbox 2786 3488 2873 3530; x_wconf 91' lang='lat' dir='ltr'><strong>me</strong></span> <span class='ocrx_word' id='word_1_602' title='bbox 2898 3475 3209 3547; x_wconf 90' lang='lat' dir='ltr'><strong>episcopum</strong></span> <span class='ocrx_word' id='word_1_603' title='bbox 3236 3477 3372 3532; x_wconf 89' lang='lat' dir='ltr'><strong>forte</strong></span> <span class='ocrx_word' id='word_1_604' title='bbox 3398 3474 3634 3531; x_wconf 90' lang='lat' dir='ltr'><strong>mireris.</strong></span> <span class='ocrx_word' id='word_1_605' title='bbox 3664 3475 3831 3533; x_wconf 85' lang='lat' dir='ltr'><strong>Causa</strong></span> 
     </span>
    </p>
   </div>
   <div class='ocr_carea' id='block_1_94' title="bbox 2242 3563 3829 3637">
    <p class='ocr_par' dir='ltr' id='par_1_94' title="bbox 2242 3563 3829 3637">
     <span class='ocr_line' id='line_1_94' title="bbox 2242 3563 3829 3637; baseline 0.003 -19"><span class='ocrx_word' id='word_1_606' title='bbox 2242 3563 2407 3629; x_wconf 79' lang='lat' dir='ltr'><strong>istud,</strong></span> <span class='ocrx_word' id='word_1_607' title='bbox 2436 3578 2542 3619; x_wconf 92' lang='lat' dir='ltr'><strong>non</strong></span> <span class='ocrx_word' id='word_1_608' title='bbox 2579 3574 2726 3621; x_wconf 90' lang='lat' dir='ltr'><strong>secta</strong></span> <span class='ocrx_word' id='word_1_609' title='bbox 2760 3568 3047 3637; x_wconf 85' lang='lat' dir='ltr'><strong>persuasit.</strong></span> <span class='ocrx_word' id='word_1_610' title='bbox 3090 3566 3221 3622; x_wconf 82' lang='lat' dir='ltr'><strong>Nam</strong></span> <span class='ocrx_word' id='word_1_611' title='bbox 3268 3566 3517 3624; x_wconf 86' lang='lat' dir='ltr'><strong>Clemens</strong></span> <span class='ocrx_word' id='word_1_612' title='bbox 3560 3566 3690 3622; x_wconf 91' lang='lat' dir='ltr'><strong>boni</strong></span> <span class='ocrx_word' id='word_1_613' title='bbox 3736 3566 3829 3623; x_wconf 90' lang='lat' dir='ltr'><strong>viri</strong></span> 
     </span>
    </p>
   </div>
   <div class='ocr_carea' id='block_1_95' title="bbox 2244 3654 3830 3732">
    <p class='ocr_par' dir='ltr' id='par_1_95' title="bbox 2244 3654 3830 3732">
     <span class='ocr_line' id='line_1_95' title="bbox 2244 3654 3830 3732; baseline 0.005 -22"><span class='ocrx_word' id='word_1_614' title='bbox 2244 3654 2459 3713; x_wconf 88' lang='lat' dir='ltr'><strong>functus</strong></span> <span class='ocrx_word' id='word_1_615' title='bbox 2486 3658 2744 3725; x_wconf 86' lang='lat' dir='ltr'><strong>officium,</strong></span> <span class='ocrx_word' id='word_1_616' title='bbox 2772 3660 3101 3728; x_wconf 73' lang='lat' dir='ltr'><strong>Caesareum,</strong></span> <span class='ocrx_word' id='word_1_617' title='bbox 3129 3676 3249 3731; x_wconf 64' lang='lat' dir='ltr'><strong>quae</strong></span> <span class='ocrx_word' id='word_1_618' title='bbox 3280 3662 3354 3717; x_wconf 93' lang='lat' dir='ltr'><strong>illi</strong></span> <span class='ocrx_word' id='word_1_619' title='bbox 3381 3661 3548 3732; x_wconf 90' lang='lat' dir='ltr'><strong>patria</strong></span> <span class='ocrx_word' id='word_1_620' title='bbox 3576 3671 3684 3726; x_wconf 88' lang='lat' dir='ltr'><strong>est,</strong></span> <span class='ocrx_word' id='word_1_621' title='bbox 3708 3676 3830 3718; x_wconf 87' lang='lat' dir='ltr'><strong>con-</strong></span> 
     </span>
    </p>
   </div>
   <div class='ocr_carea' id='block_1_96' title="bbox 2244 3749 3825 3822">
    <p class='ocr_par' dir='ltr' id='par_1_96' title="bbox 2244 3749 3825 3822">
     <span class='ocr_line' id='line_1_96' title="bbox 2244 3749 3825 3822; baseline 0.001 -19"><span class='ocrx_word' id='word_1_622' title='bbox 2244 3749 2422 3804; x_wconf 81' lang='lat' dir='ltr'><strong>ciliata</strong></span> <span class='ocrx_word' id='word_1_623' title='bbox 2473 3751 2832 3806; x_wconf 84' lang='lat' dir='ltr'><strong>maximorum</strong></span> <span class='ocrx_word' id='word_1_624' title='bbox 2879 3752 3177 3822; x_wconf 88' lang='lat' dir='ltr'><strong>principum</strong></span> <span class='ocrx_word' id='word_1_625' title='bbox 3247 3766 3417 3822; x_wconf 89' lang='lat' dir='ltr'><strong>pace,</strong></span> <span class='ocrx_word' id='word_1_626' title='bbox 3473 3760 3679 3809; x_wconf 89' lang='lat' dir='ltr'><strong>tutatus</strong></span> <span class='ocrx_word' id='word_1_627' title='bbox 3730 3760 3825 3809; x_wconf 91' lang='lat' dir='ltr'><strong>est.</strong></span> 
     </span>
    </p>
   </div>
   <div class='ocr_carea' id='block_1_97' title="bbox 2244 3842 3824 3916">
    <p class='ocr_par' dir='ltr' id='par_1_97' title="bbox 2244 3842 3824 3916">
     <span class='ocr_line' id='line_1_97' title="bbox 2244 3842 3824 3916; baseline 0.002 -20"><span class='ocrx_word' id='word_1_628' title='bbox 2244 3842 2429 3898; x_wconf 85' lang='lat' dir='ltr'><strong>Fando</strong></span> <span class='ocrx_word' id='word_1_629' title='bbox 2469 3858 2753 3915; x_wconf 88' lang='lat' dir='ltr'><strong>acceperas</strong></span> <span class='ocrx_word' id='word_1_630' title='bbox 2778 3884 2795 3911; x_wconf 93' lang='lat'><strong>,</strong></span> <span class='ocrx_word' id='word_1_631' title='bbox 2841 3843 3133 3900; x_wconf 89' lang='lat' dir='ltr'><strong>rebellione</strong></span> <span class='ocrx_word' id='word_1_632' title='bbox 3189 3843 3469 3901; x_wconf 88' lang='lat' dir='ltr'><strong>barbarica</strong></span> <span class='ocrx_word' id='word_1_633' title='bbox 3514 3855 3652 3916; x_wconf 86' lang='lat' dir='ltr'><strong>quot</strong></span> <span class='ocrx_word' id='word_1_634' title='bbox 3694 3846 3824 3911; x_wconf 89' lang='lat' dir='ltr'><strong>auri,</strong></span> 
     </span>
    </p>
   </div>
   <div class='ocr_carea' id='block_1_98' title="bbox 2242 3935 3827 4008">
    <p class='ocr_par' dir='ltr' id='par_1_98' title="bbox 2242 3935 3827 4008">
     <span class='ocr_line' id='line_1_98' title="bbox 2242 3935 3827 4008; baseline 0.002 -19"><span class='ocrx_word' id='word_1_635' title='bbox 2242 3945 2371 4005; x_wconf 87' lang='lat' dir='ltr'><strong>quot</strong></span> <span class='ocrx_word' id='word_1_636' title='bbox 2390 3936 2596 4007; x_wconf 89' lang='lat' dir='ltr'><strong>argenti</strong></span> <span class='ocrx_word' id='word_1_637' title='bbox 2620 3936 2811 4003; x_wconf 88' lang='lat' dir='ltr'><strong>privati</strong></span> <span class='ocrx_word' id='word_1_638' title='bbox 2840 3944 2931 3991; x_wconf 90' lang='lat' dir='ltr'><strong>aut</strong></span> <span class='ocrx_word' id='word_1_639' title='bbox 2954 3935 3150 4005; x_wconf 90' lang='lat' dir='ltr'><strong>publici</strong></span> <span class='ocrx_word' id='word_1_640' title='bbox 3179 3936 3317 3991; x_wconf 90' lang='lat' dir='ltr'><strong>sacri</strong></span> <span class='ocrx_word' id='word_1_641' title='bbox 3345 3945 3399 3991; x_wconf 89' lang='lat' dir='ltr'><strong>et</strong></span> <span class='ocrx_word' id='word_1_642' title='bbox 3426 3936 3662 4008; x_wconf 83' lang='lat' dir='ltr'><strong>profani,</strong></span> <span class='ocrx_word' id='word_1_643' title='bbox 3686 3937 3827 3992; x_wconf 80' lang='lat' dir='ltr'><strong>Mau-</strong></span> 
     </span>
    </p>
   </div>
   <div class='ocr_carea' id='block_1_99' title="bbox 2241 4028 3825 4099">
    <p class='ocr_par' dir='ltr' id='par_1_99' title="bbox 2241 4028 3825 4099">
     <span class='ocr_line' id='line_1_99' title="bbox 2241 4028 3825 4099; baseline 0.001 -16"><span class='ocrx_word' id='word_1_644' title='bbox 2241 4030 2450 4084; x_wconf 68' lang='lat' dir='ltr'><strong>ritaniae</strong></span> <span class='ocrx_word' id='word_1_645' title='bbox 2478 4029 2575 4083; x_wconf 92' lang='lat' dir='ltr'><strong>fuit</strong></span> <span class='ocrx_word' id='word_1_646' title='bbox 2598 4028 2898 4099; x_wconf 82' lang='lat' dir='ltr'><strong>direptione</strong></span> <span class='ocrx_word' id='word_1_647' title='bbox 2921 4028 3154 4084; x_wconf 90' lang='lat' dir='ltr'><strong>hostium</strong></span> <span class='ocrx_word' id='word_1_648' title='bbox 3178 4028 3524 4085; x_wconf 89' lang='lat' dir='ltr'><strong>lancinatum.</strong></span> <span class='ocrx_word' id='word_1_649' title='bbox 3552 4029 3750 4085; x_wconf 86' lang='lat' dir='ltr'><strong>Evenit</strong></span> <span class='ocrx_word' id='word_1_650' title='bbox 3766 4043 3825 4085; x_wconf 87' lang='lat' dir='ltr'><strong>ea</strong></span> 
     </span>
    </p>
   </div>
   <div class='ocr_carea' id='block_1_100' title="bbox 2244 4119 3820 4192">
    <p class='ocr_par' dir='ltr' id='par_1_100' title="bbox 2244 4119 3820 4192">
     <span class='ocr_line' id='line_1_100' title="bbox 2244 4119 3820 4192; baseline 0 -17"><span class='ocrx_word' id='word_1_651' title='bbox 2244 4128 2582 4192; x_wconf 82' lang='lat' dir='ltr'><strong>tempestate,</strong></span> <span class='ocrx_word' id='word_1_652' title='bbox 2615 4132 2673 4176; x_wconf 89' lang='lat' dir='ltr'><strong>ut</strong></span> <span class='ocrx_word' id='word_1_653' title='bbox 2702 4122 2863 4176; x_wconf 89' lang='lat' dir='ltr'><strong>etiam</strong></span> <span class='ocrx_word' id='word_1_654' title='bbox 2892 4119 3007 4176; x_wconf 87' lang='lat' dir='ltr'><strong>fisci</strong></span> <span class='ocrx_word' id='word_1_655' title='bbox 3035 4121 3335 4191; x_wconf 90' lang='lat' dir='ltr'><strong>depositum</strong></span> <span class='ocrx_word' id='word_1_656' title='bbox 3364 4121 3489 4177; x_wconf 90' lang='lat' dir='ltr'><strong>belli</strong></span> <span class='ocrx_word' id='word_1_657' title='bbox 3516 4120 3639 4190; x_wconf 89' lang='lat' dir='ltr'><strong>jure</strong></span> <span class='ocrx_word' id='word_1_658' title='bbox 3670 4134 3820 4190; x_wconf 88' lang='lat' dir='ltr'><strong>rape-</strong></span> 
     </span>
    </p>
   </div>
   <div class='ocr_carea' id='block_1_101' title="bbox 2241 4212 3822 4283">
    <p class='ocr_par' dir='ltr' id='par_1_101' title="bbox 2241 4212 3822 4283">
     <span class='ocr_line' id='line_1_101' title="bbox 2241 4212 3822 4283; baseline -0.001 -15"><span class='ocrx_word' id='word_1_659' title='bbox 2241 4222 2388 4269; x_wconf 89' lang='lat' dir='ltr'><strong>retur</strong></span> <span class='ocrx_word' id='word_1_660' title='bbox 2418 4230 2431 4268; x_wconf 92' lang='lat'><strong>:</strong></span> <span class='ocrx_word' id='word_1_661' title='bbox 2460 4213 2602 4283; x_wconf 91' lang='lat' dir='ltr'><strong>quod</strong></span> <span class='ocrx_word' id='word_1_662' title='bbox 2634 4229 2662 4267; x_wconf 91' lang='lat' dir='ltr'><strong>a</strong></span> <span class='ocrx_word' id='word_1_663' title='bbox 2692 4213 3045 4269; x_wconf 87' lang='lat' dir='ltr'><strong>summatibus</strong></span> <span class='ocrx_word' id='word_1_664' title='bbox 3091 4212 3325 4268; x_wconf 87' lang='lat' dir='ltr'><strong>civitatis</strong></span> <span class='ocrx_word' id='word_1_665' title='bbox 3349 4253 3364 4281; x_wconf 92' lang='lat'><strong>,</strong></span> <span class='ocrx_word' id='word_1_666' title='bbox 3412 4226 3545 4283; x_wconf 90' lang='lat' dir='ltr'><strong>quos</strong></span> <span class='ocrx_word' id='word_1_667' title='bbox 3591 4212 3822 4283; x_wconf 89' lang='lat' dir='ltr'><strong>reliquos</strong></span> 
     </span>
    </p>
   </div>
   <div class='ocr_carea' id='block_1_102' title="bbox 2240 4304 3820 4378">
    <p class='ocr_par' dir='ltr' id='par_1_102' title="bbox 2240 4304 3820 4378">
     <span class='ocr_line' id='line_1_102' title="bbox 2240 4304 3820 4378; baseline -0.002 -17"><span class='ocrx_word' id='word_1_668' title='bbox 2240 4306 2361 4378; x_wconf 89' lang='lat' dir='ltr'><strong>fuga</strong></span> <span class='ocrx_word' id='word_1_669' title='bbox 2393 4306 2612 4373; x_wconf 87' lang='lat' dir='ltr'><strong>fecerat,</strong></span> <span class='ocrx_word' id='word_1_670' title='bbox 2642 4306 2730 4376; x_wconf 89' lang='lat' dir='ltr'><strong>jus</strong></span> <span class='ocrx_word' id='word_1_671' title='bbox 2755 4306 2933 4361; x_wconf 68' lang='lat' dir='ltr'><strong>aerarii</strong></span> <span class='ocrx_word' id='word_1_672' title='bbox 2959 4305 3295 4375; x_wconf 88' lang='lat' dir='ltr'><strong>reposcebat.</strong></span> <span class='ocrx_word' id='word_1_673' title='bbox 3327 4304 3520 4360; x_wconf 80' lang='lat' dir='ltr'><strong>Misera</strong></span> <span class='ocrx_word' id='word_1_674' title='bbox 3549 4314 3605 4360; x_wconf 92' lang='lat' dir='ltr'><strong>et</strong></span> <span class='ocrx_word' id='word_1_675' title='bbox 3628 4304 3820 4360; x_wconf 86' lang='lat' dir='ltr'><strong>acerba</strong></span> 
     </span>
    </p>
   </div>
   <div class='ocr_carea' id='block_1_103' title="bbox 2239 4398 3821 4470">
    <p class='ocr_par' dir='ltr' id='par_1_103' title="bbox 2239 4398 3821 4470">
     <span class='ocr_line' id='line_1_103' title="bbox 2239 4398 3821 4470; baseline -0.003 -14"><span class='ocrx_word' id='word_1_676' title='bbox 2239 4398 2517 4465; x_wconf 89' lang='lat' dir='ltr'><strong>conditio,</strong></span> <span class='ocrx_word' id='word_1_677' title='bbox 2564 4400 2666 4454; x_wconf 91' lang='lat' dir='ltr'><strong>nisi</strong></span> <span class='ocrx_word' id='word_1_678' title='bbox 2714 4399 2930 4455; x_wconf 88' lang='lat' dir='ltr'><strong>tristitia</strong></span> <span class='ocrx_word' id='word_1_679' title='bbox 2973 4408 3271 4470; x_wconf 90' lang='lat' dir='ltr'><strong>temporum</strong></span> <span class='ocrx_word' id='word_1_680' title='bbox 3319 4399 3609 4454; x_wconf 85' lang='lat' dir='ltr'><strong>Clementis</strong></span> <span class='ocrx_word' id='word_1_681' title='bbox 3640 4412 3821 4454; x_wconf 91' lang='lat' dir='ltr'><strong>curam</strong></span> 
     </span>
    </p>
   </div>
   <div class='ocr_carea' id='block_1_104' title="bbox 2238 4492 3821 4564">
    <p class='ocr_par' dir='ltr' id='par_1_104' title="bbox 2238 4492 3821 4564">
     <span class='ocr_line' id='line_1_104' title="bbox 2238 4492 3821 4564; baseline -0.001 -16"><span class='ocrx_word' id='word_1_682' title='bbox 2238 4494 2529 4558; x_wconf 87' lang='lat' dir='ltr'><strong>movisset;</strong></span> <span class='ocrx_word' id='word_1_683' title='bbox 2570 4507 2727 4563; x_wconf 89' lang='lat' dir='ltr'><strong>quem</strong></span> <span class='ocrx_word' id='word_1_684' title='bbox 2759 4508 2858 4564; x_wconf 91' lang='lat' dir='ltr'><strong>ego</strong></span> <span class='ocrx_word' id='word_1_685' title='bbox 2883 4507 2989 4549; x_wconf 87' lang='lat' dir='ltr'><strong>non</strong></span> <span class='ocrx_word' id='word_1_686' title='bbox 3028 4494 3206 4548; x_wconf 91' lang='lat' dir='ltr'><strong>minus</strong></span> <span class='ocrx_word' id='word_1_687' title='bbox 3232 4492 3386 4549; x_wconf 70' lang='lat' dir='ltr'><strong>fama:</strong></span> <span class='ocrx_word' id='word_1_688' title='bbox 3425 4494 3629 4561; x_wconf 70' lang='lat' dir='ltr'><strong>saeculi,</strong></span> <span class='ocrx_word' id='word_1_689' title='bbox 3664 4505 3821 4563; x_wconf 91' lang='lat' dir='ltr'><strong>quam</strong></span> 
     </span>
    </p>
   </div>
   <div class='ocr_carea' id='block_1_105' title="bbox 2154 4583 3819 4654">
    <p class='ocr_par' dir='ltr' id='par_1_105' title="bbox 2154 4583 3819 4654">
     <span class='ocr_line' id='line_1_105' title="bbox 2154 4583 3819 4654; baseline -0.001 -14"><span class='ocrx_word' id='word_1_690' title='bbox 2154 4584 2426 4654; x_wconf 83' lang='lat' dir='ltr'><strong>Dcivium</strong></span> <span class='ocrx_word' id='word_1_691' title='bbox 2467 4584 2738 4639; x_wconf 83' lang='lat' dir='ltr'><strong>securitati</strong></span> <span class='ocrx_word' id='word_1_692' title='bbox 2778 4584 3149 4640; x_wconf 90' lang='lat' dir='ltr'><strong>commodasse</strong></span> <span class='ocrx_word' id='word_1_693' title='bbox 3195 4584 3442 4639; x_wconf 78' lang='lat' dir='ltr'><strong>dixerim.</strong></span> <span class='ocrx_word' id='word_1_694' title='bbox 3493 4585 3633 4651; x_wconf 84' lang='lat' dir='ltr'><strong>Quid</strong></span> <span class='ocrx_word' id='word_1_695' title='bbox 3679 4583 3819 4640; x_wconf 88' lang='lat' dir='ltr'><strong>enim</strong></span> 
     </span>
    </p>
   </div>
   <div class='ocr_carea' id='block_1_106' title="bbox 2232 4678 3818 4751">
    <p class='ocr_par' dir='ltr' id='par_1_106' title="bbox 2232 4678 3818 4751">
     <span class='ocr_line' id='line_1_106' title="bbox 2232 4678 3818 4751; baseline 0.002 -17"><span class='ocrx_word' id='word_1_696' title='bbox 2232 4688 2428 4749; x_wconf 65' lang='lat' dir='ltr'><strong>printer</strong></span> <span class='ocrx_word' id='word_1_697' title='bbox 2456 4678 2709 4733; x_wconf 90' lang='lat' dir='ltr'><strong>invidiam</strong></span> <span class='ocrx_word' id='word_1_698' title='bbox 2757 4680 2980 4735; x_wconf 90' lang='lat' dir='ltr'><strong>referret</strong></span> <span class='ocrx_word' id='word_1_699' title='bbox 3012 4680 3261 4735; x_wconf 70' lang='lat' dir='ltr'><strong>aerarium</strong></span> <span class='ocrx_word' id='word_1_700' title='bbox 3287 4722 3302 4749; x_wconf 94' lang='lat'><strong>,</strong></span> <span class='ocrx_word' id='word_1_701' title='bbox 3343 4682 3387 4735; x_wconf 89' lang='lat' dir='ltr'><strong>si</strong></span> <span class='ocrx_word' id='word_1_702' title='bbox 3427 4695 3557 4751; x_wconf 91' lang='lat' dir='ltr'><strong>opes</strong></span> <span class='ocrx_word' id='word_1_703' title='bbox 3581 4680 3651 4736; x_wconf 91' lang='lat' dir='ltr'><strong>ab</strong></span> <span class='ocrx_word' id='word_1_704' title='bbox 3677 4680 3818 4751; x_wconf 83' lang='lat' dir='ltr'><strong>inopi</strong></span> 
     </span>
    </p>
   </div>
   <div class='ocr_carea' id='block_1_107' title="bbox 2231 4771 3819 4841">
    <p class='ocr_par' dir='ltr' id='par_1_107' title="bbox 2231 4771 3819 4841">
     <span class='ocr_line' id='line_1_107' title="bbox 2231 4771 3819 4841; baseline 0.003 -17"><span class='ocrx_word' id='word_1_705' title='bbox 2231 4771 2378 4825; x_wconf 88' lang='lat' dir='ltr'><strong>curia</strong></span> <span class='ocrx_word' id='word_1_706' title='bbox 2408 4772 2800 4840; x_wconf 88' lang='lat' dir='ltr'><strong>poscerentur?</strong></span> <span class='ocrx_word' id='word_1_707' title='bbox 2830 4772 3005 4827; x_wconf 84' lang='lat' dir='ltr'><strong>Habes</strong></span> <span class='ocrx_word' id='word_1_708' title='bbox 3033 4773 3278 4827; x_wconf 85' lang='lat' dir='ltr'><strong>ordinem</strong></span> <span class='ocrx_word' id='word_1_709' title='bbox 3311 4774 3407 4828; x_wconf 89' lang='lat' dir='ltr'><strong>rei.</strong></span> <span class='ocrx_word' id='word_1_710' title='bbox 3458 4773 3608 4841; x_wconf 90' lang='lat' dir='ltr'><strong>Quod</strong></span> <span class='ocrx_word' id='word_1_711' title='bbox 3655 4780 3819 4830; x_wconf 89' lang='lat' dir='ltr'><strong>restat</strong></span> 
     </span>
    </p>
   </div>
   <div class='ocr_carea' id='block_1_108' title="bbox 2232 4865 3814 4937">
    <p class='ocr_par' dir='ltr' id='par_1_108' title="bbox 2232 4865 3814 4937">
     <span class='ocr_line' id='line_1_108' title="bbox 2232 4865 3814 4937; baseline 0.003 -16"><span class='ocrx_word' id='word_1_712' title='bbox 2232 4865 2459 4932; x_wconf 88' lang='lat' dir='ltr'><strong>enitere,</strong></span> <span class='ocrx_word' id='word_1_713' title='bbox 2493 4874 2550 4919; x_wconf 91' lang='lat' dir='ltr'><strong>ut</strong></span> <span class='ocrx_word' id='word_1_714' title='bbox 2580 4865 2653 4920; x_wconf 92' lang='lat' dir='ltr'><strong>tui</strong></span> <span class='ocrx_word' id='word_1_715' title='bbox 2684 4866 2944 4936; x_wconf 86' lang='lat' dir='ltr'><strong>aspiratio</strong></span> <span class='ocrx_word' id='word_1_716' title='bbox 2972 4867 3088 4922; x_wconf 87' lang='lat' dir='ltr'><strong>vela</strong></span> <span class='ocrx_word' id='word_1_717' title='bbox 3119 4866 3278 4922; x_wconf 83' lang='lat' dir='ltr'><strong>faciat</strong></span> <span class='ocrx_word' id='word_1_718' title='bbox 3311 4866 3633 4937; x_wconf 90' lang='lat' dir='ltr'><strong>impetratis.</strong></span> <span class='ocrx_word' id='word_1_719' title='bbox 3670 4869 3814 4925; x_wconf 87' lang='lat' dir='ltr'><strong>Vale.</strong></span> 
     </span>
    </p>
   </div>
   <div class='ocr_carea' id='block_1_109' title="bbox 2814 4980 3230 5037">
    <p class='ocr_par' dir='ltr' id='par_1_109' title="bbox 2814 4980 3230 5037">
     <span class='ocr_line' id='line_1_109' title="bbox 2814 4980 3230 5037; baseline 0 -1"><span class='ocrx_word' id='word_1_720' title='bbox 2814 4980 3030 5037; x_wconf 84' lang='lat' dir='ltr'><strong>EPIST.</strong></span> <span class='ocrx_word' id='word_1_721' title='bbox 3070 4980 3230 5037; x_wconf 88' lang='lat' dir='ltr'><strong>LXV.</strong></span> 
     </span>
    </p>
   </div>
   <div class='ocr_carea' id='block_1_110' title="bbox 2509 5088 3549 5132">
    <p class='ocr_par' dir='ltr' id='par_1_110' title="bbox 2509 5088 3549 5132">
     <span class='ocr_line' id='line_1_110' title="bbox 2509 5088 3549 5132; baseline 0.002 -3"><span class='ocrx_word' id='word_1_722' title='bbox 2509 5088 2815 5131; x_wconf 68' lang='lat' dir='ltr'><strong>SYHMACHUS</strong></span> <span class='ocrx_word' id='word_1_723' title='bbox 2845 5090 3063 5130; x_wconf 77' lang='lat' dir='ltr'><strong>CELSINO</strong></span> <span class='ocrx_word' id='word_1_724' title='bbox 3092 5090 3304 5131; x_wconf 75' lang='lat' dir='ltr'><strong>TICIANO</strong></span> <span class='ocrx_word' id='word_1_725' title='bbox 3332 5091 3549 5132; x_wconf 78' lang='lat' dir='ltr'><strong>FRATRI.</strong></span> 
     </span>
    </p>
   </div>
   <div class='ocr_carea' id='block_1_111' title="bbox 2300 5184 3811 5257">
    <p class='ocr_par' dir='ltr' id='par_1_111' title="bbox 2300 5184 3811 5257">
     <span class='ocr_line' id='line_1_111' title="bbox 2300 5184 3811 5257; baseline 0.001 -15"><span class='ocrx_word' id='word_1_726' title='bbox 2300 5184 2451 5242; x_wconf 89' lang='lat' dir='ltr'><strong>Scire</strong></span> <span class='ocrx_word' id='word_1_727' title='bbox 2500 5186 2736 5256; x_wconf 89' lang='lat' dir='ltr'><strong>postulas</strong></span> <span class='ocrx_word' id='word_1_728' title='bbox 2763 5226 2778 5254; x_wconf 95' lang='lat'><strong>,</strong></span> <span class='ocrx_word' id='word_1_729' title='bbox 2823 5185 2950 5257; x_wconf 92' lang='lat' dir='ltr'><strong>quid</strong></span> <span class='ocrx_word' id='word_1_730' title='bbox 2979 5187 3047 5244; x_wconf 92' lang='lat' dir='ltr'><strong>de</strong></span> <span class='ocrx_word' id='word_1_731' title='bbox 3076 5188 3467 5245; x_wconf 90' lang='lat' dir='ltr'><strong>lacessentibus</strong></span> <span class='ocrx_word' id='word_1_732' title='bbox 3496 5189 3811 5246; x_wconf 89' lang='lat' dir='ltr'><strong>sentiamus.</strong></span> 
     </span>
    </p>
   </div>
   <div class='ocr_carea' id='block_1_112' title="bbox 2226 5278 3815 5355">
    <p class='ocr_par' dir='ltr' id='par_1_112' title="bbox 2226 5278 3815 5355">
     <span class='ocr_line' id='line_1_112' title="bbox 2226 5278 3815 5355; baseline 0.003 -21"><span class='ocrx_word' id='word_1_733' title='bbox 2226 5278 2360 5335; x_wconf 85' lang='lat' dir='ltr'><strong>Nolo</strong></span> <span class='ocrx_word' id='word_1_734' title='bbox 2386 5280 2667 5335; x_wconf 89' lang='lat' dir='ltr'><strong>consilium</strong></span> <span class='ocrx_word' id='word_1_735' title='bbox 2692 5281 3060 5338; x_wconf 78' lang='lat' dir='ltr'><strong>suscensentis</strong></span> <span class='ocrx_word' id='word_1_736' title='bbox 3082 5293 3384 5353; x_wconf 88' lang='lat' dir='ltr'><strong>exspectes.</strong></span> <span class='ocrx_word' id='word_1_737' title='bbox 3411 5285 3593 5355; x_wconf 86' lang='lat' dir='ltr'><strong>Neque</strong></span> <span class='ocrx_word' id='word_1_738' title='bbox 3622 5285 3676 5339; x_wconf 92' lang='lat' dir='ltr'><strong>in</strong></span> <span class='ocrx_word' id='word_1_739' title='bbox 3699 5284 3815 5354; x_wconf 87' lang='lat' dir='ltr'><strong>ejus</strong></span> 
     </span>
    </p>
   </div>
   <div class='ocr_carea' id='block_1_113' title="bbox 2226 5370 3815 5447">
    <p class='ocr_par' dir='ltr' id='par_1_113' title="bbox 2226 5370 3815 5447">
     <span class='ocr_line' id='line_1_113' title="bbox 2226 5370 3815 5447; baseline 0.006 -24"><span class='ocrx_word' id='word_1_740' title='bbox 2226 5383 2420 5425; x_wconf 90' lang='lat' dir='ltr'><strong>noxam</strong></span> <span class='ocrx_word' id='word_1_741' title='bbox 2451 5370 2697 5439; x_wconf 84' lang='lat' dir='ltr'><strong>labores,</strong></span> <span class='ocrx_word' id='word_1_742' title='bbox 2726 5387 2886 5441; x_wconf 90' lang='lat' dir='ltr'><strong>quem</strong></span> <span class='ocrx_word' id='word_1_743' title='bbox 2914 5375 3063 5430; x_wconf 85' lang='lat' dir='ltr'><strong>vides</strong></span> <span class='ocrx_word' id='word_1_744' title='bbox 3091 5375 3362 5431; x_wconf 84' lang='lat' dir='ltr'><strong>abundare</strong></span> <span class='ocrx_word' id='word_1_745' title='bbox 3392 5376 3647 5446; x_wconf 89' lang='lat' dir='ltr'><strong>peccatis.</strong></span> <span class='ocrx_word' id='word_1_746' title='bbox 3697 5377 3815 5447; x_wconf 89' lang='lat' dir='ltr'><strong>Ipse</strong></span> 
     </span>
    </p>
   </div>
   <div class='ocr_carea' id='block_1_114' title="bbox 2224 5464 3815 5542">
    <p class='ocr_par' dir='ltr' id='par_1_114' title="bbox 2224 5464 3815 5542">
     <span class='ocr_line' id='line_1_114' title="bbox 2224 5464 3815 5542; baseline 0.005 -24"><span class='ocrx_word' id='word_1_747' title='bbox 2224 5477 2412 5519; x_wconf 87' lang='lat' dir='ltr'><strong>causas</strong></span> <span class='ocrx_word' id='word_1_748' title='bbox 2440 5464 2611 5531; x_wconf 84' lang='lat' dir='ltr'><strong>dabit,</strong></span> <span class='ocrx_word' id='word_1_749' title='bbox 2641 5480 2773 5535; x_wconf 90' lang='lat' dir='ltr'><strong>quas</strong></span> <span class='ocrx_word' id='word_1_750' title='bbox 2804 5482 2908 5524; x_wconf 93' lang='lat' dir='ltr'><strong>non</strong></span> <span class='ocrx_word' id='word_1_751' title='bbox 2938 5468 3171 5526; x_wconf 84' lang='lat' dir='ltr'><strong>videaris</strong></span> <span class='ocrx_word' id='word_1_752' title='bbox 3211 5479 3444 5542; x_wconf 89' lang='lat' dir='ltr'><strong>optasse.</strong></span> <span class='ocrx_word' id='word_1_753' title='bbox 3493 5470 3600 5525; x_wconf 89' lang='lat' dir='ltr'><strong>Sed</strong></span> <span class='ocrx_word' id='word_1_754' title='bbox 3628 5470 3696 5527; x_wconf 92' lang='lat' dir='ltr'><strong>de</strong></span> <span class='ocrx_word' id='word_1_755' title='bbox 3724 5470 3815 5526; x_wconf 90' lang='lat' dir='ltr'><strong>illo</strong></span> 
     </span>
    </p>
   </div>
   <div class='ocr_carea' id='block_1_115' title="bbox 2223 5556 3810 5632">
    <p class='ocr_par' dir='ltr' id='par_1_115' title="bbox 2223 5556 3810 5632">
     <span class='ocr_line' id='line_1_115' title="bbox 2223 5556 3810 5632; baseline 0.005 -24"><span class='ocrx_word' id='word_1_756' title='bbox 2223 5557 2355 5611; x_wconf 89' lang='lat' dir='ltr'><strong>satis</strong></span> <span class='ocrx_word' id='word_1_757' title='bbox 2386 5557 2555 5611; x_wconf 87' lang='lat' dir='ltr'><strong>habeo</strong></span> <span class='ocrx_word' id='word_1_758' title='bbox 2584 5556 2805 5613; x_wconf 87' lang='lat' dir='ltr'><strong>dictum.</strong></span> <span class='ocrx_word' id='word_1_759' title='bbox 2861 5559 3083 5617; x_wconf 86' lang='lat' dir='ltr'><strong>Veniam</strong></span> <span class='ocrx_word' id='word_1_760' title='bbox 3130 5577 3238 5632; x_wconf 91' lang='lat' dir='ltr'><strong>quo</strong></span> <span class='ocrx_word' id='word_1_761' title='bbox 3287 5578 3373 5618; x_wconf 90' lang='lat' dir='ltr'><strong>me</strong></span> <span class='ocrx_word' id='word_1_762' title='bbox 3401 5563 3548 5619; x_wconf 90' lang='lat' dir='ltr'><strong>ducit</strong></span> <span class='ocrx_word' id='word_1_763' title='bbox 3577 5563 3810 5618; x_wconf 81' lang='lat' dir='ltr'><strong>affectio.</strong></span> 
     </span>
    </p>
   </div>
   <div class='ocr_carea' id='block_1_116' title="bbox 2224 5645 3810 5725">
    <p class='ocr_par' dir='ltr' id='par_1_116' title="bbox 2224 5645 3810 5725">
     <span class='ocr_line' id='line_1_116' title="bbox 2224 5645 3810 5725; baseline 0.008 -26"><span class='ocrx_word' id='word_1_764' title='bbox 2224 5645 2459 5700; x_wconf 90' lang='lat' dir='ltr'><strong>lmmane</strong></span> <span class='ocrx_word' id='word_1_765' title='bbox 2487 5656 2741 5715; x_wconf 87' lang='lat' dir='ltr'><strong>quantum</strong></span> <span class='ocrx_word' id='word_1_766' title='bbox 2765 5664 2794 5703; x_wconf 92' lang='lat' dir='ltr'><strong>a</strong></span> <span class='ocrx_word' id='word_1_767' title='bbox 2820 5650 3009 5706; x_wconf 89' lang='lat' dir='ltr'><strong>litteris</strong></span> <span class='ocrx_word' id='word_1_768' title='bbox 3040 5653 3317 5722; x_wconf 90' lang='lat' dir='ltr'><strong>desidetis,</strong></span> <span class='ocrx_word' id='word_1_769' title='bbox 3348 5669 3522 5725; x_wconf 86' lang='lat' dir='ltr'><strong>neque</strong></span> <span class='ocrx_word' id='word_1_770' title='bbox 3553 5655 3810 5722; x_wconf 81' lang='lat' dir='ltr'><strong>metuitis,</strong></span> 
     </span>
    </p>
   </div>
   <div class='ocr_carea' id='block_1_117' title="bbox 2222 5740 3809 5816">
    <p class='ocr_par' dir='ltr' id='par_1_117' title="bbox 2222 5740 3809 5816">
     <span class='ocr_line' id='line_1_117' title="bbox 2222 5740 3809 5816; baseline 0.007 -25"><span class='ocrx_word' id='word_1_771' title='bbox 2222 5752 2290 5791; x_wconf 91' lang='lat' dir='ltr'><strong>ne</strong></span> <span class='ocrx_word' id='word_1_772' title='bbox 2321 5751 2411 5792; x_wconf 87' lang='lat' dir='ltr'><strong>vos</strong></span> <span class='ocrx_word' id='word_1_773' title='bbox 2462 5740 2667 5796; x_wconf 87' lang='lat' dir='ltr'><strong>ratione</strong></span> <span class='ocrx_word' id='word_1_774' title='bbox 2706 5743 2905 5800; x_wconf 89' lang='lat' dir='ltr'><strong>silentii</strong></span> <span class='ocrx_word' id='word_1_775' title='bbox 2947 5748 3309 5803; x_wconf 88' lang='lat' dir='ltr'><strong>mordeamus.</strong></span> <span class='ocrx_word' id='word_1_776' title='bbox 3362 5750 3496 5816; x_wconf 86' lang='lat' dir='ltr'><strong>Quid</strong></span> <span class='ocrx_word' id='word_1_777' title='bbox 3528 5749 3700 5804; x_wconf 91' lang='lat' dir='ltr'><strong>hiems</strong></span> <span class='ocrx_word' id='word_1_778' title='bbox 3729 5748 3809 5802; x_wconf 87' lang='lat' dir='ltr'><strong>fa-</strong></span> 
     </span>
    </p>
   </div>
   <div class='ocr_carea' id='block_1_118' title="bbox 2220 5830 3810 5914">
    <p class='ocr_par' dir='ltr' id='par_1_118' title="bbox 2220 5830 3810 5914">
     <span class='ocr_line' id='line_1_118' title="bbox 2220 5830 3810 5914; baseline 0.009 -33"><span class='ocrx_word' id='word_1_779' title='bbox 2220 5830 2346 5896; x_wconf 86' lang='lat' dir='ltr'><strong>ciet,</strong></span> <span class='ocrx_word' id='word_1_780' title='bbox 2374 5842 2493 5899; x_wconf 77' lang='lat' dir='ltr'><strong>qute</strong></span> <span class='ocrx_word' id='word_1_781' title='bbox 2514 5838 2655 5887; x_wconf 85' lang='lat' dir='ltr'><strong>terra</strong></span> <span class='ocrx_word' id='word_1_782' title='bbox 2688 5844 2740 5889; x_wconf 90' lang='lat' dir='ltr'><strong>et</strong></span> <span class='ocrx_word' id='word_1_783' title='bbox 2765 5837 2899 5891; x_wconf 85' lang='lat' dir='ltr'><strong>mari</strong></span> <span class='ocrx_word' id='word_1_784' title='bbox 2931 5839 3225 5895; x_wconf 86' lang='lat' dir='ltr'><strong>morabitur</strong></span> <span class='ocrx_word' id='word_1_785' title='bbox 3250 5844 3622 5898; x_wconf 84' lang='lat' dir='ltr'><strong>commeatus?</strong></span> <span class='ocrx_word' id='word_1_786' title='bbox 3649 5842 3810 5914; x_wconf 85' lang='lat' dir='ltr'><strong>Cogi-</strong></span> 
     </span>
    </p>
   </div>
  </div>
