  <div class='ocr_page' id='page_1' title='image "/cluster/home/n/w/nwhite01/storage/ocr_20150623/18/hvd.32044015471337/092.png"; bbox 0 0 4032 6458; ppageno 0'>
   <div class='ocr_carea' id='block_1_1' title="bbox 1449 308 1777 397">
    <p class='ocr_par' dir='ltr' id='par_1_1' title="bbox 1449 309 1777 372">
     <span class='ocr_line' id='line_1_1' title="bbox 1449 309 1777 372; baseline 0.012 -3"><span class='ocrx_word' id='word_1_1' title='bbox 1449 309 1777 372; x_wconf 76' lang='lat' dir='ltr'><strong>EPISTOLA</strong></span> 
     </span>
    </p>
   </div>
   <div class='ocr_carea' id='block_1_2' title="bbox 1887 308 3506 397">
    <p class='ocr_par' dir='ltr' id='par_1_2' title="bbox 1888 311 3506 397">
     <span class='ocr_line' id='line_1_2' title="bbox 1888 311 3506 397; baseline 0.015 -26"><span class='ocrx_word' id='word_1_2' title='bbox 1888 317 1933 371; x_wconf 78' lang='grc' dir='ltr'><strong>Μ</strong></span> <span class='ocrx_word' id='word_1_3' title='bbox 1975 311 2181 376; x_wconf 81' lang='lat' dir='ltr'><strong>LIBER</strong></span> <span class='ocrx_word' id='word_1_4' title='bbox 2212 315 2254 377; x_wconf 83' lang='lat' dir='ltr'><strong>I.</strong></span> <span class='ocrx_word' id='word_1_5' title='bbox 3394 330 3506 397; x_wconf 76' lang='grc' dir='ltr'><strong>ιτο</strong></span> 
     </span>
    </p>
   </div>
   <div class='ocr_carea' id='block_1_3' title="bbox 201 424 3506 523">
    <p class='ocr_par' dir='ltr' id='par_1_3' title="bbox 201 424 3506 523">
     <span class='ocr_line' id='line_1_3' title="bbox 201 424 3506 523; baseline 0.012 -47"><span class='ocrx_word' id='word_1_6' title='bbox 201 432 302 482; x_wconf 74' lang='lat' dir='ltr'><strong>late</strong></span> <span class='ocrx_word' id='word_1_7' title='bbox 329 431 494 480; x_wconf 80' lang='lat' dir='ltr'><strong>vestri</strong></span> <span class='ocrx_word' id='word_1_8' title='bbox 523 424 689 482; x_wconf 77' lang='lat' dir='ltr'><strong>ofﬁcii</strong></span> <span class='ocrx_word' id='word_1_9' title='bbox 724 426 1100 484; x_wconf 69' lang='lat' dir='ltr'><strong>necessitatem</strong></span> <span class='ocrx_word' id='word_1_10' title='bbox 1123 468 1142 495; x_wconf 93' lang='lat'><strong>,</strong></span> <span class='ocrx_word' id='word_1_11' title='bbox 1173 436 1374 487; x_wconf 70' lang='lat' dir='ltr'><strong>nostra:</strong></span> <span class='ocrx_word' id='word_1_12' title='bbox 1418 432 1792 492; x_wconf 74' lang='lat' dir='ltr'><strong>sollicitudinis</strong></span> <span class='ocrx_word' id='word_1_13' title='bbox 1819 441 1867 500; x_wconf 79' lang='grc' dir='ltr'>Α</span> <span class='ocrx_word' id='word_1_14' title='bbox 1896 439 2059 495; x_wconf 86' lang='lat' dir='ltr'><strong>minae</strong></span> <span class='ocrx_word' id='word_1_15' title='bbox 2078 438 2321 510; x_wconf 77' lang='lat' dir='ltr'><strong>iudicum</strong></span> <span class='ocrx_word' id='word_1_16' title='bbox 2347 441 2613 511; x_wconf 59' lang='lat' dir='ltr'><strong>praesidio</strong></span> <span class='ocrx_word' id='word_1_17' title='bbox 2645 443 2952 505; x_wconf 87' lang='lat' dir='ltr'><strong>fulciantur.</strong></span> <span class='ocrx_word' id='word_1_18' title='bbox 2978 449 3239 523; x_wconf 88' lang='lat' dir='ltr'><strong>Intelligis</strong></span> <span class='ocrx_word' id='word_1_19' title='bbox 3265 469 3360 513; x_wconf 90' lang='lat' dir='ltr'><strong>eas</strong></span> <span class='ocrx_word' id='word_1_20' title='bbox 3378 470 3506 518; x_wconf 83' lang='lat' dir='ltr'><strong>esse</strong></span> 
     </span>
    </p>
   </div>
   <div class='ocr_carea' id='block_1_4' title="bbox 199 516 3492 623">
    <p class='ocr_par' dir='ltr' id='par_1_4' title="bbox 199 516 3492 623">
     <span class='ocr_line' id='line_1_4' title="bbox 199 516 3492 623; baseline 0.012 -51"><span class='ocrx_word' id='word_1_21' title='bbox 199 516 367 574; x_wconf 83' lang='lat' dir='ltr'><strong>vicem</strong></span> <span class='ocrx_word' id='word_1_22' title='bbox 391 557 409 585; x_wconf 92' lang='lat'><strong>,</strong></span> <span class='ocrx_word' id='word_1_23' title='bbox 437 532 664 589; x_wconf 84' lang='lat' dir='ltr'><strong>eamque</strong></span> <span class='ocrx_word' id='word_1_24' title='bbox 690 519 910 623; x_wconf 71' lang='lat' dir='ltr'><strong>arripite</strong></span> <span class='ocrx_word' id='word_1_25' title='bbox 936 519 1269 593; x_wconf 70' lang='lat' dir='ltr'><strong>diligentiam</strong></span> <span class='ocrx_word' id='word_1_26' title='bbox 1293 565 1311 594; x_wconf 91' lang='lat'><strong>,</strong></span> <span class='ocrx_word' id='word_1_27' title='bbox 1343 541 1508 597; x_wconf 87' lang='lat' dir='ltr'><strong>quam</strong></span> <span class='ocrx_word' id='word_1_28' title='bbox 1534 527 1606 586; x_wconf 91' lang='lat' dir='ltr'><strong>de</strong></span> <span class='ocrx_word' id='word_1_29' title='bbox 1633 529 1792 587; x_wconf 90' lang='lat' dir='ltr'><strong>nobis</strong></span> <span class='ocrx_word' id='word_1_30' title='bbox 1849 571 1855 578; x_wconf 83' lang='lat'><strong>.</strong></span> <span class='ocrx_word' id='word_1_31' title='bbox 1897 547 2158 604; x_wconf 76' lang='lat' dir='ltr'><strong>personas</strong></span> <span class='ocrx_word' id='word_1_32' title='bbox 2178 573 2197 603; x_wconf 89' lang='lat'><strong>,</strong></span> <span class='ocrx_word' id='word_1_33' title='bbox 2227 535 2420 606; x_wconf 83' lang='lat' dir='ltr'><strong>quibus</strong></span> <span class='ocrx_word' id='word_1_34' title='bbox 2453 535 2584 595; x_wconf 64' lang='lat' dir='ltr'><strong>‘hec</strong></span> <span class='ocrx_word' id='word_1_35' title='bbox 2628 539 2798 612; x_wconf 87' lang='lat' dir='ltr'><strong>gratia</strong></span> <span class='ocrx_word' id='word_1_36' title='bbox 2836 546 3008 617; x_wconf 86' lang='lat' dir='ltr'><strong>magis</strong></span> <span class='ocrx_word' id='word_1_37' title='bbox 3037 561 3104 603; x_wconf 81' lang='lat' dir='ltr'><strong>ex</strong></span> <span class='ocrx_word' id='word_1_38' title='bbox 3144 516 3246 605; x_wconf 66' lang='lat' dir='ltr'><strong>suo</strong></span> <span class='ocrx_word' id='word_1_39' title='bbox 3275 516 3492 623; x_wconf 74' lang='lat' dir='ltr'><strong>merito,</strong></span> 
     </span>
    </p>
   </div>
   <div class='ocr_carea' id='block_1_5' title="bbox 197 608 859 682">
    <p class='ocr_par' dir='ltr' id='par_1_5' title="bbox 197 608 859 682">
     <span class='ocr_line' id='line_1_5' title="bbox 197 608 859 682; baseline 0.002 -16"><span class='ocrx_word' id='word_1_40' title='bbox 197 617 378 667; x_wconf 85' lang='lat' dir='ltr'><strong>mutuo</strong></span> <span class='ocrx_word' id='word_1_41' title='bbox 403 608 680 682; x_wconf 80' lang='lat' dir='ltr'><strong>ﬂagitatis.</strong></span> <span class='ocrx_word' id='word_1_42' title='bbox 710 610 859 668; x_wconf 86' lang='lat' dir='ltr'><strong>Vale.</strong></span> 
     </span>
    </p>
   </div>
   <div class='ocr_carea' id='block_1_6' title="bbox 775 704 1224 764">
    <p class='ocr_par' dir='ltr' id='par_1_6' title="bbox 775 704 1224 764">
     <span class='ocr_line' id='line_1_6' title="bbox 775 704 1224 764; baseline 0.011 -5"><span class='ocrx_word' id='word_1_43' title='bbox 775 704 991 763; x_wconf 88' lang='lat' dir='ltr'><strong>EPIST.</strong></span> <span class='ocrx_word' id='word_1_44' title='bbox 1035 707 1224 764; x_wconf 84' lang='lat' dir='ltr'><strong>LX-VI.‘</strong></span> 
     </span>
    </p>
   </div>
   <div class='ocr_carea' id='block_1_7' title="bbox 470 811 1514 860">
    <p class='ocr_par' dir='ltr' id='par_1_7' title="bbox 470 811 1514 860">
     <span class='ocr_line' id='line_1_7' title="bbox 470 811 1514 860; baseline 0.007 -6"><span class='ocrx_word' id='word_1_45' title='bbox 470 811 778 856; x_wconf 70' lang='grc' dir='ltr'>δηιλειιυε</span> <span class='ocrx_word' id='word_1_46' title='bbox 808 814 1032 858; x_wconf 73' lang='grc' dir='ltr'>οειειιω</span> <span class='ocrx_word' id='word_1_47' title='bbox 1059 816 1272 858; x_wconf 70' lang='grc' dir='ltr'>τιωιιο</span> <span class='ocrx_word' id='word_1_48' title='bbox 1301 819 1514 860; x_wconf 69' lang='lat' dir='ltr'><strong>FRATRI.</strong></span> 
     </span>
    </p>
   </div>
   <div class='ocr_carea' id='block_1_8' title="bbox 261 891 1788 968">
    <p class='ocr_par' dir='ltr' id='par_1_8' title="bbox 261 891 1788 968">
     <span class='ocr_line' id='line_1_8' title="bbox 261 891 1788 968; baseline 0.006 -19"><span class='ocrx_word' id='word_1_49' title='bbox 261 891 533 963; x_wconf 83' lang='lat' dir='ltr'><strong>Gelasius,</strong></span> <span class='ocrx_word' id='word_1_50' title='bbox 555 893 642 949; x_wconf 89' lang='lat' dir='ltr'><strong>cui</strong></span> <span class='ocrx_word' id='word_1_51' title='bbox 669 895 868 950; x_wconf 90' lang='lat' dir='ltr'><strong>factum</strong></span> <span class='ocrx_word' id='word_1_52' title='bbox 895 897 1043 963; x_wconf 86' lang='lat' dir='ltr'><strong>volo,</strong></span> <span class='ocrx_word' id='word_1_53' title='bbox 1064 898 1361 968; x_wconf 89' lang='lat' dir='ltr'><strong>imperialis</strong></span> <span class='ocrx_word' id='word_1_54' title='bbox 1386 899 1582 957; x_wconf 88' lang='lat' dir='ltr'><strong>domus</strong></span> <span class='ocrx_word' id='word_1_55' title='bbox 1602 915 1788 958; x_wconf 90' lang='lat' dir='ltr'><strong>curam</strong></span> 
     </span>
    </p>
   </div>
   <div class='ocr_carea' id='block_1_9' title="bbox 195 987 1788 1064">
    <p class='ocr_par' dir='ltr' id='par_1_9' title="bbox 195 987 1788 1064">
     <span class='ocr_line' id='line_1_9' title="bbox 195 987 1788 1064; baseline 0.006 -24"><span class='ocrx_word' id='word_1_56' title='bbox 195 987 437 1056; x_wconf 86' lang='lat' dir='ltr'><strong>recepit,</strong></span> <span class='ocrx_word' id='word_1_57' title='bbox 479 989 623 1058; x_wconf 87' lang='lat' dir='ltr'><strong>quod</strong></span> <span class='ocrx_word' id='word_1_58' title='bbox 667 990 940 1060; x_wconf 77' lang='lat' dir='ltr'><strong>negotium</strong></span> <span class='ocrx_word' id='word_1_59' title='bbox 979 991 1028 1047; x_wconf 89' lang='lat' dir='ltr'><strong>ei</strong></span> <span class='ocrx_word' id='word_1_60' title='bbox 1059 992 1260 1063; x_wconf 90' lang='lat' dir='ltr'><strong>aliquid</strong></span> <span class='ocrx_word' id='word_1_61' title='bbox 1286 993 1560 1064; x_wconf 72' lang='lat' dir='ltr'><strong>dignitatis</strong></span> <span class='ocrx_word' id='word_1_62' title='bbox 1582 996 1788 1064; x_wconf 85' lang='lat' dir='ltr'><strong>attulit,</strong></span> 
     </span>
    </p>
   </div>
   <div class='ocr_carea' id='block_1_10' title="bbox 190 1080 1788 1151">
    <p class='ocr_par' dir='ltr' id='par_1_10' title="bbox 190 1080 1788 1151">
     <span class='ocr_line' id='line_1_10' title="bbox 190 1080 1788 1151; baseline 0.009 -17"><span class='ocrx_word' id='word_1_63' title='bbox 190 1081 279 1135; x_wconf 84' lang='lat' dir='ltr'><strong>etsi</strong></span> <span class='ocrx_word' id='word_1_64' title='bbox 315 1080 437 1151; x_wconf 87' lang='lat' dir='ltr'><strong>plus</strong></span> <span class='ocrx_word' id='word_1_65' title='bbox 465 1081 627 1138; x_wconf 79' lang='lat' dir='ltr'><strong>habet</strong></span> <span class='ocrx_word' id='word_1_66' title='bbox 671 1083 892 1140; x_wconf 84' lang='lat' dir='ltr'><strong>honoris</strong></span> <span class='ocrx_word' id='word_1_67' title='bbox 916 1086 970 1140; x_wconf 91' lang='lat' dir='ltr'><strong>in</strong></span> <span class='ocrx_word' id='word_1_68' title='bbox 999 1087 1262 1144; x_wconf 87' lang='lat' dir='ltr'><strong>oribus.</strong></span> <span class='ocrx_word' id='word_1_69' title='bbox 1311 1088 1632 1146; x_wconf 77' lang='lat' dir='ltr'><strong>Medicinam</strong></span> <span class='ocrx_word' id='word_1_70' title='bbox 1662 1105 1788 1148; x_wconf 89' lang='lat' dir='ltr'><strong>cum</strong></span> 
     </span>
    </p>
   </div>
   <div class='ocr_carea' id='block_1_11' title="bbox 189 1177 1788 1247">
    <p class='ocr_par' dir='ltr' id='par_1_11' title="bbox 189 1177 1788 1247">
     <span class='ocr_line' id='line_1_11' title="bbox 189 1177 1788 1247; baseline 0.008 -16"><span class='ocrx_word' id='word_1_71' title='bbox 189 1177 375 1247; x_wconf 88' lang='lat' dir='ltr'><strong>primis</strong></span> <span class='ocrx_word' id='word_1_72' title='bbox 415 1189 612 1235; x_wconf 69' lang='lat' dir='ltr'><strong>nostra:</strong></span> <span class='ocrx_word' id='word_1_73' title='bbox 641 1181 812 1237; x_wconf 66' lang='lat' dir='ltr'><strong>atatis</strong></span> <span class='ocrx_word' id='word_1_74' title='bbox 850 1183 1112 1246; x_wconf 81' lang='lat' dir='ltr'><strong>exercuit.</strong></span> <span class='ocrx_word' id='word_1_75' title='bbox 1154 1182 1283 1240; x_wconf 88' lang='lat' dir='ltr'><strong>Inde</strong></span> <span class='ocrx_word' id='word_1_76' title='bbox 1311 1194 1394 1240; x_wconf 84' lang='lat' dir='ltr'><strong>est</strong></span> <span class='ocrx_word' id='word_1_77' title='bbox 1421 1185 1498 1240; x_wconf 90' lang='lat' dir='ltr'><strong>illi</strong></span> <span class='ocrx_word' id='word_1_78' title='bbox 1527 1186 1611 1242; x_wconf 89' lang='lat' dir='ltr'><strong>via</strong></span> <span class='ocrx_word' id='word_1_79' title='bbox 1651 1186 1788 1244; x_wconf 87' lang='lat' dir='ltr'><strong>facta</strong></span> 
     </span>
    </p>
   </div>
   <div class='ocr_carea' id='block_1_12' title="bbox 187 1273 1788 1352">
    <p class='ocr_par' dir='ltr' id='par_1_12' title="bbox 187 1273 1788 1352">
     <span class='ocr_line' id='line_1_12' title="bbox 187 1273 1788 1352; baseline 0.007 -25"><span class='ocrx_word' id='word_1_80' title='bbox 187 1273 523 1329; x_wconf 88' lang='lat' dir='ltr'><strong>meritorum.</strong></span> <span class='ocrx_word' id='word_1_81' title='bbox 571 1273 704 1330; x_wconf 82' lang='lat' dir='ltr'><strong>Nam</strong></span> <span class='ocrx_word' id='word_1_82' title='bbox 752 1287 1048 1333; x_wconf 88' lang='lat' dir='ltr'><strong>summates</strong></span> <span class='ocrx_word' id='word_1_83' title='bbox 1085 1277 1263 1345; x_wconf 67' lang='lat' dir='ltr'><strong>aulae,</strong></span> <span class='ocrx_word' id='word_1_84' title='bbox 1300 1279 1509 1350; x_wconf 81' lang='lat' dir='ltr'><strong>quibus</strong></span> <span class='ocrx_word' id='word_1_85' title='bbox 1547 1279 1788 1352; x_wconf 77' lang='lat' dir='ltr'><strong>iuvanda</strong></span> 
     </span>
    </p>
   </div>
   <div class='ocr_carea' id='block_1_13' title="bbox 187 1365 1783 1444">
    <p class='ocr_par' dir='ltr' id='par_1_13' title="bbox 187 1365 1783 1444">
     <span class='ocr_line' id='line_1_13' title="bbox 187 1365 1783 1444; baseline 0.007 -25"><span class='ocrx_word' id='word_1_86' title='bbox 187 1366 353 1422; x_wconf 80' lang='lat' dir='ltr'><strong>salute</strong></span> <span class='ocrx_word' id='word_1_87' title='bbox 372 1365 669 1437; x_wconf 78' lang='lat' dir='ltr'><strong>profuerat,</strong></span> <span class='ocrx_word' id='word_1_88' title='bbox 698 1376 860 1424; x_wconf 82' lang='lat' dir='ltr'><strong>testes</strong></span> <span class='ocrx_word' id='word_1_89' title='bbox 885 1370 1060 1440; x_wconf 88' lang='lat' dir='ltr'><strong>potius</strong></span> <span class='ocrx_word' id='word_1_90' title='bbox 1083 1369 1289 1436; x_wconf 86' lang='lat' dir='ltr'><strong>habuit,</strong></span> <span class='ocrx_word' id='word_1_91' title='bbox 1313 1385 1476 1444; x_wconf 88' lang='lat' dir='ltr'><strong>quam</strong></span> <span class='ocrx_word' id='word_1_92' title='bbox 1501 1385 1783 1443; x_wconf 86' lang='lat' dir='ltr'><strong>patronos.</strong></span> 
     </span>
    </p>
   </div>
   <div class='ocr_carea' id='block_1_14' title="bbox 187 1459 1786 1534">
    <p class='ocr_par' dir='ltr' id='par_1_14' title="bbox 187 1459 1786 1534">
     <span class='ocr_line' id='line_1_14' title="bbox 187 1459 1786 1534; baseline 0.008 -22"><span class='ocrx_word' id='word_1_93' title='bbox 187 1459 360 1527; x_wconf 83' lang='lat' dir='ltr'><strong>Absit,</strong></span> <span class='ocrx_word' id='word_1_94' title='bbox 388 1469 449 1515; x_wconf 85' lang='lat' dir='ltr'><strong>ut</strong></span> <span class='ocrx_word' id='word_1_95' title='bbox 491 1461 588 1517; x_wconf 89' lang='lat' dir='ltr'><strong>tibi</strong></span> <span class='ocrx_word' id='word_1_96' title='bbox 617 1460 795 1517; x_wconf 82' lang='lat' dir='ltr'><strong>veniat</strong></span> <span class='ocrx_word' id='word_1_97' title='bbox 823 1477 953 1519; x_wconf 89' lang='lat' dir='ltr'><strong>usus</strong></span> <span class='ocrx_word' id='word_1_98' title='bbox 977 1464 1110 1520; x_wconf 88' lang='lat' dir='ltr'><strong>artis</strong></span> <span class='ocrx_word' id='word_1_99' title='bbox 1138 1465 1278 1534; x_wconf 79' lang='lat' dir='ltr'><strong>eius,</strong></span> <span class='ocrx_word' id='word_1_100' title='bbox 1310 1479 1433 1521; x_wconf 91' lang='lat' dir='ltr'><strong>cum</strong></span> <span class='ocrx_word' id='word_1_101' title='bbox 1458 1479 1655 1524; x_wconf 74' lang='lat' dir='ltr'><strong>caetera</strong></span> <span class='ocrx_word' id='word_1_102' title='bbox 1683 1469 1786 1524; x_wconf 86' lang='lat' dir='ltr'><strong>ho-</strong></span> 
     </span>
    </p>
   </div>
   <div class='ocr_carea' id='block_1_15' title="bbox 185 1555 1787 1630">
    <p class='ocr_par' dir='ltr' id='par_1_15' title="bbox 185 1555 1787 1630">
     <span class='ocr_line' id='line_1_15' title="bbox 185 1555 1787 1630; baseline 0.006 -24"><span class='ocrx_word' id='word_1_103' title='bbox 185 1561 519 1616; x_wconf 86' lang='lat' dir='ltr'><strong>nestamenta</strong></span> <span class='ocrx_word' id='word_1_104' title='bbox 549 1555 874 1612; x_wconf 82' lang='lat' dir='ltr'><strong>sanctissimi</strong></span> <span class='ocrx_word' id='word_1_105' title='bbox 905 1556 1005 1613; x_wconf 80' lang='lat' dir='ltr'><strong>viri</strong></span> <span class='ocrx_word' id='word_1_106' title='bbox 1030 1558 1238 1627; x_wconf 85' lang='lat' dir='ltr'><strong>possint</strong></span> <span class='ocrx_word' id='word_1_107' title='bbox 1268 1575 1365 1630; x_wconf 88' lang='lat' dir='ltr'><strong>pro</strong></span> <span class='ocrx_word' id='word_1_108' title='bbox 1393 1561 1486 1615; x_wconf 93' lang='lat' dir='ltr'><strong>illo</strong></span> <span class='ocrx_word' id='word_1_109' title='bbox 1511 1562 1647 1617; x_wconf 90' lang='lat' dir='ltr'><strong>ferre</strong></span> <span class='ocrx_word' id='word_1_110' title='bbox 1675 1562 1787 1618; x_wconf 87' lang='lat' dir='ltr'><strong>suf-</strong></span> 
     </span>
    </p>
   </div>
   <div class='ocr_carea' id='block_1_16' title="bbox 186 1646 1784 1725">
    <p class='ocr_par' dir='ltr' id='par_1_16' title="bbox 186 1646 1784 1725">
     <span class='ocr_line' id='line_1_16' title="bbox 186 1646 1784 1725; baseline 0.006 -25"><span class='ocrx_word' id='word_1_111' title='bbox 186 1646 429 1717; x_wconf 84' lang='lat' dir='ltr'><strong>fragium.</strong></span> <span class='ocrx_word' id='word_1_112' title='bbox 478 1647 621 1719; x_wconf 86' lang='lat' dir='ltr'><strong>Ergo</strong></span> <span class='ocrx_word' id='word_1_113' title='bbox 646 1663 767 1704; x_wconf 90' lang='lat' dir='ltr'><strong>ama</strong></span> <span class='ocrx_word' id='word_1_114' title='bbox 797 1649 1075 1706; x_wconf 85' lang='lat' dir='ltr'><strong>Gelasium</strong></span> <span class='ocrx_word' id='word_1_115' title='bbox 1101 1694 1118 1715; x_wconf 86' lang='lat'><strong>,</strong></span> <span class='ocrx_word' id='word_1_116' title='bbox 1157 1652 1289 1708; x_wconf 89' lang='lat' dir='ltr'><strong>mihi</strong></span> <span class='ocrx_word' id='word_1_117' title='bbox 1317 1653 1632 1724; x_wconf 86' lang='lat' dir='ltr'><strong>jamdudum</strong></span> <span class='ocrx_word' id='word_1_118' title='bbox 1672 1655 1784 1725; x_wconf 82' lang='lat' dir='ltr'><strong>pla-</strong></span> 
     </span>
    </p>
   </div>
   <div class='ocr_carea' id='block_1_17' title="bbox 184 1741 1492 1816">
    <p class='ocr_par' dir='ltr' id='par_1_17' title="bbox 184 1741 1492 1816">
     <span class='ocr_line' id='line_1_17' title="bbox 184 1741 1492 1816; baseline 0.005 -19"><span class='ocrx_word' id='word_1_119' title='bbox 184 1741 366 1809; x_wconf 86' lang='lat' dir='ltr'><strong>citum,</strong></span> <span class='ocrx_word' id='word_1_120' title='bbox 391 1741 484 1798; x_wconf 90' lang='lat' dir='ltr'><strong>tibi</strong></span> <span class='ocrx_word' id='word_1_121' title='bbox 516 1757 604 1800; x_wconf 91' lang='lat' dir='ltr'><strong>me</strong></span> <span class='ocrx_word' id='word_1_122' title='bbox 629 1743 933 1814; x_wconf 87' lang='lat' dir='ltr'><strong>spondente</strong></span> <span class='ocrx_word' id='word_1_123' title='bbox 961 1745 1308 1816; x_wconf 89' lang='lat' dir='ltr'><strong>placiturum.</strong></span> <span class='ocrx_word' id='word_1_124' title='bbox 1340 1746 1492 1804; x_wconf 86' lang='lat' dir='ltr'><strong>Vale.</strong></span> 
     </span>
    </p>
   </div>
   <div class='ocr_carea' id='block_1_18' title="bbox 747 1905 1214 1967">
    <p class='ocr_par' dir='ltr' id='par_1_18' title="bbox 747 1905 1214 1967">
     <span class='ocr_line' id='line_1_18' title="bbox 747 1905 1214 1967; baseline 0.004 -6"><span class='ocrx_word' id='word_1_125' title='bbox 747 1905 964 1967; x_wconf 85' lang='lat' dir='ltr'><strong>EPIST.</strong></span> <span class='ocrx_word' id='word_1_126' title='bbox 1007 1907 1214 1964; x_wconf 83' lang='lat' dir='ltr'><strong>LXVII.</strong></span> 
     </span>
    </p>
   </div>
   <div class='ocr_carea' id='block_1_19' title="bbox 467 2014 1508 2059">
    <p class='ocr_par' dir='ltr' id='par_1_19' title="bbox 467 2014 1508 2059">
     <span class='ocr_line' id='line_1_19' title="bbox 467 2014 1508 2059; baseline 0.003 -3"><span class='ocrx_word' id='word_1_127' title='bbox 467 2014 779 2058; x_wconf 71' lang='grc' dir='ltr'>εῑιΙΑοιιιιε</span> <span class='ocrx_word' id='word_1_128' title='bbox 805 2015 1027 2059; x_wconf 75' lang='lat' dir='ltr'><strong>CELSINO</strong></span> <span class='ocrx_word' id='word_1_129' title='bbox 1053 2016 1269 2058; x_wconf 70' lang='lat' dir='ltr'><strong>&#39;I&#39;ICIARO</strong></span> <span class='ocrx_word' id='word_1_130' title='bbox 1294 2017 1508 2059; x_wconf 70' lang='lat' dir='ltr'><strong>FRATRI.</strong></span> 
     </span>
    </p>
   </div>
   <div class='ocr_carea' id='block_1_20' title="bbox 245 2110 1781 2189">
    <p class='ocr_par' dir='ltr' id='par_1_20' title="bbox 245 2110 1781 2189">
     <span class='ocr_line' id='line_1_20' title="bbox 245 2110 1781 2189; baseline 0.005 -20"><span class='ocrx_word' id='word_1_131' title='bbox 245 2110 701 2172; x_wconf 88' lang='lat' dir='ltr'><strong>Commendarem</strong></span> <span class='ocrx_word' id='word_1_132' title='bbox 748 2115 841 2172; x_wconf 89' lang='lat' dir='ltr'><strong>tibi</strong></span> <span class='ocrx_word' id='word_1_133' title='bbox 889 2114 1147 2189; x_wconf 81' lang='lat' dir='ltr'><strong>Anysium</strong></span> <span class='ocrx_word' id='word_1_134' title='bbox 1175 2158 1190 2184; x_wconf 90' lang='lat'><strong>,</strong></span> <span class='ocrx_word' id='word_1_135' title='bbox 1230 2117 1554 2175; x_wconf 85' lang='lat' dir='ltr'><strong>laudabilem</strong></span> <span class='ocrx_word' id='word_1_136' title='bbox 1585 2119 1781 2188; x_wconf 87' lang='lat' dir='ltr'><strong>virum,</strong></span> 
     </span>
    </p>
   </div>
   <div class='ocr_carea' id='block_1_21' title="bbox 185 2206 1800 2280">
    <p class='ocr_par' dir='ltr' id='par_1_21' title="bbox 185 2206 1800 2280">
     <span class='ocr_line' id='line_1_21' title="bbox 185 2206 1800 2280; baseline 0.006 -20"><span class='ocrx_word' id='word_1_137' title='bbox 185 2206 277 2262; x_wconf 87' lang='lat' dir='ltr'><strong>nisi</strong></span> <span class='ocrx_word' id='word_1_138' title='bbox 310 2208 366 2262; x_wconf 89' lang='lat' dir='ltr'><strong>in</strong></span> <span class='ocrx_word' id='word_1_139' title='bbox 400 2223 575 2264; x_wconf 89' lang='lat' dir='ltr'><strong>meam</strong></span> <span class='ocrx_word' id='word_1_140' title='bbox 611 2208 902 2265; x_wconf 89' lang='lat' dir='ltr'><strong>amicitiam</strong></span> <span class='ocrx_word' id='word_1_141' title='bbox 934 2219 985 2266; x_wconf 88' lang='lat' dir='ltr'><strong>te</strong></span> <span class='ocrx_word' id='word_1_142' title='bbox 1014 2219 1237 2266; x_wconf 88' lang='lat' dir='ltr'><strong>auctore</strong></span> <span class='ocrx_word' id='word_1_143' title='bbox 1266 2212 1520 2268; x_wconf 82' lang='lat' dir='ltr'><strong>venisset.</strong></span> <span class='ocrx_word' id='word_1_144' title='bbox 1555 2211 1800 2280; x_wconf 85' lang='lat' dir='ltr'><strong>Quando-</strong></span> 
     </span>
    </p>
   </div>
   <div class='ocr_carea' id='block_1_22' title="bbox 182 2284 1784 2376">
    <p class='ocr_par' dir='ltr' id='par_1_22' title="bbox 182 2284 1784 2376">
     <span class='ocr_line' id='line_1_22' title="bbox 182 2284 1784 2376; baseline 0.006 -21"><span class='ocrx_word' id='word_1_145' title='bbox 182 2299 333 2370; x_wconf 83' lang='lat' dir='ltr'><strong>igitur</strong></span> <span class='ocrx_word' id='word_1_146' title='bbox 361 2301 500 2356; x_wconf 85' lang='lat' dir='ltr'><strong>nihil</strong></span> <span class='ocrx_word' id='word_1_147' title='bbox 527 2311 648 2369; x_wconf 89' lang='lat' dir='ltr'><strong>est,</strong></span> <span class='ocrx_word' id='word_1_148' title='bbox 680 2302 820 2372; x_wconf 90' lang='lat' dir='ltr'><strong>quod</strong></span> <span class='ocrx_word' id='word_1_149' title='bbox 853 2301 931 2358; x_wconf 90' lang='lat' dir='ltr'><strong>illi</strong></span> <span class='ocrx_word' id='word_1_150' title='bbox 979 2318 1128 2360; x_wconf 90' lang='lat' dir='ltr'><strong>meus</strong></span> <span class='ocrx_word' id='word_1_151' title='bbox 1157 2284 1338 2361; x_wconf 57' lang='lat' dir='ltr'><strong>sermo</strong></span> <span class='ocrx_word' id='word_1_152' title='bbox 1363 2305 1653 2376; x_wconf 89' lang='lat' dir='ltr'><strong>conciliet,</strong></span> <span class='ocrx_word' id='word_1_153' title='bbox 1687 2306 1784 2364; x_wconf 90' lang='lat' dir='ltr'><strong>be-</strong></span> 
     </span>
    </p>
   </div>
   <div class='ocr_carea' id='block_1_23' title="bbox 185 2393 1786 2471">
    <p class='ocr_par' dir='ltr' id='par_1_23' title="bbox 185 2393 1786 2471">
     <span class='ocr_line' id='line_1_23' title="bbox 185 2393 1786 2471; baseline 0.005 -23"><span class='ocrx_word' id='word_1_154' title='bbox 185 2393 355 2450; x_wconf 89' lang='lat' dir='ltr'><strong>neficii</strong></span> <span class='ocrx_word' id='word_1_155' title='bbox 387 2394 507 2451; x_wconf 88' lang='lat' dir='ltr'><strong>loco</strong></span> <span class='ocrx_word' id='word_1_156' title='bbox 534 2394 712 2453; x_wconf 86' lang='lat' dir='ltr'><strong>habeo</strong></span> <span class='ocrx_word' id='word_1_157' title='bbox 737 2437 754 2465; x_wconf 91' lang='lat'><strong>,</strong></span> <span class='ocrx_word' id='word_1_158' title='bbox 785 2395 832 2452; x_wconf 90' lang='lat' dir='ltr'><strong>si</strong></span> <span class='ocrx_word' id='word_1_159' title='bbox 857 2395 911 2451; x_wconf 91' lang='lat' dir='ltr'><strong>in</strong></span> <span class='ocrx_word' id='word_1_160' title='bbox 942 2411 1064 2454; x_wconf 89' lang='lat' dir='ltr'><strong>eum</strong></span> <span class='ocrx_word' id='word_1_161' title='bbox 1092 2400 1263 2454; x_wconf 87' lang='lat' dir='ltr'><strong>sancti</strong></span> <span class='ocrx_word' id='word_1_162' title='bbox 1293 2400 1458 2455; x_wconf 90' lang='lat' dir='ltr'><strong>animi</strong></span> <span class='ocrx_word' id='word_1_163' title='bbox 1492 2399 1566 2455; x_wconf 94' lang='lat' dir='ltr'><strong>tui</strong></span> <span class='ocrx_word' id='word_1_164' title='bbox 1593 2399 1786 2471; x_wconf 78' lang='lat' dir='ltr'><strong>gliscat</strong></span> 
     </span>
    </p>
   </div>
   <div class='ocr_carea' id='block_1_24' title="bbox 181 2485 1781 2563">
    <p class='ocr_par' dir='ltr' id='par_1_24' title="bbox 181 2485 1781 2563">
     <span class='ocr_line' id='line_1_24' title="bbox 181 2485 1781 2563; baseline 0.009 -22"><span class='ocrx_word' id='word_1_165' title='bbox 181 2485 410 2544; x_wconf 79' lang='lat' dir='ltr'><strong>aﬂ‘ectio.</strong></span> <span class='ocrx_word' id='word_1_166' title='bbox 459 2487 594 2544; x_wconf 83' lang='lat' dir='ltr'><strong>Nam</strong></span> <span class='ocrx_word' id='word_1_167' title='bbox 620 2489 712 2546; x_wconf 90' lang='lat' dir='ltr'><strong>ubi</strong></span> <span class='ocrx_word' id='word_1_168' title='bbox 750 2489 952 2548; x_wconf 88' lang='lat' dir='ltr'><strong>amoris</strong></span> <span class='ocrx_word' id='word_1_169' title='bbox 978 2489 1281 2549; x_wconf 91' lang='lat' dir='ltr'><strong>rudimenta</strong></span> <span class='ocrx_word' id='word_1_170' title='bbox 1313 2503 1586 2563; x_wconf 61' lang='lat' dir='ltr'><strong>praeventa</strong></span> <span class='ocrx_word' id='word_1_171' title='bbox 1615 2502 1781 2556; x_wconf 74' lang='lat' dir='ltr'><strong>sunt;</strong></span> 
     </span>
    </p>
   </div>
   <div class='ocr_carea' id='block_1_25' title="bbox 182 2581 1780 2667">
    <p class='ocr_par' dir='ltr' id='par_1_25' title="bbox 182 2581 1780 2667">
     <span class='ocr_line' id='line_1_25' title="bbox 182 2581 1780 2667; baseline 0.007 -32"><span class='ocrx_word' id='word_1_172' title='bbox 182 2581 427 2638; x_wconf 74' lang='lat' dir='ltr'><strong>secunda:</strong></span> <span class='ocrx_word' id='word_1_173' title='bbox 473 2583 662 2654; x_wconf 74' lang='lat' dir='ltr'><strong>gratiae</strong></span> <span class='ocrx_word' id='word_1_174' title='bbox 707 2583 857 2642; x_wconf 90' lang='lat' dir='ltr'><strong>locus</strong></span> <span class='ocrx_word' id='word_1_175' title='bbox 884 2593 970 2641; x_wconf 90' lang='lat' dir='ltr'><strong>est</strong></span> <span class='ocrx_word' id='word_1_176' title='bbox 991 2629 1008 2655; x_wconf 90' lang='lat'><strong>,</strong></span> <span class='ocrx_word' id='word_1_177' title='bbox 1049 2594 1108 2642; x_wconf 91' lang='lat' dir='ltr'><strong>ut</strong></span> <span class='ocrx_word' id='word_1_178' title='bbox 1147 2595 1436 2658; x_wconf 88' lang='lat' dir='ltr'><strong>augmenta</strong></span> <span class='ocrx_word' id='word_1_179' title='bbox 1467 2596 1780 2667; x_wconf 76' lang='lat' dir='ltr'><strong>poscantur-</strong></span> 
     </span>
    </p>
   </div>
   <div class='ocr_carea' id='block_1_26' title="bbox 186 2667 323 2730">
    <p class='ocr_par' dir='ltr' id='par_1_26' title="bbox 186 2667 323 2730">
     <span class='ocr_line' id='line_1_26' title="bbox 186 2667 323 2730; baseline 0.044 -5"><span class='ocrx_word' id='word_1_180' title='bbox 186 2667 323 2730; x_wconf 78' lang='lat' dir='ltr'><strong>Vale.</strong></span> 
     </span>
    </p>
   </div>
   <div class='ocr_carea' id='block_1_27' title="bbox 719 2746 1223 2807">
    <p class='ocr_par' dir='ltr' id='par_1_27' title="bbox 719 2746 1223 2807">
     <span class='ocr_line' id='line_1_27' title="bbox 719 2746 1223 2807; baseline 0.006 -5"><span class='ocrx_word' id='word_1_181' title='bbox 719 2746 956 2806; x_wconf 65' lang='lat' dir='ltr'><strong>EPIST.’</strong></span> <span class='ocrx_word' id='word_1_182' title='bbox 991 2747 1223 2807; x_wconf 81' lang='lat' dir='ltr'><strong>LXVIII.</strong></span> 
     </span>
    </p>
   </div>
   <div class='ocr_carea' id='block_1_28' title="bbox 452 2854 1494 2903">
    <p class='ocr_par' dir='ltr' id='par_1_28' title="bbox 452 2854 1494 2903">
     <span class='ocr_line' id='line_1_28' title="bbox 452 2854 1494 2903; baseline 0.008 -8"><span class='ocrx_word' id='word_1_183' title='bbox 452 2854 766 2898; x_wconf 71' lang='grc' dir='ltr'>δῖιιιιΑοΒυε</span> <span class='ocrx_word' id='word_1_184' title='bbox 789 2856 1009 2900; x_wconf 64' lang='grc' dir='ltr'>οειειιιο</span> <span class='ocrx_word' id='word_1_185' title='bbox 1035 2860 1250 2902; x_wconf 72' lang='grc' dir='ltr'>τιαωιο</span> <span class='ocrx_word' id='word_1_186' title='bbox 1274 2862 1494 2903; x_wconf 70' lang='lat' dir='ltr'><strong>FRATRI.</strong></span> 
     </span>
    </p>
   </div>
   <div class='ocr_carea' id='block_1_29' title="bbox 229 2917 1781 3036">
    <p class='ocr_par' dir='ltr' id='par_1_29' title="bbox 229 2917 1781 3036">
     <span class='ocr_line' id='line_1_29' title="bbox 229 2917 1781 3036; baseline 0.009 -27"><span class='ocrx_word' id='word_1_187' title='bbox 229 2917 417 3012; x_wconf 74' lang='lat' dir='ltr'><strong>Rufus</strong></span> <span class='ocrx_word' id='word_1_188' title='bbox 467 2958 786 3026; x_wconf 85' lang='lat' dir='ltr'><strong>pontiﬁcalis</strong></span> <span class='ocrx_word' id='word_1_189' title='bbox 833 2960 1087 3017; x_wconf 84' lang='lat' dir='ltr'><strong>Arcarius</strong></span> <span class='ocrx_word' id='word_1_190' title='bbox 1139 2964 1481 3034; x_wconf 86' lang='lat' dir='ltr'><strong>prosequitur</strong></span> <span class='ocrx_word' id='word_1_191' title='bbox 1530 2965 1674 3036; x_wconf 90' lang='lat' dir='ltr'><strong>apud</strong></span> <span class='ocrx_word' id='word_1_192' title='bbox 1727 2972 1781 3023; x_wconf 79' lang='grc' dir='ltr'><strong><em>ω</em></strong></span> 
     </span>
    </p>
   </div>
   <div class='ocr_carea' id='block_1_30' title="bbox 181 3047 1797 3130">
    <p class='ocr_par' dir='ltr' id='par_1_30' title="bbox 181 3047 1797 3130">
     <span class='ocr_line' id='line_1_30' title="bbox 181 3047 1797 3130; baseline 0.009 -30"><span class='ocrx_word' id='word_1_193' title='bbox 181 3047 428 3104; x_wconf 89' lang='lat' dir='ltr'><strong>mandata</strong></span> <span class='ocrx_word' id='word_1_194' title='bbox 453 3050 690 3122; x_wconf 78' lang='lat' dir='ltr'><strong>collegii,</strong></span> <span class='ocrx_word' id='word_1_195' title='bbox 717 3052 802 3108; x_wconf 90' lang='lat' dir='ltr'><strong>cui</strong></span> <span class='ocrx_word' id='word_1_196' title='bbox 828 3068 938 3122; x_wconf 68' lang='lat' dir='ltr'><strong>prae</strong></span> <span class='ocrx_word' id='word_1_197' title='bbox 967 3053 1180 3110; x_wconf 61' lang='lat' dir='ltr'><strong>ceteris</strong></span> <span class='ocrx_word' id='word_1_198' title='bbox 1209 3057 1477 3114; x_wconf 86' lang='lat' dir='ltr'><strong>retinendi</strong></span> <span class='ocrx_word' id='word_1_199' title='bbox 1498 3057 1797 3130; x_wconf 48' lang='lat' dir='ltr'><strong>Vaganeus</strong></span> 
     </span>
    </p>
   </div>
   <div class='ocr_carea' id='block_1_31' title="bbox 177 3137 1781 3221">
    <p class='ocr_par' dir='ltr' id='par_1_31' title="bbox 177 3137 1781 3221">
     <span class='ocr_line' id='line_1_31' title="bbox 177 3137 1781 3221; baseline 0.009 -28"><span class='ocrx_word' id='word_1_200' title='bbox 177 3137 248 3195; x_wconf 79' lang='lat' dir='ltr'><strong>sis</strong></span> <span class='ocrx_word' id='word_1_201' title='bbox 273 3141 448 3196; x_wconf 90' lang='lat' dir='ltr'><strong>saltus</strong></span> <span class='ocrx_word' id='word_1_202' title='bbox 473 3157 605 3198; x_wconf 90' lang='lat' dir='ltr'><strong>cura</strong></span> <span class='ocrx_word' id='word_1_203' title='bbox 647 3143 819 3216; x_wconf 88' lang='lat' dir='ltr'><strong>legata</strong></span> <span class='ocrx_word' id='word_1_204' title='bbox 844 3155 948 3202; x_wconf 89' lang='lat' dir='ltr'><strong>est.</strong></span> <span class='ocrx_word' id='word_1_205' title='bbox 993 3146 1181 3216; x_wconf 82' lang='lat' dir='ltr'><strong>Efﬁce,</strong></span> <span class='ocrx_word' id='word_1_206' title='bbox 1212 3165 1309 3206; x_wconf 92' lang='lat' dir='ltr'><strong>oro</strong></span> <span class='ocrx_word' id='word_1_207' title='bbox 1336 3161 1409 3221; x_wconf 91' lang='lat' dir='ltr'><strong>te,</strong></span> <span class='ocrx_word' id='word_1_208' title='bbox 1442 3159 1500 3207; x_wconf 94' lang='lat' dir='ltr'><strong>ut</strong></span> <span class='ocrx_word' id='word_1_209' title='bbox 1522 3151 1781 3208; x_wconf 80' lang='lat' dir='ltr'><strong>divinitus</strong></span> 
     </span>
    </p>
   </div>
   <div class='ocr_carea' id='block_1_32' title="bbox 1896 630 3499 718">
    <p class='ocr_par' dir='ltr' id='par_1_32' title="bbox 1896 630 3499 718">
     <span class='ocr_line' id='line_1_32' title="bbox 1896 630 3499 718; baseline 0.014 -36"><span class='ocrx_word' id='word_1_210' title='bbox 1896 642 2056 699; x_wconf 87' lang='lat' dir='ltr'><strong>quam</strong></span> <span class='ocrx_word' id='word_1_211' title='bbox 2089 644 2157 686; x_wconf 82' lang='lat' dir='ltr'><strong>ex</strong></span> <span class='ocrx_word' id='word_1_212' title='bbox 2183 631 2320 687; x_wconf 91' lang='lat' dir='ltr'><strong>meis</strong></span> <span class='ocrx_word' id='word_1_213' title='bbox 2347 630 2858 695; x_wconf 83' lang='lat' dir='ltr'><strong>litterisdebeatur.</strong></span> <span class='ocrx_word' id='word_1_214' title='bbox 2911 638 3022 698; x_wconf 86' lang='lat' dir='ltr'><strong>Nec</strong></span> <span class='ocrx_word' id='word_1_215' title='bbox 3067 643 3282 701; x_wconf 86' lang='lat' dir='ltr'><strong>mireris</strong></span> <span class='ocrx_word' id='word_1_216' title='bbox 3305 685 3322 713; x_wconf 93' lang='lat'><strong>,</strong></span> <span class='ocrx_word' id='word_1_217' title='bbox 3351 646 3499 718; x_wconf 90' lang='lat' dir='ltr'><strong>ipsos</strong></span> 
     </span>
    </p>
   </div>
   <div class='ocr_carea' id='block_1_33' title="bbox 1896 724 3540 822">
    <p class='ocr_par' dir='ltr' id='par_1_33' title="bbox 1896 724 3540 822">
     <span class='ocr_line' id='line_1_33' title="bbox 1896 724 3540 822; baseline 0.015 -48"><span class='ocrx_word' id='word_1_218' title='bbox 1896 732 2062 790; x_wconf 87' lang='lat' dir='ltr'><strong>super</strong></span> <span class='ocrx_word' id='word_1_219' title='bbox 2085 736 2149 778; x_wconf 92' lang='lat' dir='ltr'><strong>ea</strong></span> <span class='ocrx_word' id='word_1_220' title='bbox 2175 724 2476 782; x_wconf 85' lang='lat' dir='ltr'><strong>rescribere</strong></span> <span class='ocrx_word' id='word_1_221' title='bbox 2504 726 2763 796; x_wconf 88' lang='lat' dir='ltr'><strong>noluisse,</strong></span> <span class='ocrx_word' id='word_1_222' title='bbox 2781 746 2930 810; x_wconf 85' lang='lat' dir='ltr'><strong>cum</strong></span> <span class='ocrx_word' id='word_1_223' title='bbox 2951 737 3252 794; x_wconf 88' lang='lat' dir='ltr'><strong>reverentia</strong></span> <span class='ocrx_word' id='word_1_224' title='bbox 3279 738 3391 798; x_wconf 86' lang='lat' dir='ltr'><strong>mei</strong></span> <span class='ocrx_word' id='word_1_225' title='bbox 3417 738 3504 797; x_wconf 87' lang='lat' dir='ltr'><strong>fe-</strong></span> <span class='ocrx_word' id='word_1_226' title='bbox 3535 808 3540 822; x_wconf 37' lang='grc' dir='ltr'>ι</span> 
     </span>
    </p>
   </div>
   <div class='ocr_carea' id='block_1_34' title="bbox 1894 813 3360 893">
    <p class='ocr_par' dir='ltr' id='par_1_34' title="bbox 1894 813 3360 893">
     <span class='ocr_line' id='line_1_34' title="bbox 1894 813 3360 893; baseline 0.012 -24"><span class='ocrx_word' id='word_1_227' title='bbox 1894 813 2053 881; x_wconf 86' lang='lat' dir='ltr'><strong>cerit,</strong></span> <span class='ocrx_word' id='word_1_228' title='bbox 2084 823 2142 870; x_wconf 90' lang='lat' dir='ltr'><strong>ut</strong></span> <span class='ocrx_word' id='word_1_229' title='bbox 2170 823 2356 874; x_wconf 88' lang='lat' dir='ltr'><strong>nostro</strong></span> <span class='ocrx_word' id='word_1_230' title='bbox 2391 817 2644 891; x_wconf 78' lang='lat' dir='ltr'><strong>suffragio</strong></span> <span class='ocrx_word' id='word_1_231' title='bbox 2672 823 2852 893; x_wconf 87' lang='lat' dir='ltr'><strong>potius</strong></span> <span class='ocrx_word' id='word_1_232' title='bbox 2877 835 3179 887; x_wconf 89' lang='lat' dir='ltr'><strong>uterentur.</strong></span> <span class='ocrx_word' id='word_1_233' title='bbox 3206 831 3360 891; x_wconf 86' lang='lat' dir='ltr'><strong>Vale.</strong></span> 
     </span>
    </p>
   </div>
   <div class='ocr_carea' id='block_1_35' title="bbox 2468 953 2915 1017">
    <p class='ocr_par' dir='ltr' id='par_1_35' title="bbox 2468 953 2915 1017">
     <span class='ocr_line' id='line_1_35' title="bbox 2468 953 2915 1017; baseline 0.011 -5"><span class='ocrx_word' id='word_1_234' title='bbox 2468 953 2684 1015; x_wconf 85' lang='lat' dir='ltr'><strong>EPIST.</strong></span> <span class='ocrx_word' id='word_1_235' title='bbox 2729 959 2915 1017; x_wconf 87' lang='lat' dir='ltr'><strong>LXXI.</strong></span> 
     </span>
    </p>
   </div>
   <div class='ocr_carea' id='block_1_36' title="bbox 2153 1058 3223 1114">
    <p class='ocr_par' dir='ltr' id='par_1_36' title="bbox 2153 1058 3223 1114">
     <span class='ocr_line' id='line_1_36' title="bbox 2153 1058 3223 1114; baseline 0.016 -16"><span class='ocrx_word' id='word_1_236' title='bbox 2153 1058 2459 1102; x_wconf 73' lang='lat' dir='ltr'><strong>SIIIACBUS</strong></span> <span class='ocrx_word' id='word_1_237' title='bbox 2495 1063 2714 1106; x_wconf 74' lang='lat' dir='ltr'><strong>CBLSINO</strong></span> <span class='ocrx_word' id='word_1_238' title='bbox 2749 1068 2964 1111; x_wconf 68' lang='lat' dir='ltr'><strong>&#39;I‘ICIANO</strong></span> <span class='ocrx_word' id='word_1_239' title='bbox 3003 1072 3223 1114; x_wconf 74' lang='lat' dir='ltr'><strong>FRATRI.</strong></span> 
     </span>
    </p>
   </div>
   <div class='ocr_carea' id='block_1_37' title="bbox 1961 1175 3491 1257">
    <p class='ocr_par' dir='ltr' id='par_1_37' title="bbox 1961 1175 3491 1257">
     <span class='ocr_line' id='line_1_37' title="bbox 1961 1175 3491 1257; baseline 0.014 -25"><span class='ocrx_word' id='word_1_240' title='bbox 1961 1175 2307 1235; x_wconf 69' lang='lat' dir='ltr'><strong>Caecilianum</strong></span> <span class='ocrx_word' id='word_1_241' title='bbox 2339 1181 2516 1240; x_wconf 92' lang='lat' dir='ltr'><strong>virum</strong></span> <span class='ocrx_word' id='word_1_242' title='bbox 2547 1185 2831 1245; x_wconf 89' lang='lat' dir='ltr'><strong>honestum</strong></span> <span class='ocrx_word' id='word_1_243' title='bbox 2853 1231 2871 1257; x_wconf 88' lang='lat'><strong>,</strong></span> <span class='ocrx_word' id='word_1_244' title='bbox 2925 1190 3272 1250; x_wconf 86' lang='lat' dir='ltr'><strong>Laurentium</strong></span> <span class='ocrx_word' id='word_1_245' title='bbox 3327 1195 3491 1254; x_wconf 84' lang='lat' dir='ltr'><strong>Lavi-</strong></span> 
     </span>
    </p>
   </div>
   <div class='ocr_carea' id='block_1_38' title="bbox 1892 1269 3491 1350">
    <p class='ocr_par' dir='ltr' id='par_1_38' title="bbox 1892 1269 3491 1350">
     <span class='ocr_line' id='line_1_38' title="bbox 1892 1269 3491 1350; baseline 0.017 -28"><span class='ocrx_word' id='word_1_246' title='bbox 1892 1269 2105 1324; x_wconf 89' lang='lat' dir='ltr'><strong>narium</strong></span> <span class='ocrx_word' id='word_1_247' title='bbox 2135 1270 2474 1331; x_wconf 79' lang='lat' dir='ltr'><strong>defensorem</strong></span> <span class='ocrx_word' id='word_1_248' title='bbox 2518 1289 2826 1350; x_wconf 89' lang='lat' dir='ltr'><strong>susceptum</strong></span> <span class='ocrx_word' id='word_1_249' title='bbox 2855 1287 3201 1342; x_wconf 88' lang='lat' dir='ltr'><strong>commendat</strong></span> <span class='ocrx_word' id='word_1_250' title='bbox 3230 1288 3491 1349; x_wconf 91' lang='lat' dir='ltr'><strong>officium.</strong></span> 
     </span>
    </p>
   </div>
   <div class='ocr_carea' id='block_1_39' title="bbox 1889 1359 3491 1444">
    <p class='ocr_par' dir='ltr' id='par_1_39' title="bbox 1889 1359 3491 1444">
     <span class='ocr_line' id='line_1_39' title="bbox 1889 1359 3491 1444; baseline 0.017 -27"><span class='ocrx_word' id='word_1_251' title='bbox 1889 1359 1988 1418; x_wconf 88' lang='lat' dir='ltr'><strong>Cui</strong></span> <span class='ocrx_word' id='word_1_252' title='bbox 2019 1365 2066 1420; x_wconf 91' lang='lat' dir='ltr'><strong>si</strong></span> <span class='ocrx_word' id='word_1_253' title='bbox 2112 1366 2245 1423; x_wconf 85' lang='lat' dir='ltr'><strong>nihil</strong></span> <span class='ocrx_word' id='word_1_254' title='bbox 2275 1371 2669 1430; x_wconf 82' lang='lat' dir='ltr'><strong>conciliationis</strong></span> <span class='ocrx_word' id='word_1_255' title='bbox 2698 1385 2893 1434; x_wconf 71' lang='lat' dir='ltr'><strong>caetera</strong></span> <span class='ocrx_word' id='word_1_256' title='bbox 2923 1380 3048 1436; x_wconf 75' lang='lat' dir='ltr'><strong>vitae</strong></span> <span class='ocrx_word' id='word_1_257' title='bbox 3078 1383 3491 1444; x_wconf 85' lang='lat' dir='ltr'><strong>honestamenta</strong></span> 
     </span>
    </p>
   </div>
   <div class='ocr_carea' id='block_1_40' title="bbox 1890 1461 3494 1543">
    <p class='ocr_par' dir='ltr' id='par_1_40' title="bbox 1890 1461 3494 1543">
     <span class='ocr_line' id='line_1_40' title="bbox 1890 1461 3494 1543; baseline 0.019 -34"><span class='ocrx_word' id='word_1_258' title='bbox 1890 1465 2208 1525; x_wconf 57' lang='lat' dir='ltr'><strong>praestarent</strong></span> <span class='ocrx_word' id='word_1_259' title='bbox 2232 1501 2249 1526; x_wconf 89' lang='lat'><strong>,</strong></span> <span class='ocrx_word' id='word_1_260' title='bbox 2283 1461 2619 1522; x_wconf 82' lang='lat' dir='ltr'><strong>interventus</strong></span> <span class='ocrx_word' id='word_1_261' title='bbox 2645 1483 2797 1526; x_wconf 88' lang='lat' dir='ltr'><strong>meus</strong></span> <span class='ocrx_word' id='word_1_262' title='bbox 2840 1475 3067 1543; x_wconf 81' lang='lat' dir='ltr'><strong>gratiam</strong></span> <span class='ocrx_word' id='word_1_263' title='bbox 3094 1485 3238 1533; x_wconf 92' lang='lat' dir='ltr'><strong>tuam</strong></span> <span class='ocrx_word' id='word_1_264' title='bbox 3271 1479 3494 1538; x_wconf 85' lang='lat' dir='ltr'><strong>deberet</strong></span> 
     </span>
    </p>
   </div>
   <div class='ocr_carea' id='block_1_41' title="bbox 1887 1551 3493 1640">
    <p class='ocr_par' dir='ltr' id='par_1_41' title="bbox 1887 1551 3493 1640">
     <span class='ocr_line' id='line_1_41' title="bbox 1887 1551 3493 1640; baseline 0.019 -38"><span class='ocrx_word' id='word_1_265' title='bbox 1887 1551 2188 1640; x_wconf 84' lang='lat' dir='ltr'><strong>acquirere.</strong></span> <span class='ocrx_word' id='word_1_266' title='bbox 2221 1554 2354 1611; x_wconf 84' lang='lat' dir='ltr'><strong>Ama</strong></span> <span class='ocrx_word' id='word_1_267' title='bbox 2385 1573 2514 1630; x_wconf 88' lang='lat' dir='ltr'><strong>ergo</strong></span> <span class='ocrx_word' id='word_1_268' title='bbox 2543 1560 2819 1620; x_wconf 86' lang='lat' dir='ltr'><strong>hominem</strong></span> <span class='ocrx_word' id='word_1_269' title='bbox 2850 1565 3103 1636; x_wconf 90' lang='lat' dir='ltr'><strong>placitum</strong></span> <span class='ocrx_word' id='word_1_270' title='bbox 3134 1571 3284 1640; x_wconf 91' lang='lat' dir='ltr'><strong>mihi,</strong></span> <span class='ocrx_word' id='word_1_271' title='bbox 3325 1583 3380 1630; x_wconf 89' lang='lat' dir='ltr'><strong>et</strong></span> <span class='ocrx_word' id='word_1_272' title='bbox 3406 1590 3493 1631; x_wconf 76' lang='lat' dir='ltr'><strong>re-</strong></span> 
     </span>
    </p>
   </div>
   <div class='ocr_carea' id='block_1_42' title="bbox 1887 1639 3489 1733">
    <p class='ocr_par' dir='ltr' id='par_1_42' title="bbox 1887 1639 3489 1733">
     <span class='ocr_line' id='line_1_42' title="bbox 1887 1639 3489 1733; baseline 0.017 -39"><span class='ocrx_word' id='word_1_273' title='bbox 1887 1639 2074 1712; x_wconf 81' lang='lat' dir='ltr'><strong>ligiose</strong></span> <span class='ocrx_word' id='word_1_274' title='bbox 2107 1645 2342 1733; x_wconf 75' lang='lat' dir='ltr'><strong>civitatis</strong></span> <span class='ocrx_word' id='word_1_275' title='bbox 2371 1652 2671 1709; x_wconf 90' lang='lat' dir='ltr'><strong>commodis</strong></span> <span class='ocrx_word' id='word_1_276' title='bbox 2699 1656 3108 1728; x_wconf 89' lang='lat' dir='ltr'><strong>obsequentem.</strong></span> <span class='ocrx_word' id='word_1_277' title='bbox 3143 1639 3358 1721; x_wconf 87' lang='lat' dir='ltr'><strong>Amoris</strong></span> <span class='ocrx_word' id='word_1_278' title='bbox 3386 1681 3489 1722; x_wconf 88' lang='lat' dir='ltr'><strong>au-</strong></span> 
     </span>
    </p>
   </div>
   <div class='ocr_carea' id='block_1_43' title="bbox 1788 1737 3490 1830">
    <p class='ocr_par' dir='ltr' id='par_1_43' title="bbox 1788 1737 3490 1830">
     <span class='ocr_line' id='line_1_43' title="bbox 1788 1737 3490 1830; baseline 0.017 -42"><span class='ocrx_word' id='word_1_279' title='bbox 1788 1798 1793 1803; x_wconf 29' lang='lat'><strong>,</strong></span> <span class='ocrx_word' id='word_1_280' title='bbox 1886 1741 1993 1791; x_wconf 88' lang='lat' dir='ltr'><strong>tem</strong></span> <span class='ocrx_word' id='word_1_281' title='bbox 2040 1737 2116 1792; x_wconf 92' lang='lat' dir='ltr'><strong>tui</strong></span> <span class='ocrx_word' id='word_1_282' title='bbox 2145 1752 2424 1800; x_wconf 87' lang='lat' dir='ltr'><strong>sumemus</strong></span> <span class='ocrx_word' id='word_1_283' title='bbox 2456 1745 2711 1803; x_wconf 91' lang='lat' dir='ltr'><strong>indicium</strong></span> <span class='ocrx_word' id='word_1_284' title='bbox 2736 1794 2751 1818; x_wconf 93' lang='lat'><strong>,</strong></span> <span class='ocrx_word' id='word_1_285' title='bbox 2794 1749 2840 1806; x_wconf 87' lang='lat' dir='ltr'><strong>si</strong></span> <span class='ocrx_word' id='word_1_286' title='bbox 2870 1767 2965 1809; x_wconf 88' lang='lat' dir='ltr'><strong>eos</strong></span> <span class='ocrx_word' id='word_1_287' title='bbox 2993 1755 3185 1825; x_wconf 89' lang='lat' dir='ltr'><strong>quibus</strong></span> <span class='ocrx_word' id='word_1_288' title='bbox 3215 1758 3490 1830; x_wconf 84' lang='lat' dir='ltr'><strong>negotium</strong></span> 
     </span>
    </p>
   </div>
   <div class='ocr_carea' id='block_1_44' title="bbox 1806 1827 3235 1911">
    <p class='ocr_par' dir='ltr' id='par_1_44' title="bbox 1806 1827 3235 1911">
     <span class='ocr_line' id='line_1_44' title="bbox 1806 1827 3235 1911; baseline 0.017 -29"><span class='ocrx_word' id='word_1_289' title='bbox 1806 1842 1858 1904; x_wconf 65' lang='grc' dir='ltr'><strong>ι</strong></span> <span class='ocrx_word' id='word_1_290' title='bbox 1882 1827 2146 1888; x_wconf 89' lang='lat' dir='ltr'><strong>familiare</strong></span> <span class='ocrx_word' id='word_1_291' title='bbox 2176 1835 2473 1907; x_wconf 89' lang='lat' dir='ltr'><strong>mandavit,</strong></span> <span class='ocrx_word' id='word_1_292' title='bbox 2508 1839 2800 1911; x_wconf 78' lang='lat' dir='ltr'><strong>adiuveris.</strong></span> <span class='ocrx_word' id='word_1_293' title='bbox 2844 1845 2996 1904; x_wconf 89' lang='lat' dir='ltr'><strong>Vale.</strong></span> <span class='ocrx_word' id='word_1_294' title='bbox 3233 1829 3235 1832; x_wconf 6' lang='lat' dir='ltr'><strong>I</strong></span> 
     </span>
    </p>
   </div>
   <div class='ocr_carea' id='block_1_45' title="bbox 2448 1975 2924 2038">
    <p class='ocr_par' dir='ltr' id='par_1_45' title="bbox 2448 1975 2924 2038">
     <span class='ocr_line' id='line_1_45' title="bbox 2448 1975 2924 2038; baseline 0.011 -5"><span class='ocrx_word' id='word_1_295' title='bbox 2448 1975 2662 2035; x_wconf 80' lang='lat' dir='ltr'><strong>EPIST.</strong></span> <span class='ocrx_word' id='word_1_296' title='bbox 2714 1979 2924 2038; x_wconf 80' lang='lat' dir='ltr'><strong>LXXII.</strong></span> 
     </span>
    </p>
   </div>
   <div class='ocr_carea' id='block_1_46' title="bbox 2159 2081 3214 2138">
    <p class='ocr_par' dir='ltr' id='par_1_46' title="bbox 2159 2081 3214 2138">
     <span class='ocr_line' id='line_1_46' title="bbox 2159 2081 3214 2138; baseline 0.015 -15"><span class='ocrx_word' id='word_1_297' title='bbox 2159 2081 2468 2129; x_wconf 63' lang='lat' dir='ltr'><strong>SYRIACIIUB</strong></span> <span class='ocrx_word' id='word_1_298' title='bbox 2496 2088 2719 2132; x_wconf 73' lang='lat' dir='ltr'><strong>CELSINO</strong></span> <span class='ocrx_word' id='word_1_299' title='bbox 2755 2091 2970 2136; x_wconf 75' lang='lat' dir='ltr'><strong>&#39;I‘ICIANO</strong></span> <span class='ocrx_word' id='word_1_300' title='bbox 2998 2095 3214 2138; x_wconf 75' lang='lat' dir='ltr'><strong>FRATRI.</strong></span> 
     </span>
    </p>
   </div>
   <div class='ocr_carea' id='block_1_47' title="bbox 1958 2206 3485 2290">
    <p class='ocr_par' dir='ltr' id='par_1_47' title="bbox 1958 2206 3485 2290">
     <span class='ocr_line' id='line_1_47' title="bbox 1958 2206 3485 2290; baseline 0.012 -27"><span class='ocrx_word' id='word_1_301' title='bbox 1958 2206 2269 2265; x_wconf 82' lang='lat' dir='ltr'><strong>Amicorum</strong></span> <span class='ocrx_word' id='word_1_302' title='bbox 2314 2208 2600 2269; x_wconf 89' lang='lat' dir='ltr'><strong>desideriis</strong></span> <span class='ocrx_word' id='word_1_303' title='bbox 2644 2229 2868 2285; x_wconf 89' lang='lat' dir='ltr'><strong>operam</strong></span> <span class='ocrx_word' id='word_1_304' title='bbox 2907 2231 3015 2273; x_wconf 90' lang='lat' dir='ltr'><strong>non</strong></span> <span class='ocrx_word' id='word_1_305' title='bbox 3048 2234 3328 2290; x_wconf 82' lang='lat' dir='ltr'><strong>negamus,</strong></span> <span class='ocrx_word' id='word_1_306' title='bbox 3357 2221 3485 2284; x_wconf 80' lang='lat' dir='ltr'><strong>dum</strong></span> 
     </span>
    </p>
   </div>
   <div class='ocr_carea' id='block_1_48' title="bbox 1882 2297 3488 2378">
    <p class='ocr_par' dir='ltr' id='par_1_48' title="bbox 1882 2297 3488 2378">
     <span class='ocr_line' id='line_1_48' title="bbox 1882 2297 3488 2378; baseline 0.013 -25"><span class='ocrx_word' id='word_1_307' title='bbox 1882 2297 2028 2368; x_wconf 86' lang='lat' dir='ltr'><strong>justa</strong></span> <span class='ocrx_word' id='word_1_308' title='bbox 2059 2301 2336 2358; x_wconf 84' lang='lat' dir='ltr'><strong>credimus</strong></span> <span class='ocrx_word' id='word_1_309' title='bbox 2363 2344 2378 2369; x_wconf 93' lang='lat'><strong>,</strong></span> <span class='ocrx_word' id='word_1_310' title='bbox 2426 2319 2548 2375; x_wconf 73' lang='lat' dir='ltr'><strong>quae</strong></span> <span class='ocrx_word' id='word_1_311' title='bbox 2575 2315 2829 2378; x_wconf 89' lang='lat' dir='ltr'><strong>petuntur</strong></span> <span class='ocrx_word' id='word_1_312' title='bbox 2865 2328 2876 2364; x_wconf 93' lang='lat'><strong>:</strong></span> <span class='ocrx_word' id='word_1_313' title='bbox 2909 2320 2969 2366; x_wconf 90' lang='lat' dir='ltr'><strong>ut</strong></span> <span class='ocrx_word' id='word_1_314' title='bbox 3020 2327 3162 2368; x_wconf 91' lang='lat' dir='ltr'><strong>nunc</strong></span> <span class='ocrx_word' id='word_1_315' title='bbox 3206 2313 3340 2370; x_wconf 90' lang='lat' dir='ltr'><strong>mihi</strong></span> <span class='ocrx_word' id='word_1_316' title='bbox 3385 2330 3488 2376; x_wconf 86' lang='lat' dir='ltr'><strong>usu</strong></span> 
     </span>
    </p>
   </div>
   <div class='ocr_carea' id='block_1_49' title="bbox 1887 2393 3486 2478">
    <p class='ocr_par' dir='ltr' id='par_1_49' title="bbox 1887 2393 3486 2478">
     <span class='ocr_line' id='line_1_49' title="bbox 1887 2393 3486 2478; baseline 0.013 -32"><span class='ocrx_word' id='word_1_317' title='bbox 1887 2393 2078 2458; x_wconf 89' lang='lat' dir='ltr'><strong>venit,</strong></span> <span class='ocrx_word' id='word_1_318' title='bbox 2110 2395 2200 2463; x_wconf 90' lang='lat' dir='ltr'><strong>qui</strong></span> <span class='ocrx_word' id='word_1_319' title='bbox 2231 2395 2454 2453; x_wconf 89' lang='lat' dir='ltr'><strong>Bassum</strong></span> <span class='ocrx_word' id='word_1_320' title='bbox 2499 2399 2714 2469; x_wconf 90' lang='lat' dir='ltr'><strong>optimis</strong></span> <span class='ocrx_word' id='word_1_321' title='bbox 2743 2402 2873 2459; x_wconf 89' lang='lat' dir='ltr'><strong>viris</strong></span> <span class='ocrx_word' id='word_1_322' title='bbox 2921 2407 3296 2478; x_wconf 83' lang='lat' dir='ltr'><strong>complacitum</strong></span> <span class='ocrx_word' id='word_1_323' title='bbox 3321 2451 3337 2476; x_wconf 93' lang='lat'><strong>,</strong></span> <span class='ocrx_word' id='word_1_324' title='bbox 3379 2425 3486 2468; x_wconf 91' lang='lat' dir='ltr'><strong>non</strong></span> 
     </span>
    </p>
   </div>
   <div class='ocr_carea' id='block_1_50' title="bbox 1885 2490 3486 2572">
    <p class='ocr_par' dir='ltr' id='par_1_50' title="bbox 1885 2490 3486 2572">
     <span class='ocr_line' id='line_1_50' title="bbox 1885 2490 3486 2572; baseline 0.014 -31"><span class='ocrx_word' id='word_1_325' title='bbox 1885 2490 2067 2557; x_wconf 90' lang='lat' dir='ltr'><strong>putavi</strong></span> <span class='ocrx_word' id='word_1_326' title='bbox 2109 2490 2364 2564; x_wconf 75' lang='lat' dir='ltr'><strong>suffragio</strong></span> <span class='ocrx_word' id='word_1_327' title='bbox 2405 2492 2788 2553; x_wconf 78' lang='lat' dir='ltr'><strong>deserendum.</strong></span> <span class='ocrx_word' id='word_1_328' title='bbox 2832 2497 2991 2555; x_wconf 87' lang='lat' dir='ltr'><strong>Salva</strong></span> <span class='ocrx_word' id='word_1_329' title='bbox 3020 2500 3182 2572; x_wconf 86' lang='lat' dir='ltr'><strong>igitur</strong></span> <span class='ocrx_word' id='word_1_330' title='bbox 3207 2518 3326 2560; x_wconf 88' lang='lat' dir='ltr'><strong>mea</strong></span> <span class='ocrx_word' id='word_1_331' title='bbox 3369 2505 3486 2562; x_wconf 77' lang='lat' dir='ltr'><strong>exi-</strong></span> 
     </span>
    </p>
   </div>
   <div class='ocr_carea' id='block_1_51' title="bbox 1884 2581 3486 2660">
    <p class='ocr_par' dir='ltr' id='par_1_51' title="bbox 1884 2581 3486 2660">
     <span class='ocr_line' id='line_1_51' title="bbox 1884 2581 3486 2660; baseline 0.012 -24"><span class='ocrx_word' id='word_1_332' title='bbox 1884 2581 2216 2652; x_wconf 87' lang='lat' dir='ltr'><strong>stimatione,</strong></span> <span class='ocrx_word' id='word_1_333' title='bbox 2249 2587 2338 2657; x_wconf 92' lang='lat' dir='ltr'><strong>qui</strong></span> <span class='ocrx_word' id='word_1_334' title='bbox 2364 2585 2521 2645; x_wconf 87' lang='lat' dir='ltr'><strong>bonis</strong></span> <span class='ocrx_word' id='word_1_335' title='bbox 2551 2590 2754 2647; x_wconf 90' lang='lat' dir='ltr'><strong>credidi</strong></span> <span class='ocrx_word' id='word_1_336' title='bbox 2785 2634 2800 2660; x_wconf 90' lang='lat'><strong>,</strong></span> <span class='ocrx_word' id='word_1_337' title='bbox 2849 2594 3101 2650; x_wconf 89' lang='lat' dir='ltr'><strong>meritum</strong></span> <span class='ocrx_word' id='word_1_338' title='bbox 3129 2596 3226 2652; x_wconf 89' lang='lat' dir='ltr'><strong>tibi</strong></span> <span class='ocrx_word' id='word_1_339' title='bbox 3253 2598 3486 2656; x_wconf 87' lang='lat' dir='ltr'><strong>hominis</strong></span> 
     </span>
    </p>
   </div>
   <div class='ocr_carea' id='block_1_52' title="bbox 1883 2672 3486 2764">
    <p class='ocr_par' dir='ltr' id='par_1_52' title="bbox 1883 2672 3486 2764">
     <span class='ocr_line' id='line_1_52' title="bbox 1883 2672 3486 2764; baseline 0.012 -34"><span class='ocrx_word' id='word_1_340' title='bbox 1883 2672 2002 2732; x_wconf 83' lang='lat' dir='ltr'><strong>dies</strong></span> <span class='ocrx_word' id='word_1_341' title='bbox 2051 2676 2260 2748; x_wconf 85' lang='lat' dir='ltr'><strong>longior</strong></span> <span class='ocrx_word' id='word_1_342' title='bbox 2304 2679 2579 2738; x_wconf 89' lang='lat' dir='ltr'><strong>indicabit.</strong></span> <span class='ocrx_word' id='word_1_343' title='bbox 2613 2684 2740 2739; x_wconf 73' lang='lat' dir='ltr'><strong>Mihi</strong></span> <span class='ocrx_word' id='word_1_344' title='bbox 2769 2687 2901 2742; x_wconf 90' lang='lat' dir='ltr'><strong>satis</strong></span> <span class='ocrx_word' id='word_1_345' title='bbox 2929 2697 3055 2755; x_wconf 87' lang='lat' dir='ltr'><strong>est,</strong></span> <span class='ocrx_word' id='word_1_346' title='bbox 3095 2690 3140 2745; x_wconf 91' lang='lat' dir='ltr'><strong>si</strong></span> <span class='ocrx_word' id='word_1_347' title='bbox 3173 2689 3251 2747; x_wconf 91' lang='lat' dir='ltr'><strong>illi</strong></span> <span class='ocrx_word' id='word_1_348' title='bbox 3279 2691 3486 2764; x_wconf 89' lang='lat' dir='ltr'><strong>primus</strong></span> 
     </span>
    </p>
   </div>
   <div class='ocr_carea' id='block_1_53' title="bbox 1881 2767 3058 2844">
    <p class='ocr_par' dir='ltr' id='par_1_53' title="bbox 1881 2767 3058 2844">
     <span class='ocr_line' id='line_1_53' title="bbox 1881 2767 3058 2844; baseline 0.012 -21"><span class='ocrx_word' id='word_1_349' title='bbox 1881 2767 2059 2824; x_wconf 87' lang='lat' dir='ltr'><strong>aditus</strong></span> <span class='ocrx_word' id='word_1_350' title='bbox 2082 2784 2233 2838; x_wconf 84' lang='lat' dir='ltr'><strong>spem</strong></span> <span class='ocrx_word' id='word_1_351' title='bbox 2259 2771 2468 2830; x_wconf 88' lang='lat' dir='ltr'><strong>dederit</strong></span> <span class='ocrx_word' id='word_1_352' title='bbox 2489 2774 2802 2844; x_wconf 83' lang='lat' dir='ltr'><strong>pleniorem.</strong></span> <span class='ocrx_word' id='word_1_353' title='bbox 2835 2779 2981 2836; x_wconf 90' lang='lat' dir='ltr'><strong>Vale.</strong></span> <span class='ocrx_word' id='word_1_354' title='bbox 3051 2813 3058 2818; x_wconf 91' lang='lat'><strong>-</strong></span> 
     </span>
    </p>
   </div>
   <div class='ocr_carea' id='block_1_54' title="bbox 2403 2908 2934 2982">
    <p class='ocr_par' dir='ltr' id='par_1_54' title="bbox 2403 2908 2934 2982">
     <span class='ocr_line' id='line_1_54' title="bbox 2403 2908 2934 2982; baseline 0.013 -19"><span class='ocrx_word' id='word_1_355' title='bbox 2403 2975 2408 2982; x_wconf 30' lang='lat'><strong>,</strong></span> <span class='ocrx_word' id='word_1_356' title='bbox 2439 2908 2655 2968; x_wconf 86' lang='lat' dir='ltr'><strong>EPIST.</strong></span> <span class='ocrx_word' id='word_1_357' title='bbox 2699 2912 2934 2970; x_wconf 86' lang='lat' dir='ltr'><strong>Lxxm.</strong></span> 
     </span>
    </p>
   </div>
   <div class='ocr_carea' id='block_1_55' title="bbox 2144 3001 3214 3069">
    <p class='ocr_par' dir='ltr' id='par_1_55' title="bbox 2144 3001 3214 3069">
     <span class='ocr_line' id='line_1_55' title="bbox 2144 3001 3214 3069; baseline 0.014 -15"><span class='ocrx_word' id='word_1_358' title='bbox 2144 3014 2454 3058; x_wconf 73' lang='lat' dir='ltr'><strong>svuncuus</strong></span> <span class='ocrx_word' id='word_1_359' title='bbox 2491 3018 2711 3061; x_wconf 74' lang='lat' dir='ltr'><strong>cecsmo</strong></span> <span class='ocrx_word' id='word_1_360' title='bbox 2741 3001 2960 3066; x_wconf 63' lang='lat' dir='ltr'><strong>incisim</strong></span> <span class='ocrx_word' id='word_1_361' title='bbox 3001 3017 3214 3069; x_wconf 64' lang='lat' dir='ltr'><strong>ruunt.</strong></span> 
     </span>
    </p>
   </div>
   <div class='ocr_carea' id='block_1_56' title="bbox 1895 3131 3480 3216">
    <p class='ocr_par' dir='ltr' id='par_1_56' title="bbox 1895 3131 3480 3216">
     <span class='ocr_line' id='line_1_56' title="bbox 1895 3131 3480 3216; baseline 0.013 -27"><span class='ocrx_word' id='word_1_362' title='bbox 1895 3183 1901 3189; x_wconf 92' lang='lat'><strong>.</strong></span> <span class='ocrx_word' id='word_1_363' title='bbox 1953 3131 2182 3201; x_wconf 86' lang='lat' dir='ltr'><strong>Quando</strong></span> <span class='ocrx_word' id='word_1_364' title='bbox 2205 3150 2325 3192; x_wconf 90' lang='lat' dir='ltr'><strong>eam</strong></span> <span class='ocrx_word' id='word_1_365' title='bbox 2352 3136 2426 3192; x_wconf 90' lang='lat' dir='ltr'><strong>dii</strong></span> <span class='ocrx_word' id='word_1_366' title='bbox 2467 3147 2784 3209; x_wconf 89' lang='lat' dir='ltr'><strong>potestatem</strong></span> <span class='ocrx_word' id='word_1_367' title='bbox 2819 3141 2914 3198; x_wconf 88' lang='lat' dir='ltr'><strong>tibi</strong></span> <span class='ocrx_word' id='word_1_368' title='bbox 2943 3143 3226 3216; x_wconf 89' lang='lat' dir='ltr'><strong>dederunt,</strong></span> <span class='ocrx_word' id='word_1_369' title='bbox 3254 3159 3314 3206; x_wconf 92' lang='lat' dir='ltr'><strong>ut</strong></span> <span class='ocrx_word' id='word_1_370' title='bbox 3342 3153 3480 3209; x_wconf 89' lang='lat' dir='ltr'><strong>ami-</strong></span> 
     </span>
    </p>
   </div>
   <div class='ocr_carea' id='block_1_57' title="bbox 179 3224 1777 3316">
    <p class='ocr_par' dir='ltr' id='par_1_57' title="bbox 179 3229 1777 3316">
     <span class='ocr_line' id='line_1_57' title="bbox 179 3229 1777 3316; baseline 0.011 -31"><span class='ocrx_word' id='word_1_371' title='bbox 179 3229 422 3288; x_wconf 86' lang='lat' dir='ltr'><strong>videatur</strong></span> <span class='ocrx_word' id='word_1_372' title='bbox 442 3233 678 3291; x_wconf 90' lang='lat' dir='ltr'><strong>oblatum</strong></span> <span class='ocrx_word' id='word_1_373' title='bbox 709 3237 785 3292; x_wconf 90' lang='lat' dir='ltr'><strong>tui</strong></span> <span class='ocrx_word' id='word_1_374' title='bbox 833 3239 1053 3296; x_wconf 77' lang='lat' dir='ltr'><strong>benoris</strong></span> <span class='ocrx_word' id='word_1_375' title='bbox 1080 3242 1340 3299; x_wconf 80' lang='lat' dir='ltr'><strong>auxilium</strong></span> <span class='ocrx_word' id='word_1_376' title='bbox 1364 3284 1380 3310; x_wconf 92' lang='lat'><strong>,</strong></span> <span class='ocrx_word' id='word_1_377' title='bbox 1412 3253 1469 3316; x_wconf 87' lang='lat' dir='ltr'><strong>e_t</strong></span> <span class='ocrx_word' id='word_1_378' title='bbox 1499 3244 1777 3316; x_wconf 79' lang='lat' dir='ltr'><strong>utriusque</strong></span> 
     </span>
    </p>
   </div>
   <div class='ocr_carea' id='block_1_58' title="bbox 1887 3224 3480 3316">
    <p class='ocr_par' dir='ltr' id='par_1_58' title="bbox 1887 3224 3480 3308">
     <span class='ocr_line' id='line_1_58' title="bbox 1887 3224 3480 3308; baseline 0.015 -29"><span class='ocrx_word' id='word_1_379' title='bbox 1887 3224 1960 3280; x_wconf 90' lang='lat' dir='ltr'><strong>cis</strong></span> <span class='ocrx_word' id='word_1_380' title='bbox 2008 3240 2074 3282; x_wconf 92' lang='lat' dir='ltr'><strong>ac</strong></span> <span class='ocrx_word' id='word_1_381' title='bbox 2124 3228 2442 3286; x_wconf 87' lang='lat' dir='ltr'><strong>necessariis</strong></span> <span class='ocrx_word' id='word_1_382' title='bbox 2487 3231 2623 3288; x_wconf 88' lang='lat' dir='ltr'><strong>meis</strong></span> <span class='ocrx_word' id='word_1_383' title='bbox 2668 3234 2788 3289; x_wconf 89' lang='lat' dir='ltr'><strong>usui</strong></span> <span class='ocrx_word' id='word_1_384' title='bbox 2829 3249 2951 3293; x_wconf 89' lang='lat' dir='ltr'><strong>esse</strong></span> <span class='ocrx_word' id='word_1_385' title='bbox 2994 3239 3210 3308; x_wconf 90' lang='lat' dir='ltr'><strong>possis;</strong></span> <span class='ocrx_word' id='word_1_386' title='bbox 3270 3244 3480 3303; x_wconf 82' lang='lat' dir='ltr'><strong>conﬁde</strong></span> 
     </span>
    </p>
   </div>
   <div class='ocr_carea' id='block_1_59' title="bbox 181 3313 1779 3404">
    <p class='ocr_par' dir='ltr' id='par_1_59' title="bbox 181 3313 1779 3404">
     <span class='ocr_line' id='line_1_59' title="bbox 181 3313 1779 3404; baseline 0.009 -28"><span class='ocrx_word' id='word_1_387' title='bbox 181 3323 468 3380; x_wconf 87' lang='lat' dir='ltr'><strong>sacerdotii</strong></span> <span class='ocrx_word' id='word_1_388' title='bbox 498 3333 551 3380; x_wconf 91' lang='lat' dir='ltr'><strong>te</strong></span> <span class='ocrx_word' id='word_1_389' title='bbox 575 3325 873 3389; x_wconf 85' lang='lat' dir='ltr'><strong>antistitem</strong></span> <span class='ocrx_word' id='word_1_390' title='bbox 901 3331 1211 3387; x_wconf 89' lang='lat' dir='ltr'><strong>recordare.</strong></span> <span class='ocrx_word' id='word_1_391' title='bbox 1241 3313 1510 3403; x_wconf 50' lang='lat' dir='ltr'><strong>Quidquid</strong></span> <span class='ocrx_word' id='word_1_392' title='bbox 1531 3313 1779 3404; x_wconf 80' lang='lat' dir='ltr'><strong>publicus</strong></span> 
     </span>
    </p>
   </div>
   <div class='ocr_carea' id='block_1_60' title="bbox 181 3416 1773 3499">
    <p class='ocr_par' dir='ltr' id='par_1_60' title="bbox 181 3416 1773 3499">
     <span class='ocr_line' id='line_1_60' title="bbox 181 3416 1773 3499; baseline 0.011 -30"><span class='ocrx_word' id='word_1_393' title='bbox 181 3416 338 3488; x_wconf 85' lang='lat' dir='ltr'><strong>vigor,</strong></span> <span class='ocrx_word' id='word_1_394' title='bbox 374 3428 470 3473; x_wconf 89' lang='lat' dir='ltr'><strong>aut</strong></span> <span class='ocrx_word' id='word_1_395' title='bbox 496 3421 700 3490; x_wconf 90' lang='lat' dir='ltr'><strong>privata</strong></span> <span class='ocrx_word' id='word_1_396' title='bbox 731 3424 904 3492; x_wconf 90' lang='lat' dir='ltr'><strong>poscit</strong></span> <span class='ocrx_word' id='word_1_397' title='bbox 933 3425 1218 3494; x_wconf 85' lang='lat' dir='ltr'><strong>industria,</strong></span> <span class='ocrx_word' id='word_1_398' title='bbox 1244 3436 1427 3484; x_wconf 88' lang='lat' dir='ltr'><strong>oratus</strong></span> <span class='ocrx_word' id='word_1_399' title='bbox 1453 3443 1773 3499; x_wconf 81' lang='lat' dir='ltr'><strong>exsequere.</strong></span> 
     </span>
    </p>
   </div>
   <div class='ocr_carea' id='block_1_61' title="bbox 180 3508 1772 3592">
    <p class='ocr_par' dir='ltr' id='par_1_61' title="bbox 180 3508 1772 3592">
     <span class='ocr_line' id='line_1_61' title="bbox 180 3508 1772 3592; baseline 0.008 -27"><span class='ocrx_word' id='word_1_400' title='bbox 180 3508 392 3567; x_wconf 70' lang='lat' dir='ltr'><strong>Multum</strong></span> <span class='ocrx_word' id='word_1_401' title='bbox 425 3513 476 3568; x_wconf 90' lang='lat' dir='ltr'><strong>in</strong></span> <span class='ocrx_word' id='word_1_402' title='bbox 507 3515 736 3583; x_wconf 87' lang='lat' dir='ltr'><strong>gratiam</strong></span> <span class='ocrx_word' id='word_1_403' title='bbox 767 3525 912 3572; x_wconf 90' lang='lat' dir='ltr'><strong>tuam</strong></span> <span class='ocrx_word' id='word_1_404' title='bbox 947 3518 1165 3588; x_wconf 84' lang='lat' dir='ltr'><strong>publica.</strong></span> <span class='ocrx_word' id='word_1_405' title='bbox 1184 3519 1386 3576; x_wconf 89' lang='lat' dir='ltr'><strong>utilitas</strong></span> <span class='ocrx_word' id='word_1_406' title='bbox 1415 3523 1772 3592; x_wconf 88' lang='lat' dir='ltr'><strong>promovebit.</strong></span> 
     </span>
    </p>
   </div>
   <div class='ocr_carea' id='block_1_62' title="bbox 183 3605 1774 3683">
    <p class='ocr_par' dir='ltr' id='par_1_62' title="bbox 183 3605 1774 3683">
     <span class='ocr_line' id='line_1_62' title="bbox 183 3605 1774 3683; baseline 0.004 -23"><span class='ocrx_word' id='word_1_407' title='bbox 183 3605 355 3663; x_wconf 84' lang='lat' dir='ltr'><strong>Habes</strong></span> <span class='ocrx_word' id='word_1_408' title='bbox 381 3611 643 3663; x_wconf 85' lang='lat' dir='ltr'><strong>summam</strong></span> <span class='ocrx_word' id='word_1_409' title='bbox 676 3609 963 3679; x_wconf 86' lang='lat' dir='ltr'><strong>petitionis</strong></span> <span class='ocrx_word' id='word_1_410' title='bbox 995 3625 1152 3667; x_wconf 83' lang='lat' dir='ltr'><strong>meae.</strong></span> <span class='ocrx_word' id='word_1_411' title='bbox 1201 3611 1434 3683; x_wconf 82' lang='lat' dir='ltr'><strong>Singula</strong></span> <span class='ocrx_word' id='word_1_412' title='bbox 1465 3625 1642 3670; x_wconf 89' lang='lat' dir='ltr'><strong>autem</strong></span> <span class='ocrx_word' id='word_1_413' title='bbox 1677 3612 1774 3672; x_wconf 83' lang='lat' dir='ltr'><strong>tibi</strong></span> 
     </span>
    </p>
   </div>
   <div class='ocr_carea' id='block_1_63' title="bbox 183 3699 1771 3782">
    <p class='ocr_par' dir='ltr' id='par_1_63' title="bbox 183 3699 1771 3782">
     <span class='ocr_line' id='line_1_63' title="bbox 183 3699 1771 3782; baseline 0.007 -29"><span class='ocrx_word' id='word_1_414' title='bbox 183 3699 259 3754; x_wconf 83' lang='lat' dir='ltr'><strong>vel</strong></span> <span class='ocrx_word' id='word_1_415' title='bbox 305 3702 698 3758; x_wconf 87' lang='lat' dir='ltr'><strong>commonitorii</strong></span> <span class='ocrx_word' id='word_1_416' title='bbox 731 3706 898 3759; x_wconf 85' lang='lat' dir='ltr'><strong>series</strong></span> <span class='ocrx_word' id='word_1_417' title='bbox 946 3705 1202 3761; x_wconf 84' lang='lat' dir='ltr'><strong>indicabit</strong></span> <span class='ocrx_word' id='word_1_418' title='bbox 1226 3748 1242 3774; x_wconf 94' lang='lat'><strong>,</strong></span> <span class='ocrx_word' id='word_1_419' title='bbox 1275 3709 1359 3764; x_wconf 88' lang='lat' dir='ltr'><strong>vel</strong></span> <span class='ocrx_word' id='word_1_420' title='bbox 1405 3708 1575 3764; x_wconf 81' lang='lat' dir='ltr'><strong>Rufus</strong></span> <span class='ocrx_word' id='word_1_421' title='bbox 1605 3726 1771 3782; x_wconf 82' lang='lat' dir='ltr'><strong>expe-</strong></span> 
     </span>
    </p>
   </div>
   <div class='ocr_carea' id='block_1_64' title="bbox 178 3791 1774 3874">
    <p class='ocr_par' dir='ltr' id='par_1_64' title="bbox 178 3791 1774 3874">
     <span class='ocr_line' id='line_1_64' title="bbox 178 3791 1774 3874; baseline 0.01 -27"><span class='ocrx_word' id='word_1_422' title='bbox 178 3791 312 3861; x_wconf 76' lang='lat' dir='ltr'><strong>diet;</strong></span> <span class='ocrx_word' id='word_1_423' title='bbox 355 3796 446 3852; x_wconf 91' lang='lat' dir='ltr'><strong>cui</strong></span> <span class='ocrx_word' id='word_1_424' title='bbox 476 3805 755 3853; x_wconf 88' lang='lat' dir='ltr'><strong>maturum</strong></span> <span class='ocrx_word' id='word_1_425' title='bbox 773 3797 1054 3869; x_wconf 77' lang='lat' dir='ltr'><strong>praestabis</strong></span> <span class='ocrx_word' id='word_1_426' title='bbox 1081 3799 1352 3868; x_wconf 81' lang='lat' dir='ltr'><strong>effectum,</strong></span> <span class='ocrx_word' id='word_1_427' title='bbox 1380 3811 1439 3858; x_wconf 93' lang='lat' dir='ltr'><strong>ut</strong></span> <span class='ocrx_word' id='word_1_428' title='bbox 1464 3805 1774 3874; x_wconf 74' lang='lat' dir='ltr'><strong>sequestra-</strong></span> 
     </span>
    </p>
   </div>
   <div class='ocr_carea' id='block_1_65' title="bbox 177 3891 1627 3968">
    <p class='ocr_par' dir='ltr' id='par_1_65' title="bbox 177 3891 1627 3968">
     <span class='ocr_line' id='line_1_65' title="bbox 177 3891 1627 3968; baseline 0.007 -24"><span class='ocrx_word' id='word_1_429' title='bbox 177 3898 284 3945; x_wconf 89' lang='lat' dir='ltr'><strong>tum</strong></span> <span class='ocrx_word' id='word_1_430' title='bbox 319 3891 604 3963; x_wconf 83' lang='lat' dir='ltr'><strong>paulisper</strong></span> <span class='ocrx_word' id='word_1_431' title='bbox 623 3892 859 3949; x_wconf 89' lang='lat' dir='ltr'><strong>officium</strong></span> <span class='ocrx_word' id='word_1_432' title='bbox 889 3907 1169 3967; x_wconf 88' lang='lat' dir='ltr'><strong>regressus</strong></span> <span class='ocrx_word' id='word_1_433' title='bbox 1199 3897 1445 3968; x_wconf 89' lang='lat' dir='ltr'><strong>arripiat.</strong></span> <span class='ocrx_word' id='word_1_434' title='bbox 1478 3899 1627 3956; x_wconf 87' lang='lat' dir='ltr'><strong>Vale.</strong></span> 
     </span>
    </p>
   </div>
   <div class='ocr_carea' id='block_1_66' title="bbox 752 4009 1192 4068">
    <p class='ocr_par' dir='ltr' id='par_1_66' title="bbox 752 4009 1192 4068">
     <span class='ocr_line' id='line_1_66' title="bbox 752 4009 1192 4068; baseline 0.002 -2"><span class='ocrx_word' id='word_1_435' title='bbox 752 4009 971 4068; x_wconf 86' lang='lat' dir='ltr'><strong>EPIST.</strong></span> <span class='ocrx_word' id='word_1_436' title='bbox 1008 4011 1192 4068; x_wconf 82' lang='lat' dir='ltr'><strong>LXIX.</strong></span> 
     </span>
    </p>
   </div>
   <div class='ocr_carea' id='block_1_67' title="bbox 460 4121 1495 4165">
    <p class='ocr_par' dir='ltr' id='par_1_67' title="bbox 460 4121 1495 4165">
     <span class='ocr_line' id='line_1_67' title="bbox 460 4121 1495 4165; baseline 0.004 -5"><span class='ocrx_word' id='word_1_437' title='bbox 460 4121 773 4162; x_wconf 67' lang='lat' dir='ltr'><strong>SVIMACIIIIS</strong></span> <span class='ocrx_word' id='word_1_438' title='bbox 796 4121 1020 4163; x_wconf 74' lang='lat' dir='ltr'><strong>CELSINO</strong></span> <span class='ocrx_word' id='word_1_439' title='bbox 1045 4122 1256 4164; x_wconf 79' lang='lat' dir='ltr'><strong>TICIANO</strong></span> <span class='ocrx_word' id='word_1_440' title='bbox 1281 4124 1495 4165; x_wconf 78' lang='lat' dir='ltr'><strong>FRATRI.</strong></span> 
     </span>
    </p>
   </div>
   <div class='ocr_carea' id='block_1_68' title="bbox 239 4221 1772 4297">
    <p class='ocr_par' dir='ltr' id='par_1_68' title="bbox 239 4221 1772 4297">
     <span class='ocr_line' id='line_1_68' title="bbox 239 4221 1772 4297; baseline 0.005 -21"><span class='ocrx_word' id='word_1_441' title='bbox 239 4221 426 4278; x_wconf 85' lang='lat' dir='ltr'><strong>Potuit</strong></span> <span class='ocrx_word' id='word_1_442' title='bbox 471 4221 640 4277; x_wconf 72' lang='lat' dir='ltr'><strong>frater</strong></span> <span class='ocrx_word' id='word_1_443' title='bbox 669 4237 819 4278; x_wconf 89' lang='lat' dir='ltr'><strong>meus</strong></span> <span class='ocrx_word' id='word_1_444' title='bbox 857 4223 1150 4279; x_wconf 88' lang='lat' dir='ltr'><strong>Acutianus</strong></span> <span class='ocrx_word' id='word_1_445' title='bbox 1185 4238 1284 4279; x_wconf 89' lang='lat' dir='ltr'><strong>suo</strong></span> <span class='ocrx_word' id='word_1_446' title='bbox 1331 4224 1545 4280; x_wconf 87' lang='lat' dir='ltr'><strong>nomine</strong></span> <span class='ocrx_word' id='word_1_447' title='bbox 1569 4268 1583 4291; x_wconf 92' lang='lat'><strong>,</strong></span> <span class='ocrx_word' id='word_1_448' title='bbox 1629 4225 1772 4297; x_wconf 89' lang='lat' dir='ltr'><strong>quod</strong></span> 
     </span>
    </p>
   </div>
   <div class='ocr_carea' id='block_1_69' title="bbox 172 4313 1771 4390">
    <p class='ocr_par' dir='ltr' id='par_1_69' title="bbox 172 4313 1771 4390">
     <span class='ocr_line' id='line_1_69' title="bbox 172 4313 1771 4390; baseline 0.003 -21"><span class='ocrx_word' id='word_1_449' title='bbox 172 4315 360 4384; x_wconf 85' lang='lat' dir='ltr'><strong>poscit,</strong></span> <span class='ocrx_word' id='word_1_450' title='bbox 394 4313 642 4384; x_wconf 86' lang='lat' dir='ltr'><strong>adipisci,</strong></span> <span class='ocrx_word' id='word_1_451' title='bbox 669 4323 726 4370; x_wconf 90' lang='lat' dir='ltr'><strong>ut</strong></span> <span class='ocrx_word' id='word_1_452' title='bbox 749 4317 838 4385; x_wconf 89' lang='lat' dir='ltr'><strong>qui</strong></span> <span class='ocrx_word' id='word_1_453' title='bbox 865 4317 934 4371; x_wconf 91' lang='lat' dir='ltr'><strong>sit</strong></span> <span class='ocrx_word' id='word_1_454' title='bbox 964 4332 1070 4372; x_wconf 89' lang='lat' dir='ltr'><strong>non</strong></span> <span class='ocrx_word' id='word_1_455' title='bbox 1100 4317 1420 4385; x_wconf 74' lang='lat' dir='ltr'><strong>minus&#39;tibi,</strong></span> <span class='ocrx_word' id='word_1_456' title='bbox 1447 4333 1607 4390; x_wconf 91' lang='lat' dir='ltr'><strong>quam</strong></span> <span class='ocrx_word' id='word_1_457' title='bbox 1639 4319 1771 4374; x_wconf 90' lang='lat' dir='ltr'><strong>mihi</strong></span> 
     </span>
    </p>
   </div>
   <div class='ocr_carea' id='block_1_70' title="bbox 171 4408 1769 4476">
    <p class='ocr_par' dir='ltr' id='par_1_70' title="bbox 171 4408 1769 4476">
     <span class='ocr_line' id='line_1_70' title="bbox 171 4408 1769 4476; baseline 0.003 -13"><span class='ocrx_word' id='word_1_458' title='bbox 171 4409 473 4466; x_wconf 78' lang='lat' dir='ltr'><strong>familiaris.</strong></span> <span class='ocrx_word' id='word_1_459' title='bbox 499 4408 607 4466; x_wconf 88' lang='lat' dir='ltr'><strong>Sed</strong></span> <span class='ocrx_word' id='word_1_460' title='bbox 636 4409 876 4465; x_wconf 89' lang='lat' dir='ltr'><strong>interfuit</strong></span> <span class='ocrx_word' id='word_1_461' title='bbox 903 4409 1070 4466; x_wconf 85' lang='lat' dir='ltr'><strong>officii</strong></span> <span class='ocrx_word' id='word_1_462' title='bbox 1095 4410 1223 4476; x_wconf 88' lang='lat' dir='ltr'><strong>mei,</strong></span> <span class='ocrx_word' id='word_1_463' title='bbox 1250 4423 1307 4466; x_wconf 90' lang='lat' dir='ltr'><strong>ut</strong></span> <span class='ocrx_word' id='word_1_464' title='bbox 1337 4413 1383 4467; x_wconf 87' lang='lat' dir='ltr'><strong>ei</strong></span> <span class='ocrx_word' id='word_1_465' title='bbox 1414 4412 1769 4469; x_wconf 87' lang='lat' dir='ltr'><strong>voluntariam</strong></span> 
     </span>
    </p>
   </div>
   <div class='ocr_carea' id='block_1_71' title="bbox 170 4502 1772 4572">
    <p class='ocr_par' dir='ltr' id='par_1_71' title="bbox 170 4502 1772 4572">
     <span class='ocr_line' id='line_1_71' title="bbox 170 4502 1772 4572; baseline 0.004 -15"><span class='ocrx_word' id='word_1_466' title='bbox 170 4516 390 4572; x_wconf 87' lang='lat' dir='ltr'><strong>operam</strong></span> <span class='ocrx_word' id='word_1_467' title='bbox 419 4502 847 4559; x_wconf 87' lang='lat' dir='ltr'><strong>commodarem.</strong></span> <span class='ocrx_word' id='word_1_468' title='bbox 881 4502 1038 4560; x_wconf 84' lang='lat' dir='ltr'><strong>Juvat</strong></span> <span class='ocrx_word' id='word_1_469' title='bbox 1065 4515 1244 4560; x_wconf 91' lang='lat' dir='ltr'><strong>autem</strong></span> <span class='ocrx_word' id='word_1_470' title='bbox 1271 4504 1592 4561; x_wconf 89' lang='lat' dir='ltr'><strong>desiderium</strong></span> <span class='ocrx_word' id='word_1_471' title='bbox 1627 4504 1772 4563; x_wconf 87' lang='lat' dir='ltr'><strong>illius</strong></span> 
     </span>
    </p>
   </div>
   <div class='ocr_carea' id='block_1_72' title="bbox 169 4595 1772 4669">
    <p class='ocr_par' dir='ltr' id='par_1_72' title="bbox 169 4595 1772 4669">
     <span class='ocr_line' id='line_1_72' title="bbox 169 4595 1772 4669; baseline 0.003 -19"><span class='ocrx_word' id='word_1_472' title='bbox 169 4597 366 4666; x_wconf 77' lang='lat' dir='ltr'><strong>inStitia</strong></span> <span class='ocrx_word' id='word_1_473' title='bbox 395 4597 677 4668; x_wconf 87' lang='lat' dir='ltr'><strong>postulati.</strong></span> <span class='ocrx_word' id='word_1_474' title='bbox 709 4595 842 4652; x_wconf 86' lang='lat' dir='ltr'><strong>Nam</strong></span> <span class='ocrx_word' id='word_1_475' title='bbox 873 4612 1156 4669; x_wconf 88' lang='lat' dir='ltr'><strong>germanos</strong></span> <span class='ocrx_word' id='word_1_476' title='bbox 1177 4613 1303 4654; x_wconf 88' lang='lat' dir='ltr'><strong>suos</strong></span> <span class='ocrx_word' id='word_1_477' title='bbox 1324 4639 1341 4667; x_wconf 91' lang='lat'><strong>,</strong></span> <span class='ocrx_word' id='word_1_478' title='bbox 1379 4597 1685 4656; x_wconf 85' lang='lat' dir='ltr'><strong>Nichasium</strong></span> <span class='ocrx_word' id='word_1_479' title='bbox 1718 4608 1772 4655; x_wconf 87' lang='lat' dir='ltr'><strong>et</strong></span> 
     </span>
    </p>
   </div>
   <div class='ocr_carea' id='block_1_73' title="bbox 171 4689 1846 4762">
    <p class='ocr_par' dir='ltr' id='par_1_73' title="bbox 171 4689 1846 4762">
     <span class='ocr_line' id='line_1_73' title="bbox 171 4689 1846 4762; baseline 0.002 -18"><span class='ocrx_word' id='word_1_480' title='bbox 171 4689 525 4760; x_wconf 80' lang='lat' dir='ltr'><strong>Rogatianum</strong></span> <span class='ocrx_word' id='word_1_481' title='bbox 546 4707 568 4758; x_wconf 69' lang='lat'><strong>&#39;,</strong></span> <span class='ocrx_word' id='word_1_482' title='bbox 597 4692 870 4762; x_wconf 88' lang='lat' dir='ltr'><strong>negotium</strong></span> <span class='ocrx_word' id='word_1_483' title='bbox 917 4707 1201 4747; x_wconf 84' lang='lat' dir='ltr'><strong>commune</strong></span> <span class='ocrx_word' id='word_1_484' title='bbox 1247 4703 1498 4749; x_wconf 88' lang='lat' dir='ltr'><strong>curantes</strong></span> <span class='ocrx_word' id='word_1_485' title='bbox 1521 4735 1538 4760; x_wconf 89' lang='lat'><strong>,</strong></span> <span class='ocrx_word' id='word_1_486' title='bbox 1586 4693 1672 4750; x_wconf 87' lang='lat' dir='ltr'><strong>vel</strong></span> <span class='ocrx_word' id='word_1_487' title='bbox 1701 4692 1770 4749; x_wconf 89' lang='lat' dir='ltr'><strong>ad</strong></span> <span class='ocrx_word' id='word_1_488' title='bbox 1804 4689 1846 4748; x_wconf 53' lang='grc' dir='ltr'><strong><em>ί</em></strong></span> 
     </span>
    </p>
   </div>
   <div class='ocr_carea' id='block_1_74' title="bbox 167 4785 1765 4857">
    <p class='ocr_par' dir='ltr' id='par_1_74' title="bbox 167 4785 1765 4857">
     <span class='ocr_line' id='line_1_74' title="bbox 167 4785 1765 4857; baseline 0.001 -17"><span class='ocrx_word' id='word_1_489' title='bbox 167 4787 616 4857; x_wconf 84' lang='lat' dir='ltr'><strong>disceptationem</strong></span> <span class='ocrx_word' id='word_1_490' title='bbox 646 4785 910 4842; x_wconf 87' lang='lat' dir='ltr'><strong>Numidici</strong></span> <span class='ocrx_word' id='word_1_491' title='bbox 955 4786 1250 4842; x_wconf 86' lang='lat' dir='ltr'><strong>consularis</strong></span> <span class='ocrx_word' id='word_1_492' title='bbox 1279 4786 1478 4841; x_wconf 89' lang='lat' dir='ltr'><strong>remitti</strong></span> <span class='ocrx_word' id='word_1_493' title='bbox 1511 4785 1765 4857; x_wconf 88' lang='lat' dir='ltr'><strong>postulat,</strong></span> 
     </span>
    </p>
   </div>
   <div class='ocr_carea' id='block_1_75' title="bbox 167 4880 1769 4956">
    <p class='ocr_par' dir='ltr' id='par_1_75' title="bbox 167 4880 1769 4956">
     <span class='ocr_line' id='line_1_75' title="bbox 167 4880 1769 4956; baseline 0.001 -20"><span class='ocrx_word' id='word_1_494' title='bbox 167 4885 272 4953; x_wconf 89' lang='lat' dir='ltr'><strong>vel,</strong></span> <span class='ocrx_word' id='word_1_495' title='bbox 302 4883 452 4956; x_wconf 87' lang='lat' dir='ltr'><strong>quod</strong></span> <span class='ocrx_word' id='word_1_496' title='bbox 480 4883 531 4938; x_wconf 91' lang='lat' dir='ltr'><strong>ei</strong></span> <span class='ocrx_word' id='word_1_497' title='bbox 559 4880 830 4952; x_wconf 86' lang='lat' dir='ltr'><strong>antiquius</strong></span> <span class='ocrx_word' id='word_1_498' title='bbox 857 4889 941 4937; x_wconf 90' lang='lat' dir='ltr'><strong>est</strong></span> <span class='ocrx_word' id='word_1_499' title='bbox 966 4922 980 4946; x_wconf 91' lang='lat'><strong>,</strong></span> <span class='ocrx_word' id='word_1_500' title='bbox 1031 4890 1081 4937; x_wconf 92' lang='lat' dir='ltr'><strong>te</strong></span> <span class='ocrx_word' id='word_1_501' title='bbox 1115 4880 1446 4952; x_wconf 88' lang='lat' dir='ltr'><strong>potissimum</strong></span> <span class='ocrx_word' id='word_1_502' title='bbox 1490 4881 1769 4952; x_wconf 87' lang='lat' dir='ltr'><strong>cognitore</strong></span> 
     </span>
    </p>
   </div>
   <div class='ocr_carea' id='block_1_76' title="bbox 167 4975 1766 5051">
    <p class='ocr_par' dir='ltr' id='par_1_76' title="bbox 167 4975 1766 5051">
     <span class='ocr_line' id='line_1_76' title="bbox 167 4975 1766 5051; baseline -0.002 -17"><span class='ocrx_word' id='word_1_503' title='bbox 167 4979 369 5051; x_wconf 70' lang='lat' dir='ltr'><strong>mavult</strong></span> <span class='ocrx_word' id='word_1_504' title='bbox 400 4993 559 5048; x_wconf 87' lang='lat' dir='ltr'><strong>quam</strong></span> <span class='ocrx_word' id='word_1_505' title='bbox 590 4978 824 5048; x_wconf 90' lang='lat' dir='ltr'><strong>primum</strong></span> <span class='ocrx_word' id='word_1_506' title='bbox 857 4975 1100 5032; x_wconf 88' lang='lat' dir='ltr'><strong>molestia</strong></span> <span class='ocrx_word' id='word_1_507' title='bbox 1130 4975 1238 5032; x_wconf 89' lang='lat' dir='ltr'><strong>litis</strong></span> <span class='ocrx_word' id='word_1_508' title='bbox 1268 4976 1492 5032; x_wconf 89' lang='lat' dir='ltr'><strong>absolvi.</strong></span> <span class='ocrx_word' id='word_1_509' title='bbox 1523 4976 1700 5044; x_wconf 88' lang='lat' dir='ltr'><strong>Quare</strong></span> <span class='ocrx_word' id='word_1_510' title='bbox 1720 4975 1766 5031; x_wconf 91' lang='lat' dir='ltr'><strong>si</strong></span> 
     </span>
    </p>
   </div>
   <div class='ocr_carea' id='block_1_77' title="bbox 165 5068 1768 5141">
    <p class='ocr_par' dir='ltr' id='par_1_77' title="bbox 165 5068 1768 5141">
     <span class='ocr_line' id='line_1_77' title="bbox 165 5068 1768 5141; baseline -0.002 -14"><span class='ocrx_word' id='word_1_511' title='bbox 165 5083 214 5127; x_wconf 90' lang='lat' dir='ltr'><strong>et</strong></span> <span class='ocrx_word' id='word_1_512' title='bbox 244 5071 397 5126; x_wconf 89' lang='lat' dir='ltr'><strong>illius</strong></span> <span class='ocrx_word' id='word_1_513' title='bbox 423 5069 568 5140; x_wconf 89' lang='lat' dir='ltr'><strong>apud</strong></span> <span class='ocrx_word' id='word_1_514' title='bbox 600 5079 654 5126; x_wconf 90' lang='lat' dir='ltr'><strong>te</strong></span> <span class='ocrx_word' id='word_1_515' title='bbox 679 5068 885 5141; x_wconf 88' lang='lat' dir='ltr'><strong>grande</strong></span> <span class='ocrx_word' id='word_1_516' title='bbox 915 5078 1244 5126; x_wconf 90' lang='lat' dir='ltr'><strong>momentum</strong></span> <span class='ocrx_word' id='word_1_517' title='bbox 1270 5079 1353 5125; x_wconf 89' lang='lat' dir='ltr'><strong>est</strong></span> <span class='ocrx_word' id='word_1_518' title='bbox 1376 5109 1391 5135; x_wconf 90' lang='lat'><strong>,</strong></span> <span class='ocrx_word' id='word_1_519' title='bbox 1422 5078 1476 5125; x_wconf 93' lang='lat' dir='ltr'><strong>et</strong></span> <span class='ocrx_word' id='word_1_520' title='bbox 1507 5086 1532 5123; x_wconf 86' lang='lat' dir='ltr'><strong>a</strong></span> <span class='ocrx_word' id='word_1_521' title='bbox 1562 5068 1768 5140; x_wconf 89' lang='lat' dir='ltr'><strong>legibus</strong></span> 
     </span>
    </p>
   </div>
   <div class='ocr_carea' id='block_1_78' title="bbox 165 5161 1768 5235">
    <p class='ocr_par' dir='ltr' id='par_1_78' title="bbox 165 5161 1768 5235">
     <span class='ocr_line' id='line_1_78' title="bbox 165 5161 1768 5235; baseline -0.001 -15"><span class='ocrx_word' id='word_1_522' title='bbox 165 5182 324 5222; x_wconf 84' lang='lat' dir='ltr'><strong>causa</strong></span> <span class='ocrx_word' id='word_1_523' title='bbox 354 5180 465 5222; x_wconf 91' lang='lat' dir='ltr'><strong>non</strong></span> <span class='ocrx_word' id='word_1_524' title='bbox 491 5165 763 5235; x_wconf 86' lang='lat' dir='ltr'><strong>discrepat</strong></span> <span class='ocrx_word' id='word_1_525' title='bbox 791 5209 806 5233; x_wconf 90' lang='lat'><strong>,</strong></span> <span class='ocrx_word' id='word_1_526' title='bbox 840 5174 893 5222; x_wconf 91' lang='lat' dir='ltr'><strong>et</strong></span> <span class='ocrx_word' id='word_1_527' title='bbox 922 5163 1258 5221; x_wconf 84' lang='lat' dir='ltr'><strong>interventus</strong></span> <span class='ocrx_word' id='word_1_528' title='bbox 1286 5179 1440 5221; x_wconf 90' lang='lat' dir='ltr'><strong>meus</strong></span> <span class='ocrx_word' id='word_1_529' title='bbox 1469 5164 1659 5220; x_wconf 88' lang='lat' dir='ltr'><strong>libram</strong></span> <span class='ocrx_word' id='word_1_530' title='bbox 1692 5161 1768 5218; x_wconf 91' lang='lat' dir='ltr'><strong>tui</strong></span> 
     </span>
    </p>
   </div>
   <div class='ocr_carea' id='block_1_79' title="bbox 165 5241 1768 5330">
    <p class='ocr_par' dir='ltr' id='par_1_79' title="bbox 165 5241 1768 5330">
     <span class='ocr_line' id='line_1_79' title="bbox 165 5241 1768 5330; baseline -0.001 -16"><span class='ocrx_word' id='word_1_531' title='bbox 165 5260 364 5317; x_wconf 82' lang='lat' dir='ltr'><strong>favoris</strong></span> <span class='ocrx_word' id='word_1_532' title='bbox 396 5260 648 5325; x_wconf 88' lang='lat' dir='ltr'><strong>inclinat;</strong></span> <span class='ocrx_word' id='word_1_533' title='bbox 680 5241 850 5314; x_wconf 84' lang='lat' dir='ltr'><strong>anniti</strong></span> <span class='ocrx_word' id='word_1_534' title='bbox 879 5245 1089 5330; x_wconf 62' lang='lat' dir='ltr'><strong>acquum</strong></span> <span class='ocrx_word' id='word_1_535' title='bbox 1115 5266 1220 5326; x_wconf 87' lang='lat' dir='ltr'><strong>est,</strong></span> <span class='ocrx_word' id='word_1_536' title='bbox 1248 5267 1306 5314; x_wconf 92' lang='lat' dir='ltr'><strong>ut</strong></span> <span class='ocrx_word' id='word_1_537' title='bbox 1329 5257 1533 5328; x_wconf 87' lang='lat' dir='ltr'><strong>optimo</strong></span> <span class='ocrx_word' id='word_1_538' title='bbox 1561 5256 1678 5313; x_wconf 89' lang='lat' dir='ltr'><strong>viro</strong></span> <span class='ocrx_word' id='word_1_539' title='bbox 1700 5270 1768 5313; x_wconf 81' lang='lat' dir='ltr'><strong>ex</strong></span> 
     </span>
    </p>
   </div>
   <div class='ocr_carea' id='block_1_80' title="bbox 163 5349 1199 5432">
    <p class='ocr_par' dir='ltr' id='par_1_80' title="bbox 163 5349 1199 5432">
     <span class='ocr_line' id='line_1_80' title="bbox 163 5349 1199 5432; baseline -0.002 -24"><span class='ocrx_word' id='word_1_540' title='bbox 163 5351 436 5432; x_wconf 86' lang='lat' dir='ltr'><strong>sententia</strong></span> <span class='ocrx_word' id='word_1_541' title='bbox 453 5351 723 5424; x_wconf 88' lang='lat' dir='ltr'><strong>procedat</strong></span> <span class='ocrx_word' id='word_1_542' title='bbox 748 5359 1010 5422; x_wconf 88' lang='lat' dir='ltr'><strong>optatum.</strong></span> <span class='ocrx_word' id='word_1_543' title='bbox 1044 5349 1199 5408; x_wconf 88' lang='lat' dir='ltr'><strong>Vale.</strong></span> 
     </span>
    </p>
   </div>
   <div class='ocr_carea' id='block_1_81' title="bbox 762 5464 1183 5523">
    <p class='ocr_par' dir='ltr' id='par_1_81' title="bbox 762 5464 1183 5523">
     <span class='ocr_line' id='line_1_81' title="bbox 762 5464 1183 5523; baseline -0.007 0"><span class='ocrx_word' id='word_1_544' title='bbox 762 5465 983 5523; x_wconf 84' lang='lat' dir='ltr'><strong>EPIST.</strong></span> <span class='ocrx_word' id='word_1_545' title='bbox 1017 5464 1183 5522; x_wconf 84' lang='lat' dir='ltr'><strong>LXX.</strong></span> 
     </span>
    </p>
   </div>
   <div class='ocr_carea' id='block_1_82' title="bbox 440 5574 1586 5624">
    <p class='ocr_par' dir='ltr' id='par_1_82' title="bbox 440 5574 1586 5624">
     <span class='ocr_line' id='line_1_82' title="bbox 440 5574 1586 5624; baseline -0.005 -4"><span class='ocrx_word' id='word_1_546' title='bbox 440 5577 753 5620; x_wconf 70' lang='grc' dir='ltr'>ιῐιιιιιιαιιυε</span> <span class='ocrx_word' id='word_1_547' title='bbox 787 5575 1008 5617; x_wconf 72' lang='lat' dir='ltr'><strong>CBLSINO</strong></span> <span class='ocrx_word' id='word_1_548' title='bbox 1031 5574 1244 5620; x_wconf 72' lang='lat' dir='ltr'><strong>TICIANO</strong></span> <span class='ocrx_word' id='word_1_549' title='bbox 1278 5576 1494 5618; x_wconf 75' lang='lat' dir='ltr'><strong>FRATRI.</strong></span> <span class='ocrx_word' id='word_1_550' title='bbox 1582 5619 1586 5624; x_wconf 48' lang='grc'>,</span> 
     </span>
    </p>
   </div>
   <div class='ocr_carea' id='block_1_83' title="bbox 232 5674 1768 5747">
    <p class='ocr_par' dir='ltr' id='par_1_83' title="bbox 232 5674 1768 5747">
     <span class='ocr_line' id='line_1_83' title="bbox 232 5674 1768 5747; baseline 0 -14"><span class='ocrx_word' id='word_1_551' title='bbox 232 5676 495 5734; x_wconf 79' lang='lat' dir='ltr'><strong>Fratrum</strong></span> <span class='ocrx_word' id='word_1_552' title='bbox 533 5687 840 5733; x_wconf 86' lang='lat' dir='ltr'><strong>nostrorum</strong></span> <span class='ocrx_word' id='word_1_553' title='bbox 879 5674 1105 5732; x_wconf 82' lang='lat' dir='ltr'><strong>Romani</strong></span> <span class='ocrx_word' id='word_1_554' title='bbox 1133 5683 1292 5747; x_wconf 85' lang='lat' dir='ltr'><strong>atque</strong></span> <span class='ocrx_word' id='word_1_555' title='bbox 1321 5676 1554 5747; x_wconf 72' lang='lat' dir='ltr'><strong>Magnilli</strong></span> <span class='ocrx_word' id='word_1_556' title='bbox 1586 5676 1768 5747; x_wconf 89' lang='lat' dir='ltr'><strong>petitio</strong></span> 
     </span>
    </p>
   </div>
   <div class='ocr_carea' id='block_1_84' title="bbox 160 5770 1769 5844">
    <p class='ocr_par' dir='ltr' id='par_1_84' title="bbox 160 5770 1769 5844">
     <span class='ocr_line' id='line_1_84' title="bbox 160 5770 1769 5844; baseline 0.001 -16"><span class='ocrx_word' id='word_1_557' title='bbox 160 5770 305 5840; x_wconf 82' lang='lat' dir='ltr'><strong>iusta</strong></span> <span class='ocrx_word' id='word_1_558' title='bbox 339 5781 471 5838; x_wconf 89' lang='lat' dir='ltr'><strong>est,</strong></span> <span class='ocrx_word' id='word_1_559' title='bbox 515 5788 675 5844; x_wconf 87' lang='lat' dir='ltr'><strong>quam</strong></span> <span class='ocrx_word' id='word_1_560' title='bbox 723 5771 1151 5844; x_wconf 86' lang='lat' dir='ltr'><strong>prosequendam</strong></span> <span class='ocrx_word' id='word_1_561' title='bbox 1183 5771 1395 5841; x_wconf 87' lang='lat' dir='ltr'><strong>recepi;</strong></span> <span class='ocrx_word' id='word_1_562' title='bbox 1444 5772 1637 5843; x_wconf 85' lang='lat' dir='ltr'><strong>quibus</strong></span> <span class='ocrx_word' id='word_1_563' title='bbox 1667 5773 1769 5829; x_wconf 86' lang='lat' dir='ltr'><strong>im-</strong></span> 
     </span>
    </p>
   </div>
   <div class='ocr_carea' id='block_1_85' title="bbox 163 5866 1765 5940">
    <p class='ocr_par' dir='ltr' id='par_1_85' title="bbox 163 5866 1765 5940">
     <span class='ocr_line' id='line_1_85' title="bbox 163 5866 1765 5940; baseline 0.001 -14"><span class='ocrx_word' id='word_1_564' title='bbox 163 5867 370 5940; x_wconf 81' lang='lat' dir='ltr'><strong>pendio</strong></span> <span class='ocrx_word' id='word_1_565' title='bbox 401 5880 543 5922; x_wconf 67' lang='lat' dir='ltr'><strong>curae</strong></span> <span class='ocrx_word' id='word_1_566' title='bbox 569 5875 652 5922; x_wconf 90' lang='lat' dir='ltr'><strong>est</strong></span> <span class='ocrx_word' id='word_1_567' title='bbox 676 5909 690 5933; x_wconf 91' lang='lat'><strong>,</strong></span> <span class='ocrx_word' id='word_1_568' title='bbox 723 5875 780 5922; x_wconf 91' lang='lat' dir='ltr'><strong>ut</strong></span> <span class='ocrx_word' id='word_1_569' title='bbox 808 5866 1053 5924; x_wconf 88' lang='lat' dir='ltr'><strong>homines</strong></span> <span class='ocrx_word' id='word_1_570' title='bbox 1083 5866 1304 5924; x_wconf 73' lang='lat' dir='ltr'><strong>Euticite</strong></span> <span class='ocrx_word' id='word_1_571' title='bbox 1333 5866 1648 5924; x_wconf 62' lang='lat' dir='ltr'><strong>clarissima</strong></span> <span class='ocrx_word' id='word_1_572' title='bbox 1685 5867 1765 5928; x_wconf 83' lang='lat' dir='ltr'><strong>fe-</strong></span> 
     </span>
    </p>
   </div>
   <div class='ocr_carea' id='block_1_86' title="bbox 460 5957 1014 6025">
    <p class='ocr_par' dir='ltr' id='par_1_86' title="bbox 460 5957 1014 6025">
     <span class='ocr_line' id='line_1_86' title="bbox 460 5957 1014 6025; baseline 0.007 -4"><span class='ocrx_word' id='word_1_573' title='bbox 460 5957 736 6022; x_wconf 70' lang='lat' dir='ltr'><strong>Punos.</strong></span> <span class='ocrx_word' id='word_1_574' title='bbox 781 5958 1014 6025; x_wconf 82' lang='lat' dir='ltr'><strong>XVIII.</strong></span> 
     </span>
    </p>
   </div>
   <div class='ocr_carea' id='block_1_87' title="bbox 1884 3317 3480 3402">
    <p class='ocr_par' dir='ltr' id='par_1_87' title="bbox 1884 3317 3480 3402">
     <span class='ocr_line' id='line_1_87' title="bbox 1884 3317 3480 3402; baseline 0.013 -28"><span class='ocrx_word' id='word_1_575' title='bbox 1884 3317 2128 3376; x_wconf 88' lang='lat' dir='ltr'><strong>Romano</strong></span> <span class='ocrx_word' id='word_1_576' title='bbox 2157 3321 2360 3390; x_wconf 90' lang='lat' dir='ltr'><strong>optimo</strong></span> <span class='ocrx_word' id='word_1_577' title='bbox 2386 3323 2532 3393; x_wconf 88' lang='lat' dir='ltr'><strong>viro,</strong></span> <span class='ocrx_word' id='word_1_578' title='bbox 2563 3341 2671 3396; x_wconf 90' lang='lat' dir='ltr'><strong>quo</strong></span> <span class='ocrx_word' id='word_1_579' title='bbox 2694 3342 2816 3384; x_wconf 93' lang='lat' dir='ltr'><strong>cum</strong></span> <span class='ocrx_word' id='word_1_580' title='bbox 2843 3329 2972 3386; x_wconf 88' lang='lat' dir='ltr'><strong>mihi</strong></span> <span class='ocrx_word' id='word_1_581' title='bbox 2993 3331 3104 3402; x_wconf 89' lang='lat' dir='ltr'><strong>jam</strong></span> <span class='ocrx_word' id='word_1_582' title='bbox 3127 3333 3217 3390; x_wconf 91' lang='lat' dir='ltr'><strong>diu</strong></span> <span class='ocrx_word' id='word_1_583' title='bbox 3248 3335 3480 3393; x_wconf 83' lang='lat' dir='ltr'><strong>familia-</strong></span> 
     </span>
    </p>
   </div>
   <div class='ocr_carea' id='block_1_88' title="bbox 1882 3414 3478 3502">
    <p class='ocr_par' dir='ltr' id='par_1_88' title="bbox 1882 3414 3478 3502">
     <span class='ocr_line' id='line_1_88' title="bbox 1882 3414 3478 3502; baseline 0.013 -35"><span class='ocrx_word' id='word_1_584' title='bbox 1882 3414 2016 3469; x_wconf 90' lang='lat' dir='ltr'><strong>ritas</strong></span> <span class='ocrx_word' id='word_1_585' title='bbox 2045 3422 2150 3480; x_wconf 84' lang='lat' dir='ltr'><strong>est,</strong></span> <span class='ocrx_word' id='word_1_586' title='bbox 2179 3417 2230 3470; x_wconf 91' lang='lat' dir='ltr'><strong>in</strong></span> <span class='ocrx_word' id='word_1_587' title='bbox 2255 3424 2348 3473; x_wconf 89' lang='lat' dir='ltr'><strong>tuo</strong></span> <span class='ocrx_word' id='word_1_588' title='bbox 2373 3419 2627 3488; x_wconf 84' lang='lat' dir='ltr'><strong>praesidio</strong></span> <span class='ocrx_word' id='word_1_589' title='bbox 2651 3432 2887 3498; x_wconf 86' lang='lat' dir='ltr'><strong>paratam</strong></span> <span class='ocrx_word' id='word_1_590' title='bbox 2919 3425 3076 3483; x_wconf 58' lang='lat' dir='ltr'><strong>bona;</strong></span> <span class='ocrx_word' id='word_1_591' title='bbox 3103 3431 3220 3499; x_wconf 89' lang='lat' dir='ltr'><strong>spei</strong></span> <span class='ocrx_word' id='word_1_592' title='bbox 3245 3433 3478 3502; x_wconf 87' lang='lat' dir='ltr'><strong>copiam.</strong></span> 
     </span>
    </p>
   </div>
   <div class='ocr_carea' id='block_1_89' title="bbox 1880 3502 3477 3597">
    <p class='ocr_par' dir='ltr' id='par_1_89' title="bbox 1880 3502 3477 3597">
     <span class='ocr_line' id='line_1_89' title="bbox 1880 3502 3477 3597; baseline 0.016 -39"><span class='ocrx_word' id='word_1_593' title='bbox 1880 3502 2100 3562; x_wconf 88' lang='lat' dir='ltr'><strong>Duabus</strong></span> <span class='ocrx_word' id='word_1_594' title='bbox 2125 3509 2268 3563; x_wconf 90' lang='lat' dir='ltr'><strong>enim</strong></span> <span class='ocrx_word' id='word_1_595' title='bbox 2291 3513 2866 3584; x_wconf 83' lang='lat' dir='ltr'><strong>commendationibus,</strong></span> <span class='ocrx_word' id='word_1_596' title='bbox 2890 3531 3114 3588; x_wconf 89' lang='lat' dir='ltr'><strong>quarum</strong></span> <span class='ocrx_word' id='word_1_597' title='bbox 3141 3521 3239 3578; x_wconf 88' lang='lat' dir='ltr'><strong>tibi</strong></span> <span class='ocrx_word' id='word_1_598' title='bbox 3261 3527 3477 3597; x_wconf 90' lang='lat' dir='ltr'><strong>antiqua</strong></span> 
     </span>
    </p>
   </div>
   <div class='ocr_carea' id='block_1_90' title="bbox 1879 3605 3478 3689">
    <p class='ocr_par' dir='ltr' id='par_1_90' title="bbox 1879 3605 3478 3689">
     <span class='ocr_line' id='line_1_90' title="bbox 1879 3605 3478 3689; baseline 0.014 -32"><span class='ocrx_word' id='word_1_599' title='bbox 1879 3614 2009 3659; x_wconf 89' lang='lat' dir='ltr'><strong>cura</strong></span> <span class='ocrx_word' id='word_1_600' title='bbox 2040 3617 2122 3660; x_wconf 89' lang='lat' dir='ltr'><strong>est</strong></span> <span class='ocrx_word' id='word_1_601' title='bbox 2141 3645 2158 3670; x_wconf 89' lang='lat'><strong>,</strong></span> <span class='ocrx_word' id='word_1_602' title='bbox 2189 3605 2470 3676; x_wconf 90' lang='lat' dir='ltr'><strong>adjuvatur</strong></span> <span class='ocrx_word' id='word_1_603' title='bbox 2493 3649 2509 3674; x_wconf 91' lang='lat'><strong>,</strong></span> <span class='ocrx_word' id='word_1_604' title='bbox 2542 3610 2647 3666; x_wconf 92' lang='lat' dir='ltr'><strong>mei</strong></span> <span class='ocrx_word' id='word_1_605' title='bbox 2675 3611 2982 3670; x_wconf 82' lang='lat' dir='ltr'><strong>testimonii</strong></span> <span class='ocrx_word' id='word_1_606' title='bbox 3001 3618 3355 3689; x_wconf 74' lang='lat' dir='ltr'><strong>praerogativa</strong></span> <span class='ocrx_word' id='word_1_607' title='bbox 3377 3660 3394 3687; x_wconf 86' lang='lat'><strong>,</strong></span> <span class='ocrx_word' id='word_1_608' title='bbox 3423 3633 3478 3680; x_wconf 89' lang='lat' dir='ltr'><strong>et</strong></span> 
     </span>
    </p>
   </div>
   <div class='ocr_carea' id='block_1_91' title="bbox 1879 3695 3475 3783">
    <p class='ocr_par' dir='ltr' id='par_1_91' title="bbox 1879 3695 3475 3783">
     <span class='ocr_line' id='line_1_91' title="bbox 1879 3695 3475 3783; baseline 0.014 -34"><span class='ocrx_word' id='word_1_609' title='bbox 1879 3695 1961 3751; x_wconf 90' lang='lat' dir='ltr'><strong>sui</strong></span> <span class='ocrx_word' id='word_1_610' title='bbox 2000 3696 2179 3752; x_wconf 91' lang='lat' dir='ltr'><strong>meriti</strong></span> <span class='ocrx_word' id='word_1_611' title='bbox 2218 3699 2566 3758; x_wconf 90' lang='lat' dir='ltr'><strong>conscientia.</strong></span> <span class='ocrx_word' id='word_1_612' title='bbox 2614 3701 2747 3759; x_wconf 84' lang='lat' dir='ltr'><strong>Nam</strong></span> <span class='ocrx_word' id='word_1_613' title='bbox 2787 3707 2975 3763; x_wconf 91' lang='lat' dir='ltr'><strong>sedulo</strong></span> <span class='ocrx_word' id='word_1_614' title='bbox 3010 3711 3183 3768; x_wconf 90' lang='lat' dir='ltr'><strong>audeo</strong></span> <span class='ocrx_word' id='word_1_615' title='bbox 3211 3713 3475 3783; x_wconf 86' lang='lat' dir='ltr'><strong>judicare,</strong></span> 
     </span>
    </p>
   </div>
   <div class='ocr_carea' id='block_1_92' title="bbox 1877 3784 3478 3878">
    <p class='ocr_par' dir='ltr' id='par_1_92' title="bbox 1877 3784 3478 3878">
     <span class='ocr_line' id='line_1_92' title="bbox 1877 3784 3478 3878; baseline 0.015 -37"><span class='ocrx_word' id='word_1_616' title='bbox 1877 3784 2094 3856; x_wconf 85' lang='lat' dir='ltr'><strong>dignum</strong></span> <span class='ocrx_word' id='word_1_617' title='bbox 2121 3803 2242 3846; x_wconf 90' lang='lat' dir='ltr'><strong>esse</strong></span> <span class='ocrx_word' id='word_1_618' title='bbox 2261 3831 2278 3859; x_wconf 97' lang='lat'><strong>,</strong></span> <span class='ocrx_word' id='word_1_619' title='bbox 2307 3806 2465 3862; x_wconf 92' lang='lat' dir='ltr'><strong>quem</strong></span> <span class='ocrx_word' id='word_1_620' title='bbox 2496 3795 2650 3864; x_wconf 85' lang='lat' dir='ltr'><strong>pensi</strong></span> <span class='ocrx_word' id='word_1_621' title='bbox 2678 3797 2896 3866; x_wconf 86' lang='lat' dir='ltr'><strong>habeas,</strong></span> <span class='ocrx_word' id='word_1_622' title='bbox 2929 3810 2983 3858; x_wconf 91' lang='lat' dir='ltr'><strong>et</strong></span> <span class='ocrx_word' id='word_1_623' title='bbox 3002 3843 3018 3870; x_wconf 91' lang='lat'><strong>,</strong></span> <span class='ocrx_word' id='word_1_624' title='bbox 3052 3819 3120 3860; x_wconf 91' lang='lat' dir='ltr'><strong>ne</strong></span> <span class='ocrx_word' id='word_1_625' title='bbox 3153 3805 3369 3878; x_wconf 87' lang='lat' dir='ltr'><strong>longum</strong></span> <span class='ocrx_word' id='word_1_626' title='bbox 3395 3808 3478 3864; x_wconf 88' lang='lat' dir='ltr'><strong>lo-</strong></span> 
     </span>
    </p>
   </div>
   <div class='ocr_carea' id='block_1_93' title="bbox 1877 3881 3478 3966">
    <p class='ocr_par' dir='ltr' id='par_1_93' title="bbox 1877 3881 3478 3966">
     <span class='ocr_line' id='line_1_93' title="bbox 1877 3881 3478 3966; baseline 0.017 -33"><span class='ocrx_word' id='word_1_627' title='bbox 1877 3893 2035 3949; x_wconf 89' lang='lat' dir='ltr'><strong>quar,</strong></span> <span class='ocrx_word' id='word_1_628' title='bbox 2065 3881 2220 3952; x_wconf 73' lang='lat' dir='ltr'><strong>cuius</strong></span> <span class='ocrx_word' id='word_1_629' title='bbox 2248 3884 2482 3944; x_wconf 88' lang='lat' dir='ltr'><strong>amicitia</strong></span> <span class='ocrx_word' id='word_1_630' title='bbox 2513 3903 2618 3944; x_wconf 91' lang='lat' dir='ltr'><strong>non</strong></span> <span class='ocrx_word' id='word_1_631' title='bbox 2649 3893 2911 3961; x_wconf 88' lang='lat' dir='ltr'><strong>graveris.</strong></span> <span class='ocrx_word' id='word_1_632' title='bbox 2961 3893 3209 3966; x_wconf 88' lang='lat' dir='ltr'><strong>Spectata</strong></span> <span class='ocrx_word' id='word_1_633' title='bbox 3236 3901 3368 3957; x_wconf 91' lang='lat' dir='ltr'><strong>mihi</strong></span> <span class='ocrx_word' id='word_1_634' title='bbox 3396 3912 3478 3965; x_wconf 88' lang='lat' dir='ltr'><strong>est</strong></span> 
     </span>
    </p>
   </div>
   <div class='ocr_carea' id='block_1_94' title="bbox 1876 3977 3477 4061">
    <p class='ocr_par' dir='ltr' id='par_1_94' title="bbox 1876 3977 3477 4061">
     <span class='ocr_line' id='line_1_94' title="bbox 1876 3977 3477 4061; baseline 0.017 -29"><span class='ocrx_word' id='word_1_635' title='bbox 1876 3977 1931 4032; x_wconf 91' lang='lat' dir='ltr'><strong>in</strong></span> <span class='ocrx_word' id='word_1_636' title='bbox 1953 3993 2020 4034; x_wconf 91' lang='lat' dir='ltr'><strong>eo</strong></span> <span class='ocrx_word' id='word_1_637' title='bbox 2046 3981 2200 4050; x_wconf 84' lang='lat' dir='ltr'><strong>quies</strong></span> <span class='ocrx_word' id='word_1_638' title='bbox 2225 3983 2418 4053; x_wconf 89' lang='lat' dir='ltr'><strong>animi,</strong></span> <span class='ocrx_word' id='word_1_639' title='bbox 2451 3985 2619 4043; x_wconf 88' lang='lat' dir='ltr'><strong>officii</strong></span> <span class='ocrx_word' id='word_1_640' title='bbox 2645 3988 2940 4061; x_wconf 86' lang='lat' dir='ltr'><strong>diligentia.</strong></span> <span class='ocrx_word' id='word_1_641' title='bbox 2990 3992 3162 4053; x_wconf 85' lang='lat' dir='ltr'><strong>Nemo</strong></span> <span class='ocrx_word' id='word_1_642' title='bbox 3189 3998 3243 4054; x_wconf 91' lang='lat' dir='ltr'><strong>in</strong></span> <span class='ocrx_word' id='word_1_643' title='bbox 3273 4001 3477 4059; x_wconf 88' lang='lat' dir='ltr'><strong>amicos</strong></span> 
     </span>
    </p>
   </div>
   <div class='ocr_carea' id='block_1_95' title="bbox 1877 4071 3475 4162">
    <p class='ocr_par' dir='ltr' id='par_1_95' title="bbox 1877 4071 3475 4162">
     <span class='ocr_line' id='line_1_95' title="bbox 1877 4071 3475 4162; baseline 0.016 -36"><span class='ocrx_word' id='word_1_644' title='bbox 1877 4071 1983 4128; x_wconf 91' lang='lat' dir='ltr'><strong>fide</strong></span> <span class='ocrx_word' id='word_1_645' title='bbox 2013 4072 2178 4130; x_wconf 92' lang='lat' dir='ltr'><strong>utitur</strong></span> <span class='ocrx_word' id='word_1_646' title='bbox 2225 4079 2574 4148; x_wconf 88' lang='lat' dir='ltr'><strong>promptiore.</strong></span> <span class='ocrx_word' id='word_1_647' title='bbox 2623 4081 2751 4140; x_wconf 78' lang='lat' dir='ltr'><strong>IIch</strong></span> <span class='ocrx_word' id='word_1_648' title='bbox 2792 4085 2865 4140; x_wconf 88' lang='lat' dir='ltr'><strong>ita</strong></span> <span class='ocrx_word' id='word_1_649' title='bbox 2913 4102 3034 4145; x_wconf 90' lang='lat' dir='ltr'><strong>esse</strong></span> <span class='ocrx_word' id='word_1_650' title='bbox 3060 4131 3076 4157; x_wconf 90' lang='lat'><strong>,</strong></span> <span class='ocrx_word' id='word_1_651' title='bbox 3115 4091 3158 4147; x_wconf 91' lang='lat' dir='ltr'><strong>si</strong></span> <span class='ocrx_word' id='word_1_652' title='bbox 3184 4093 3310 4162; x_wconf 90' lang='lat' dir='ltr'><strong>quid</strong></span> <span class='ocrx_word' id='word_1_653' title='bbox 3344 4096 3475 4150; x_wconf 91' lang='lat' dir='ltr'><strong>mihi</strong></span> 
     </span>
    </p>
   </div>
   <div class='ocr_carea' id='block_1_96' title="bbox 1876 4163 3476 4249">
    <p class='ocr_par' dir='ltr' id='par_1_96' title="bbox 1876 4163 3476 4249">
     <span class='ocr_line' id='line_1_96' title="bbox 1876 4163 3476 4249; baseline 0.017 -31"><span class='ocrx_word' id='word_1_654' title='bbox 1876 4163 2090 4234; x_wconf 89' lang='lat' dir='ltr'><strong>tribuis,</strong></span> <span class='ocrx_word' id='word_1_655' title='bbox 2119 4167 2277 4224; x_wconf 88' lang='lat' dir='ltr'><strong>velim</strong></span> <span class='ocrx_word' id='word_1_656' title='bbox 2302 4171 2512 4228; x_wconf 89' lang='lat' dir='ltr'><strong>credas.</strong></span> <span class='ocrx_word' id='word_1_657' title='bbox 2557 4173 2613 4230; x_wconf 89' lang='lat' dir='ltr'><strong>Si</strong></span> <span class='ocrx_word' id='word_1_658' title='bbox 2643 4175 2815 4234; x_wconf 65' lang='lat' dir='ltr'><strong>haeret</strong></span> <span class='ocrx_word' id='word_1_659' title='bbox 2851 4181 3094 4249; x_wconf 90' lang='lat' dir='ltr'><strong>animus,</strong></span> <span class='ocrx_word' id='word_1_660' title='bbox 3125 4184 3313 4242; x_wconf 88' lang='lat' dir='ltr'><strong>hortor</strong></span> <span class='ocrx_word' id='word_1_661' title='bbox 3345 4202 3476 4245; x_wconf 85' lang='lat' dir='ltr'><strong>exa-</strong></span> 
     </span>
    </p>
   </div>
   <div class='ocr_carea' id='block_1_97' title="bbox 1877 4259 2249 4318">
    <p class='ocr_par' dir='ltr' id='par_1_97' title="bbox 1877 4259 2249 4318">
     <span class='ocr_line' id='line_1_97' title="bbox 1877 4259 2249 4318; baseline 0 -2"><span class='ocrx_word' id='word_1_662' title='bbox 1877 4259 2069 4316; x_wconf 90' lang='lat' dir='ltr'><strong>mines.</strong></span> <span class='ocrx_word' id='word_1_663' title='bbox 2100 4260 2249 4318; x_wconf 89' lang='lat' dir='ltr'><strong>Vale.</strong></span> 
     </span>
    </p>
   </div>
   <div class='ocr_carea' id='block_1_98' title="bbox 2427 4337 2922 4398">
    <p class='ocr_par' dir='ltr' id='par_1_98' title="bbox 2427 4337 2922 4398">
     <span class='ocr_line' id='line_1_98' title="bbox 2427 4337 2922 4398; baseline 0.004 -4"><span class='ocrx_word' id='word_1_664' title='bbox 2427 4337 2644 4396; x_wconf 85' lang='lat' dir='ltr'><strong>EPIST.</strong></span> <span class='ocrx_word' id='word_1_665' title='bbox 2687 4339 2922 4398; x_wconf 83' lang='lat' dir='ltr'><strong>LXXIV.</strong></span> 
     </span>
    </p>
   </div>
   <div class='ocr_carea' id='block_1_99' title="bbox 2155 4443 3123 4495">
    <p class='ocr_par' dir='ltr' id='par_1_99' title="bbox 2155 4443 3123 4495">
     <span class='ocr_line' id='line_1_99' title="bbox 2155 4443 3123 4495; baseline 0.011 -12"><span class='ocrx_word' id='word_1_666' title='bbox 2155 4443 2466 4487; x_wconf 76' lang='lat' dir='ltr'><strong>SVIIACBUS</strong></span> <span class='ocrx_word' id='word_1_667' title='bbox 2507 4445 2699 4489; x_wconf 83' lang='lat' dir='ltr'><strong>AGORIO</strong></span> <span class='ocrx_word' id='word_1_668' title='bbox 2732 4450 3123 4495; x_wconf 65' lang='lat' dir='ltr'><strong>PRETEX&#39;I&#39;ATO.</strong></span> 
     </span>
    </p>
   </div>
   <div class='ocr_carea' id='block_1_100' title="bbox 1948 4561 3472 4650">
    <p class='ocr_par' dir='ltr' id='par_1_100' title="bbox 1948 4561 3472 4650">
     <span class='ocr_line' id='line_1_100' title="bbox 1948 4561 3472 4650; baseline 0.013 -31"><span class='ocrx_word' id='word_1_669' title='bbox 1948 4561 2046 4620; x_wconf 88' lang='lat' dir='ltr'><strong>Est</strong></span> <span class='ocrx_word' id='word_1_670' title='bbox 2075 4563 2276 4634; x_wconf 86' lang='lat' dir='ltr'><strong>aliquid</strong></span> <span class='ocrx_word' id='word_1_671' title='bbox 2308 4566 2360 4621; x_wconf 91' lang='lat' dir='ltr'><strong>in</strong></span> <span class='ocrx_word' id='word_1_672' title='bbox 2389 4568 2624 4638; x_wconf 87' lang='lat' dir='ltr'><strong>querelis</strong></span> <span class='ocrx_word' id='word_1_673' title='bbox 2651 4567 2948 4642; x_wconf 70' lang='lat' dir='ltr'><strong>Fasgamite</strong></span> <span class='ocrx_word' id='word_1_674' title='bbox 2978 4573 3101 4630; x_wconf 75' lang='lat' dir='ltr'><strong>filia:</strong></span> <span class='ocrx_word' id='word_1_675' title='bbox 3127 4591 3299 4646; x_wconf 57' lang='lat' dir='ltr'><strong>mea),</strong></span> <span class='ocrx_word' id='word_1_676' title='bbox 3329 4579 3472 4650; x_wconf 83' lang='lat' dir='ltr'><strong>quod</strong></span> 
     </span>
    </p>
   </div>
   <div class='ocr_carea' id='block_1_101' title="bbox 1877 4656 3471 4732">
    <p class='ocr_par' dir='ltr' id='par_1_101' title="bbox 1877 4656 3471 4732">
     <span class='ocr_line' id='line_1_101' title="bbox 1877 4656 3471 4732; baseline 0.013 -21"><span class='ocrx_word' id='word_1_677' title='bbox 1877 4656 2006 4712; x_wconf 91' lang='lat' dir='ltr'><strong>mihi</strong></span> <span class='ocrx_word' id='word_1_678' title='bbox 2045 4673 2109 4713; x_wconf 78' lang='lat' dir='ltr'><strong>ex</strong></span> <span class='ocrx_word' id='word_1_679' title='bbox 2145 4669 2272 4714; x_wconf 91' lang='lat' dir='ltr'><strong>voto</strong></span> <span class='ocrx_word' id='word_1_680' title='bbox 2308 4659 2480 4717; x_wconf 87' lang='lat' dir='ltr'><strong>fateor</strong></span> <span class='ocrx_word' id='word_1_681' title='bbox 2509 4662 2787 4720; x_wconf 81' lang='lat' dir='ltr'><strong>accidisse.</strong></span> <span class='ocrx_word' id='word_1_682' title='bbox 2821 4665 2953 4722; x_wconf 87' lang='lat' dir='ltr'><strong>Nam</strong></span> <span class='ocrx_word' id='word_1_683' title='bbox 2985 4668 3087 4724; x_wconf 91' lang='lat' dir='ltr'><strong>nisi</strong></span> <span class='ocrx_word' id='word_1_684' title='bbox 3132 4669 3339 4729; x_wconf 89' lang='lat' dir='ltr'><strong>futuras</strong></span> <span class='ocrx_word' id='word_1_685' title='bbox 3367 4676 3471 4732; x_wconf 89' lang='lat' dir='ltr'><strong>sibi</strong></span> 
     </span>
    </p>
   </div>
   <div class='ocr_carea' id='block_1_102' title="bbox 1877 4749 3471 4825">
    <p class='ocr_par' dir='ltr' id='par_1_102' title="bbox 1877 4749 3471 4825">
     <span class='ocr_line' id='line_1_102' title="bbox 1877 4749 3471 4825; baseline 0.012 -22"><span class='ocrx_word' id='word_1_686' title='bbox 1877 4749 1996 4804; x_wconf 91' lang='lat' dir='ltr'><strong>usui</strong></span> <span class='ocrx_word' id='word_1_687' title='bbox 2027 4751 2232 4807; x_wconf 88' lang='lat' dir='ltr'><strong>litteras</strong></span> <span class='ocrx_word' id='word_1_688' title='bbox 2281 4754 2655 4825; x_wconf 89' lang='lat' dir='ltr'><strong>poposcisset,</strong></span> <span class='ocrx_word' id='word_1_689' title='bbox 2708 4756 2776 4812; x_wconf 90' lang='lat' dir='ltr'><strong>ad</strong></span> <span class='ocrx_word' id='word_1_690' title='bbox 2822 4755 3163 4816; x_wconf 82' lang='lat' dir='ltr'><strong>scribendum</strong></span> <span class='ocrx_word' id='word_1_691' title='bbox 3213 4764 3471 4822; x_wconf 88' lang='lat' dir='ltr'><strong>defuisset</strong></span> 
     </span>
    </p>
   </div>
   <div class='ocr_carea' id='block_1_103' title="bbox 1875 4843 3469 4926">
    <p class='ocr_par' dir='ltr' id='par_1_103' title="bbox 1875 4843 3469 4926">
     <span class='ocr_line' id='line_1_103' title="bbox 1875 4843 3469 4926; baseline 0.011 -29"><span class='ocrx_word' id='word_1_692' title='bbox 1875 4843 2110 4899; x_wconf 90' lang='lat' dir='ltr'><strong>occasio.</strong></span> <span class='ocrx_word' id='word_1_693' title='bbox 2164 4843 2395 4902; x_wconf 81' lang='lat' dir='ltr'><strong>Praelibo</strong></span> <span class='ocrx_word' id='word_1_694' title='bbox 2443 4846 2604 4918; x_wconf 90' lang='lat' dir='ltr'><strong>igitur</strong></span> <span class='ocrx_word' id='word_1_695' title='bbox 2649 4849 3024 4908; x_wconf 89' lang='lat' dir='ltr'><strong>salutationem</strong></span> <span class='ocrx_word' id='word_1_696' title='bbox 3055 4895 3068 4920; x_wconf 93' lang='lat'><strong>,</strong></span> <span class='ocrx_word' id='word_1_697' title='bbox 3121 4870 3242 4926; x_wconf 70' lang='lat' dir='ltr'><strong>qua:</strong></span> <span class='ocrx_word' id='word_1_698' title='bbox 3289 4873 3469 4915; x_wconf 88' lang='lat' dir='ltr'><strong>meum</strong></span> 
     </span>
    </p>
   </div>
   <div class='ocr_carea' id='block_1_104' title="bbox 1871 4933 3470 5012">
    <p class='ocr_par' dir='ltr' id='par_1_104' title="bbox 1871 4933 3470 5012">
     <span class='ocr_line' id='line_1_104' title="bbox 1871 4933 3470 5012; baseline 0.008 -23"><span class='ocrx_word' id='word_1_699' title='bbox 1871 4944 2079 5004; x_wconf 88' lang='lat' dir='ltr'><strong>spectat</strong></span> <span class='ocrx_word' id='word_1_700' title='bbox 2104 4933 2363 4993; x_wconf 89' lang='lat' dir='ltr'><strong>officium.</strong></span> <span class='ocrx_word' id='word_1_701' title='bbox 2389 4939 2609 5008; x_wconf 78' lang='lat' dir='ltr'><strong>Reliqua</strong></span> <span class='ocrx_word' id='word_1_702' title='bbox 2639 4956 2763 5011; x_wconf 88' lang='lat' dir='ltr'><strong>pars</strong></span> <span class='ocrx_word' id='word_1_703' title='bbox 2794 4943 3002 5012; x_wconf 63' lang='lat' dir='ltr'><strong>paginae</strong></span> <span class='ocrx_word' id='word_1_704' title='bbox 3029 4944 3096 5000; x_wconf 89' lang='lat' dir='ltr'><strong>ad</strong></span> <span class='ocrx_word' id='word_1_705' title='bbox 3118 4960 3333 5004; x_wconf 89' lang='lat' dir='ltr'><strong>causam</strong></span> <span class='ocrx_word' id='word_1_706' title='bbox 3362 4950 3470 5003; x_wconf 81' lang='lat' dir='ltr'><strong>cin-</strong></span> 
     </span>
    </p>
   </div>
   <div class='ocr_carea' id='block_1_105' title="bbox 1871 5025 3553 5104">
    <p class='ocr_par' dir='ltr' id='par_1_105' title="bbox 1871 5025 3553 5104">
     <span class='ocr_line' id='line_1_105' title="bbox 1871 5025 3553 5104; baseline 0.011 -23"><span class='ocrx_word' id='word_1_707' title='bbox 1871 5026 2102 5082; x_wconf 78' lang='lat' dir='ltr'><strong>rissimze</strong></span> <span class='ocrx_word' id='word_1_708' title='bbox 2133 5028 2344 5085; x_wconf 82' lang='lat' dir='ltr'><strong>feminae</strong></span> <span class='ocrx_word' id='word_1_709' title='bbox 2390 5032 2721 5101; x_wconf 89' lang='lat' dir='ltr'><strong>pertinebit,</strong></span> <span class='ocrx_word' id='word_1_710' title='bbox 2764 5049 2885 5104; x_wconf 63' lang='lat' dir='ltr'><strong>quae</strong></span> <span class='ocrx_word' id='word_1_711' title='bbox 2933 5036 3034 5093; x_wconf 88' lang='lat' dir='ltr'><strong>sibi</strong></span> <span class='ocrx_word' id='word_1_712' title='bbox 3063 5037 3132 5094; x_wconf 89' lang='lat' dir='ltr'><strong>ab</strong></span> <span class='ocrx_word' id='word_1_713' title='bbox 3158 5039 3470 5098; x_wconf 86' lang='lat' dir='ltr'><strong>hominibus</strong></span> <span class='ocrx_word' id='word_1_714' title='bbox 3545 5025 3553 5034; x_wconf 75' lang='grc'><em>’</em></span> 
     </span>
    </p>
   </div>
   <div class='ocr_carea' id='block_1_106' title="bbox 1876 5121 3468 5207">
    <p class='ocr_par' dir='ltr' id='par_1_106' title="bbox 1876 5121 3468 5207">
     <span class='ocr_line' id='line_1_106' title="bbox 1876 5121 3468 5207; baseline 0.011 -32"><span class='ocrx_word' id='word_1_715' title='bbox 1876 5121 1981 5177; x_wconf 90' lang='lat' dir='ltr'><strong>tuis</strong></span> <span class='ocrx_word' id='word_1_716' title='bbox 2008 5121 2190 5178; x_wconf 88' lang='lat' dir='ltr'><strong>nescio</strong></span> <span class='ocrx_word' id='word_1_717' title='bbox 2219 5123 2346 5195; x_wconf 90' lang='lat' dir='ltr'><strong>quid</strong></span> <span class='ocrx_word' id='word_1_718' title='bbox 2376 5140 2624 5196; x_wconf 87' lang='lat' dir='ltr'><strong>agrorum</strong></span> <span class='ocrx_word' id='word_1_719' title='bbox 2655 5140 2898 5197; x_wconf 90' lang='lat' dir='ltr'><strong>ereptum</strong></span> <span class='ocrx_word' id='word_1_720' title='bbox 2927 5129 3109 5188; x_wconf 87' lang='lat' dir='ltr'><strong>deflet.</strong></span> <span class='ocrx_word' id='word_1_721' title='bbox 3151 5131 3210 5189; x_wconf 91' lang='lat' dir='ltr'><strong>Id</strong></span> <span class='ocrx_word' id='word_1_722' title='bbox 3240 5149 3338 5207; x_wconf 87' lang='lat' dir='ltr'><strong>ego</strong></span> <span class='ocrx_word' id='word_1_723' title='bbox 3367 5136 3468 5193; x_wconf 89' lang='lat' dir='ltr'><strong>loci</strong></span> 
     </span>
    </p>
   </div>
   <div class='ocr_carea' id='block_1_107' title="bbox 1873 5213 3467 5295">
    <p class='ocr_par' dir='ltr' id='par_1_107' title="bbox 1873 5213 3467 5295">
     <span class='ocr_line' id='line_1_107' title="bbox 1873 5213 3467 5295; baseline 0.009 -27"><span class='ocrx_word' id='word_1_724' title='bbox 1873 5222 1932 5268; x_wconf 89' lang='lat' dir='ltr'><strong>et</strong></span> <span class='ocrx_word' id='word_1_725' title='bbox 1958 5213 2135 5270; x_wconf 90' lang='lat' dir='ltr'><strong>meriti</strong></span> <span class='ocrx_word' id='word_1_726' title='bbox 2183 5213 2259 5270; x_wconf 91' lang='lat' dir='ltr'><strong>tui</strong></span> <span class='ocrx_word' id='word_1_727' title='bbox 2288 5213 2580 5283; x_wconf 71' lang='lat' dir='ltr'><strong>conscius,</strong></span> <span class='ocrx_word' id='word_1_728' title='bbox 2627 5219 2806 5275; x_wconf 88' lang='lat' dir='ltr'><strong>servili</strong></span> <span class='ocrx_word' id='word_1_729' title='bbox 2838 5236 2972 5278; x_wconf 89' lang='lat' dir='ltr'><strong>ausu</strong></span> <span class='ocrx_word' id='word_1_730' title='bbox 3000 5223 3138 5279; x_wconf 90' lang='lat' dir='ltr'><strong>clam</strong></span> <span class='ocrx_word' id='word_1_731' title='bbox 3184 5233 3234 5280; x_wconf 85' lang='grc' dir='ltr'><strong>ιε</strong></span> <span class='ocrx_word' id='word_1_732' title='bbox 3278 5227 3467 5295; x_wconf 83' lang='lat' dir='ltr'><strong>opinor</strong></span> 
     </span>
    </p>
   </div>
   <div class='ocr_carea' id='block_1_108' title="bbox 1873 5304 3467 5380">
    <p class='ocr_par' dir='ltr' id='par_1_108' title="bbox 1873 5304 3467 5380">
     <span class='ocr_line' id='line_1_108' title="bbox 1873 5304 3467 5380; baseline 0.009 -20"><span class='ocrx_word' id='word_1_733' title='bbox 1873 5304 2204 5375; x_wconf 83' lang='lat' dir='ltr'><strong>admissum;</strong></span> <span class='ocrx_word' id='word_1_734' title='bbox 2253 5317 2412 5380; x_wconf 90' lang='lat' dir='ltr'><strong>atque</strong></span> <span class='ocrx_word' id='word_1_735' title='bbox 2443 5308 2563 5365; x_wconf 92' lang='lat' dir='ltr'><strong>ideo</strong></span> <span class='ocrx_word' id='word_1_736' title='bbox 2594 5310 2720 5367; x_wconf 87' lang='lat' dir='ltr'><strong>filiae</strong></span> <span class='ocrx_word' id='word_1_737' title='bbox 2749 5327 2882 5368; x_wconf 77' lang='lat' dir='ltr'><strong>meae</strong></span> <span class='ocrx_word' id='word_1_738' title='bbox 2912 5315 3265 5372; x_wconf 88' lang='lat' dir='ltr'><strong>correctionis</strong></span> <span class='ocrx_word' id='word_1_739' title='bbox 3292 5318 3434 5375; x_wconf 79' lang='lat' dir='ltr'><strong>facili</strong></span> <span class='ocrx_word' id='word_1_740' title='bbox 3454 5351 3467 5362; x_wconf 67' lang='grc' dir='ltr'><strong>ς</strong></span> 
     </span>
    </p>
   </div>
   <div class='ocr_carea' id='block_1_109' title="bbox 1875 5403 3465 5486">
    <p class='ocr_par' dir='ltr' id='par_1_109' title="bbox 1875 5403 3465 5486">
     <span class='ocr_line' id='line_1_109' title="bbox 1875 5403 3465 5486; baseline 0.012 -32"><span class='ocrx_word' id='word_1_741' title='bbox 1875 5409 2037 5456; x_wconf 89' lang='lat' dir='ltr'><strong>tatem</strong></span> <span class='ocrx_word' id='word_1_742' title='bbox 2070 5403 2371 5471; x_wconf 88' lang='lat' dir='ltr'><strong>spopondi,</strong></span> <span class='ocrx_word' id='word_1_743' title='bbox 2399 5403 2446 5460; x_wconf 91' lang='lat' dir='ltr'><strong>si</strong></span> <span class='ocrx_word' id='word_1_744' title='bbox 2473 5403 2541 5460; x_wconf 90' lang='lat' dir='ltr'><strong>ad</strong></span> <span class='ocrx_word' id='word_1_745' title='bbox 2570 5414 2621 5462; x_wconf 92' lang='lat' dir='ltr'><strong>te</strong></span> <span class='ocrx_word' id='word_1_746' title='bbox 2646 5405 2926 5464; x_wconf 86' lang='lat' dir='ltr'><strong>familiaris</strong></span> <span class='ocrx_word' id='word_1_747' title='bbox 2954 5410 3269 5479; x_wconf 88' lang='lat' dir='ltr'><strong>conquestio</strong></span> <span class='ocrx_word' id='word_1_748' title='bbox 3297 5429 3465 5486; x_wconf 88' lang='lat' dir='ltr'><strong>genus</strong></span> 
     </span>
    </p>
   </div>
   <div class='ocr_carea' id='block_1_110' title="bbox 1873 5491 3470 5576">
    <p class='ocr_par' dir='ltr' id='par_1_110' title="bbox 1873 5491 3470 5576">
     <span class='ocr_line' id='line_1_110' title="bbox 1873 5491 3470 5576; baseline 0.011 -29"><span class='ocrx_word' id='word_1_749' title='bbox 1873 5491 2084 5564; x_wconf 70' lang='lat' dir='ltr'><strong>injuria:</strong></span> <span class='ocrx_word' id='word_1_750' title='bbox 2111 5495 2442 5565; x_wconf 89' lang='lat' dir='ltr'><strong>pertulisset.</strong></span> <span class='ocrx_word' id='word_1_751' title='bbox 2473 5497 2669 5564; x_wconf 69' lang='lat' dir='ltr'><strong>Quaeso</strong></span> <span class='ocrx_word' id='word_1_752' title='bbox 2718 5498 2880 5568; x_wconf 86' lang='lat' dir='ltr'><strong>igitur</strong></span> <span class='ocrx_word' id='word_1_753' title='bbox 2927 5509 3201 5572; x_wconf 83' lang='lat' dir='ltr'><strong>temeratae</strong></span> <span class='ocrx_word' id='word_1_754' title='bbox 3247 5521 3470 5576; x_wconf 84' lang='lat' dir='ltr'><strong>posses-</strong></span> 
     </span>
    </p>
   </div>
   <div class='ocr_carea' id='block_1_111' title="bbox 1870 5585 3543 5664">
    <p class='ocr_par' dir='ltr' id='par_1_111' title="bbox 1870 5585 3543 5664">
     <span class='ocr_line' id='line_1_111' title="bbox 1870 5585 3543 5664; baseline 0.008 -22"><span class='ocrx_word' id='word_1_755' title='bbox 1870 5585 2039 5642; x_wconf 89' lang='lat' dir='ltr'><strong>sionis</strong></span> <span class='ocrx_word' id='word_1_756' title='bbox 2082 5595 2277 5643; x_wconf 89' lang='lat' dir='ltr'><strong>statum</strong></span> <span class='ocrx_word' id='word_1_757' title='bbox 2321 5588 2511 5658; x_wconf 89' lang='lat' dir='ltr'><strong>jubeas</strong></span> <span class='ocrx_word' id='word_1_758' title='bbox 2540 5588 2842 5660; x_wconf 81' lang='lat' dir='ltr'><strong>reformari.</strong></span> <span class='ocrx_word' id='word_1_759' title='bbox 2894 5589 2952 5647; x_wconf 88' lang='lat' dir='ltr'><strong>Si</strong></span> <span class='ocrx_word' id='word_1_760' title='bbox 2977 5593 3105 5663; x_wconf 90' lang='lat' dir='ltr'><strong>quid</strong></span> <span class='ocrx_word' id='word_1_761' title='bbox 3132 5605 3310 5654; x_wconf 85' lang='lat' dir='ltr'><strong>autem</strong></span> <span class='ocrx_word' id='word_1_762' title='bbox 3339 5615 3470 5656; x_wconf 71' lang='lat' dir='ltr'><strong>con~</strong></span> <span class='ocrx_word' id='word_1_763' title='bbox 3509 5629 3543 5664; x_wconf 71' lang='grc' dir='ltr'><strong><em>ο</em></strong></span> 
     </span>
    </p>
   </div>
   <div class='ocr_carea' id='block_1_112' title="bbox 1872 5678 3468 5762">
    <p class='ocr_par' dir='ltr' id='par_1_112' title="bbox 1872 5678 3468 5762">
     <span class='ocr_line' id='line_1_112' title="bbox 1872 5678 3468 5762; baseline 0.008 -28"><span class='ocrx_word' id='word_1_764' title='bbox 1872 5678 2150 5736; x_wconf 72' lang='lat' dir='ltr'><strong>troversia:</strong></span> <span class='ocrx_word' id='word_1_765' title='bbox 2173 5689 2297 5748; x_wconf 90' lang='lat' dir='ltr'><strong>est,</strong></span> <span class='ocrx_word' id='word_1_766' title='bbox 2325 5681 2378 5737; x_wconf 93' lang='lat' dir='ltr'><strong>in</strong></span> <span class='ocrx_word' id='word_1_767' title='bbox 2425 5681 2662 5753; x_wconf 86' lang='lat' dir='ltr'><strong>pignoris</strong></span> <span class='ocrx_word' id='word_1_768' title='bbox 2702 5683 2871 5739; x_wconf 88' lang='lat' dir='ltr'><strong>nostri</strong></span> <span class='ocrx_word' id='word_1_769' title='bbox 2914 5684 3191 5746; x_wconf 75' lang='lat' dir='ltr'><strong>differatur</strong></span> <span class='ocrx_word' id='word_1_770' title='bbox 3222 5706 3468 5762; x_wconf 73' lang='lat' dir='ltr'><strong>praesen-</strong></span> 
     </span>
    </p>
   </div>
   <div class='ocr_carea' id='block_1_113' title="bbox 1872 5773 3546 5858">
    <p class='ocr_par' dir='ltr' id='par_1_113' title="bbox 1872 5773 3546 5858">
     <span class='ocr_line' id='line_1_113' title="bbox 1872 5773 3546 5858; baseline 0.011 -30"><span class='ocrx_word' id='word_1_771' title='bbox 1872 5773 1999 5829; x_wconf 73' lang='lat' dir='ltr'><strong>tiam</strong></span> <span class='ocrx_word' id='word_1_772' title='bbox 2025 5816 2040 5844; x_wconf 88' lang='lat'><strong>,</strong></span> <span class='ocrx_word' id='word_1_773' title='bbox 2070 5789 2191 5846; x_wconf 76' lang='lat' dir='ltr'><strong>qua:</strong></span> <span class='ocrx_word' id='word_1_774' title='bbox 2217 5789 2403 5833; x_wconf 90' lang='lat' dir='ltr'><strong>secura</strong></span> <span class='ocrx_word' id='word_1_775' title='bbox 2429 5773 2654 5846; x_wconf 69' lang='lat' dir='ltr'><strong>iustitia:</strong></span> <span class='ocrx_word' id='word_1_776' title='bbox 2685 5785 2789 5834; x_wconf 74' lang='lat' dir='ltr'><strong>tute</strong></span> <span class='ocrx_word' id='word_1_777' title='bbox 2818 5789 3031 5838; x_wconf 87' lang='lat' dir='ltr'><strong>recusat</strong></span> <span class='ocrx_word' id='word_1_778' title='bbox 3059 5784 3195 5841; x_wconf 85' lang='lat' dir='ltr'><strong>alios</strong></span> <span class='ocrx_word' id='word_1_779' title='bbox 3222 5787 3457 5858; x_wconf 53' lang='lat' dir='ltr'><strong>cognito.</strong></span> 
     </span>
    </p>
   </div>
   <div class='ocr_carea' id='block_1_114' title="bbox 1870 5872 2158 5932">
    <p class='ocr_par' dir='ltr' id='par_1_114' title="bbox 1870 5872 2158 5932">
     <span class='ocr_line' id='line_1_114' title="bbox 1870 5872 2158 5932; baseline -0.014 -1"><span class='ocrx_word' id='word_1_780' title='bbox 1870 5886 1981 5932; x_wconf 82' lang='lat' dir='ltr'><strong>res.</strong></span> <span class='ocrx_word' id='word_1_781' title='bbox 2012 5872 2158 5930; x_wconf 88' lang='lat' dir='ltr'><strong>Vale.</strong></span> 
     </span>
    </p>
   </div>
  </div>
