4032 6460
464 437 468 445 .
566 393 659 448 tu
1738 397 1803 465 ρ.
1845 393 2190 454 AURELIUS
2229 393 2648 454 SYMMACHUS

2167 515 2223 578 Δ

1096 510 1311 570 EPIST.
1357 509 1568 567 LXXV.

1042 617 1348 664 ειωίλοιιυε
1384 618 1660 680 assumo.

631 715 852 785 Quoties
893 715 1023 772 viris
1051 717 1256 796 militiae
1295 719 1437 776 notis
1471 719 1779 778 testimonia
1807 719 2143 788 deferuntur,

560 813 715 870 decet
738 827 956 884 operam
986 813 1271 871 verborum
1313 813 1494 873 facere
1527 813 1864 885 compendii,
1894 813 2024 884 quia
2057 812 2146 870 ni-

561 907 634 962 hil
666 909 941 979 negotium
980 917 1065 965 est
1099 909 1258 967 rebus
1299 911 1529 984 cognitis
1557 908 1849 966 immorari.
1897 908 2001 964 Pro
2026 906 2145 964 Ca:-

551 1000 705 1057 ‘sario
732 1002 872 1058 nosti
900 1002 1078 1058 omnia
1122 1003 1328 1071 faccre,
1370 1019 1491 1076 qua
1535 1001 1846 1073 probantur.
1889 999 2041 1056 Hunc
2085 1007 2145 1055 ut

561 1098 711 1168 pensi
745 1093 962 1168 habeas,
992 1112 1210 1169 sperare
1238 1097 1404 1168 magis
1431 1096 1623 1162 debeo,
1657 1110 1815 1166 quam
1846 1108 2054 1165 rogare.
2086 1090 2147 1148 Si

559 1189 686 1259 quid
714 1191 850 1247 ultra
875 1192 1104 1262 expetis,
1134 1193 1187 1246 in
1211 1191 1343 1247 alias
1369 1189 1576 1245 litteras
1603 1187 1963 1243 conferemus.
1993 1183 2146 1240 Nunc

559 1285 690 1340 mihi
721 1285 1056 1357 multiloquio
1084 1283 1484 1354 temperandum
1519 1290 1632 1348 est,
1663 1295 1786 1338 cum
1809 1278 2144 1337 satisfactum

557 1393 681 1436 esse
709 1378 974 1446 videatur,
998 1385 1054 1434 et
1092 1377 1238 1434 illius
1278 1377 1568 1444 voluntati,
1599 1383 1656 1432 et
1693 1383 1785 1431 tuo
1823 1373 2048 1440 honori,
2089 1380 2145 1429 et

559 1486 680 1529 meo
707 1472 934 1529 muneri.
962 1470 1112 1528 Vale.

877 1558 881 1562 ”
1109 1563 1326 1622 ΕΡΙΞΤ.
1368 1563 1603 1621 LXXVI.

1058 1672 1367 1714 svunacuus
1393 1670 1673 1712 uesrento.
1906 1713 1916 1722 ,

626 1754 824 1811 Natura
854 1768 1036 1810 rerum
1066 1763 1180 1820 est,
1211 1761 1266 1806 ut
1287 1753 1378 1822 qui
1406 1749 1709 1805 balbutiunt
1728 1789 1743 1815 ,
1771 1747 1890 1817 plus
1915 1746 2141 1816 loquan-

516 1882 520 1886 -
557 1857 676 1913 tur;
720 1846 972 1902 affectant
1013 1843 1157 1900 enim
1208 1844 1418 1913 copiam
1472 1841 1672 1911 pudore
1715 1838 1978 1895 defectus.
2031 1837 2145 1892 Hoc

3732 402 3828 462 I7!

2793 509 3016 570 EPIST.
3055 513 3291 570 LXXIX.

2725 619 3035 661 SYIIACBUS
3073 621 3350 663 ηεερειιιο.

2319 699 2708 771 Ριωειιωριιιω
2729 707 2825 756 aut
2841 708 3173 771 compertum
3195 708 3366 767 tenes,
3393 708 3594 771 quanta
3616 700 3686 757 sit
3705 701 3829 757 mihi

2251 803 2357 850 tuae
2405 794 2582 852 laudis
2614 794 2928 866 antiquitas.
2958 794 3037 851 Ea
3068 803 3287 868 propter
3321 795 3456 853 nihil
3497 796 3615 854 fleri
3643 798 3829 868 patior,

2248 887 2393 958 quod
2417 897 2632 945 actuum
2662 899 2876 945 tuorum
2905 890 3132 960 gratiam
3166 890 3506 948 devenustet.
3533 891 3830 948 Priscianus

2248 979 2416 1037 frater
2457 995 2629 1047 meus,
2670 995 2793 1036 cum
2841 972 3026 1051 primis
3071 981 3511 1053 philosophorum
3537 983 3829 1040 litteratura

2245 1080 2303 1130 et
2327 1072 2613 1130 honestate
2647 1072 2971 1140 censendus,
3009 1083 3199 1132 senatu
3226 1083 3447 1132 auctore
3479 1075 3665 1132 salarii
3692 1090 3832 1133 emo-

2254 1165 2498 1224 lumenta
2545 1166 2913 1238 consequitur.
2969 1167 3145 1238 Super
3198 1168 3318 1238 ejus
3365 1167 3599 1224 annonis
3641 1167 3832 1223 dicitur

2246 1269 2365 1318 orta
2387 1259 2670 1317 dubitatio.
2693 1259 2797 1316 Cui
2821 1259 2871 1318 si
2894 1259 3028 1318 nihil
3053 1261 3361 1339 compendii
3386 1261 3725 1332 optimatium
3746 1276 3832 1316 vo-

2247 1354 2427 1412 luntas
2453 1361 2578 1410 ante
2607 1353 2912 1421 tribuisset;
2936 1353 3169 1411 eruditio
3198 1365 3286 1410 tua
3315 1355 3551 1413 fructum
3578 1354 3725 1412 ferre
3743 1353 3833 1411 de-

2247 1447 2420 1508 heret.
2459 1446 2576 1504 Scis
2604 1445 2748 1502 enim
2789 1445 2959 1503 bonas
2998 1455 3147 1504 artes
3181 1448 3390 1504 honore
3432 1447 3648 1515 nutriri,
3676 1455 3830 1515 atque

2251 1539 2358 1595 hoc
2400 1538 2674 1610 specimen
2703 1552 2826 1596 esse
2862 1539 3104 1596 ﬂorentis
3147 1539 3482 1610 reipublicae,
3509 1548 3566 1596 ut
3605 1535 3832 1606 discipli~

2249 1646 2439 1688 narum
2491 1630 2889 1702 professoribus
2943 1631 3164 1703 prtemia
3207 1632 3462 1704 opulenta
3514 1630 3830 1703 penduntur.

2248 1729 2443 1797 Quaeso
2483 1727 2665 1798 igitur,
2696 1741 2766 1788 ne
2791 1727 2893 1784 hac
2920 1726 3314 1798 inquietudine,
3345 1736 3439 1784 aut
3461 1725 3608 1784 illius
3633 1725 3832 1781 minua-

2251 1831 2336 1878 tur
2367 1822 2600 1889 utilitas,
2631 1829 2724 1876 aut
2751 1820 3084 1891 amplissimo
3113 1821 3292 1877 ordini
3319 1819 3578 1877 censendi
3610 1816 3830 1874 auctori-

556 1941 866 2010 exemplum
898 1939 950 1993 in
991 1953 1078 1994 me
1115 1937 1351 2008 expetit,
1389 1934 1473 1991 cui
1513 1948 1704 2003 magna
1735 1931 2002 1988 scribendi
2045 1929 2139 1984 im-

2257 1924 2332 1971 tas
2358 1915 2663 1985 derogetur.
2695 1913 2920 1970 Interest
2947 1911 3106 1968 famae
3124 1921 3180 1970 et
3201 1913 3388 1984 gloria:
3410 1921 3540 1980 tuae,
3564 1919 3620 1967 ut
3645 1909 3831 1966 conﬁn

558 2033 811 2106 patientia
855 2039 967 2096 est,
1009 2045 1131 2086 cum
1163 2029 1298 2086 desit
1329 2028 1519 2084 oratio.
1568 2025 1783 2082 Duobus
1814 2024 1974 2095 igitur
2003 2022 2147 2092 pari-

557 2137 638 2185 ter
667 2123 1113 2189 commeantibus,
1148 2138 1257 2179 non
1303 2120 1482 2190 putavi
1509 2117 1688 2175 ofﬁcio
1731 2116 2044 2182 convenire,
2090 2123 2148 2169 ut

555 2221 675 2278 unis
705 2220 895 2276 litteris
922 2217 1134 2288 gemina
1171 2215 1519 2285 expediretur
1549 2211 1782 2268 occasio.
1823 2209 1940 2266 Erit
1979 2222 2146 2278 super
2230 2217 2250 2236 ⁸

555 2317 658 2372 hoc
678 2314 936 2386 iudicatio
964 2321 1077 2377 tua,
1102 2308 1423 2382 garrulusne
1448 2306 1645 2378 iustius
1672 2303 1846 2372 dicar,
1884 2317 1954 2359 an
1984 2299 2144 2358 sedu-

555 2411 661 2467 lus.
699 2409 846 2464 Vale.

1101 2495 1314 2553 EPIST.
1359 2493 1616 2550 LXXVII.

1033 2603 1340 2644 SYIIAGIIUS
1380 2599 1654 2641 IIESPERIO.

630 2687 932 2744 Amicorum
963 2693 1111 2740 orata
1139 2696 1331 2737 curare
1362 2683 1514 2737 bonae
1554 2678 1722 2748 frugis
1752 2673 1989 2731 ofﬁcium
2019 2679 2139 2740 est,

555 2781 823 2852 praecipue
849 2779 893 2833 si
926 2793 1031 2832 non
1062 2774 1360 2845 refragetur
1386 2772 1609 2841 aequitas
1640 2766 1946 2839 postulatis.
1968 2764 2144 2832 Quor-

552 2890 673 2932 sum
733 2879 940 2943 spectet
987 2871 1089 2925 hoc
1135 2866 1499 2936 anteloquium
1552 2864 1789 2919 breviter
1839 2855 2142 2928 explicabo.

551 2966 902 3024 Sabinianum
943 2961 1303 3018 clarissimum
1357 2956 1530 3011 virum
1581 2956 1655 3010 ita
1718 2951 2031 3022 magniﬁco,
2085 2955 2172 3003 ut.

551 3072 686 3128 quos
715 3056 950 3111 maxime
994 3053 1132 3109 colo.
1180 3050 1315 3106 Iluic
1356 3064 1450 3119 per
1481 3047 1892 3117 impressionem
1942 3055 2144 3110 nequa-

551 3164 710 3220 quam
741 3147 918 3218 patior
947 3145 1126 3200 fratris
1153 3143 1236 3199 sui
1265 3141 1448 3197 liberis
1478 3139 1656 3194 tutelm
1686 3151 1879 3192 munus
1912 3132 2140 3202 imponi.

2250 2007 2432 2063 mandi
2463 2007 2632 2078 magis
2670 2019 2830 2076 quam
2861 2005 3088 2076 negandi
3126 2005 3600 2072 eommodicausa,
3625 2002 3702 2060 de
3730 2000 3830 2075 phi-

2251 2101 2466 2171 losophi
2491 2099 2690 2158 salario
2707 2099 2982 2158 dubitasse
3000 2099 3252 2158 videaris.
3277 2099 3430 2159 Vale.

2809 2214 3028 2295 grtsr.
3071 2214 3288 2272 Lxxx.

2731 2321 3042 2364 IYIIACIUS
3078 2321 3358 2366 HESPEMO.

2321 2401 2400 2458 En
2433 2401 2527 2456 tibi
2577 2399 2842 2456 secundas
2873 2400 3082 2456 litteras
3112 2414 3293 2468 meas,
3324 2407 3382 2458 et
3416 2398 3596 2456 adhuc
3630 2397 3833 2454 vicissi-

2250 2497 2380 2554 tudo
2418 2495 2688 2567 prioribus
2721 2494 2967 2551 debetur.
3012 2495 3170 2552 Dices
3198 2493 3383 2551 viandi
3424 2494 3639 2566 negotio
3673 2493 3836 2563 impe-

2247 2588 2414 2645 ditam
2458 2588 2551 2643 diu
2579 2599 2801 2658 operam
2841 2584 3168 2656 scriptionis,
3197 2595 3255 2643 et
3299 2586 3406 2641 alia
3447 2584 3628 2642 forsan
3679 2585 3836 2640 multa

2248 2682 2565 2738 causabere.
2594 2680 2708 2752 Ego
2737 2694 2833 2751 pro
2855 2680 2931 2736 tui
2955 2694 3144 2741 amore
3170 2682 3309 2738 hanc
3341 2679 3549 2737 veniam
3577 2695 3689 2735 non
3715 2691 3834 2750 gra-

2249 2770 2436 2830 vabor.
2463 2774 2572 2831 Sed
2597 2773 2786 2830 eodem
2817 2787 3001 2830 amore
3027 2775 3262 2845 postulo,
3288 2783 3347 2830 ut
3375 2789 3497 2830 cum
3517 2775 3620 2830 erit
3645 2775 3834 2841 otium,

2250 2881 2403 2922 mora
2430 2865 2721 2923 necessarii
2749 2864 2955 2922 silemil
2981 2865 3157 2923 ofﬁcio
3181 2866 3486 2924 voluntario
3505 2867 3834 2938 suppleatur.

2250 2957 2400 3014 Vale.

2777 3029 3010 3088 EPIS'I‘.
3049 3029 3290 3086 LXXXI.

2735 3135 3044 3182 εικιιιαιωδ
3079 3137 3355 3180 ηεειιειιιο.

2322 3217 2646 3284 Vitalianum
2686 3218 3042 3276 clariss'mum
3084 3217 3260 3274 virum
3305 3215 3414 3274 mei
3459 3215 3641 3288 potius
3677 3214 3836 3272 ofﬁcii

553 3241 773 3296 Duobus
801 3239 943 3295 enim
990 3235 1283 3308 privilegiis
1315 3232 1564 3290 amolitur
1609 3229 1888 3300 iniuriam,
1919 3223 2144 3280 maturi-

554 3293 907 3402 fatewmvi,et
935 3293 1159 3388 numero
1184 3293 1436 3385 ﬁliorum.
1463 3327 1534 3381 Ea
1563 3293 1904 3396 res—publicis
1930 3312 2142 3391 signata
2167 3293 2215 3357 ο
2247 3313 2450 3385 gratia,
2493 3304 2658 3384 quam
2706 3311 2760 3368 in
2809 3311 3178 3384 adjumentum
3219 3325 3376 3367 suum
3421 3311 3590 3366 credo
3637 3310 3838 3367 litteras

553 3401 940 3493 monumentis,
970 3427 1195 3482 necdum
1225 3439 1253 3478 a
1284 3424 1556 3494 proposita
1585 3415 1946 3474 obstinatione
1973 3413 2141 3470 dedu—
2248 3404 2596 3509 peposcisse.”
2623 3403 2766 3509 .l-Var‘n
2812 3417 2934 3460 cum
2977 3402 3081 3508 ipsi
3121 3402 3212 3509 ad.
3239 3401 3657 3509 promerendum

552 3587 764 3671 fortuna
785 3614 841 3670 in
865 3627 925 3670 re
945 3587 1104 3682 hujus
1124 3609 1318 3682 negotii
1343 3622 1468 3678 spes
1490 3603 1782 3667 recumbit;
1805 3613 1986 3671 quaeso
2007 3608 2067 3653 ut
2088 3599 2140 3654 ei
2251 3603 2336 3648 tur
2361 3592 2558 3661 egisse,
2589 3599 2648 3646 ut
2680 3589 2814 3646 mihi
2833 3604 2898 3644 ex
2929 3603 3151 3682 munere
3169 3588 3478 3682 conciliatio
3509 3587 3586 3644 tui
3620 3587 3840 3645 uberior

553 3709 774 3775 virtute,
801 3720 907 3776 qua
935 3681 1112 3761 celsus
1133 3681 1214 3772 es,
1240 3703 1434 3757 factum
1457 3697 1622 3763 velis;
1655 3695 1743 3752 cui
1769 3693 1857 3749 vel
1878 3693 1935 3748 in
1963 3704 2140 3747 meam
2246 3686 2577 3756 proveniret.
2606 3683 2750 3776 cape
2780 3683 2940 3754 igitur
2981 3681 3273 3740 delibatam
3314 3681 3519 3739 cursim
3555 3682 3837 3741 salutatio-

552 3799 776 3874 gratiam
806 3799 1143 3872 prmatandus
1174 3807 1260 3853 est
1303 3798 1473 3859 favor,
1513 3792 1598 3848 vel
1625 3791 1694 3847 ad
1729 3800 1873 3847 tuam
1914 3785 2138 3859 gloriam
2245 3792 2411 3874 nem:
2438 3777 2533 3874 cui
2551 3776 2619 3874 si
2635 3775 2885 3874 facundia
2914 3777 3147 3874 largiore
3170 3777 3541 3874 responderis,
3656 3791 3840 3874 exem-

2245 3870 2392 3942 plum
2417 3869 2584 3943 copia:
2604 3869 2804 3942 ingenii
2823 3870 2929 3927 mei
2957 3871 3180 3926 maciem
3205 3870 3541 3941 provocabis.
3577 3870 3730 3928 Vale.

2783 4004 2997 4060 EPIST.
3037 4004 3295 4061 LXXXII.

2732 4112 3040 4154 SVIIACBUS
3077 4113 3352 4154 ιιεεηιυο.

2324 4189 2455 4245 Sum
2501 4186 2715 4260 quidem
2755 4188 2954 4244 silentii
3004 4189 3079 4244 tui
3129 4192 3476 4246 vehementer
3518 4191 3836 4261 impatiens,

2245 4280 2384 4352 quod
2424 4296 2591 4352 genus
2635 4279 2869 4351 querelae
2914 4281 3222 4338 amantibus
3247 4281 3539 4339 familiare
3579 4293 3689 4341 est.
3731 4283 3838 4341 Sed

2245 4376 2504 4445 proximis
2527 4375 2721 4431 litteris
2745 4377 2846 4430 tuis
2866 4375 3194 4433 desiderium
3217 4392 3396 4432 meum
3417 4378 3693 4448 expletum
3716 4393 3838 4437 esse

2243 4469 2524 4523 conﬁteor.
2556 4469 2738 4537 Itaque
2768 4467 2941 4524 habeo
2987 4467 3246 4540 gratiam,
3281 4468 3561 4541 multoque
3589 4485 3759 4541 opere
3785 4479 3839 4526 ts

2246 4560 2495 4629 obsecro,
2527 4559 2808 4631 scriptioni
2844 4560 3151 4634 frequenter
3191 4561 3493 4636 indulgeas.
3525 4563 3654 4620 Haec
3692 4563 3838 4620 enim

552 3894 683 3966 iuris
705 3892 1065 3966 praerogativa
1087 3888 1352 3947 servanda
1371 3895 1473 3942 est.
1505 3885 1656 3941 Vale.

1076 4026 1293 4084 EPIST.
1333 4021 1614 4079 LXXVIII.

959 4187 963 4190 ,
1034 4135 1342 4179 svnuscuus
1382 4131 1658 4173 ussranto.

623 4242 771 4299 Unus
811 4239 987 4296 adhuc
1031 4252 1252 4308 superas
1293 4251 1360 4291 ex
1398 4233 1751 4289 summatibus
1797 4229 2139 4296 litterarum,

549 4334 633 4390 cui
673 4331 888 4402 probari
923 4329 1224 4385 orationem
1255 4341 1431 4382 meam
1459 4323 1630 4380 laudis
1661 4335 1856 4377 avarus
1885 4319 2136 4390 optarim.

551 4424 657 4479 lies
683 4421 879 4479 cecidit
907 4435 974 4476 ex
1002 4428 1167 4475 voto:
1201 4429 1320 4474 utor
1351 4428 1514 4483 teste,
1548 4429 1654 4483 quo
1681 4413 1826 4470 volo.
1857 4411 1978 4467 iam
2005 4409 2138 4466 mihi

549 4513 743 4571 comici
790 4510 1144 4566 adolescentis
1194 4523 1324 4563 voce
1362 4506 1698 4563 clamandum
1737 4514 1821 4562 est
1849 4521 1862 4558 :
1890 4504 2016 4569 Quis
2060 4519 2140 4557 me

549 4606 703 4660 hodie
758 4603 1088 4674 fortunatior,
1137 4600 1506 4668 venustatisque
1549 4600 1679 4652 adeo
1733 4597 1978 4667 plenior?
2022 4593 2138 4652 Nisi

550 4697 690 4753 forte
718 4650 869 4750 ainor
903 4694 1009 4750 mei
1047 4650 1244 4767 stlum
1287 4650 1435 4747 tuuni
1478 4691 1652 4763 coegit
1682 4650 2010 4761 inrgratiam.
2052 4688 2140 4745 Fit
2164 4679 2221 4743 D
2245 4653 2372 4767 ξξῇ
2392 4650 2570 4709 Ome“
2610 4651 2815 4711 "unum
2845 4653 3044 4710 (“iam
3085 4653 3154 4710 de
3189 4653 3505 4712 “suum”
3531 4654 3834 4714 “sudium

549 4791 694 4845 enim
721 4803 888 4860 saepe,
920 4797 976 4843 ut
999 4785 1184 4858 judicii
1220 4785 1557 4841 severitatem
1590 4785 1798 4856 frangat
1825 4783 2056 4850 affectio,
2085 4792 2140 4839 et

550 4881 844 4938 amicorum
874 4879 1012 4936 facta
1041 4873 1288 4950 dictaq'ue
1328 4894 1390 4934 ea
1433 4877 1759 4948 indulgentia
1798 4891 2135 4942 censeamus,

469 5011 480 5026 .
550 4989 653 5046 qua
685 4973 1002 5044 plerumque
1031 4971 1227 5042 singuli
1257 4971 1418 5026 etiam
1447 4970 1574 5024 vitia
1618 4981 1801 5026 nostra
1841 4969 2133 5042 diligimus.

548 5068 654 5126 Sed
681 5067 796 5124 haec
820 5065 1011 5123 merito
1050 5064 1377 5134 dicerentur,
1418 5064 1473 5120 ni
1501 5075 1674 5120 tecum
1716 5064 1915 5120 faceret
1953 5063 2138 5120 existi-

551 5162 713 5217 matio
734 5160 1072 5230 optimatium
1091 5200 1106 5227 ,
1128 5158 1318 5230 quibus
1347 5173 1527 5214 sermo
1559 5166 1742 5214 noster
1775 5156 1988 5214 auditus
2011 5165 2094 5213 est
2116 5172 2134 5212 :

550 5271 653 5310 non
680 5268 786 5325 quo
813 5252 1096 5308 sementim
1122 5261 1222 5307 tum
1252 5269 1317 5307 ex
1358 5251 1582 5307 aliorum
1613 5266 1883 5309 consensu
1926 5267 2131 5322 quaera-

551 5358 632 5402 tur
653 5347 977 5412 auctoritas;
1003 5345 1096 5402 sed
1122 5347 1247 5417 quia
1274 5361 1380 5402 non
1408 5353 1554 5417 patet
1573 5346 1967 5415 suspicionibus
1986 5344 2102 5414 judi

550 5447 748 5509 catum,
787 5454 819 5495 a
856 5454 961 5512 quo
998 5455 1157 5496 nemo
1197 5438 1464 5495 dissentit.
1489 5437 1687 5494 Videre
1713 5447 1921 5504 tamen,
1950 5445 2131 5494 utrum

550 5532 681 5588 ﬁdes
725 5541 840 5600 tua,
873 5547 940 5588 an
979 5549 1131 5590 amor
1174 5533 1293 5590 illas
1338 5533 1542 5588 litteras
1583 5530 1879 5601 scripserit.
1919 5530 2048 5586 Mihi
2078 5531 2130 5587 in

545 5627 802 5684 alterutra
840 5627 1149 5685 conditione
1187 5642 1338 5698 aeque
1365 5633 1607 5681 summus
1647 5623 1861 5680 honor:
1913 5623 2027 5680 sive
2057 5625 2132 5681 ita

542 5721 828 5793 magniﬁce
847 5720 915 5779 de
938 5736 1026 5778 me
1052 5719 1283 5792 iudicas,
1308 5726 1364 5772 ut
1390 5714 1717 5787 gratiﬁcatus
1739 5715 2004 5774 videaris:
2037 5732 2136 5774 seu

542 5814 614 5869 ita
655 5827 713 5870 es
743 5813 849 5871 mei
888 5811 1134 5884 diligens,
1166 5818 1226 5866 ut
1253 5807 1471 5878 sequius
1498 5805 1738 5876 judicare
1782 5823 1887 5864 non
1927 5809 2126 5880 possis.

542 5904 689 5963 Vale.

2245 4747 2394 4804 Vale.

2762 4814 2977 4873 EPIST.
3019 4815 3303 4882 LXXXIII.

2723 4925 3031 4966 SYIMACHUS
3065 4924 3341 4966 HESPERIO.

2317 4997 2612 5071 Religionis
2642 4999 2897 5057 indicium
2923 5009 3037 5068 est,
3061 5002 3203 5073 quod
3233 5017 3320 5058 me
3349 5000 3734 5060 taciturnitatis
3763 5004 3838 5060 in-

2243 5076 2433 5152 cessis.
2479 5091 2585 5150 Sed
2613 5093 2770 5150 velim
2813 5092 3024 5164 credas,
3058 5093 3332 5150 infortunii
3373 5095 3572 5164 fuisse,
3602 5112 3714 5153 non
3748 5113 3840 5152 vo-

2245 5183 2490 5252 luntatis,
2529 5185 2672 5256 quod
2716 5185 2809 5242 diu
2845 5184 3026 5240 ofﬁcio
3070 5186 3378 5256 scriptionis
3422 5186 3684 5246 abstinui.
3731 5189 3841 5246 Nec

2242 5288 2374 5349 puto
2407 5279 2656 5348 ignorare
2693 5288 2765 5350 te,
2793 5285 3055 5348 quatenus
3093 5279 3148 5334 in
3179 5294 3278 5336 nos
3308 5281 3519 5338 fortuna
3560 5285 3840 5352 saevierit,

2241 5385 2363 5443 qua
2403 5384 2489 5425 me
2516 5369 2884 5427 amantissimo
2924 5377 3087 5441 atque
3130 5372 3335 5439 optimo
3374 5372 3539 5431 fratre
3567 5371 3830 5447 privavit.

2242 5459 2494 5525 Proinde,
2523 5460 2567 5514 si
2593 5459 2710 5517 dies
2735 5460 2944 5531 longior
2969 5475 3190 5518 sensum
3219 5461 3352 5519 tanti
3377 5463 3580 5522 doloris
3601 5481 3834 5528 exeme-

2241 5556 2346 5620 rit,
2377 5550 2730 5610 familiaribus
2766 5551 2959 5611 litteris
2999 5553 3257 5611 solemnis
3291 5569 3426 5613 cura
3465 5561 3841 5627 prastanitur.

2245 5643 2404 5704 Vale.

2760 5716 2978 5775 EPIST.
3019 5717 3307 5775 LXXXIV.

2719 5823 3028 5868 SYIIACIIUS
3062 5824 3336 5866 HESPERIO.

2311 5907 2529 5972 Quoties
2557 5910 2643 5959 tua
2685 5917 2839 5959 sumo
2868 5902 3162 5973 colloquia,
3195 5903 3441 5972 quaedam
3473 5914 3601 5960 ante
3645 5903 3840 5960 oculos
