4032 6446
247 412 349 468 {25
1486 397 1876 459 EPISTOLAR

2012 394 2215 454 LIBER
2256 394 2295 452 I.
3028 416 3033 421 ί
3428 396 3532 453 174

245 526 550 599 praesentiae
590 534 696 581 tute
724 524 903 594 imago
946 530 1229 577 versatur:
1264 529 1422 589 atque
1459 516 1579 573 ideo
1613 500 1833 571 uberio-
1866 512 1917 573 Α
1945 507 2032 574 bi,
2067 522 2296 578 quorum
2342 504 2579 560 Minerva
2609 505 2879 563 rancidior
2908 494 3021 571 est,
3065 520 3172 560 non
3204 513 3429 577 negant,
3459 508 3534 563 fa-

245 636 363 681 rem
407 607 563 689 capio
598 618 960 688 voluptatem,
1007 616 1149 686 quod
1198 623 1252 669 et
1297 622 1370 667 tui
1407 611 1597 676 ofﬁcii,
1631 618 1685 664 et
1731 607 1837 664 mei
1941 602 2191 659 cundiam
2224 610 2369 657 tuam
2408 601 2574 656 curiae
2606 602 2774 672 magis
2819 615 2978 672 quam
3014 616 3193 658 cavete
3221 602 3511 660 convenire
3600 620 3606 628 ·

248 712 427 768 meriti
458 710 631 767 sentio
659 710 841 781 vigere
868 718 1298 764 monumentum.
1323 705 1429 761 Sed
1462 714 1519 759 ut
1544 701 1842 774 promptior
1946 695 2015 752 At
2038 696 2147 763 illi,
2177 710 2310 766 quos
2338 693 2637 751 cothurnus
2668 694 2828 751 altior
2854 695 3033 764 vehit,
3064 704 3122 751 et
3140 703 3533 753 structurarum
3628 735 3635 741 .

251 808 398 864 circa
429 820 512 861 me
552 804 712 875 hujus
743 803 982 859 muneris
1010 802 1283 873 diligentia
1310 808 1648 871 perseveret,
1680 796 1849 852 etiam
1949 801 2190 862 pegmata
2219 791 2527 857 delectant,
2558 806 2730 860 neque
2761 791 2966 844 tristem
2991 789 3336 855 soliditatem,
3361 803 3536 860 neque

250 900 381 970 ipse'
408 913 590 954 curam
635 895 912 952 deferendi
952 895 1215 951 sermonis
1255 892 1489 963 arripui,
1536 891 1843 961 frequenter
1949 885 2207 940 lascivum
2246 883 2486 953 leporem
2530 897 2765 939 consona
2814 883 2967 938 laude
3017 882 3374 940 celebrarunt.
3411 883 3535 939 llaec
3578 869 3590 970 ξ

246 1000 529 1062 expertus,
553 990 809 1046 dilectum
841 988 1077 1059 religiosi
1117 986 1279 1043 animi
1320 984 1595 1041 incentivo
1631 981 1841 1038 vicissi-
1949 988 2073 1033 sunt
2104 977 2248 1032 enim
2277 976 2618 1032 condimenta
2651 978 2760 1032 oris
2792 987 2846 1031 et
2871 978 3105 1046 pectoris
3131 978 3235 1043 tui,
3266 978 3406 1047 quod
3438 992 3536 1033 nec

250 1082 460 1141 tudinis
489 1084 795 1153 provocari.
822 1082 979 1139 Vale.
1694 1150 1701 1153 L
1948 1074 2212 1143 gravitate
2242 1072 2453 1139 horres,
2479 1086 2577 1126 nec
2597 1078 2880 1126 venustate
2910 1070 3175 1135 luxurias;
3207 1070 3300 1125 sed
3330 1070 3532 1126 ratione

795 1177 1008 1234 EPIST,
1044 1176 1302 1233 Lxxxv,
1948 1162 2093 1217 ﬁxus
2132 1163 2209 1218 ac
2245 1162 2454 1218 stabilis
2496 1176 2786 1233 germanos
2831 1162 3044 1218 colores
3086 1161 3249 1219 rebus
3293 1162 3535 1219 obdueis.
3579 1158 3612 1222 3.

741 1284 1053 1327 srumcucs
1092 1285 1367 1325 nusrsnln.
1954 1257 2089 1315 Nolo
2114 1258 2277 1329 igitur
2302 1267 2583 1328 exspectes
2606 1257 2865 1326 judicium
2896 1271 3106 1325 meum,
3141 1271 3209 1312 ne
3235 1270 3421 1311 amore
3447 1255 3541 1311 de-

326 1365 570 1423 Tandem
597 1367 751 1422 bona;
772 1364 1096 1421 valetudinis
1117 1379 1358 1432 compos,
1389 1376 1509 1432 qua;
1538 1375 1568 1415 a
1603 1375 1687 1416 me
1713 1359 1851 1415 huc-
1952 1351 2215 1422 linquam.
2239 1350 2375 1419 Quid
2402 1351 2550 1404 varia
2583 1348 2792 1420 ingenia
2813 1349 3110 1415 senserint,
3139 1363 3227 1405 res
3252 1348 3539 1404 intimavit.

250 1475 432 1530 usque
473 1460 831 1528 dissenserat,
880 1474 1026 1514 nunc
1057 1468 1110 1514 te
1154 1456 1411 1512 societate
1455 1453 1853 1511 commoditatis
1957 1442 2245 1523 Fuilﬁeoim
2266 1442 2323 1499 in
2344 1442 2690 1511 illaratione,
2715 1440 2857 1512 (ιιιοά
2884 1440 3256 1514 unusquisque
3271 1439 3541 1512 diligeret,

250 1555 535 1625 impertio,
581 1568 738 1624 quem
787 1553 1074 1624 praeteritae
1122 1548 1501 1607 sollicitudinis
1532 1546 1850 1618 participem
1955 1544 2013 1595 et
2042 1550 2141 1605 pro
2170 1534 2371 1605 ingenii
2401 1535 2485 1591 sui
2513 1533 2770 1605 qualitate
2797 1534 3062 1590 laudaret.
3093 1533 3272 1603 Quare
3314 1547 3543 1603 sequere

252 1623 463 1703 habere
491 1646 651 1703 vitavi
681 1664 694 1699 :
727 1645 827 1701 etsi
851 1647 963 1701 scio
991 1659 1058 1700 ne
1085 1643 1178 1699 illo
1207 1643 1426 1714 quidem
1455 1653 1717 1712 tempore,
1747 1653 1855 1711 quo
1957 1638 2132 1700 οωριε
2161 1628 2366 1697 felicia,
2395 1637 2452 1684 et
2485 1636 2540 1684 te
2566 1628 2620 1683 in
2659 1627 2910 1683 omnibus
2956 1626 3231 1681 cumulare.
3272 1625 3437 1681 Nobis
3479 1623 3545 1680 ad

251 1741 501 1795 officium
551 1754 730 1796 meum
780 1738 1000 1794 morbus
1050 1736 1360 1802 inhibebat,
1414 1734 1481 1788 ab
1551 1731 1858 1803 hujusmodi
1960 1721 2331 1779 testimonium
2356 1721 2637 1791 religionis
2663 1721 2794 1777 satis
2818 1730 2901 1776 est
2943 1736 3050 1776 non
3077 1720 3290 1777 siluisse
3332 1729 3549 1775 semen-

255 1848 491 1890 munere
536 1842 914 1903 temperatum.
967 1831 1183 1897 Restat,
1227 1838 1287 1884 ut
1330 1827 1726 1883 observantiam
1774 1825 1857 1880 vi-
1961 1817 2086 1871 tiam
2118 1826 2460 1872 cwlerorum-
2483 1812 2637 1871 Vale.

255 1926 579 1984 cissitudine
625 1928 945 1981 munereris.
981 1923 1057 1978 Ea
1101 1936 1333 1992 namque
1362 1935 1450 1976 res
1492 1930 1548 1975 et
1588 1929 1732 1975 tuam
1760 1932 1857 1974 cu-
1889 1911 1936 1973 Β
2570 1904 2787 1961 EPIST.
2829 1904 2938 1960 XC.

255 2038 383 2079 ram
416 2021 682 2094 probabit,
710 2029 765 2077 et
789 2018 1069 2077 refectioni
1100 2031 1232 2073 mea:
1262 2015 1573 2086 adjumenta
1603 2013 1852 2070 sufficiet.

255 2115 426 2173 Vale.

797 2185 1013 2241 EPIST.
1056 2180 1341 2239 LXXXVI.

756 2292 1064 2335 SYIIACHUB
1102 2290 1379 2332 HESPBRIO.

338 2376 536 2433 Utrum
582 2374 864 2431 Mediolani
913 2374 1074 2429 etiam
1117 2385 1260 2427 nunc
1302 2369 1396 2425 tibi
1446 2367 1623 2439 posito
1656 2366 1861 2436 pagina

258 2471 370 2526 ista
417 2468 690 2525 reddenda
729 2468 830 2535 sit,
871 2467 923 2521 in
952 2465 1207 2535 ambiguo
1248 2462 1477 2518 colloco.
1514 2458 1733 2515 Peccari
1783 2469 1861 2511 ta-

258 2578 397 2618 men
434 2562 485 2617 in
534 2560 784 2617 amicitiae
824 2560 982 2616 fidem
1029 2558 1265 2621 credidi,
1295 2557 1339 2611 si
1372 2553 1565 2610 litteris
1599 2554 1704 2608 tuis
1746 2568 1865 2608 mu-

259 2665 422 2712 tuum
479 2655 740 2711 honorem
790 2653 1138 2709 destitissem.
1191 2650 1336 2705 Nihil
1392 2663 1522 2719 ergo
1582 2654 1865 2704 cunctatus

259 2750 515 2804 conimtsi
541 2749 758 2804 eventui
784 2747 1085 2802 solemnem
1111 2745 1249 2799 hanc
1268 2752 1327 2799 et
1347 2741 1649 2814 simplicem
1673 2740 1867 2797 dictio-

260 2856 396 2899 nem
435 2840 655 2907 salutis;
687 2855 805 2911 qua:
843 2840 889 2896 si
926 2840 981 2894 in
1018 2852 1210 2893 manus
1238 2823 1476 2903 venerit,
1508 2834 1615 2905 fac,
1640 2849 1761 2899 oro,
1808 2844 1867 2889 ut

264 2934 591 3006 pervenisse
632 2922 841 2990 litteras
870 2946 1018 2990 meas
1056 2932 1327 2988 sermonis
1360 2929 1437 2986 tui
1477 2942 1727 2985 recursus
1774 2942 1866 2983 os-

266 3029 481 3087 tendat.
513 3027 664 3085 Vale.

782 3099 1001 3182 EPIST.
1042 3096 1354 3155 Lxxxvu.

756 3209 1061 3251 SVMIACBUS
1105 3205 1384 3250 HESPEMO.

2448 2012 2753 2053 SYIIACHUS
2782 2012 3033 2050 ANTONIO.

2036 2093 2147 2148 Etsi
2179 2107 2361 2148 amore
2393 2092 2721 2162 praevenior,
2752 2106 2819 2146 ne
2848 2093 2947 2145 sint
2981 2092 3127 2146 circa
3161 2098 3214 2145 te
3252 2104 3445 2145 avarus
3473 2089 3549 2145 of.

1964 2185 2098 2253 ficii;
2132 2201 2273 2241 nunc
2304 2194 2486 2241 tamen
2528 2183 2812 2251 libentius,
2843 2199 3002 2253 quam
3044 2196 3189 2254 saepe
3216 2183 3347 2239 alias
3368 2225 3382 2251 ,
3421 2184 3550 2239 scri-

1960 2278 2123 2335 bendi
2180 2292 2375 2333 munus
2434 2278 2644 2333 insisto.
2701 2277 2911 2342 Primo,
2970 2278 3108 2347 quod
3167 2278 3335 2333 abitio
3371 2278 3553 2334 fratris

1964 2374 2134 2428 nostri
2166 2373 2338 2439 Marii,
2376 2371 2605 2442 quodam
2635 2372 2830 2427 viatico
2861 2385 3044 2426 carere
3070 2385 3175 2426 non
3206 2370 3406 2427 debuit.
3444 2366 3555 2427 De-

1966 2468 2123 2538 hinc,
2171 2467 2314 2539 quod
2370 2466 2579 2523 litteras
2626 2479 2774 2523 meas
2826 2465 3006 2536 putavi
3060 2464 3360 2535 plusculum
3409 2478 3531 2520 com

1965 2562 2327 2618 mendationis
2350 2561 2645 2628 habituras,
2674 2560 2718 2615 si
2754 2560 2846 2615 tibi
2878 2574 2971 2629 per
3001 2575 3122 2614 eum
3142 2599 3157 2625 ,
3187 2573 3345 2628 quem
3375 2566 3558 2618 sancte

1965 2664 2125 2727 atque
2163 2656 2364 2713 efflicte
2393 2655 2593 2726 diligis,
2637 2654 3011 2711 redderentur.
3041 2654 3127 2709 Fit
3153 2654 3295 2710 enim
3328 2654 3558 2723 plerum-

1966 2768 2091 2824 que,
2123 2760 2181 2807 ut
2223 2751 2356 2808 levia
2402 2765 2580 2807 rerum
2615 2749 2856 2821 portitor
2886 2749 3109 2804 festivus
3150 2756 3393 2803 exornet.
3443 2745 3561 2805 Alia

1968 2862 2179 2918 quoque
2208 2846 2276 2901 de
2322 2860 2482 2900 causa
2525 2843 2689 2899 studii
2733 2846 2836 2899 mei
2880 2845 3040 2897 ardor
3084 2842 3386 2907 incanduit;
3420 2840 3561 2912 quod

1971 2947 2144 2994 tecum
2174 2952 2337 3006 super
2374 2937 2491 2991 talis
2515 2936 2617 2990 viri
2647 2935 2801 2990 laude
2832 2935 3010 3004 putavi
3042 2933 3440 3004 gratulandum,
3472 2932 3561 3001 qui

1970 3047 2002 3089 e
2031 3030 2305 3102 provincia
2334 3029 2641 3086 suburbana
2675 3036 2880 3083 tantum
2915 3035 3157 3095 reportat
3197 3026 3392 3097 publici
3423 3025 3559 3081 (ἰθεῖα

1968 3126 2136 3194 derii,
2177 3135 2434 3196 quantum
2482 3122 2702 3194 reliquit
2745 3137 2996 3192 exemp...
3046 3120 3157 3176 Non
3188 3120 3364 3175 dicam
3404 3120 3553 3185 dolo,

1970 3231 2182 3292 utpote
2209 3217 2564 3290 subpalpandi
2593 3215 2826 3273 nescius.
2861 3215 3015 3287 Viget
3057 3215 3113 3272 in
3157 3229 3223 3271 eo
3266 3230 3401 3271 vena
3448 3211 3561 3269 fra-

339 3289 401 3347 S'
441 3289 666 3347 facultas
703 3288 771 3344 ad
818 3287 1160 3385 991mm?)
1196 3302 1353 3385 ,δίθρξ
1392 3292 1862 3385 ξυρρθιέτθιΪΪΨ
1894 3300 1941 3366 C
1972 3287 2145 3373 terna.
2186 3287 2371 3385 quue
2406 3287 2577 3383 magis
2621 3311 2819 3367 factum
2847 3321 2959 3374 est,
3002 3319 3059 3365 ut
3103 3308 3402 3365 discessum
3447 3309 3564 3378 ejus

272 3386 461 3442 luntas
503 3394 774 3452 nunquam
819 3380 1032 3436 deesset
1069 3377 1267 3435 ofﬁcio.
1310 3377 1478 3448 Hujus
1517 3377 1595 3431 rei
1646 3373 1867 3431 evidens

272 3486 597 3547 certumque
622 3474 1004 3531 documentum
1028 3481 1139 3538 est,
1171 3471 1313 3542 quod
1337 3470 1427 3526 ubi
1456 3470 1686 3541 primum
1710 3467 1867 3523 amici

278 3570 583 3631 communis
612 3568 715 3625 fida
745 3567 948 3624 affulsit
980 3566 1215 3633 occasio,
1249 3564 1422 3621 libens
1453 3561 1723 3620 scribendi
1753 3576 1871 3617 mu-

282 3685 387 3726 nus
410 3667 904 3740 arripui.lntellexi
929 3666 1073 3722 enim
1096 3664 1447 3736 iucundiores
1471 3662 1565 3719 tibi
1591 3660 1707 3717 fore
1726 3661 1870 3715 litte-

276 3778 391 3833 ras,
418 3765 465 3818 si
495 3763 594 3818 has
618 3762 713 3819 tibi
741 3761 1059 3817 familiarior
1081 3759 1387 3815 tabellarius
1408 3755 1760 3820 reddidisset;
1781 3753 1869 3825 qui

275 3872 389 3914 non
416 3857 597 3913 solum
623 3855 905 3927 epistolam
927 3898 940 3922 ,
974 3853 1069 3911 sed
1096 3850 1512 3915 insinuationem
1542 3862 1757 3920 quoque
1780 3860 1872 3903 ac—

275 3960 435 4013 tuum
460 3965 708 4008 meorum
729 3949 960 4008 ﬁdeliter
976 3945 1272 4003 exhibebit.
1300 3943 1449 3999 Vale.

796 4084 1011 4143 EPIST.
1055 4079 1387 4139 LXXXVIII.

770 4192 1078 4236 SYMHACUUS
1116 4188 1390 4229 HESPLBIO.

355 4278 640 4345 Nunquam
684 4273 737 4328 in
787 4287 873 4327 me
915 4284 1161 4341 parcam,
1204 4267 1330 4337 quin
1377 4272 1468 4318 tuo
1515 4254 1693 4323 animo
1722 4261 1877 4317 obse-

278 4387 442 4443 quar.
471 4370 610 4426 Novi
649 4382 807 4439 quam
852 4365 927 4419 sis
971 4360 1237 4417 sermonis
1276 4356 1382 4413 mei
1438 4366 1715 4426 exoptans.
1750 4351 1881 4408 Pro-

280 4480 476 4539 pterea
508 4464 722 4519 decrevi
748 4443 1081 4516 cum'animo
1122 4453 1252 4509 nihil
1306 4450 1657 4523 supersedere
1688 4447 1883 4503 litteris

280 4555 653 4631 porrigeudis,
687 4568 787 4610 nec
818 4558 1136 4622 exspectare
1167 4545 1623 4611 vicissitudinem,
1654 4557 1722 4599 ne
1748 4542 1886 4598 scri-

281 4651 453 4709 bendi
486 4648 686 4705 tardior
714 4647 860 4703 ﬁam.
887 4642 995 4702 Sed
1026 4652 1083 4699 ut
1113 4643 1227 4713 ipse
1253 4641 1450 4709 metui,
1480 4655 1549 4695 ne
1579 4638 1709 4694 mihi
1744 4634 1882 4693 foret

1972 3414 2318 3483 impatienter
2369 3410 2620 3476 feramus,
2649 3409 2739 3479 qui
2770 3408 2823 3463 in
2854 3424 2957 3461 uno
2987 3407 3091 3461 frui
3122 3405 3441 3462 videbamur
3461 3420 3564 3460 am-

1940 3510 1945 3515 '
1972 3506 2163 3562 bobus.
2194 3504 2396 3561 Vereor
2426 3502 2694 3574 protelare
2724 3501 3089 3556 tcStimonium
3114 3513 3317 3565 meum,
3352 3514 3418 3553 ne
3455 3511 3565 3552 nta-

1973 3600 2056 3671 gis
2082 3597 2230 3653 laudi
2260 3596 2376 3667 ejus
2407 3596 2697 3653 obsecutus
2736 3593 2963 3664 judicer,
2996 3606 3155 3662 quam
3188 3590 3396 3662 pudori.
3434 3588 3566 3647 Nam

1976 3705 2206 3763 quorum
2258 3705 2411 3745 mens
2455 3689 2681 3744 honesta
2713 3696 2827 3751 est,
2872 3699 3059 3741 eorum
3106 3682 3373 3739 imbecilla
3420 3680 3567 3737 frons

1978 3792 2079 3841 est.
2110 3782 2189 3837 Tu
2219 3782 2293 3857 de
2312 3781 2493 3852 paucis
2520 3780 2727 3850 conjice
2764 3779 2934 3849 plura,
2968 3792 3085 3848 quae
3112 3790 3254 3833 nunc
3291 3774 3569 3831 insinuare

1948 3907 1958 3920 ι
1981 3893 2088 3933 non
2108 3876 2316 3943 decuit,
2347 3875 2445 3955 sed
2469 3890 2565 3946 per
2590 3873 2751 3929 alium
2776 3872 3011 3928 scribere
3036 3884 3143 3929 non
3170 3869 3387 3944 pigebit.
3417 3868 3564 3926 Vale.

2582 3964 2800 4022 EPIST.
2841 3964 2979 4021 XCI.

2486 4073 2789 4115 SYDIMACIIUS
2822 4072 3064 4113 ANTONIO.

2056 4158 2263 4213 Dudum
2296 4166 2367 4219 te,
2405 4156 2477 4210 mi
2515 4155 2698 4216 frater,
2734 4153 2947 4207 silentio
2988 4149 3267 4220 indulgere
3317 4148 3569 4204 mirabar.

1987 4252 2059 4306 Ea
2084 4267 2166 4305 res
2198 4247 2467 4316 ittipettdio
2494 4245 2720 4314 augebat
2742 4245 3002 4307 dolorem,
3028 4241 3172 4312 quod
3207 4241 3323 4311 ipse
3350 4241 3571 4295 minime

1986 4343 2255 4401 scribendi
2284 4340 2678 4397 observantiam
2713 4337 3065 4410 negligclmm.
3094 4334 3263 4390 Simul
3295 4345 3455 4403 atque
3486 4349 3573 4389 ac-

1986 4439 2101 4507 cepi
2126 4439 2335 4493 litteras
2376 4445 2508 4498 tuas,
2551 4433 2785 4487 animum
2821 4430 2975 4484 subii:
3016 4427 3217 4493 laetitia,
3243 4427 3458 4497 querela
3478 4426 3575 4481 de-

1988 4531 2178 4589 seruit.
2218 4527 2463 4585 Amicitia
2484 4525 2625 4581 enim
2656 4526 2762 4580 cito
2790 4531 3007 4578 sanatur
3036 4518 3234 4577 officio.
3263 4519 3342 4575 Tu
3365 4534 3576 4591 quoque

1990 4625 2063 4679 ita
2090 4624 2332 4694 paginam
2365 4618 2522 4674 melle
2541 4615 2887 4673 eruditissimi
2906 4616 3015 4669 oris
3033 4612 3331 4680 obleveras,
3360 4618 3577 4681 utquze-

279 4743 513 4817 ﬂagitio,
538 4740 584 4797 si
615 4748 881 4806 tacerem;
902 4737 981 4793 sic
1011 4702 1172 4791 velim
1204 4744 1259 4789 tu
1289 4748 1502 4800 caveas,
1532 4730 1745 4802 culpam
1767 4728 1885 4803 .dis-
1908 4702 1963 4763 Ῑ)
1989 4717 2119 4773 libet
2154 4715 2357 4772 offensa
2406 4722 2654 4782 tanquam
2705 4707 2924 4764 Lethaeo
2976 4705 3171 4777 poculo
3219 4713 3573 4775 mergeretur.

280 4835 561 4894 simulatae
584 4830 960 4888 familiaritatis
982 4827 1296 4885 accendere.
1322 4823 1473 4894 Quod
1496 4832 1550 4878 te
1569 4831 1882 4879 curaturum

282 4927 497 5002 liquido
520 4925 694 4981 habeo
726 4929 1094 4993 compertum;
1122 4918 1245 4990 quia
1274 4933 1380 4974 non
1406 4915 1584 4971 minus
1613 4912 1882 4986 ingenium

282 5032 441 5077 tuum
465 5033 627 5091 quam
650 5016 900 5073 meritum
924 5026 1102 5068 meum
1126 5008 1387 5082 cogitans,
1413 5019 1622 5079 nequeo
1646 5003 1721 5061 tui
1737 5017 1881 5060 amo-

285 5112 369 5169 ris
390 5125 514 5169 esse
545 5109 819 5165 difﬁdens.

820 5195 1036 5254 EPIST.
1078 5190 1366 5249 LXXXIX.

419 5351 422 5353 λ
801 5300 1106 5345 SYIMACHUS
1142 5297 1389 5341 ANTONIO.

370 5389 490 5445 Non
524 5382 798 5454 incognito
826 5379 1040 5453 quidem
1071 5376 1228 5435 nobis
1257 5372 1452 5445 eloquii
1481 5371 1769 5444 splendore
1806 5369 1887 5426 ni-

289 5483 478 5548 tuisti;
510 5478 606 5536 sed
636 5478 841 5546 magnis
870 5474 1034 5531 rebus
1064 5466 1500 5536 accommodata,
1526 5475 1582 5524 et
1609 5465 1890 5537 majestate

291 5581 487 5650 scripti
523 5585 726 5649 aptata,
755 5574 1015 5647 gloriam,
1044 5584 1205 5643 quam
1236 5564 1544 5641 magisterio
1584 5571 1709 5619 ante
1737 5575 1888 5634 qua:-

292 5673 452 5743 sisti,
481 5688 674 5729 recens
703 5668 851 5725 auxit
876 5665 1069 5723 oratio.
1098 5663 1231 5719 Nam
1263 5666 1460 5734 praeter
1487 5654 1739 5730 loquendi
1760 5655 1894 5728 pha-

295 5768 466 5834 leras,
495 5764 689 5839 quibus
722 5770 775 5819 te
802 5770 993 5817 natura
1013 5757 1229 5825 ditavit,
1261 5753 1437 5812 simile
1467 5749 1744 5825 quiddam,
1774 5745 1894 5820 pla—

292 5875 478 5933 neque
520 5858 850 5920 conveniens
896 5854 1115 5913 auribus
1157 5860 1403 5926 patrum,
1458 5845 1720 5921 gravitate
1768 5856 1893 5900 sen-

291 5963 459 6015 suum
477 5990 492 6020 ο
515 5953 801 6015 verborum
829 5950 1155 6021 proprietate
1183 5943 1431 6008 tenuisti.
1463 5939 1701 6013 Denique
1726 5937 1909 6024 etiam

1987 4809 2158 4867 Verso
2174 4809 2333 4881 igitur
2355 4806 2495 4877 style
2516 4802 2743 4875 gratiam
2766 4801 2959 4867 fateor,
2986 4798 3075 4870 qui
3099 4798 3440 4868 expostulare
3461 4811 3574 4851 me-

1987 4903 2216 4973 ditabar,
2267 4899 2526 4972 adjiciens
2563 4895 2911 4967 postulatum,
2947 4908 3015 4948 ne
3055 4907 3285 4963 unquam
3326 4901 3575 4958 superse-

1988 4998 2116 5054 dere
2138 4994 2333 5050 litteris
2360 5003 2690 5063 perseveres.
2726 4985 2877 5055 Quod
2908 4984 2953 5040 si
2983 4982 3266 5041 scribenda
3288 4979 3579 5045 defuerint,

1991 5089 2123 5148 mihi
2145 5088 2280 5147 satis
2305 5086 2427 5156 erit,
2451 5093 2511 5141 ut
2540 5083 2631 5139 tibi
2660 5080 2899 5153 gratuler
2922 5076 3213 5149 sospitatis.
3248 5073 3398 5130 Vale.

2571 5174 2788 5234 EPIST.
2833 5171 2991 5229 XCII.

2486 5281 2791 5329 SVMIAGHUS
2820 5279 3069 5322 ANTONIO.

2066 5371 2231 5428 Dulce
2256 5376 2525 5425 certamen
2554 5374 2635 5420 est
2660 5361 2819 5419 ofﬁcii
2843 5376 2857 5413 :
2881 5367 2933 5413 et
2964 5356 3085 5411 ideo
3104 5353 3229 5424 jure
3252 5350 3411 5408 ambo
3437 5352 3584 5409 cavi-

1997 5479 2137 5531 mus,
2173 5477 2241 5518 ne
2271 5458 2493 5517 alternis
2532 5458 2890 5511 vinceremur.
2939 5436 3189 5504 Gratulor
3223 5443 3383 5517 igitur
3428 5459 3586 5515 pares

1998 5571 2097 5614 nos
2117 5570 2256 5622 esse,
2294 5568 2399 5609 non
2441 5550 2614 5608 solum
2656 5540 2936 5601 affectione
2981 5539 3262 5603 mentium,
3300 5537 3390 5593 sed
3422 5536 3584 5593 etiam

1999 5646 2367 5708 vicissitudine
2408 5644 2726 5699 litterarum.
2764 5632 2975 5691 Curabo
3006 5639 3184 5688 tamen
3228 5629 3473 5703 posthac,
3526 5634 3587 5683 ut

1994 5742 2239 5816 obsequii
2266 5738 2375 5809 mei
2401 5735 2625 5803 trutina,
2654 5737 2709 5789 et
2727 5727 3285 5800 libra'praeponderet,
3311 5740 3378 5780 ne
3407 5721 3587 5778 videa-

1994 5846 2080 5896 tur
2126 5814 2331 5893 inertia:
2380 5826 2645 5905 quoddam
2684 5839 2805 5882 esse
2839 5820 3153 5890 colludium,
3190 5830 3403 5887 semper
3435 5814 3588 5887 aequa

1997 5932 2148 5991 lance
2169 5902 2409 5988 censeri.
2430 5922 2614 5994 Itaque
2654 5917 2885 5979 scribam
2915 5914 3131 5986 sacpius,
3169 5906 3327 5966 modo
3362 5902 3588 5965 facultas
