4032 6456
502 398 610 458 I75
1689 389 1755 457 ρ.
1796 384 2096 445 Αυιυειιιυ

2208 380 2611 440 unusunus.
3020 357 3026 364 ’
3681 370 3774 428 ne

501 508 916 568 commeantium
949 517 1052 559 non
1083 500 1220 556 desn
1253 497 1478 568 optanti.
1525 497 1600 552 lta
1638 496 1751 563 ﬁet,
1781 508 1840 552 ut
1880 508 1936 554 et
1972 497 2086 567 ipse
2112 497 2168 558 Α
2191 493 2356 556 veris,
2379 491 2589 548 emteris
2621 478 2952 545 ornamentis
2988 483 3152 542 animi
3181 483 3256 541 tui
3294 482 3579 555 adjieietur
3615 473 3790 539 decus

503 602 712 658 laudem
736 597 1034 656 sedulitatis
1059 593 1327 659 affectem,
1353 599 1409 646 et
1434 597 1487 646 te
1506 589 1650 646 euris
1683 589 1907 660 publicis
1935 603 2098 646 oecu-

501 704 710 764 patum,
739 692 806 746 ad
837 685 1178 761 rependenda
1218 683 1485 755 colloquia
1529 682 1848 741 assiduitate
1890 681 2089 740 solliei-

503 794 632 842 tem.
669 783 818 840 Vale.
1546 802 1551 808 -

1083 849 1300 906 EPIST.
1341 845 1519 903 XCIII.

1004 955 1311 1000 ﬂMﬂACIIUS
1337 953 1568 996 ANTORIO

573 1060 825 1116 Sanctum
856 1058 1129 1113 Zenonem
1155 1053 1533 1112 commendare
1563 1067 1668 1107 non
1705 1050 1902 1120 debeo,
1928 1065 2089 1121 quem

507 1153 619 1208 scio
645 1152 712 1208 ad
739 1152 1041 1208 clientelam
1071 1161 1215 1205 tuam
1238 1158 1293 1206 et
1312 1145 1573 1204 amicitias
1600 1146 1888 1217 pertinere.
1910 1145 2014 1201 Sed
2038 1147 2092 1202 in

507 1263 572 1303 eo
601 1255 747 1303 tanta
788 1262 997 1302 morum
1046 1245 1282 1313 probitas
1315 1251 1417 1311 est,
1444 1251 1499 1296 ut
1549 1240 1736 1296 laudes
1773 1239 1934 1296 silere
1983 1254 2091 1294 non

498 1341 731 1410 possim.
758 1341 936 1411 Itaque
961 1341 1133 1394 virum
1160 1337 1314 1395 bonis
1345 1335 1596 1392 omnibus
1636 1334 1829 1391 merito
1858 1349 1969 1390 sua:
2009 1348 2096 1391 se-

509 1436 752 1491 dulitatis
788 1443 1086 1503 acceptum,
1136 1445 1319 1501 quzeso
1357 1431 1516 1486 etiam
1551 1445 1638 1485 me
1675 1439 1928 1500 precante
1968 1442 2094 1498 pro-

509 1529 727 1600 pensius
766 1528 948 1582 fovere
994 1525 1266 1594 digneris;
1312 1530 1664 1593 praestaturus
1695 1529 1750 1577 et
1782 1531 1888 1576 tum
1917 1521 2090 1586 fama,

509 1636 626 1692 qua:
654 1620 808 1676 debet
831 1617 1071 1674 omnium
1099 1632 1192 1672 ore
1217 1612 1503 1679 celebrari,
1527 1622 1583 1669 et
1602 1613 1928 1669 interventui
1950 1627 2091 1678 meo,

510 1721 568 1769 ut
596 1711 694 1769 has
721 1712 929 1769 litteras
947 1710 1048 1767 sibi
1080 1707 1350 1778 profuisse
1378 1705 1759 1777 subintelligat.
1797 1703 1946 1760 Vale.

1076 1842 1290 1901 EPIST.
1330 1839 1512 1896 XCIV.
1580 1852 1584 1856 '

1023 1972 1330 2014 εγυκΑειιυε
1354 1971 1587 2012 εγΑειιιο.

580 2081 886 2135 Laudentur
915 2076 1193 2144 incogniti,
1238 2081 1296 2126 ut
1333 2086 1520 2128 eorum
1559 2070 1751 2127 merita
1795 2070 1849 2126 in
1887 2068 2099 2125 occulto

512 2175 612 2230 sita
647 2169 938 2229 testimonii
978 2167 1230 2237 splendor
1261 2165 1501 2220 irradiet.
1544 2163 1670 2219 Mihi
1716 2161 2100 2232 impraesentia-

512 2278 631 2328 rum
689 2265 1150 2338 supersedendum
1196 2273 1282 2320 est
1329 2260 1630 2332 huiusmodi
1682 2259 1991 2328 scriptione,
2031 2271 2099 2313 ne

512 2361 711 2433 incepti
741 2361 939 2416 frustra
970 2357 1093 2422 sim,
1126 2357 1171 2412 si
1203 2355 1422 2410 fratrem
1451 2369 1625 2421 meum
1651 2351 1950 2408 Palladium
1977 2365 2101 2421 spe-

509 2465 710 2512 ctatum
771 2450 924 2506 bonis
967 2449 1235 2514 omnibus,
1282 2446 1542 2503 facundiae
1579 2454 1740 2516 atque
1781 2442 2099 2500 eruditionis

511 2546 791 2617 astipuler.
841 2543 1042 2598 Dehinc
1083 2548 1244 2595 cauto
1283 2553 1419 2609 opus
1466 2547 1570 2607 est,
1613 2552 1682 2592 ne
1730 2537 1902 2606 impar
1949 2543 2098 2590 tanto

513 2639 633 2694 viro
655 2636 914 2708 precatio,
949 2647 1120 2703 neque
1143 2647 1267 2689 eum
1297 2630 1382 2687 cui
1409 2629 1672 2700 defertur,
1699 2631 2012 2699 acquiparet,
2045 2637 2101 2686 et

514 2745 689 2786 meam
715 2743 934 2800 operam
959 2725 1296 2782 devenustet.
1327 2723 1557 2791 Quiesco
1582 2723 1744 2793 igitur
1772 2720 1869 2776 has
1899 2730 2096 2791 partes,

510 2830 566 2876 et
591 2820 693 2875 hoc
723 2835 885 2876 unum
915 2819 1010 2874 tibi
1036 2833 1346 2888 persuasum
1386 2817 1538 2882 volo;
1571 2814 1765 2872 mereri
1796 2814 2098 2870 facundiam

512 2911 756 2976 Palladii,
779 2921 838 2966 ut
863 2912 1161 2972 doleamus,
1189 2908 1333 2979 quod
1361 2909 1481 2963 urbi
1513 2919 1738 2980 negatus
1757 2918 1840 2965 est
1867 2909 2098 2966 :mereri

513 3007 901 3070 amabilitatem
937 3005 1070 3076 ejus,
1100 3015 1156 3060 ut
1189 3003 1330 3075 quod
1371 3003 1576 3060 accitus
1606 3011 1708 3071 est,
1747 3003 2094 3074 gaudeamus.

513 3096 662 3155 Vale.

1096 3166 1315 3222 EPIST.
1358 3164 1518 3222 XCV.

1006 3274 1312 3314 SHIMACIIUS
1351 3275 1590 3315 SVAGIIIO.

585 3373 736 3442 Quod
767 3373 940 3429 nullas
969 3373 1172 3442 sumpsi
1198 3373 1402 3428 litteras
1430 3381 1570 3440 tuas,
1601 3387 1723 3428 cum
1747 3371 1928 3428 mihia
1955 3374 2102 3445 prin-

511 3467 716 3538 cipibus
745 3466 963 3522 aeternis
993 3465 1214 3536 legenda
1247 3465 1299 3519 in
1327 3465 1556 3521 concilio
1583 3475 1794 3536 patrum
1823 3465 2107 3537 delegare-

514 3574 600 3617 tur
629 3562 831 3626 oratio;
865 3561 975 3614 scio
1008 3575 1112 3613 non
1143 3559 1310 3614 fuisse
1339 3558 1532 3614 fastidii
1579 3559 1674 3614 tui.
1702 3559 1832 3614 Nam
1864 3559 2019 3615 bona:
2047 3569 2104 3616 et

513 3654 803 3724 exploratae
835 3651 1105 3717 amicitiae,
1137 3649 1221 3704 vel
1250 3649 1293 3703 si
1328 3658 1502 3705 cesset
1531 3649 1789 3719 ofﬁcium,
1815 3652 1945 3706 satis
1977 3662 2103 3707 tutae

513 3746 896 3802 :estimationes
918 3753 1064 3798 sunt.
1089 3743 1381 3811 Propterea
1406 3741 1658 3799 talionem
1694 3743 1897 3798 referre
1919 3743 2100 3809 vitavi,

513 3838 734 3900 veritus,
767 3852 834 3890 ne
864 3835 1006 3903 quod
1031 3846 1085 3888 ιιι
1110 3833 1307 3887 invitus
1334 3832 1560 3898 feceras,
1583 3849 1684 3905 ego
1709 3833 1948 3891 ol‘fehsus
1976 3849 2099 3890 ere-

513 3929 673 3984 derer
710 3927 1028 3983 reddidisse.
1061 3925 1241 3995 Longe
1285 3926 1429 3980 enim
1471 3925 1680 3980 diversa
1731 3925 1972 3982 conditio
2021 3933 2105 3982 est

517 4020 746 4087 fortuiti,
774 4035 932 4091 quam
967 4018 1201 4074 affectati
1235 4017 1460 4075 silentii.
1496 4019 1599 4074 Res
1627 4020 1844 4090 quitlt-m
1873 4034 1976 4074 una
2009 4034 2104 4074 ne-

512 4113 763 4184 gligitur:
796 4113 1085 4184 plurimum
1117 4122 1291 4166 tamen
1320 4108 1508 4178 refert,
1537 4114 1656 4182 quis
1683 4127 1799 4166 eam
1831 4113 1982 4182 quasi
2015 4127 2107 4168 oc-

513 4216 758 4284 cupatus,
781 4207 901 4278 Quis
928 4205 1080 4278 quasi
1111 4213 1296 4260 oratus
1325 4205 1587 4260 omiserit.
1612 4205 1718 4260 Sed
1746 4204 1813 4261 de
1843 4205 1946 4260 hoc
1974 4205 2106 4261 satis

513 4296 687 4353 habeo
717 4299 943 4353 dictum.
973 4296 1147 4362 Nunc,
1180 4295 1226 4350 si
1250 4311 1336 4352 me
1360 4310 1534 4363 amas,
1562 4295 1641 4350 vel
1672 4295 1794 4367 quia
1818 4311 1906 4353 me
1929 4311 2103 4366 amas,

513 4389 659 4455 (nam
691 4389 880 4444 referri
905 4387 1140 4453 conﬁdo,
1171 4387 1312 4457 qttod
1336 4386 1543 4458 defero)
1575 4397 1828 4443 constare
1853 4388 1994 4458 apud
2026 4390 2108 4443 in-

512 4478 683 4535 victos
714 4479 986 4550 principes
1019 4478 1270 4548 gaudium
1320 4494 1520 4546 meum,
1557 4480 1648 4550 qui
1693 4480 1941 4537 humana:
1989 4485 2104 4538 voci

512 4571 722 4626 divinas
745 4571 951 4626 littetas
982 4571 1353 4637 crediderunt;
1382 4587 1606 4642 quorum
1631 4575 1878 4631 victorias
1901 4591 1971 4630 ex
1997 4579 2100 4631 mei

2199 585 2482 657 praesentis
2510 581 2693 641 ofﬁcii.
2724 580 2871 636 Vale.

2768 671 2982 730 EPIST.
3024 670 3206 730 XCVI.

2694 781 3001 824 SYIIACEUS
3035 777 3278 822 BVAGBIO.

2269 862 2510 919 Studium
2557 862 2699 932 quod
2752 858 3053 915 scribendis
3094 853 3426 912 orationibus
3477 851 3773 920 exhibeam,

2197 956 2420 1028 pratmio
2455 954 2629 1011 laudis
2667 952 2885 1009 auxisti.
2919 953 3082 1008 Vetus
3121 951 3316 1022 quippe
3356 946 3622 1005 sententia
3660 957 3771 1015 est,

2201 1047 2359 1104 Artes
2389 1047 2596 1102 honore
2627 1043 2840 1100 nutriri.
2861 1043 2993 1113 Quis
3014 1054 3192 1098 autem
3223 1051 3328 1097 tam
3352 1040 3656 1097 cumulatus
3683 1037 3774 1094 Ito-

2199 1158 2320 1210 nor,
2344 1157 2504 1214 quam
2545 1141 2716 1212 palma
2747 1138 2994 1194 dicendi?
3042 1138 3182 1208 Ergo
3209 1137 3308 1193 etsi
3354 1135 3612 1206 intelligo,
3643 1132 3777 1206 quod

2200 1236 2370 1292 nostri
2398 1249 2581 1290 amore
2611 1232 2847 1301 fallaris;
2879 1241 3058 1287 tamen
3096 1229 3309 1286 titulum
3358 1229 3604 1300 praelari
3635 1226 3777 1283 testi-

2198 1329 2367 1385 monii
2397 1329 2519 1384 albo
2549 1327 2756 1383 calculo
2786 1335 3027 1380 veterum
3060 1338 3211 1378 more
3233 1323 3472 1394 signabo.
3501 1320 3616 1376 Non
3644 1318 3778 1375 enim

2198 1422 2328 1478 mihi
2357 1437 2422 1477 ex
2453 1435 2547 1477 ore
2572 1419 2758 1491 jejuno
2781 1419 2978 1474 tributa
3020 1415 3274 1482 laudatio,
3304 1413 3398 1470 sed
3427 1414 3496 1469 de
3530 1411 3780 1468 facundia;

2202 1531 2340 1586 penu
2379 1515 2505 1569 boni
2541 1513 2727 1584 judicii
2781 1512 2983 1568 fructus
3029 1511 3232 1566 arrisit.
3279 1509 3480 1565 Vereor
3516 1506 3782 1577 indulgere

2199 1607 2379 1662 verbis
2409 1605 2660 1676 praeconii
2693 1605 2790 1666 tui.
2824 1619 2893 1660 ne
2919 1602 3256 1676 gratiﬁcandi
3297 1616 3516 1673 operam
3549 1606 3782 1656 mutuam

2199 1701 2484 1757 credamur
2502 1699 2686 1756 adniti.
2723 1699 2877 1764 Vale,
2904 1708 2957 1755 et
2985 1706 3041 1752 ut
3071 1713 3130 1754 es
3161 1697 3332 1752 nostri
3370 1695 3626 1768 diligens,
3665 1691 3784 1750 reli-

2200 1793 2404 1868 giosam
2427 1793 2824 1850 observantiam
2852 1807 3165 1864 persevera.
3193 1790 3342 1846 Vale.

2759 1886 2970 1944 EPIST.
3014 1885 3219 1943 XCVII.

2707 1995 3015 2037 SVIIACIIUS
3044 1992 3282 2037 SVAGIIO.

2272 2075 2404 2132 Mea:
2425 2074 2643 2140 litterae,
2673 2073 2928 2144 quoniam
2960 2083 3192 2142 acceptae
3236 2077 3362 2126 sunt
3391 2069 3508 2136 tibi,
3549 2068 3788 2125 crebrius

2203 2170 2598 2227 commeabant.
2623 2168 2758 2224 Nam
2790 2177 2848 2224 ut
2873 2167 3224 2241 respondeas,
3255 2181 3362 2222 non
3387 2164 3596 2236 laboro,
3631 2162 3789 2234 s'qvi-

2202 2264 2326 2321 dem
2347 2263 2558 2321 videtur
2586 2263 2836 2334 injurium
2859 2263 3102 2334 ﬂagitare
3127 2260 3328 2328 ofﬁcia,
3351 2276 3470 2332 qua:
3497 2268 3692 2331 sponte
3711 2272 3788 2314 re-

2202 2356 2424 2429 ligiosus
2453 2358 2668 2413 animus
2699 2355 3003 2427 pollicetur.
3035 2354 3185 2410 Vale.

2702 2492 2708 2498 .
2759 2447 2975 2505 EPIST.
3007 2446 3233 2504 XCVIII.

2703 2555 3008 2596 SVIIACIIUS
3047 2553 3304 2600 δηῦιιιοι

2280 2635 2487 2691 Dudum
2515 2635 2646 2691 mihi
2689 2633 2866 2689 nullus
2901 2632 3091 2688 litteris
3127 2630 3232 2686 tuis
3264 2631 3436 2686 honor
3477 2629 3654 2685 factus
3697 2638 3788 2686 est.

2203 2729 2474 2796 Quererer
2503 2727 2570 2784 de
2597 2726 2814 2784 silentio
2846 2733 2960 2792 tuo,
2989 2725 3033 2782 si
3072 2725 3140 2780 de
3179 2724 3442 2794 religione
3473 2723 3792 2781 dubitarent.

2203 2820 2312 2878 Sed
2337 2822 2458 2892 quia
2484 2819 2716 2876 amicitia
2755 2833 2858 2874 usu
2897 2818 3121 2885 credita,
3149 2824 3205 2875 et
3231 2832 3465 2886 expensa
3509 2818 3794 2873 documen-

2207 2912 2306 2976 tis;
2342 2910 2584 2981 perieulo
2617 2907 2941 2980 suspicionis
2965 2908 3138 2964 aliena
3177 2917 3278 2964 est.
3310 2906 3555 2976 Intelligo
3583 2906 3796 2978 quideut

2206 3021 2300 3075 per
2321 3006 2701 3076 occupationes
2725 3002 2969 3074 publicas
2998 3001 3276 3058 inhibitam
3300 3001 3639 3072 diligentiam
3667 3000 3798 3055 scri-

2203 3098 2446 3168 ptionunt
2476 3107 2688 3152 tuarum
2717 3114 2730 3150 :
2758 3110 2965 3161 verum,
2989 3094 3576 3164 qnazso,intermissum
3611 3107 3800 3148 munus

2205 3189 2496 3246 instaures.
2525 3188 2699 3246 Stabit
2727 3187 2868 3259 apud
2904 3199 2994 3244 me
3020 3187 3189 3259 gratia
3221 3188 3404 3242 tribttti
3435 3185 3625 3252 officii,
3653 3186 3799 3258 quasi

2122 3265 2171 3345 (ξ
2203 3283 2349 3338 nutla
2371 3283 2548 3353 negati
2573 3281 2729 3353 culpa
2759 3281 3112 3352 praecesserit.
3145 3280 3290 3337 Vale.

2777 3371 2994 3429 EPIST.
3039 3371 3227 3428 XCIX.

2706 3477 3012 3520 SYIIACBUB
3048 3478 3286 3520 ενΑῦιιιο.

2276 3560 2330 3614 Si
2358 3558 2574 3629 quando
2604 3557 2736 3613 mihi
2757 3557 2896 3628 apud
2927 3559 3158 3613 amicum
3183 3553 3478 3613 testimonii
3500 3559 3671 3614 dictio
3698 3565 3796 3623 est,

2204 3649 2434 3706 cohibeo
2459 3665 2677 3721 operam
2709 3649 2826 3719 plus
2854 3649 3126 3719 loquendi.
3176 3649 3308 3705 Nam
3331 3649 3457 3720 quid
3495 3650 3690 3722 religio
3714 3650 3800 3706 ubi

2205 3745 2338 3814 agit,
2372 3742 2711 3800 desideratur
2739 3744 2951 3799 oratio?
2977 3743 3116 3800 Fero
3145 3745 3304 3815 igitur
3331 3745 3395 3799 nd
3428 3755 3478 3799 te
3511 3745 3716 3802 nudum
3738 3744 3800 3798 de

2207 3834 2458 3890 familiari
2489 3849 2609 3891 meo
2652 3835 2966 3906 Pontigano,
2998 3837 3092 3892 sed
3130 3837 3288 3892 ﬁdele
3319 3836 3610 3905 judicium;
3643 3853 3801 3909 quem

2207 3929 2309 3983 nisi
2355 3943 2540 3984 amore
2574 3939 2761 3983 nostro
2792 3930 3010 3999 dignum
3055 3931 3390 3999 irobassem,
3443 3933 3672 3990 minime
3715 3943 3804 3987 tuo

2207 4019 2497 4074 traderem.
2542 4019 2687 4073 Mens
2725 4019 2843 4088 ejus
2887 4022 2939 4075 in
2982 4029 3170 4090 aperto
3209 4029 3313 4087 est,
3360 4023 3466 4077 vita
3496 4033 3707 4095 spectat
3737 4023 3802 4079 ad

2209 4109 2444 4165 laudem.
2481 4110 2604 4166 Scis
2641 4120 2812 4175 certe,
2865 4113 3133 4182 nunquam
3167 4128 3252 4169 me
3279 4114 3574 4172 faciliorem
3608 4117 3804 4172 favoris

2209 4217 2349 4269 esse,
2383 4217 2542 4278 quam
2573 4201 2708 4258 veri.
2733 4203 2932 4259 llorum
2961 4206 3200 4280 omnium
3241 4206 3400 4265 ﬁdem
3429 4210 3802 4280 conﬁrmabis,

2207 4309 2328 4350 cum
2361 4294 2414 4350 iit
2440 4293 2536 4350 illo
2562 4295 2714 4365 plura
2736 4297 3023 4365 repereris.
3056 4295 3209 4354 Vale.

2849 4387 3060 4443 EPIST.
3099 4388 3159 4444 C.

2711 4493 3022 4534 δγιιιλεηυε
3059 4495 3297 4537 SVAGRIO.

2281 4567 2586 4625 Instaurant
2616 4569 2855 4626 dolorem
2890 4586 3008 4626 sera
3052 4572 3266 4642 solatia,
3303 4582 3357 4631 et
3399 4577 3522 4634 ideo
3562 4589 3806 4635 mutuum

513 4663 625 4719 oris
655 4665 1020 4734 promptuario
1049 4674 1267 4721 senatus
1296 4665 1517 4720 audivit.
1549 4666 1650 4721 Fac
1673 4668 1853 4723 veniat
1874 4667 1928 4722 in
1955 4683 2104 4724 men-
2127 4657 2183 4717 D
2209 4661 2476 4717 silentium
2509 4663 2901 4718 calamitatibus
2921 4663 3117 4722 nostris
3149 4677 3412 4736 praestare
3435 4671 3726 4738 debemus,
3745 4687 3809 4727 ne

513 4761 644 4818 tem,
676 4756 794 4825 quis
820 4755 912 4811 ille
933 4756 1048 4812 dies
1074 4756 1329 4822 illuxerit,
1359 4771 1466 4827 quo
1496 4757 1648 4828 quasi
1678 4773 1743 4813 es
1778 4757 1952 4812 media
1981 4773 2100 4827 pro-

511 4848 682 4904 fectus
704 4847 818 4902 acie
848 4847 1066 4902 auribus
1087 4857 1141 4902 et
1165 4848 1362 4903 animis
1387 4849 1624 4904 omnium
1653 4847 1939 4903 salutarem
1963 4864 2100 4904 nun-

508 4938 643 4994 tium
685 4938 890 5010 primus
937 4937 1124 4994 infudi.
1155 4938 1294 4996 Olim
1334 4954 1455 4995 eum
1488 4953 1577 4995 res
1612 4939 1852 4994 Romana
1887 4939 2099 4998 adorea:

508 5031 758 5088 militaris
804 5032 970 5102 potita
999 5041 1103 5101 est,
1139 5033 1385 5089 Polluces
1415 5033 1612 5104 gemini
1669 5033 1810 5101 apud
1855 5033 2098 5094 Iuturna:

511 5125 687 5180 lacum
723 5123 891 5194 prtelii
922 5123 1156 5200 secunda
1193 5125 1498 5195 vulgarunt.
1527 5123 1631 5194 Eos
1664 5123 1858 5192 quippe
1896 5127 2100 5194 prisco-

510 5234 631 5274 rum
669 5217 1003 5274 voluminum
1042 5217 1178 5274 ﬁdes
1221 5216 1400 5280 tradit,
1433 5214 1642 5270 anhelis
1689 5216 1860 5285 equis,
1909 5220 2097 5287 plenos

509 5309 726 5366 sudoris
768 5310 1113 5390 et‘pulveris,
1148 5310 1288 5364 fama
1319 5307 1443 5362 belli
1479 5317 1600 5378 post
1641 5317 1845 5378 tergum
1885 5311 2092 5384 relicta,

511 5400 766 5456 indicium
794 5401 1076 5457 affectasse
1105 5401 1358 5453 victorias.
1403 5397 1545 5452 Idem
1590 5414 1732 5454 nunc
1760 5399 1889 5454 mihi
1941 5416 2095 5461 sacro

505 5491 707 5563 judicio
733 5490 904 5549 Iactus
932 5502 1015 5548 est
1037 5492 1226 5546 honor.
1255 5489 1334 5550 Ita,
1353 5499 1607 5560 quantum
1637 5489 1821 5562 gratia:
1845 5489 2094 5549 Castores

484 5561 687 5653 'adepti
717 5594 862 5645 sunt,
896 5591 1098 5639 tantum
1133 5580 1398 5648 principes
1425 5580 1802 5652 praestiterunt.
1841 5581 1966 5638 Hcce
1997 5600 2094 5654 pro

507 5689 598 5729 me
626 5675 898 5746 copiosius
929 5681 984 5728 et
1007 5669 1269 5735 ornatius,
1293 5680 1550 5740 quantum
1573 5684 1632 5726 es
1662 5671 1857 5742 linguae
1881 5673 2094 5745 melior,

506 5768 647 5836 apud
668 5777 944 5824 auctorem
975 5763 1221 5819 beneﬁcii
1249 5764 1604 5835 prosequeris.
1629 5763 1804 5822 Habes
1831 5782 2097 5828 summam

507 5858 991 5924 voluntatismeac;
1020 5852 1106 5936 cui
1133 5852 1178 5910 si
1207 5855 1332 5921 quid
1355 5855 1836 5914 commendationis
1871 5857 2098 5929 inspira-

2208 4753 2437 4810 fortuna:
2469 4756 2709 4821 vulnera,
2749 4773 2866 4828 qua:
2897 4757 3204 4816 cicatricem
3239 4777 3495 4833 processu
3547 4754 3810 4837 temporis

2209 4847 2432 4915 ducunt,
2458 4850 2833 4921 intempestive
2861 4860 3190 4908 contrectata
3222 4856 3566 4914 crudescant.
3605 4859 3666 4915 Irt
3708 4859 3809 4913 alia

2172 5018 2178 5022 _
2209 4941 2385 5011 potius
2407 4957 2585 4997 sermo
2607 4942 2895 4998 vertendus
2919 4951 3024 5010 est,
3049 4960 3168 5016 qua:
3194 4955 3246 5002 te
3261 4947 3326 5002 ad
3351 4937 3535 5004 curam
3563 4951 3812 5006 sanitatis

2211 5035 2517 5092 hortentur.
2541 5034 2726 5090 Omnis
2749 5036 2945 5106 quippe
2961 5036 3204 5095 internus
3225 5039 3380 5096 dolor
3412 5044 3664 5112 corporis
3693 5045 3808 5099 hie-

2211 5123 2336 5180 mali
2379 5127 2576 5181 crescit
2613 5125 2803 5195 injuria
2836 5144 2850 5181 :
2891 5143 2954 5183 ac
2995 5129 3096 5184 nist
3136 5131 3242 5188 iter
3284 5133 3484 5203 apricis
3533 5135 3734 5191 diebus
3759 5145 3812 5191 et

2207 5215 2356 5272 auris
2385 5218 2687 5274 salubribus
2716 5215 2913 5290 egeris,
2936 5223 3086 5291 finale
3116 5233 3317 5291 metuo,
3356 5242 3428 5282 ne
3457 5228 3653 5283 vitium
3684 5245 3782 5284 con

2209 5319 2442 5380 temptus
2466 5322 2770 5384 exaggeret.
2801 5315 2948 5369 Nune
2969 5330 3055 5384 ea,
3079 5333 3200 5388 qure
3226 5319 3469 5376 remedio
3498 5336 3812 5378 accommo-

2182 5402 2341 5482 dare
2367 5404 2664 5473 credidisti,
2702 5405 2786 5460 vel
2839 5422 2958 5476 qua:
3001 5410 3158 5465 nobis
3186 5413 3589 5470 commendavit
3621 5415 3811 5473 utendi

2206 5493 2525 5564 exploratio,
2552 5495 2618 5550 ad
2653 5505 2700 5550 te
2730 5497 2878 5564 misi;
2909 5487 3044 5555 inter
3071 5493 3314 5558 votOrum
3357 5519 3574 5560 summa
3603 5507 3810 5563 consti-

2208 5595 2387 5647 tuens,
2420 5595 2476 5638 ut
2501 5587 2857 5641 remediorum
2887 5588 3068 5645 talium
3096 5594 3475 5658 necessitatem
3504 5606 3810 5668 spontanea

2203 5672 2578 5731 incolumitate
2608 5677 2942 5744 prmvenias:
2976 5689 3066 5736 aut
3094 5682 3139 5738 si
3181 5700 3302 5756 qua:
3341 5687 3519 5745 morbi
3563 5690 3811 5760 reliquiae

2204 5763 2431 5830 fuerint,
2460 5765 2544 5821 his
2570 5765 2898 5841 orationibus
2925 5779 3256 5842 tergeantur.
3291 5777 3437 5835 Satis
3472 5788 3660 5837 autem
3697 5797 3813 5837 mu-

2210 5857 2358 5948 neris
2380 5860 2653 5917 communi
2677 5862 2923 5920 amicitia:
2945 5865 3117 5928 dabis.
3142 5871 3187 5927 si
3216 5856 3669 5936 sollicitudinem.
3692 5889 3812 5934 uua

3969 2306 3971 2438 Ψ
