4032 6448
254 325 358 386 177

1483 323 1968 387 EPISTULARUM
2008 325 2211 385 LIBER
2254 328 2314 387 11.

3445 336 3552 405 178

253 444 384 502 mihi
413 459 479 500 ex
503 443 819 516 :egritudine
835 452 926 502 tua
951 444 1140 502 oborta
1163 451 1269 514 est,
1293 446 1636 518 prosperiore
1661 445 1850 504 nuntio
1876 445 1926 506 A
1958 443 2170 503 videtur
2203 465 2322 504 esse
2351 450 2609 510 de‘atum.
2661 453 2768 511 Nos
2797 457 2886 528 qui
2929 460 3229 516 consulatui
3266 468 3357 516 tuo
3403 462 3547 516 varia

254 537 385 595 nihil
406 546 648 593 moratus
671 536 960 594 exemeris.
992 537 1148 595 Vale.
1255 599 1261 606 ι

876 629 1098 687 EPIST.
1137 629 1226 687 CI.
1245 619 1254 632 ’

689 735 692 740 ’
749 737 1060 779 οῖιιιιΑειωδ
1100 737 1344 782 ειΑϐιιιο.

331 816 515 886 Video,
561 817 753 873 consul
810 815 1168 888 amplissime,
1213 825 1474 888 quantum
1528 817 1656 874 mihi
1697 832 1848 874 amor

254 924 379 968 tuus
413 913 633 967 honoris
662 911 926 980 imponat.
961 909 1125 967 Iubes
1157 918 1208 965 te
1231 910 1449 979 adeam,
1474 920 1528 965 et
1553 925 1735 966 coram
1764 909 1850 966 de-

249 1007 404 1063 fruar
424 1005 770 1079 magistratus
801 1005 874 1060 tui
897 1003 1115 1075 gaudio.
1149 1003 1266 1074 Quo
1290 1013 1447 1075 pacto
1476 1004 1617 1060 istud
1649 1006 1846 1074 possim

249 1117 475 1174 negare,
506 1102 605 1157 nisi
632 1116 693 1156 ea
722 1101 981 1171 religione
1010 1099 1302 1172 ignoveris,
1337 1115 1440 1170 qua
1458 1101 1696 1155 vocasti?
1716 1100 1848 1156 Nam

245 1194 381 1266 quid
402 1208 558 1265 agam
589 1191 815 1248 fortunae
833 1191 1049 1260 dubius,
1075 1207 1196 1248 cum
1224 1193 1346 1248 hinc
1367 1190 1668 1250 inveterato
1694 1194 1852 1251 obse-

245 1289 379 1355 quio
403 1285 642 1352 honoris,
670 1285 793 1340 hinc
820 1286 962 1338 luctu
990 1285 1172 1339 atnissi
1200 1284 1376 1340 fratris
1398 1284 1698 1356 impediar?
1720 1285 1849 1342 Duae

246 1378 384 1435 inibi
427 1377 582 1433 simul
625 1378 866 1447 dispares
917 1391 1161 1446 personae
1207 1376 1524 1434 offeruntur.
1577 1377 1679 1445 Qui
1731 1377 1848 1434 fieri

245 1483 450 1544 patest,
473 1485 525 1526 ut
555 1487 616 1528 os
640 1488 804 1526 uirum
827 1472 1114 1527 contrariis
1138 1471 1513 1527 affectionibus
1537 1471 1849 1528 induamus?

245 1569 487 1625 Proinde
515 1568 677 1624 animi
716 1583 902 1638 aequus
941 1567 1102 1636 hujus
1134 1568 1316 1622 oneris
1367 1567 1527 1623 facito
1566 1567 1693 1622 mihi
1723 1583 1848 1639 gra-

245 1663 405 1718 tiam.
444 1661 721 1717 Fortunati
755 1661 940 1716 sellam
975 1671 1117 1716 tuam
1141 1660 1266 1716 laeto
1286 1660 1499 1732 agmine
1521 1675 1851 1731 prosequan-

243 1767 364 1814 tur.
395 1757 663 1826 Auspiciis
698 1756 801 1811 tuis
830 1756 1003 1826 quivis
1026 1754 1119 1810 fati
1144 1755 1354 1825 integer
1381 1755 1586 1810 amicus
1618 1756 1847 1810 intersit.

1953 548 2308 618 occupatione
2330 549 2620 620 defuimus,
2645 555 2893 612 amicitiae
2917 557 3120 616 honore
3141 560 3314 618 affecti
3341 575 3545 628 sumus,

1953 652 2061 693 non
2107 641 2357 714 mercede
2399 645 2720 710 praesentiae.
2765 647 2882 718 Ago
2932 649 3094 721 igitur
3139 650 3239 728 tibi
3278 651 3546 706 oblatione

1951 733 2220 787 consulari
2251 735 2454 805 gratias
2481 737 2697 807 uberes,
2740 741 2835 799 sed
2883 743 3022 799 bona
3067 755 3248 802 mente
3291 745 3544 815 majores.

1955 821 2024 878 Et
2054 823 2156 879 nisi
2185 828 2510 884 verecundia
2549 837 2636 886 tua
2663 833 2841 890 verbis
2873 837 3006 892 meis
3031 847 3258 908 poneret
3305 838 3545 904 modum,

1953 916 2114 974 latius
2152 935 2429 991 evagarer.
2478 925 2652 997 Atque
2701 927 2823 983 ideo
2870 945 3053 988 sermo
3091 932 3304 990 interim
3355 947 3548 1004 parcus

1953 1009 2076 1079 erit,
2109 1013 2370 1070 memoria
2403 1031 2532 1074 vero
2560 1019 2838 1088 prolixior.
2875 1021 3022 1079 Vale.

2555 1111 2771 1169 EPIST.
2809 1113 2938 1170 CIV.

2454 1220 2766 1272 SIIIACIIUS
2808 1223 3046 1265 SYAGRIO.

2023 1292 2154 1351 Tute
2183 1297 2399 1366 quidem
2425 1299 2640 1356 virtutis
2668 1311 2775 1364 est.
2812 1317 2999 1359 omnes
3035 1304 3123 1373 qui
3162 1302 3415 1359 Palatinis
3452 1303 3547 1360 sti-

1953 1387 2163 1456 pendiis
2193 1389 2518 1459 enitescunt,
2553 1391 2746 1462 juvare
2781 1395 3058 1465 praesidio.
3101 1397 3206 1453 Sed
3243 1397 3491 1466 specialis
3517 1413 3545 1450 a

1953 1495 2041 1536 me
2070 1482 2186 1537 viro
2211 1485 2416 1553 optimo
2439 1485 2684 1542 Romano
2716 1502 2842 1543 cura
2874 1487 3120 1555 debetur,
3151 1490 3401 1546 amicitia:
3421 1505 3546 1559 gra-

1953 1575 2049 1641 tia,
2091 1592 2209 1646 quae
2252 1579 2392 1635 inter
2430 1594 2529 1634 nos
2571 1579 2730 1650 longa
2779 1580 3012 1637 adolevit
3061 1591 3240 1638 aetate.
3280 1582 3458 1650 Quare
3505 1582 3549 1640 si

1953 1670 2082 1742 quid
2125 1674 2433 1729 testimonio
2463 1689 2586 1730 meo
2629 1676 2843 1743 tribuis,
2885 1677 3010 1732 nolo
3051 1677 3286 1745 dubites,
3328 1677 3548 1749 dignum

1955 1778 2096 1832 esse,
2128 1781 2288 1834 quem
2317 1765 2523 1837 diligas.
2555 1778 2610 1824 et
2637 1785 2794 1838 quem
2825 1771 3080 1826 maximis
3118 1771 3308 1826 officiis
3357 1785 3548 1826 mune-

243 1852 334 1910 Me
360 1852 520 1907 sinito
544 1849 760 1906 interim
783 1859 1022 1921 tempore
1045 1858 1137 1905 aut
1164 1850 1374 1904 ratione
1401 1847 1706 1918 decoquere
1727 1865 1848 1904 cru-
1878 1842 1928 1904 Β
1954 1870 2062 1913 res,
2087 1857 2248 1914 Certe
2280 1860 2323 1912 si
2351 1875 2578 1918 examen
2601 1861 2670 1932 de
2690 1876 2756 1917 eo
2779 1861 2981 1918 habere
3010 1861 3274 1934 digneris;
3314 1877 3548 1932 ριιοιιυη.

244 1946 384 2002 dum
414 1944 676 2000 dolorem.
708 1943 870 2010 Quid,
915 1942 1058 2012 quod
1104 1941 1265 1998 etiam
1321 1951 1572 2012 parentes
1621 1943 1748 1998 mihi
1789 1944 1845 1999 in

243 2038 526 2094 communi
554 2051 790 2092 mmrore
819 2037 1030 2092 solandi
1059 2037 1219 2092 s’unt?
1246 2050 1474 2107 quorum
1497 2052 1735 2093 aerumna
1757 2052 1850 2108 ge-

244 2132 562 2199 minabitur,
585 2131 628 2185 si
652 2130 755 2185 illis
773 2137 881 2184 tam
910 2130 1207 2186 immaturae
1238 2130 1683 2202 peregrinationis
1715 2146 1850 2187 mete

244 2238 382 2278 cura
413 2222 684 2293 jungatur.
718 2221 1022 2293 Estoigitur
1048 2231 1328 2292 promptus
1346 2221 1413 2278 ad
1441 2221 1671 2278 veniam.
1691 2223 1851 2279 Certe

244 2317 293 2372 si
337 2326 497 2388 putas
533 2316 885 2387 arguendum,
926 2315 1067 2386 quod
1105 2314 1367 2384 desimus,
1423 2317 1654 2372 fortuna:
1713 2332 1847 2374 mea:

155 2451 158 2454 .
246 2411 437 2481 potius
467 2410 720 2464 irascere.
753 2408 850 2464 Illa
892 2408 1079 2479 injecit
1116 2423 1354 2476 manum,
1397 2410 1487 2466 illa
1517 2410 1740 2466 invitum
1773 2426 1850 2467 re-

250 2503 442 2557 traxit.
472 2501 547 2557 Ita
577 2500 669 2556 tibi
701 2516 805 2556 non
838 2501 1182 2572 persuadeat,
1212 2509 1270 2557 ut
1297 2511 1380 2558 est
1403 2501 1592 2559 eadem
1618 2504 1714 2558 dea
1753 2505 1851 2560 im-

251 2602 474 2664 potens,
507 2609 591 2648 rne
615 2593 849 2648 noluisse
878 2592 1169 2664 proticisci.
1200 2592 1348 2650 Vale.

878 2707 1100 2765 EPIST.
1139 2708 1248 2766 CII.

751 2814 1056 2857 SVIIAGBUS
1107 2815 1349 2860 ευθκιο.

321 2891 616 2949 Mediolani
648 2903 700 2949 te
725 2908 886 2963 agere
909 2905 1033 2950 ante
1064 2894 1269 2950 litteras
1303 2906 1422 2953 tuas
1453 2899 1588 2953 fama
1617 2901 1852 2968 pertule-

253 2999 360 3051 rat,
413 3001 532 3056 quae
571 2985 705 3040 nihil
743 2987 977 3056 ignorari
1018 2985 1086 3043 de
1123 2989 1427 3058 conspicuis
1461 2990 1586 3045 viris
1631 2991 1848 3060 patitur.

250 3077 356 3134 Sed
388 3078 517 3149 quid
548 3079 698 3148 juvat
725 3077 1117 3147 desiderantes,
1147 3081 1286 3150 quod
1328 3093 1612 3150 pervectus
1643 3083 1694 3139 in
1727 3099 1852 3153 pro-

251 3173 400 3227 xima
432 3172 590 3228 nobis
617 3173 864 3246 negaris?
895 3172 1124 3244 {Equius
1154 3174 1390 3230 ferebam
1416 3177 1754 3248 longinquam
1773 3177 1846 3232 tui

1909 1950 1923 1962 '
1957 1950 2114 2006 tiabis
2164 1953 2302 2008 meis
2333 1953 2534 2010 litteris
2561 1953 2820 2023 defuisse,
2849 1971 2968 2026 qua:
2991 1955 3042 2012 iu
3071 1956 3217 2013 illius
3247 1956 3452 2013 meritis
3470 1956 3546 2012 in-

1952 2045 2140 2101 venies
2167 2045 2489 2103 redundare.
2522 2047 2670 2104 Vale.

2567 2139 2782 2197 EPIS'I‘.
2822 2139 2932 2196 CV.

2472 2248 2786 2290 SYIIACHUS
2806 2247 3046 2291 ευαιιιο.
3549 2277 3551 2279 ι

2025 2323 2101 2380 Ne
2126 2324 2362 2380 otiosum
2393 2325 2613 2396 penitus
2634 2326 2934 2394 arbitreris,
2961 2326 3244 2384 committo
3269 2327 3554 2384 eruditioni

1956 2425 2059 2472 ture
2081 2415 2383 2488 vigiliarum
2430 2433 2670 2475 mearum
2711 2428 2902 2475 testem
2949 2419 3208 2486 libellum,
3241 2435 3350 2490 quo
3387 2435 3556 2489 nuper

1952 2509 2008 2566 in
2036 2518 2226 2564 senatu
2263 2510 2455 2564 sustuli
2483 2511 2687 2566 civium
2705 2512 2941 2567 secunda
2969 2511 3242 2583 suffragia.
3270 2511 3431 2568 Vides
3452 2526 3558 2582 quo

1952 2603 2268 2674 pmjudicio
2295 2614 2630 2662 antevertam
2658 2606 2960 2676 gravissimi
2982 2605 3244 2662 examinis
3276 2606 3350 2659 tui
3400 2619 3556 2659 seve-

1954 2697 2190 2752 ritatem.
2219 2696 2336 2752 Non
2377 2699 2500 2770 styli
2533 2699 2636 2755 mei
2668 2701 2918 2755 meritum
2953 2698 3245 2770 praetende,
3276 2698 3370 2753 sed
3408 2697 3556 2752 ordi—

1953 2791 2039 2847 nis
2077 2791 2394 2860 iudicatum.
2424 2793 2740 2851 Communis
2793 2793 2924 2849 mihi
2965 2803 3020 2850 et
3057 2793 3370 2848 auctoribus
3421 2791 3557 2846 meis

1954 2896 2113 2938 causa
2139 2892 2243 2938 est.
2269 2883 2456 2939 Scient
2493 2900 2704 2954 omnes,
2737 2895 2828 2940 aut
2867 2899 3189 2940 consensum
3234 2891 3341 2938 tum
3375 2881 3442 2936 de
3469 2895 3558 2936 no-

1954 2974 2038 3030 bis
2069 2975 2372 3042 sententiae,
2409 2987 2500 3030 aut
2539 2976 2921 3033 contumeliam
2964 2992 3096 3031 sum.
3123 2975 3270 3033 Vale.
3353 3029 3358 3038 ,

2562 3065 2777 3124 EPIST.
2817 3067 2952 3125 CVI.

2467 3178 2777 3220 SI'IIIACIIUS
2805 3178 3043 3220 BYAGRIO.

249 3268 676 3334 separationem.
708 3265 844 3337 Spes
874 3268 1017 3324 enim
1057 3270 1355 3339 praisentise
1394 3280 1496 3325 tute
1535 3287 1727 3341 magno
1766 3273 1848 3327 in-

2027 3257 2193 3313 Posse
2221 3255 2423 3326 aliquid
2453 3256 2707 3311 amicitiis
2728 3256 2992 3312 aestimor.
3033 3253 3167 3310 Hine
3196 3267 3324 3325 spes
3361 3251 3553 3322 oritur,

252 3359 482 3414 tervallo
513 3368 700 3430 negata
736 3360 1001 3418 cessabat.
1049 3360 1202 3417 Nunc
1241 3366 1692 3432 exSpectationem
1754 3381 1848 3421 no-

250 3465 421 3509 suam
445 3451 658 3508 vicinia:
682 3451 937 3510 facilitate
952 3454 1234 3510 sollicitas.
1259 3454 1367 3511 Nec
1390 3465 1443 3512 te
1460 3472 1722 3513 excusare
1741 3458 1851 3512 col-

257 3545 393 3615 legis
415 3547 750 3602 interventus
777 3546 994 3618 Alpium
1034 3557 1240 3618 potest;
1270 3564 1336 3604 eo
1367 3549 1509 3620 quod
1535 3550 1727 3622 justior
1755 3568 1846 3607 no-

261 3639 341 3691 tis
376 3638 439 3692 ad
477 3640 755 3709 querelam
801 3641 935 3696 facta
975 3651 1061 3696 est
1105 3643 1211 3711 via,
1243 3657 1351 3714 quo
1384 3642 1476 3698 tibi
1531 3644 1597 3699 ad
1637 3645 1848 3700 veniam

253 3747 411 3786 causa
459 3731 718 3788 deterior.
773 3733 878 3791 Sed
929 3734 1104 3791 dolori
1149 3751 1270 3792 meo
1313 3736 1587 3794 faciendus
1635 3739 1847 3795 modus.

249 3826 454 3900 Saltem
498 3825 722 3894 posthac
764 3807 1010 3893 epistola:
1053 3836 1161 3882 tua:
1206 3827 1430 3886 Romam
1485 3831 1846 3902 frequentent,

249 3916 448 3987 llyblae
469 3926 560 3973 aut
591 3917 826 3990 Hymetti
852 3918 988 3975 favis
1011 3919 1386 3989 jucundiores;
1421 3937 1648 3993 quarum
1679 3939 1764 3979 me
1794 3923 1849 3981 in

247 4011 484 4068 maximo
535 4010 721 4070 fenore
781 4013 1059 4086 perceptio
1093 4014 1263 4084 juvat,
1314 4015 1514 4072 solutio
1562 4016 1844 4090 defatigat.

247 4104 402 4161 Vale.

790 4249 793 4253 Α
861 4178 1076 4236 EPIST.
1120 4180 1250 4237 CIII.

757 4288 1071 4329 SYIIACIIUS
1109 4290 1345 4330 SVACRIO.

315 4365 592 4434 Quidquid
624 4369 862 4422 muneris
910 4369 961 4422 in
1001 4379 1299 4439 praesentes
1336 4371 1630 4440 contulisti,
1674 4373 1851 4430 officio

248 4473 1878 4503 m—

755 4717 1086 4778 E‘PISTOLA
1128 4720 1363 4778 PRIMA.

490 4825 804 4866 SVIIIACHUS
834 4826 1099 4867 FLAVIANO
1128 4829 1324 4868 FRATRI
1353 4828 1616 4870 εΑιυτειι.

313 4901 419 4957 Hic
446 4900 538 4956 ille
566 4911 649 4956 est
676 4900 950 4972 Paralius,
979 4906 1066 4958 cui
1104 4913 1386 4960 accusator
1414 4914 1567 4976 pater
1594 4915 1851 4977 quantum

229 4993 580 5052 discriminis
601 4993 788 5065 movit,
819 5003 1025 5051 tantum
1050 4996 1223 5051 laudis
1253 4997 1477 5068 paravit.
1505 4998 1688 5056 Multis
1708 5001 1850 5056 enim

231 5088 675 5160 quaestionibus,
707 5100 762 5144 et
790 5088 934 5160 quod
963 5099 1047 5144 est
1075 5091 1443 5160 potissimum,
1476 5092 1732 5163 principis
1758 5109 1852 5150 ore

233 5193 512 5254 purgatus
553 5190 800 5251 senator,
829 5190 1058 5253 arguere
1103 5199 1206 5240 non
1254 5194 1429 5255 potest
1473 5188 1713 5257 parentis
1753 5188 1851 5244 im-

231 5280 390 5345 piam
420 5275 773 5344 voluntatem,
801 5290 922 5345 qua:
949 5275 1024 5331 illi
1061 5278 1312 5345 prrcstitit
1341 5277 1702 5335 innocentiam
1741 5280 1852 5337 cla-

259 5371 466 5424 iorem.
498 5366 651 5423 nunc
690 5368 734 5422 si
770 5382 952 5423 amare
991 5379 1266 5439 postulas,
1299 5371 1638 5443 imperatoris
1679 5373 1849 5429 nostri

236 5458 616 5534 ,cstunonium
639 5461 787 5530 lege,
819 5471 878 5514 ut
913 5460 1413 5520 advertas-feliciter
1441 5463 1640 5522 factum
1669 5479 1844 5535 reum,

270 5570 409 5612 nem
439 5555 518 5611 sic
547 5554 731 5612 videas
756 5555 1081 5611 absolutum.
1112 5556 1264 5614 Vale.

883 5644 1104 5703 EPIST.
1144 5647 1209 5702 II.

635 5755 942 5799 SYIIIACIIUS
969 5756 1230 5817 Ιςιιηιλιηο
1257 5757 1468 5798 FRATRI.

304 5839 515 5901 Taeeat
542 5835 544 5840 ’
575 5838 795 5904 prodiga
840 5811 1013 5893 laudis
1054 5843 1326 5902 vetustas,
1394 5851 1516 5905 quae
1567 5799 1860 5914 Apellem,‘

1957 3366 2076 3421 qnzc
2113 3348 2418 3420 Theophilo
2442 3349 2744 3405 clarissimo
2772 3349 2891 3405 viro
2932 3358 3075 3405 tuam
3112 3362 3270 3420 opem
3311 3347 3378 3404 de
3436 3361 3558 3403 meo

1957 3456 2213 3498 sermone
2241 3441 2528 3513 promittit.
2556 3441 2694 3509 Quid
2743 3441 2906 3513 igitur
2943 3441 3062 3512 ejus
3099 3438 3386 3497 commodo
3422 3437 3555 3494 veli-

1959 3551 2102 3601 mus,
2140 3535 2192 3590 in
2239 3543 2427 3605 aperto
2477 3542 2579 3589 est.
2626 3533 2815 3602 Effice,
2845 3548 2944 3589 oro
2989 3543 3064 3600 te,
3105 3542 3166 3587 ut
3192 3547 3316 3586 cum
3363 3529 3556 3586 fiducia

1959 3629 2066 3685 mei
2097 3643 2202 3684 non
2233 3627 2484 3682 videatur
2510 3641 2632 3682 esse
2659 3627 2937 3682 frustrata.
2968 3623 3120 3681 Vale.

2559 3717 2778 3774 EPIST.
2821 3717 2974 3774 CVII.

2455 3826 2765 3867 SVIIACIIUS
2795 3824 3038 3868 SYAGRIO.

2027 3904 2332 3964 Alexander
2383 3904 2468 3960 vir
2514 3903 2897 3960 ornatissimus
2945 3901 3168 3958 sortitus
3224 3901 3554 3972 provinciam

1954 3999 2338 4072 praesidialem,
2371 4004 2524 4070 putat
2566 3995 2758 4052 honori
2777 4011 2876 4052 suo
2909 3995 3244 4052 incrementa
3280 3997 3551 4066 praestari,

1954 4100 1998 4154 si
2024 4107 2116 4152 tuo
2136 4111 2321 4152 amore
2352 4095 2604 4165 potiatur.
2628 4093 2806 4162 Quare
2827 4091 3078 4149 desiderii
3108 4092 3191 4146 sui
3240 4105 3327 4146 me
3369 4090 3561 4146 ascivit

1955 4190 2329 4260 interpretem,
2359 4186 2537 4241 sciens
2562 4187 2702 4256 apud
2735 4194 2790 4241 te
2820 4192 3028 4239 tantum
3060 4183 3164 4238 loci
3196 4196 3318 4238 esse
3359 4182 3558 4241 litteris

1960 4281 2116 4348 meis,
2147 4292 2203 4335 ut
2234 4281 2347 4334 haec
2376 4275 2778 4333 commendatio
2815 4275 3034 4332 maximi
3062 4274 3354 4330 testimonii
3387 4274 3557 4330 instar

1965 4374 2248 4429 habeatur.
2282 4370 2432 4424 Vale.

1889 4474 3527 4503 Μ

1182 4557 1664 4667 LIBER
1735 4554 2579 4669 SECUNDUS.

1877 4728 1929 4788 ι)
1953 4724 2172 4780 Zeuxim
2192 4763 2206 4788 ,
2241 4723 2326 4777 vel
2352 4721 2550 4776 borum
2588 4721 2826 4787 similes,
2854 4725 2914 4776 ut
2949 4734 3218 4792 quemque
3245 4729 3376 4778 mtas
3407 4721 3559 4790 tulit,

1863 4837 1874 4856 -
1961 4815 2296 4871 voluminum
2320 4813 2524 4868 honore
2544 4811 2761 4884 dignata
2777 4821 2883 4868 est.
2911 4811 3036 4868 Mihi
3059 4829 3183 4884 erga
3207 4813 3394 4868 Lucilli
3425 4829 3564 4884 prte-

1961 4906 2283 4963 dicationem
2312 4905 2494 4962 sermo
2519 4905 2750 4976 parcior,
2775 4904 2909 4962 fides
2928 4907 3099 4976 major
3124 4915 3228 4961 est.
3253 4904 3389 4973 Quid
3417 4906 3563 4962 enim

1956 4999 2107 5066 juvat
2136 4997 2413 5065 indulgere
2434 4997 2645 5064 verbis,
2683 5011 2804 5052 cum
2832 5011 2948 5052 rem
2990 4997 3151 5052 liceat
3178 4995 3448 5065 experiri?
3479 4995 3564 5052 Sit

1961 5089 2122 5160 igitur
2150 5089 2219 5144 de
2251 5088 2353 5144 hoc
2394 5099 2483 5145 tua
2530 5089 2895 5157 existimatio,
2927 5089 3018 5160 qui
3061 5089 3322 5143 bonarum
3365 5086 3563 5143 artium

1961 5189 2233 5252 spectator
2253 5195 2470 5251 semper
2489 5180 2656 5236 fuisti.
2681 5182 2793 5251 Ego
2813 5179 3078 5236 Lucillum
3101 5177 3378 5234 modestia:
3401 5193 3565 5235 mera;

1955 5284 2116 5347 atque
2180 5274 2483 5332 honestatis
2559 5275 2837 5348 astipulor.
2892 5275 3178 5330 Videturne
3231 5271 3325 5327 tibi
3369 5272 3565 5344 dignus

1955 5383 2110 5439 esse,
2142 5384 2299 5442 quem
2326 5369 2544 5441 diligas,
2575 5369 2728 5439 cujus
2757 5369 2996 5438 gravitas
3024 5381 3289 5437 sponsore
3320 5381 3408 5423 me
3437 5365 3565 5422 niti-

1957 5469 2066 5532 tur,
2091 5476 2182 5521 ars
2202 5471 2259 5520 et
2282 5462 2516 5519 eruditio
2549 5469 2602 5517 te
2638 5462 2811 5531 ipsum
2835 5459 3072 5530 judicem
3105 5459 3385 5516 meretur?
3415 5458 3543 5514 Vale

2578 5551 2795 5608 EPIST.
2839 5549 2926 5606 III.

2331 5663 2640 5705 SYIIACIIUS
2672 5657 2933 5700 FLAVIANO
2961 5660 3180 5704 FRATRI.

2029 5744 2278 5801 Fratrum
2317 5743 2527 5812 negotia
2555 5740 2694 5796 velle
2737 5752 3072 5810 cognoscere
3121 5740 3207 5810 pia
3245 5747 3300 5798 et
3338 5737 3568 5793 ln-nesttt

1957 5837 2163 5895 curatio
2203 5846 2308 5894 est.
2357 5834 2570 5890 Lubens
2612 5833 2771 5904 igitur
2799 5833 3140 5904 respondebo
3170 5831 3430 5899 quaesitis.
3461 5826 3566 5885 Ca-
