3932 6452
360 5440 369 5481 ἓ

440 375 542 436 179

1612 373 1677 442 Q.
1722 368 2064 431 AURELIUS
2101 370 2536 442 SYMMACHUS.

3630 371 3728 432 180

441 503 600 561 puam
623 486 794 543 multo
818 486 987 542 imbre
1013 487 1369 555 pervenimus.
1399 486 1497 543 llic
1525 486 1759 543 triduum
1785 500 2028 541 rommo-
2057 488 2113 551 Α
2136 484 2307 555 majus
2355 476 2631 541 habeatur.
2677 482 2829 541 Adde
2874 485 3018 557 quod
3062 483 3268 559 integer
3310 484 3542 544 animus‘
3573 498 3726 561 putat

437 583 539 636 rati
562 579 628 636 ad
650 580 934 637 levandum
964 581 1223 650 laborem,
1255 578 1599 637 Terracinam
1623 579 1792 651 prius,
1816 588 1868 634 et
1889 586 2035 649 post—

436 674 576 729 ridie
620 673 863 729 Formias
908 674 1222 730 continuato
1264 672 1550 743 petivimus
1598 684 1847 728 excursu.
1894 669 2028 724 Fors

438 765 573 829 fuat,
602 779 671 819 an
698 767 869 835 possit
899 764 1062 820 biduo
1092 776 1247 820 tenus
1278 762 1518 833 ejusdem
1567 777 1665 818 nos
1705 759 1890 832 praedii
1930 775 2030 814 an-

437 874 577 917 nona
607 860 857 936 retinere.
884 856 993 913 Vos
1019 858 1243 923 interea,
1269 864 1487 927 peracto
1505 855 1645 927 quod
1670 854 1853 910 Romae
1874 868 2032 924 agere

430 951 751 1021 destinatis,
783 952 1006 1022 Appiam
1054 952 1155 1005 diis
1193 950 1495 1021 auspicibus
1532 947 1812 1016 inchoate,
1852 962 1914 1003 ea
1946 946 2030 1003 di-

439 1043 738 1107 mensione,
764 1051 820 1099 ut
835 1044 936 1100 iter
956 1053 1199 1098 nostrum
1231 1043 1484 1113 proximis
1507 1039 1747 1113 vestigiis
1768 1039 2026 1112 urgeatis.

438 1133 585 1191 Vale.

1063 1206 1274 1266 EPIST.
1315 1207 1403 1263 IV.

813 1308 1121 1355 SMACRUS
1149 1312 1410 1355 PLAV'IANO
1438 1313 1650 1355 FRATRI.

508 1389 643 1447 Volo
681 1392 959 1463 quiescas,
1005 1404 1051 1445 et
1094 1406 1341 1449 curarum
1386 1407 1589 1450 vacuus
1634 1393 1844 1450 otleris.
1892 1392 2028 1449 Nam

434 1484 569 1539 mihi
597 1486 680 1540 vir
708 1486 962 1541 honestus
990 1487 1255 1543 Antonius
1278 1487 1407 1544 fecit
1434 1486 1715 1555 indicium,
1745 1488 2029 1559 legationis

433 1579 700 1635 Africanae
721 1582 1000 1637 consilium
1028 1584 1311 1652 torpuisse.
1339 1582 1582 1639 Accessit
1605 1582 1672 1638 ad
1700 1582 1860 1639 fidem
1887 1598 2027 1639 nun-

433 1671 489 1726 tii
513 1713 527 1737 ,
559 1673 698 1742 quod
739 1673 934 1731 similia
979 1691 1140 1743 super
1177 1676 1280 1732 hoc
1311 1676 1528 1748 negotio
1555 1684 1800 1733 recentes
1827 1676 2027 1732 amico-

431 1778 548 1819 rum
588 1765 779 1820 litterae
818 1768 1172 1837 pertulerunt.
1210 1768 1347 1823 Num
1383 1778 1469 1825 est
1505 1769 1645 1825 aliud
1667 1812 1682 1836 ,
1710 1769 1855 1840 quod
1883 1770 2027 1827 scire

2084 582 2091 590 '
2137 580 2498 636 innocentiam
2528 594 2685 659 suam
2718 580 2918 651 minui,
2948 581 2997 637 si
3031 580 3286 653 periculis
3314 596 3535 638 suorum
3565 581 3720 639 desit.

2136 670 2262 728 Haec
2288 686 2407 743 ego,
2440 686 2545 727 non
2576 679 2635 727 ut
2662 672 2899 728 celerem
2928 670 3164 729 reditum
3196 672 3291 729 tibi
3318 673 3573 729 suadeam
3591 713 3609 740 ,
3631 675 3723 731 sed

2134 772 2194 821 ut
2241 766 2462 821 noveris
2506 765 2560 821 in
2599 758 2974 823 communibus
3013 766 3168 823 malis
3217 766 3350 821 nihil
3396 780 3553 835 esse,
3581 766 3725 838 quod

2134 859 2409 928 praeferas.
2428 859 2563 927 Quid
2585 858 2725 915 enim
2746 858 2963 931 iuvares
2983 859 3394 932 rempublicam,
3419 872 3722 931 quanquam

2133 952 2372 1009 omnium
2418 952 2904 1025 prudentissimus,
2955 955 2998 1010 si
3042 952 3279 1009 redires?
3319 954 3437 1010 Jam
3494 953 3720 1023 primum

2132 1045 2361 1102 consilio
2398 1045 2548 1102 locus
2577 1046 2754 1103 nullus
2796 1056 2913 1115 est,
2946 1046 3071 1100 dum
3114 1045 3168 1101 in
3212 1044 3563 1101 deliberando
3601 1059 3723 1114 per-

2132 1154 2263 1195 sona
2289 1140 2621 1196 censentium
2652 1140 2858 1210 pondus
2887 1138 3167 1195 sententiis
3205 1138 3351 1193 facit.
3382 1136 3610 1205 Quando
3638 1151 3721 1191 re-

2130 1233 2336 1291 sistitur
2361 1234 2576 1305 potiori,
2595 1234 2807 1305 quando
2833 1234 3040 1289 ceditur
3070 1231 3226 1303 pari?
3253 1231 3452 1287 Dehinc
3484 1244 3717 1299 praesens

2129 1335 2303 1383 status
2332 1341 2436 1382 non
2467 1326 2818 1396 sapientiam,
2852 1325 2945 1382 sed
2981 1326 3244 1379 fortunam
3285 1322 3532 1393 requirit.
3562 1321 3695 1378 Dele

2128 1429 2273 1476 ctum
2301 1419 2553 1475 timemus
2575 1434 2825 1483 annonae,
2860 1418 3024 1488 pulsis
3054 1416 3335 1487 omnibus,
3368 1430 3503 1486 quos
3533 1422 3721 1471 exerto

2128 1521 2183 1569 et
2213 1512 2373 1584 pleno
2403 1511 2567 1569 ubere
2610 1511 2775 1567 Itoma
2816 1518 3148 1580 susceperat.
3181 1508 3316 1565 Fors
3351 1508 3461 1563 fuat
3488 1551 3504 1576 ,
3550 1514 3611 1563 ut
3641 1508 3724 1562 liis

2126 1602 2379 1661 remediis
2413 1606 2871 1660 convalescamus.
2902 1603 3113 1671 Quanto
3149 1602 3301 1658 nobis
3339 1601 3464 1658 odio
3507 1601 3722 1672 provin-

2125 1698 2328 1755 ciarum
2345 1708 2552 1754 constat
2576 1699 2663 1755 illa
2680 1698 2973 1754 securitas?
3000 1698 3079 1751 Dii
3108 1697 3285 1767 patrii,
3315 1695 3471 1752 facite
3491 1696 3721 1767 gratiam

2124 1790 2493 1862 neglectorum
2550 1793 2891 1846 sanctorum!
2955 1789 3200 1844 Miseram
3260 1788 3455 1843 famem
3517 1787 3721 1870 pellite.

429 1858 706 1929 postules?
756 1860 870 1915 lmo
913 1875 1062 1925 vero,
1088 1871 1147 1917 ut
1173 1877 1288 1917 mea
1318 1862 1422 1917 fert
1449 1862 1651 1933 Opinio,
1678 1864 1761 1919 vel
1791 1864 2008 1934 primunt

2126 1883 2534 1954 Quamprimum
2565 1892 2783 1939 revocet
2810 1884 2938 1940 urbs
2970 1892 3173 1945 nostra,
3204 1894 3339 1952 quos
3367 1881 3529 1935 invita
3559 1864 3723 1934 dimi-

429 1950 535 2005 hoc
567 1951 661 2006 tibi
691 1950 875 2007 debuit
903 1949 1149 2008 indicari.
1186 1952 1286 2009 Ubi
1322 1968 1355 2009 e
1396 1952 1639 2009 Cumano
1681 1968 1869 2011 navem
1913 1954 2025 2010 sol-

429 2044 624 2114 vimus,
654 2059 790 2114 pene
810 2044 1025 2101 albente
1048 2047 1185 2103 coelo
1205 2048 1410 2118 majore
1427 2060 1532 2119 cpe
1553 2049 1838 2121 remigum,
1863 2064 2024 2121 quam

430 2148 713 2195 ventorum
764 2140 986 2207 favore,
1043 2141 1386 2198 Formianum
1435 2144 1584 2200 littus
1634 2146 1856 2202 accessi.
1904 2146 2022 2202 Jam

429 2231 510 2287 sol
544 2229 821 2287 meridiem
849 2233 1082 2304 fregerat
1110 2253 1123 2287 :
1153 2236 1469 2304 amicorum,
1499 2251 1637 2307 quos
1671 2236 1848 2294 minor
1872 2239 2024 2295 navis

430 2326 669 2394 accepit,
707 2324 913 2382 tardior
949 2328 1218 2398 navigatio
1260 2328 1385 2397 fuit;
1423 2315 1685 2388 incertum
1727 2339 1890 2388 vento
1926 2334 2022 2390 ob-

428 2426 624 2487 stante,
639 2432 709 2474 an
727 2432 824 2489 per
842 2421 1225 2491 negligentiam
1245 2423 1634 2483 ministrorum.
1658 2423 1784 2481 Haec
1803 2424 2021 2482 interim

427 2510 565 2563 ratio
622 2512 905 2567 scribenda
960 2516 1244 2581 suggessit.
1284 2514 1501 2571 Curabo
1542 2525 1602 2572 ut
1654 2515 2023 2589 frequentibus

428 2599 618 2657 litteris
648 2617 860 2661 merear
888 2604 957 2661 de
984 2614 1036 2661 te
1063 2607 1253 2663 similis
1290 2607 1454 2664 ofﬁcii
1480 2608 1832 2681 diligentiam.
1868 2609 2017 2666 Vale.

1061 2720 1279 2779 EPIST.
1319 2721 1387 2777 V.

796 2828 1106 2871 εγιιιιλοηυε
1135 2830 1397 2873 ηΑνιΑΝο
1425 2832 1641 2873 FRATRI.

497 2901 670 2960 Delati
698 2904 947 2963 Formias
975 2917 1098 2977 post
1126 2909 1351 2965 multam
1382 2919 1589 2981 partem
1619 2910 1747 2982 diei,
1776 2927 1896 2969 cum
1923 2927 2019 2969 vos

2126 1976 2217 2032 sit.
2250 1976 2409 2053 Plura
2439 1984 2614 2033 tecum
2642 1977 2808 2049 loqui,
2834 1992 2991 2046 quam
3019 1990 3238 2031 necesse
3261 1982 3363 2042 est,
3387 1971 3454 2029 de
3480 1971 3724 2027 adversis

2125 2068 2501 2127 communibus
2531 2086 2638 2125 non
2679 2070 2828 2126 libet.
2869 2068 3008 2125 Cura
3048 2077 3105 2124 ut
3132 2070 3338 2134 valeas,
3369 2073 3424 2123 et
3463 2062 3722 2137 quidquid

2127 2162 2357 2223 humana
2406 2177 2511 2234 ope
2561 2162 2733 2233 majus
2778 2170 2894 2229 est,
2938 2162 3041 2217 diis
3100 2161 3347 2232 permitte
3395 2158 3720 2217 curandum.

2125 2254 2275 2311 Vale.

2705 2325 2921 2386 EPIST.
2966 2327 3099 2383 Vill.

2492 2433 2805 2478 SYIIACHUS
2838 2434 3097 2475 FLAVIANO
3126 2432 3342 2474 FRATRI.

2195 2535 2441 2595 Redditae
2477 2537 2765 2609 suntmihi
2797 2537 2983 2609 prima:
3011 2536 3202 2593 litterae
3232 2544 3335 2591 tute
3366 2541 3473 2591 tam
3504 2535 3718 2605 breves,
3790 2586 3795 2591 ,

2123 2636 2231 2685 tam
2273 2630 2573 2699 festinatae,
2608 2638 2667 2686 ut
2693 2630 2799 2686 iter
2838 2641 2983 2685 tuum
3022 2628 3331 2685 viderentur
3357 2627 3575 2684 imitari.
3615 2627 3722 2686 Sed

2122 2722 2168 2780 si
2195 2723 2326 2780 mihi
2351 2724 2551 2792 credis,
2585 2739 2691 2780 non
2723 2731 2807 2780 est
2849 2724 2900 2779 in
2942 2723 3051 2779 illis
3077 2723 3380 2779 desiderata
3416 2722 3720 2793 prolixitas.

2121 2814 2313 2871 Omnia
2361 2817 2541 2886 enim,
2594 2830 2716 2887 quae
2762 2817 2832 2873 de
2877 2815 3243 2887 amplitudinis
3296 2824 3400 2871 tua
3448 2819 3722 2886 prosperis

2122 2920 2287 2965 nosse
2317 2909 2599 2980 cupiebam
2621 2951 2637 2977 ,
2667 2911 2937 2966 succincta
2967 2908 3377 2964 enumeratione
3402 2910 3723 2979 complexus

421 2997 536 3067 ejus
574 2999 651 3054 rei
697 2997 956 3057 sollicitos
995 3002 1373 3070 crederemus,
1415 3005 1877 3075 percontationem
1927 3022 2021 3062 ve-
2122 3017 2216 3070 es,
2243 3010 2441 3075 quanta
2470 3003 2777 3059 valetudine
2813 3004 3054 3074 vigeres.
3086 3017 3187 3074 qua
3218 3000 3495 3058 θειθτίῑθῑε
3524 3017 3722 3073 Ρθτνθ-

420 3100 588 3146 stram
620 3093 916 3162 scriptione
944 3095 1335 3164 praevertimus.
1369 3096 1479 3154 Nec
1507 3099 1678 3168 magis
1705 3098 1774 3154 de
1799 3099 2018 3170 naviga-
2119 3105 2240 3153 ctus
2267 3097 2364 3164 sis,
2392 3098 2520 3168 quid
2563 3098 2616 3152 in
2650 3104 2856 3154 aeterno
2891 3097 3132 3168 principe
3167 3096 3473 3152 serenitatis
3501 3096 3724 3152 invene-

420 3182 567 3237 tione
598 3183 770 3238 fuistis
793 3186 960 3252 anxii,
987 3201 1143 3256 quam
1175 3186 1682 3258 trepidabamus,ne
1707 3190 1799 3246 diu
1824 3193 2016 3249 essetis
2066 3232 2069 3235 -
2119 3194 2215 3249 ris.
2261 3192 2449 3249 Ausim
2498 3193 2712 3264 dicere,
2756 3192 3056 3250 uberiorem
3101 3192 3295 3257 rebus,
3336 3205 3497 3262 quam
3540 3192 3724 3248 verb’s

424 3276 636 3331 incerti.
661 3278 812 3343 Quod
843 3277 1003 3349 igitur
1036 3283 1351 3353 responderi
1376 3293 1557 3354 posset
1582 3284 1773 3341 litteris
1795 3287 2009 3354 vestris,
2030 3265 2088 3331 AC
2116 3280 2283 3341 fuisse
2332 3285 2476 3341 illius
2523 3284 2764 3355 epistolae
2814 3286 3082 3357 paginam.
3149 3281 3283 3338 Nam
3349 3283 3513 3339 multa
3565 3292 3725 3339 erant

418 3371 570 3441 prior
599 3385 779 3428 sermo
818 3375 1171 3445 consumpsit.
1204 3374 1357 3431 Nunc
1390 3377 1654 3433 :cstimate
1684 3387 1882 3450 quanto
1918 3396 2011 3435 no-

418 3472 527 3521 stra
556 3465 623 3521 de
648 3464 802 3520 vobis
828 3464 1021 3521 melior
1048 3467 1212 3523 fuerit
1235 3467 1517 3537 judicatio,
1544 3485 1702 3538 quam
1727 3480 1906 3527 vestra
1944 3472 2011 3527 de

417 3559 595 3615 nobis.
631 3559 993 3631 Contemplati
1024 3562 1168 3617 enim
1200 3577 1387 3618 sumus
1415 3563 1836 3636 magnitudinem
1863 3564 2011 3620 solli-

418 3653 669 3709 citudinis
698 3662 925 3722 vestrae,
958 3656 1267 3727 priusquam
1291 3656 1498 3714 litteras
1528 3658 1810 3714 mitteretis
1840 3678 1853 3713 :
1886 3674 2007 3714 cum

415 3744 540 3801 ideo
567 3746 880 3817 mitteretis,
913 3748 1037 3817 quia
1071 3764 1171 3805 nos
1195 3749 1528 3821 scripturos,
1563 3750 1663 3806 nisi
1704 3752 2007 3809 admonitos

411 3849 522 3892 non
547 3838 791 3909 putastis.
828 3837 974 3895 Vale.

1036 3935 1252 3996 EPIST.
1294 3936 1383 3994 Vl.

790 4044 1096 4087 SHIACRUS
1125 4048 1387 4089 FLAVIANO
1418 4049 1630 4089 FRATRI.

482 4118 703 4179 Emensi
736 4122 854 4180 haec
885 4139 1096 4195 quoque
1131 4124 1309 4180 littora
1330 4167 1346 4192 ,
1379 4141 1498 4196 qua!
1526 4133 1645 4196 post
1672 4123 1916 4182 Formias
1949 4128 2001 4183 in

409 4214 668 4271 Anxurim
704 4218 1072 4289 porriguntur,
1104 4233 1294 4275 navem
1333 4234 1399 4275 ac
1434 4201 1665 4290 remiges
1694 4233 1798 4273 non
1824 4234 1998 4275 mora-

407 4322 547 4363 mur.
582 4308 689 4364 Sed
725 4309 829 4365 diis
867 4325 1001 4380 opus
1041 4320 1154 4379 est,
1187 4320 1245 4366 ut
1288 4310 1376 4367 hic
1413 4309 1616 4367 reditus
1653 4320 1837 4367 noster
1866 4310 2000 4367 nihil

407 4400 644 4472 reperiat
685 4403 1080 4471 paenitendum.
1127 4404 1404 4476 Frequens
1450 4404 1593 4459 enim
1639 4418 1817 4460 sermo
1864 4413 1946 4459 est
1980 4447 1995 4472 ,

406 4495 557 4549 tenui
586 4494 729 4549 victu
769 4494 823 4548 in
862 4495 1046 4550 turbas
1084 4496 1293 4565 plebem
1335 4497 1562 4551 moveri.
1590 4495 1702 4552 Nec
1728 4495 1833 4551 ulla
1874 4510 1997 4567 spes

405 4585 587 4651 datur,
606 4583 959 4653 praesentibus
979 4585 1241 4655 angustiis
1266 4586 1474 4656 copiam
1497 4600 1657 4657 posse
1683 4588 1991 4645 succedere.

404 4676 594 4731 Annus
638 4676 835 4747 ubique
870 4676 939 4733 ad
972 4676 1170 4733 famem
1216 4678 1512 4748 proximus.
1547 4678 1746 4738 Classis
1774 4682 1828 4737 in
1857 4682 1997 4738 alios

403 4780 665 4823 conversa
713 4782 925 4825 cursus.
975 4767 1157 4824 lEstas
1210 4785 1377 4841 prope
1431 4770 1665 4828 decessit
1710 4782 1990 4830 autumno.

401 4859 549 4926 Diis,
585 4875 672 4915 me
717 4860 967 4918 hercule!
998 4864 1071 4917 uti
1104 4863 1356 4935 praefatus
1396 4879 1513 4921 sum
1535 4907 1550 4934 ,
1591 4867 1884 4939 deleganda
1911 4879 1995 4925 est

401 4952 562 5023 hujus
583 4952 773 5009 incerti
790 4953 1203 5033 administratio.
1223 4955 1511 5013 Hominum
1534 4967 1711 5015 autem
1732 4959 1988 5029 remedia,

400 5042 491 5101 diu
516 5045 876 5114 dissimulata,
893 5047 1003 5118 jam
1031 5063 1151 5104 sera
1179 5058 1324 5105 sunt.
1348 5047 1458 5105 Vos
1482 5050 1678 5117 valete,
1703 5059 1757 5131 et
1786 5050 1993 5107 litteras

398 5150 613 5211 sperate
643 5141 925 5207 meliores,
963 5145 1007 5197 si
1051 5142 1262 5199 fortuna
1302 5145 1454 5202 urbis
1497 5153 1693 5202 nostra:
1736 5144 1987 5202 secundis

374 5271 385 5317 .‘
398 5248 579 5289 amara
610 5235 913 5291 mutaverit.
942 5234 1095 5291 Vale.

1013 5328 1223 5385 EPIST.
1271 5329 1378 5384 VII.

765 5434 1075 5477 SYIMACIIIS
1105 5436 1371 5478 FLAVIANO
1401 5437 1614 5478 FRATRI.

351 5494 361 5523 ⁵
422 5507 814 5589 ιἸθοιιιυηθιιιω
841 5521 894 5569 te
929 5515 1242 5583 cumprimis
1276 5515 1377 5571 hoc
1415 5516 1467 5570 in
1510 5525 1749 5587 tempore
1774 5517 1978 5587 judica-

391 5593 539 5668 rem,
581 5605 723 5674 quod
768 5620 1046 5680 exemptus
1097 5608 1282 5678 patrima
1330 5609 1685 5666 incommodis
1732 5610 1918 5665 otiaris
1960 5627 1973 5663 :

389 5697 493 5752 nisi
526 5700 717 5754 scirem
743 5700 913 5756 bonos
952 5703 1096 5756 cives
1136 5710 1192 5756 et
1221 5703 1295 5757 tui
1340 5702 1547 5758 similes
1597 5702 1812 5774 gravius
1838 5702 1977 5759 ferre

388 5789 643 5859 adversa,
681 5808 801 5861 qua:
838 5808 945 5847 non
982 5792 1185 5849 vident.
1226 5795 1302 5852 Ea
1339 5795 1536 5867 quippe
1573 5810 1757 5852 rerum
1786 5806 1974 5852 natura

387 5890 505 5944 est,
549 5893 603 5936 ut
642 5883 894 5951 quidquid
931 5884 999 5939 ab
1042 5885 1213 5941 altero
1253 5889 1612 5955 cognoscitur,
1642 5890 1882 5959 asperius
1922 5900 1975 5948 et

2113 3394 2233 3451 qua:
2259 3379 2493 3451 gaudere
2522 3378 2798 3447 deberem,
2827 3393 2947 3433 cum
2980 3387 3160 3433 essent
3211 3392 3376 3449 pauca
3419 3392 3541 3449 quae
3574 3378 3723 3449 lege-

2112 3488 2250 3528 rem.
2281 3470 2361 3527 Tu
2391 3481 2569 3527 tamen
2599 3480 2719 3540 νοεῖ
2755 3473 2869 3527 haec
2895 3479 3185 3539 memento,
3217 3473 3380 3527 etiam
3410 3471 3720 3529 familiares

2112 3563 2330 3619 chartas
2368 3563 2542 3633 rigare
2577 3560 2842 3618 facundiae
2881 3571 2986 3617 tua:
3024 3558 3215 3633 copiis.
3250 3562 3435 3633 Neque
3471 3564 3620 3619 enim
3670 3575 3722 3620 te

2112 3657 2398 3725 exhaurit,
2426 3658 2569 3730 quod
2597 3659 2908 3714 adeuntium
2942 3672 3127 3727 preces
3165 3656 3432 3715 indefesso
3469 3660 3721 3716 absolvis

2110 3747 2270 3809 ,σθω
2291 3789 2309 3819 ,
2338 3750 2482 3823 quod
2507 3750 2803 3807 venerandi
2839 3749 3095 3821 principis
3130 3761 3364 3808 mentem
3393 3750 3640 3822 loqueris
3666 3762 3720 3809 et

2107 3843 2350 3900 oracula.
2390 3842 2510 3900 Sint
2547 3844 2649 3900 ista
2688 3844 2892 3915 prima;
2939 3858 3038 3899 nec
3083 3853 3257 3900 tamen
3299 3844 3435 3903 sola.
3472 3845 3712 3900 Tantum

2107 3952 2341 4010 namque
2382 3937 2604 4009 publica
2639 3937 2761 3993 usui
2798 3952 2828 3993 a
2873 3947 2926 3993 te
2968 3937 3143 4007 patior
3179 3938 3441 4009 impendi,
3467 3948 3525 3993 ut
3567 3940 3711 3993 nihil

2105 4029 2312 4087 solatiis
2341 4030 2477 4086 meis
2503 4029 2777 4086 detrahas.
2800 4027 2949 4085 Vale.

2730 4121 2948 4177 EPIST.
2990 4122 3007 4176 Ι
3015 4121 3080 4177 Χ.
3101 4118 3112 4128 ’

2477 4230 2786 4271 ΒΥΙΙΛΕΙΙυΒ
2814 4230 3075 4270 FLAVIANO
3104 4230 3318 4271 FRATRI.

2178 4308 2246 4365 Et
2273 4310 2347 4365 tui
2373 4309 2573 4376 cultus,
2603 4317 2660 4364 et
2688 4307 2790 4364 mei
2822 4308 2982 4363 ofﬁcii
3004 4308 3171 4379 gratia
3196 4306 3449 4379 quaelibet
3473 4308 3543 4364 ad
3570 4311 3712 4366 scri-

2101 4402 2335 4460 bendum
2380 4402 2749 4473 amplectenda
2790 4410 2944 4457 esset
2992 4402 3241 4470 occasio,
3279 4408 3486 4456 tantum
3526 4402 3710 4471 abest,

2102 4504 2162 4554 ut
2209 4505 2327 4552 eam
2375 4496 2652 4567 praeterire
2695 4493 3011 4561 debuerim,
3058 4509 3216 4563 quam
3268 4492 3402 4549 civis
3452 4493 3706 4563 ingessit.

2100 4586 2365 4657 Agnoscis
2396 4588 2545 4645 enim
2582 4587 2651 4643 de
2684 4596 2887 4657 septem
2926 4585 3197 4640 montibus
3226 4584 3429 4653 virum;
3467 4593 3524 4641 et
3553 4586 3711 4643 domi

2020 4648 2369 4754 l)covgnitum
2409 4682 2650 4737 bonitate
2690 4648 2937 4751 generis,
2968 4688 3024 4734 et
3062 4678 3192 4734 foris
3231 4686 3392 4735 aetate
3416 4648 3647 4736 militia:
3688 4699 3705 4735 :

2096 4790 2195 4847 pro
2224 4790 2330 4847 quo
2356 4774 2486 4830 mihi
2514 4773 2655 4842 apud
2696 4784 2746 4827 te
2780 4771 2924 4841 loqui
2953 4772 3165 4841 longum
3194 4785 3299 4827 non
3328 4777 3413 4825 est
3441 4785 3703 4828 necesse.

2095 4867 2507 4925 Commendatio
2540 4866 2684 4923 enim
2731 4866 2974 4935 praestari
3012 4864 3175 4921 debet
3215 4864 3520 4934 incognitis.
3559 4865 3708 4923 Huic

2094 4976 2225 5018 vero
2251 4961 2320 5017 ad
2356 4959 2785 5017 conciliationem
2815 4958 3004 5029 gratim
3046 4965 3154 5014 tua:
3194 4954 3427 5027 sufficit,
3458 4959 3610 5029 quod
3659 4974 3709 5014 e:

2095 5054 2373 5110 Romanus
2414 5062 2467 5108 et
2486 5052 2690 5107 amicus
2716 5060 2818 5105 est.
2847 5051 2999 5106 Vale.

2724 5141 2942 5197 EPIST.
2986 5140 3053 5195 Χ.

2460 5252 2775 5295 εῑιηιλοιωε
2806 5250 3067 5291 FLAVIANO
3096 5251 3309 5290 FRATRI.

2162 5333 2375 5392 Justitia
2403 5333 2619 5406 quidem
2650 5330 2962 5400 suffragium
2992 5344 3099 5386 non
3128 5329 3389 5400 requirit;
3417 5329 3513 5385 sed
3558 5332 3703 5386 ami-

2092 5427 2341 5484 citiarum
2375 5427 2689 5498 plet-umque
2716 5433 2962 5494 respectu
2989 5438 3273 5479 causarum
3300 5422 3553 5480 celeritas
3586 5424 3662 5478 ad
3684 5458 3698 5464 -

2084 5518 2321 5590 juvatur.
2348 5519 2615 5586 Quorsum
2653 5515 2792 5570 istud
2814 5556 2829 5581 ,
2858 5514 3103 5585 inquies?
3137 5500 3219 5570 Ut.
3241 5513 3452 5571 noverit
3490 5515 3701 5570 eximia

2086 5610 2323 5681 dignatio
2351 5619 2463 5676 tua,
2490 5622 2708 5680 sperare
2735 5608 2949 5678 quidem
2979 5608 3151 5663 virum
3193 5606 3517 5662 laudabilem
3562 5608 3701 5679 ((2a-

2082 5704 2340 5758 rissimum
2387 5719 2451 5758 ea:
2491 5701 2814 5771 comitibus),
2854 5700 2943 5757 de.
2971 5700 3171 5771 negotii
3216 5697 3495 5771 qualitate,
3538 5702 3699 5769 quod

2085 5804 2326 5868 optatum
2356 5795 2557 5852 exitum
2588 5795 2760 5865 possit
2783 5793 3004 5866 adipisci
3034 5809 3051 5849 :
3084 5793 3180 5850 sed
3209 5792 3537 5865 intelligere,
3564 5807 3696 5852 ces-

2085 5907 2268 5949 surum
2301 5892 2400 5946 sibi
2433 5889 2631 5958 aliquid
2673 5890 2736 5943 ad
2778 5889 3196 5958 promerendum
3224 5888 3463 5948 studium
3493 5888 3698 5959 cogni-
