3932 6454
1363 391 1848 453 κριδτοιΑιιυΜ
1885 393 2087 459 LIBER
2127 396 2190 457 ll.

3315 401 3421 461 I8?—

160 519 296 585 toris,
323 517 366 574 si
393 515 532 573 meis
563 512 756 570 litteris
783 511 1056 570 fulciatur.
1088 513 1280 582 Quaeso
1303 511 1488 583 igitur,
1513 519 1574 566 ut
1593 507 1733 579 ejus,
1765 511 1818 571 A
1841 511 2117 578 astrinxit,
2147 511 2236 581 qui
2264 523 2478 583 semper
2511 512 2679 568 bonus
2707 522 2759 569 et
2788 513 2991 585 integer
3021 512 3256 569 moribus
3297 509 3449 572 fuit.‘

160 627 305 687 quem
340 611 573 668 fratem
611 609 893 668 affectione
930 609 1288 681 complector,
1320 615 1470 664 orata
1511 617 1727 676 promo-

159 720 298 765 veas.
323 705 454 775 Quae
483 705 606 761 ideo
633 703 1056 761 commendanda
1093 702 1346 773 suscepi,
1388 699 1514 773 quia
1552 709 1732 755 mores

161 798 375 859 nolentis
395 797 724 870 expendens,
754 811 905 869 aequa
927 809 1051 856 esse
1077 795 1414 868 praesumpsi.
1434 791 1587 849 Vale.

766 935 985 993 EPIST.
1026 933 1119 990 XI.

219 1055 297 1112 Ad
345 1054 468 1112 idus
507 1053 836 1112 Novembres
877 1052 1103 1111 Romam
1151 1063 1430 1123 regressus
1473 1049 1631 1123 (nam
1684 1055 1737 1104 te

154 1165 362 1223 quoque
391 1148 532 1204 idem
555 1161 679 1204 esse
716 1147 977 1204 facturum
1013 1145 1241 1217 putavi),
1266 1144 1554 1200 adventum
1585 1151 1734 1198 tuum

135 1245 496 1315 -impatienier
525 1242 800 1314 opperior.
830 1241 900 1298 Et
925 1256 1054 1297 sane
1082 1241 1197 1298 scio
1225 1241 1428 1296 litteras
1459 1252 1607 1294 meas
1644 1237 1738 1293 tibi

160 1338 294 1393 haud
327 1339 485 1408 longe
514 1337 584 1392 ab
613 1334 745 1392 urbe
779 1334 1100 1391 reddendas.
1139 1333 1272 1389 Nam
1311 1340 1528 1390 sanctus
1561 1329 1736 1386 Patri-

159 1432 288 1495 cius,
321 1443 482 1500 quem
507 1427 794 1494 przesulem
829 1426 1037 1483 itineris
1065 1426 1142 1484 tui
1171 1440 1291 1482 esse
1316 1425 1558 1492 voluisti,
1588 1423 1736 1479 brevi

157 1531 203 1578 te
234 1522 406 1578 aﬂore
454 1520 740 1577 nuntiavit.
781 1519 860 1576 Dii
899 1528 1111 1577 vertant
1147 1521 1314 1577 bene!
1348 1518 1452 1575 Pro
1498 1528 1739 1588 tempore

157 1627 321 1686 pauca
341 1612 656 1678 libavimtts;
684 1610 779 1669 sed
807 1611 998 1668 fabulis
1020 1611 1172 1682 plura
1191 1623 1490 1668 servamus.
1513 1608 1667 1665 Vale.

762 1727 980 1785 EPIST.
1020 1726 1136 1783 XII.

533 1835 840 1879 muscum
866 1833 1127 1878 FLAVIANO
1153 1833 1364 1876 FRATRI.

221 1934 454 2007 Spatiari
489 1934 544 1992 in
574 1933 695 1992 foro
717 1933 885 1994 Urbis
923 1944 1140 1992 aeternae
1174 1941 1298 2007 post
1326 1943 1571 2006 acceptas
1597 1948 1626 1990 a
1657 1949 1744 1991 me
1771 1901 1824 1969 Β

155 2029 358 2086 litteras
385 2028 674 2102 plerosque
698 2028 951 2100 cognovi,
975 2029 1075 2086 etsi
1099 2029 1260 2085 nimis
1285 2043 1495 2095 vereor,
1519 2043 1588 2084 ne
1616 2027 1743 2100 quid

155 2121 359 2177 fraudis
400 2119 680 2177 admiserit
715 2120 964 2176 simulata
1011 2120 1340 2192 properatio.
1383 2119 1570 2177 Merito
1617 2134 1748 2190 apo-

157 2217 353 2288 grapha
382 2214 732 2287 epistularum
759 2229 1022 2281 mearum,
1051 2214 1318 2286 simulque
1346 2213 1624 2270 hominum
1649 2230 1746 2269 no-

157 2309 296 2364 mina
351 2304 638 2379 relegenda
682 2307 776 2362 tibi
820 2304 1045 2374 subjeci.
1095 2305 1173 2362 Tu
1218 2305 1453 2363 vicissim
1506 2305 1637 2362 mihi
1679 2304 1748 2362 de

163 2400 384 2473 singulis
423 2409 514 2455 aut
548 2399 752 2470 impleti
798 2397 958 2454 officii
1002 2399 1160 2454 fidem
1201 2400 1419 2467 nuntia,
1448 2410 1540 2456 aut
1565 2399 1745 2456 violati

161 2496 327 2566 prode
354 2493 655 2564 perfidiam.
678 2491 794 2548 Non
822 2493 1028 2548 minore
1057 2507 1188 2549 sane
1212 2509 1337 2548 cura
1364 2493 1522 2563 cupio
1549 2508 1748 2565 cogno-

159 2600 332 2653 scere,
361 2599 429 2643 an
451 2601 637 2644 omnes
660 2585 967 2658 obsignatas
989 2587 1284 2658 sumpseris
1307 2600 1373 2643 eo
1395 2586 1618 2654 annulo,
1640 2601 1748 2658 quo

164 2697 359 2738 nomen
390 2695 569 2736 meum
602 2681 771 2752 magis
809 2677 1068 2750 intelligi,
1099 2695 1258 2750 quam
1296 2679 1399 2750 legi
1439 2689 1746 2752 promptum

161 2783 255 2829 est.
295 2773 422 2828 Nihi
449 2778 627 2828 autem
657 2771 854 2842 fuisse,
887 2771 1027 2843 quod
1057 2781 1288 2828 metuam
1321 2771 1617 2843 publicari,
1648 2774 1746 2829 de-

163 2867 337 2924 cursis
359 2863 758 2935 exemplaribus
778 2864 1059 2937 iudicabis.
1089 2863 1200 2922 Nec
1235 2872 1318 2922 est
1345 2864 1453 2921 ulla
1481 2867 1620 2922 inter
1647 2881 1749 2922 nos

160 2953 317 3018 caiisa
350 2961 569 3016 secreti.
603 2963 804 3030 Aperte
830 2968 1048 3030 pectore
1071 2956 1244 3014 ofﬁcia
1279 2971 1408 3030 pura
1437 2958 1748 3017 miscemus;

162 3053 297 3111 Nihil
332 3053 387 3109 in
420 3053 752 3109 conscientia
779 3051 934 3116 latet,
969 3049 1111 3123 quod
1136 3048 1458 3122 scriptorum
1485 3049 1751 3105 cuniculis

160 3145 457 3202 occulatur.
491 3141 597 3201 Sed
631 3159 839 3214 :equum
870 3157 976 3198 non
1007 3150 1092 3199 est
1120 3149 1178 3198 nt
1197 3141 1522 3214 simplicitati
1549 3149 1751 3198 nostrae

161 3239 399 3295 sinamus
431 3235 605 3293 illudi.
637 3234 820 3307 Neque
843 3235 985 3292 enim
1020 3234 1295 3306 diligentia
1331 3250 1447 3292 mea
1473 3235 1631 3292 debet
1656 3234 1752 3290 ad-

161 3332 374 3389 mittere
396 3295 749 3404 proditorem,
769 3329 893 3402 quia
911 3327 1091 3386 cautio
1111 3295 1358 3401 praestitit
1390 3345 1460 3388 ne
1480 3329 1746 3386 timerem.
1776 3295 1826 3364 ο

163 3425 308 3484 Vale.

755 3491 969 3551 EPIS’I‘.
1008 3489 1150 3550 XIII.

537 3602 845 3644 mussans
867 3601 1131 3645 FLAVIANO
1157 3601 1372 3644 ηΑτιιι.

239 3683 369 3738 Cum
397 3681 590 3738 civiles
609 3690 666 3738 et
685 3681 905 3737 bellicas
935 3680 1123 3736 laudes
1147 3679 1348 3736 domini
1371 3678 1540 3735 nostri
1565 3679 1750 3735 Theo-

161 3773 298 3831 dosii
339 3773 470 3848 styli
509 3773 711 3829 honore
747 3785 1116 3844 percurrerem
1162 3771 1355 3843 (magis
1394 3772 1541 3828 enim
1574 3771 1752 3826 conti-

156 3869 300 3940 gisse
328 3882 422 3924 me
454 3866 633 3922 omnia
651 3907 668 3934 ,
697 3881 858 3937 quam
899 3865 1031 3922 satis
1059 3865 1253 3922 fecisse
1279 3865 1502 3936 singulis
1529 3864 1751 3936 fateor),

158 3961 319 4017 etiam
351 3960 500 4030 leges
525 3957 642 4029 ejus
672 3956 828 4014 bonis
856 3958 1002 4028 pacis
1025 3955 1320 4025 admiscui;
1353 3969 1486 4028 quas
1507 3966 1568 4012 ut
1591 3971 1755 4015 nove-

157 4069 272 4110 ram
315 4053 514 4127 priscis
547 4053 816 4109 ademisse
853 4052 1259 4109 admirationem
1283 4095 1296 4119 ,
1332 4053 1404 4108 ita
1445 4065 1756 4109 reservasse

158 4147 315 4202 novis
355 4148 541 4217 parem
577 4144 807 4215 gloriam
846 4158 951 4199 non
996 4144 1268 4215 putabam.
1292 4144 1494 4202 Verum
1525 4144 1642 4202 haec
1668 4159 1757 4201 re-

155 4255 284 4298 cens
335 4240 553 4296 sanctio
599 4237 666 4294 de
731 4237 1158 4294 lideicommissis
1192 4278 1208 4303 ,
1273 4246 1328 4294 et
1384 4228 1754 4294 codicillorum

155 4332 464 4392 commodis
492 4332 562 4387 ab
593 4330 798 4403 optimo
838 4331 1080 4403 principe
1114 4330 1170 4386 in
1210 4341 1468 4388 aeternum
1504 4331 1757 4402 repudia-

159 4432 262 4497 tis,
297 4439 513 4484 tantum
543 4425 864 4482 claritudine
896 4425 1166 4497 egreditur
1190 4425 1363 4482 lucem
1394 4426 1750 4497 superiorum,

157 4533 430 4595 quantum
466 4519 742 4586 augustius
781 4526 865 4574 est
906 4517 1110 4588 regenti
1154 4518 1288 4585 sibi,
1330 4531 1489 4590 quam
1530 4517 1756 4576 subditis

155 4617 388 4674 modum
417 4627 638 4686 ponere.
670 4613 847 4682 Atque
872 4613 1075 4668 utinam
1107 4611 1312 4683 privata
1349 4611 1569 4668 avaritia
1599 4627 1754 4668 men-

158 4721 265 4768 tem
311 4713 507 4767 latoris
545 4710 810 4779 intelligat
834 4750 848 4775 ,
878 4717 932 4764 et
973 4723 1150 4765 mores
1188 4709 1259 4765 de
1306 4708 1512 4780 legibus
1551 4709 1753 4780 trahat)
1781 4687 1839 4753 Β

158 4805 351 4875 Neque
387 4803 532 4859 enim
571 4801 735 4870 latet,
765 4800 892 4872 quid
924 4808 1114 4869 sponte
1142 4808 1367 4856 caeteros
1393 4800 1524 4856 velit
1556 4799 1756 4867 facere,

157 4899 249 4968 qui
281 4905 543 4966 suscepta
569 4893 886 4963 compendia
920 4893 1124 4962 primus
1149 4891 1448 4948 exhorruit.
1471 4891 1586 4963 Ego
1613 4900 1758 4950 certe

155 5003 385 5054 vereor,
414 4998 486 5042 ne
512 4985 880 5057 improborum
901 4985 1016 5041 sitis
1046 4985 1113 5040 ad
1142 4999 1260 5041 rem
1282 4969 1557 5041 existimet
1588 4985 1762 5056 perti-

153 5096 292 5137 nere
333 5087 600 5151 quaestum
639 5077 931 5144 caducum;
963 5079 1162 5149 ﬁatque
1199 5077 1560 5134 innocentium
1595 5092 1754 5134 caua

154 5174 444 5243 deterior,
473 5173 520 5229 si
555 5172 621 5227 ad
652 5185 748 5228 eos
773 5179 978 5227 tantum
1009 5171 1127 5228 falsi
1166 5173 1353 5229 redeat
1386 5171 1630 5240 occasio,
1663 5170 1754 5242 qui

156 5281 347 5338 neque
392 5266 514 5336 lege
534 5304 552 5334 ,
593 5278 770 5336 neque
810 5265 1016 5335 pudore
1055 5265 1395 5322 cohibentur.
1447 5265 1590 5336 Ergo
1632 5265 1754 5336 quia

149 5361 512 5417 dominorum
552 5357 792 5414 conditio
827 5359 1125 5415 restrictior
1150 5367 1262 5426 est,
1293 5358 1514 5430 privatis
1550 5359 1758 5428 cupidi-

158 5454 372 5509 tatibus
396 5451 662 5508 medicina
688 5449 826 5522 juris
852 5459 1120 5508 occurrat.
1144 5451 1366 5522 F'rigent
1388 5451 1590 5523 jamdiu
1617 5452 1755 5522 apud

157 5543 421 5600 homines
459 5542 784 5599 criminosos
821 5553 1002 5599 vetera
1044 5543 1259 5600 decreta
1281 5584 1298 5611 ,
1337 5557 1564 5614 quorum
1606 5545 1758 5614 vigor

154 5651 285 5691 cum
338 5635 602 5692 latoribus
636 5635 748 5692 suis
801 5636 1017 5692 occidit.
1055 5636 1286 5692 Tantum
1333 5636 1512 5693 denuo
1550 5637 1756 5709 legibus

152 5727 472 5786 severitatis
496 5726 802 5784 addendum
826 5739 931 5794 est,
960 5737 1216 5799 quantum
1243 5728 1438 5800 ﬂagitia
1463 5733 1755 5787 creverint.

153 5819 421 5891 Alioquin
441 5861 462 5890 ,
512 5820 562 5876 si
611 5820 831 5891 majoris
875 5821 1040 5891 partis
1092 5821 1363 5879 deseritur
1404 5825 1757 5896 emendatio;

151 5911 372 5971 frustra
430 5928 494 5971 se
548 5915 755 5975 asperis
818 5915 1184 5974 sanctionibus
1250 5918 1398 5975 solus
1469 5921 1760 5988 imperator

1837 603 1986 660 Vale.

2434 675 2643 733 EPIST.
2695 675 2833 732 XIV.

2330 803 2640 849 suuacuus
2680 806 2920 850 SYAGIIIO.
3002 849 3006 859 _

1906 927 2255 984 Aurelianum
2287 927 2456 985 lilium
2488 945 2668 987 meum
2689 975 2705 1001 ,
2733 930 2827 1002 qui
2870 889 3018 986 nunc
3050 929 3302 986 cohortes
3324 941 3425 987 ur-

1838 1021 2004 1078 banas
2046 1022 2338 1094 gubernat,
2385 1023 2438 1079 in
2487 1025 2776 1080 amicitiam
2825 1031 2878 1081 te
2918 1024 3144 1095 iubente
3187 1022 3422 1096 suscepi.

1839 1115 1991 1174 Unde
2005 1116 2200 1172 factum
2227 1125 2330 1182 est,
2352 1125 2410 1172 ut
2439 1118 2488 1172 ei
2521 1117 3068 1186 commendationem,
3091 1132 3252 1189 quam
3278 1117 3427 1188 prius

1838 1209 1906 1266 de
1928 1218 1978 1265 te
2007 1212 2236 1289 meruit,
2269 1224 2374 1265 non
2405 1225 2682 1282 negarem.
2710 1210 2897 1282 Neque
2925 1211 3070 1267 enim
3096 1210 3194 1266 tibi
3216 1211 3427 1267 videtur

1839 1303 1988 1359 oneri
2019 1303 2153 1370 fore,
2179 1302 2319 1374 quod
2349 1303 2464 1374 ipse
2503 1303 2696 1360 fecisti.
2722 1304 2912 1360 Petitio
2936 1312 3115 1359 autem
3144 1303 3426 1374 pudentis-

1839 1396 1958 1455 simi
1982 1397 2196 1466 juvenis
2223 1397 2292 1452 de
2320 1396 2612 1452 infortunio
2639 1397 2816 1453 soceri
2854 1396 2935 1451 sui
2974 1406 3098 1452 nata
3127 1406 3244 1463 est,
3273 1395 3428 1467 cujus

1842 1490 1944 1547 iste
1975 1491 2170 1546 factum
2201 1506 2306 1545 non
2337 1499 2516 1546 tuetur
2541 1530 2558 1558 ,
2587 1490 2684 1546 sed
2714 1491 2921 1562 lapsum
2959 1489 3230 1546 desiderat
3252 1488 3430 1545 suble-

1845 1585 1978 1638 vari.
2025 1583 2213 1639 Facito
2240 1583 2382 1653 quod
2421 1583 2566 1639 soles
2601 1583 2840 1654 rogantis
2879 1582 3076 1638 intuitu
3109 1592 3204 1638 :et
3229 1581 3274 1639 si
3300 1580 3430 1652 quid

1842 1679 2059 1752 negotio
2083 1677 2303 1750 iustitiae
2332 1677 2504 1745 deest,
2536 1677 2751 1733 remitte
2781 1677 2986 1748 pietati.
3018 1675 3169 1732 Vale.

2449 1813 2669 1872 EPIST.
2713 1813 2830 1870 XV.

2349 1944 2661 1986 SVMIACHUS
2698 1944 2934 1986 SVAGRIO.

1921 2063 2338 2122 Modestissimis
2375 2071 2431 2120 et
2472 2064 2548 2118 tui
2583 2063 2889 2120 amantibus
2924 2063 3058 2120 virts
3103 2062 3355 2120 Marcello
3385 2070 3438 2120 et

1851 2162 2130 2230 Romano,
2186 2162 2357 2232 magis
2383 2176 2450 2218 ex
2483 2175 2583 2218 usu
2614 2162 2894 2231 amicitiai,
2921 2176 3080 2232 quam
3111 2160 3163 2215 in
3188 2158 3438 2216 ell'ectum

1850 2253 2335 2314 commendationis
2357 2255 2564 2311 litteras
2593 2255 2737 2323 dedi,
2763 2253 2971 2324 nequid
3001 2253 3139 2323 apud
3172 2252 3441 2323 teadjice—

1850 2363 1966 2404 rem
1990 2348 2099 2417 jam
2131 2347 2392 2418 probatis.
2419 2347 2573 2404 Nosti
2602 2348 2880 2404 hominum
2918 2347 3323 2412 verecundiam,
3353 2346 3439 2402 di-

1853 2437 2028 2509 ligens
2056 2437 2293 2494 studium
2317 2481 2331 2504 ,
2364 2439 2434 2496 de
2461 2439 2762 2496 ofﬁciorum
2788 2441 3049 2497 varietate
3076 2454 3181 2496 non
3205 2439 3440 2496 dubitas.

1851 2531 1983 2599 Quis
2025 2542 2154 2602 ergo
2184 2531 2340 2593 locus
2371 2532 2682 2589 testimonio
2721 2547 2844 2590 meo
2876 2540 3158 2602 superest,
3191 2547 3314 2608 cum
3350 2542 3442 2587 tuo

1853 2627 1922 2682 de
1951 2625 2057 2682 illis
2098 2624 2301 2696 judicio
2343 2625 2476 2682 nihil
2506 2626 2676 2696 possit
2712 2625 3005 2684 accedere?
3044 2625 3112 2682 Et
3145 2635 3322 2681 tamen
3346 2661 3364 2692 ,
3395 2622 3441 2680 si

1851 2719 2125 2776 cumulum
2153 2717 2255 2773 sibi
2281 2717 2406 2773 addi
2442 2718 2600 2789 plena
2630 2718 2933 2789 patiuntur,
2967 2730 3151 2788 quaso
3177 2715 3442 2772 subintel-

1853 2814 2020 2886 ligant
2067 2812 2205 2868 meis
2232 2811 2485 2883 precibus
2513 2819 2723 2868 auctam
2750 2813 2895 2868 circa
2922 2825 2983 2867 se
3013 2819 3161 2867 tuam
3190 2809 3439 2881 gratiam.

1851 2907 1931 2964 Ita
1958 2907 2072 2972 fiet,
2095 2913 2156 2961 ut
2183 2904 2315 2960 mihi
2341 2918 2557 2976 quoque
2577 2912 2856 2974 acceptum
2887 2903 3142 2974 referant,
3168 2902 3310 2972 quod
3337 2900 3440 2971 ipsi

1854 3014 1886 3055 a
1907 3007 1961 3054 te
1993 2997 2111 3055 sine
2131 2995 2480 3068 astipulatore
2506 2997 2848 3052 meruissent.
2880 2995 3032 3052 Vale.

2440 3125 2657 3184 EPIST.
2700 3125 2838 3184 XVI.

2213 3255 2524 3298 SYRIACRUS
2563 3250 2828 3298 FLAVIANO
2863 3256 3075 3296 FRATRI.

1928 3375 1986 3434 Si
2014 3373 2244 3432 necdum
2273 3373 2366 3430 filii
2396 3373 2503 3431 mei
2526 3373 2725 3432 Nicasii
2752 3373 3050 3439 laud'abilu
3069 3387 3249 3433 mores
3272 3382 3326 3432 et
3346 3373 3443 3432 ho-

1854 3477 2066 3526 nestum
2108 3469 2410 3526 institutum
2437 3467 2722 3536 didicisti;
2747 3469 2932 3541 accipe
2965 3468 3442 3539 locupletissimum

1853 3561 2222 3618 vadimonium
2239 3599 2257 3628 ,
2287 3575 2468 3617 meum
2507 3561 2820 3619 Promotum
2844 3605 2860 3632 ,
2891 3561 3088 3618 virtute
3115 3573 3172 3618 et
3197 3562 3444 3618 humani-

1855 3663 1967 3711 tate
1986 3654 2365 3724 conspicuum:
2385 3654 2474 3709 cui
2493 3653 2694 3723 jamdiu
2716 3654 2910 3710 natalis
2931 3654 3290 3710 familiaritate
3310 3653 3446 3710 otia-

1858 3755 1979 3815 tur,
2002 3757 2058 3804 et
2079 3746 2218 3802 bona
2253 3747 2442 3818 optimi
2463 3746 2677 3817 juvenis
2705 3747 2773 3803 de
2793 3747 2937 3803 illius
2959 3748 3203 3818 expende
3223 3746 3442 3818 judicio.

1857 3839 2006 3897 Iusta
2033 3840 2176 3898 enim
2197 3839 2506 3910 conjectura
2526 3849 2631 3908 est,
2658 3854 2778 3911 qua
2797 3840 2867 3896 de
2887 3845 3182 3897 amicorum
3209 3840 3446 3912 pondere

1857 3943 1915 3992 ot
1963 3933 2320 3991 aestimatione
2361 3933 2651 4005 colligitur.
2701 3935 2836 3991 Nam
2878 3950 3015 3991 meae
3053 3935 3446 4006 astipulationis

1857 4028 2036 4086 minor
2065 4042 2226 4086 causa
2248 4035 2366 4096 est,
2389 4043 2511 4084 eum
2540 4029 2838 4099 superioris
2867 4044 3098 4102 persona
3126 4028 3446 4101 praeponde-

1857 4131 1962 4178 ret.
1991 4120 2156 4192 Cujus
2180 4122 2372 4178 honori
2399 4121 2740 4178 tribuendum
2774 4131 2878 4190 est,
2900 4135 2960 4179 ut
2981 4137 3009 4176 a
3034 4131 3108 4190 te,
3132 4135 3241 4178 non
3271 4130 3330 4179 ut
3348 4137 3448 4178 noo

1856 4229 1958 4270 vus
1981 4213 2294 4270 subdendus
2315 4215 2556 4270 examini
2582 4254 2598 4281 ,
2637 4214 2732 4271 sed
2755 4223 2816 4271 ut
2832 4215 2942 4285 jam
2974 4216 3230 4285 probatus
3249 4215 3443 4272 habea-

1859 4314 1966 4362 tur.
1992 4305 2147 4362 Vale.

2443 4375 2662 4435 EPIST.
2704 4376 2870 4434 XVII.

2219 4509 2533 4550 SYIIHACHUS
2573 4510 2832 4553 FLAYIANO
2866 4510 3078 4553 ηΔτιυ.

1933 4631 2084 4688 Solet
2099 4630 2409 4702 generalem
2430 4631 2804 4689 salutationem
2830 4631 3108 4689 familiaris
3130 4646 3307 4690 sermo
3321 4647 3449 4706 prae-

1864 4726 2098 4782 mittere.
2129 4725 2204 4780 Ha
2217 4733 2285 4780 nc
2297 4739 2428 4797 ergo
2450 4725 2742 4797 impensius
2764 4727 2856 4783 tibi
2884 4737 3007 4783 voto
3029 4737 3214 4798 optare
3235 4730 3446 4800 studeo,

1862 4832 2021 4890 quam
2048 4817 2195 4890 ston
2221 4817 2423 4875 dicere.
2459 4819 2599 4890 Ergo
2628 4819 2693 4875 ad
2726 4820 2896 4877 vicem
2926 4820 3208 4877 verborum
3253 4823 3451 4878 solem-

1859 4913 2007 4968 nium
2030 4913 2174 4968 scitu
2199 4912 2357 4984 digna
2390 4913 2741 4984 complectar.
2767 4915 2884 4970 Filii
2907 4915 3073 4970 nostri
3102 4917 3153 4970 in
3177 4916 3295 4971 sinu
3317 4916 3451 4971 aviae

1865 5005 2026 5061 etiam
2052 5017 2200 5062 nunc
2230 5014 2522 5061 morantur.
2549 5006 2624 5060 Da
2651 5007 2861 5063 veniam
2880 5049 2898 5075 ,
2920 5008 2967 5064 si
2990 5008 3143 5063 annis
3164 5007 3366 5079 gravis,
3398 5016 3453 5063 et

1865 5097 2086 5154 interim
2131 5099 2326 5154 solatio
2370 5107 2462 5154 tuo
2498 5114 2686 5155 carens
2719 5098 2946 5170 femina,
2972 5099 3232 5156 tenaciter
3256 5098 3451 5156 retinet
3546 5138 3550 5144 ι

1861 5191 2158 5246 secundum
2190 5191 2433 5247 levamen
2452 5192 2551 5246 aevi
2575 5197 2636 5248 ac
2658 5192 2961 5248 solitudinis
2983 5208 3114 5248 suae.
3141 5192 3246 5247 Nos
3269 5200 3452 5247 tamen
3539 5213 3553 5226 -

1864 5281 2018 5337 alteri
2066 5295 2258 5338 eorum
2301 5284 2406 5338 vite
2445 5281 2820 5352 instrumenta,
2848 5283 3002 5339 alteri
3045 5281 3098 5336 in
3140 5283 3449 5338 societatem
3539 5323 3550 5334 .

1865 5376 2073 5434 consilii
2106 5375 2364 5431 comitem
2399 5390 2782 5448 praeparamus.
2819 5375 2938 5430 Tibi
2968 5375 3451 5444 peregrinationem
3534 5403 3537 5405 ν

1864 5471 2019 5526 senio
2047 5484 2199 5536 esse,
2224 5469 2425 5526 invitus
2447 5470 2646 5537 audivi,
2668 5469 2749 5526 vel
2773 5468 2916 5540 quod
2941 5476 3023 5523 est
3048 5468 3192 5524 dictu
3217 5469 3452 5541 dignius,

1863 5577 2050 5633 parum
2075 5561 2306 5628 credidi;
2331 5578 2460 5618 cum
2496 5563 2682 5634 patriae
2707 5562 2841 5616 bona
2875 5571 2929 5617 et
2951 5559 3230 5632 pignorum
3261 5564 3452 5634 gaudia

1861 5653 1918 5708 in
1945 5653 2130 5723 optimi
2157 5653 2419 5725 principis
2445 5654 2748 5724 dignatione
2771 5652 3064 5722 possideas.
3091 5655 3268 5724 Quare
3283 5656 3453 5725 abjice

1864 5741 2092 5798 Baianas
2121 5743 2506 5813 cogitationes,
2546 5750 2601 5798 et
2643 5743 2827 5800 virtuti
2868 5743 3249 5803 infructuosam
3297 5747 3448 5818 quie-

1866 5845 1994 5891 tem.
2013 5837 2170 5891 Omni
2191 5837 2299 5892 otio
2319 5836 2477 5893 labor
2498 5835 2584 5893 hic
2607 5844 2728 5895 tuus
2744 5838 2918 5897 laetior
2930 5849 3032 5898 est.
3049 5841 3451 5912 Amplectamur

1865 5939 2064 5982 moneo
2092 5927 2377 5985 amabilem
2404 5929 2503 5986 sub
2527 5939 2739 5989 amante
2761 5931 3026 5991 militiam.
3060 5933 3206 5993 Vale.
