3932 6440
439 350 546 416 185

1007 465 1226 524 EPIST.
1266 464 1453 523 XVIII.

800 576 1114 618 IVDIMACHUS
1151 575 1421 617 FLAVIANO
1460 573 1675 614 FRATRI.

625 654 911 730 (Conjunge
939 653 1182 710 cumbae
1204 655 1355 725 epist.
1389 651 1459 709 54
1486 661 1534 707 et
1563 651 1634 709 35
1662 650 1751 707 lib.
1777 649 1857 722 ν.)

508 752 589 809 Ita
617 752 759 807 votis
790 752 843 805 in
872 758 923 805 te
966 751 1099 805 meis
1132 747 1257 805 felix
1280 756 1507 804 eventus
1528 744 1797 811 arrideat,
1842 752 1902 799 ut
1936 758 2037 815 ego

434 849 676 921 graviter
705 846 840 909 fero,
864 842 1085 899 fratrem
1111 841 1546 913 Hephaestionem
1577 853 1671 909 per
1699 844 1753 892 te
1783 835 1918 891 mihi
1941 851 2036 891 co-

433 944 641 1016 gnitum
665 984 680 1009 ,
708 956 807 1013 per
828 954 888 996 se
914 938 1195 1009 probatum
1216 978 1231 1002 ,
1276 936 1462 990 nescio
1500 931 1629 1002 quid
1660 928 2038 986 amaritudinis

438 1036 715 1091 incidisse.
744 1033 945 1103 thuia
970 1031 1227 1085 virtutum
1243 1037 1452 1083 tuarum
1474 1022 1863 1094 contemplatio
1888 1022 2037 1093 facit,

438 1138 499 1184 ut
522 1128 666 1183 illius
690 1127 918 1182 fortunae
946 1122 1209 1194 applicem
1226 1165 1241 1191 ,
1267 1119 1410 1190 quod
1434 1116 1575 1188 apud
1600 1125 1652 1172 te
1674 1116 1883 1172 minore
1913 1130 2036 1171 mo-

437 1226 624 1276 mento
654 1226 768 1283 est;
815 1216 879 1270 ad
925 1229 1113 1285 preces
1136 1226 1351 1279 versus,
1380 1219 1437 1264 ut
1466 1209 1560 1267 tibi
1583 1208 1934 1278 respondeas,
1963 1207 2039 1261 fa-

438 1325 692 1382 mamque
712 1310 935 1381 cogites.
952 1322 1102 1376 rogo.
1126 1306 1322 1362 Praesta
1337 1305 1439 1359 hoc
1450 1302 1826 1366 contubernio,
1842 1312 2038 1373 praesta

437 1403 641 1475 judicio
665 1413 756 1458 tuo
781 1443 797 1468 ,
820 1409 880 1457 ut
924 1401 1017 1455 tibi
1048 1414 1156 1456 non
1190 1399 1329 1454 desit
1358 1396 1642 1469 patientia,
1667 1397 1711 1452 si
1740 1394 1816 1450 illi
1848 1393 2040 1449 modus

438 1497 630 1553 defuit.
660 1496 797 1553 Nolo
837 1495 1070 1551 videaris
1100 1494 1361 1564 deSpectu
1383 1492 1540 1547 amici
1577 1488 1896 1546 satisfacere
1925 1487 2039 1542 cui-

439 1592 558 1646 dam
592 1604 763 1660 nuper
787 1588 1015 1644 Romam
1045 1600 1325 1659 regresso,
1352 1585 1505 1654 cujus
1534 1583 1677 1654 apud
1697 1596 1795 1638 nos
1817 1581 2037 1652 querela

438 1688 586 1741 auxit
626 1685 852 1756 gloriam
879 1695 1044 1740 tuam.
1084 1681 1245 1739 Certe
1290 1680 1556 1738 Eusebius
1582 1679 1913 1735 medicorum
1944 1691 2039 1747 poo

1606 350 1673 419 Ω.
1718 347 2068 408 Αυιιειιυθ
2105 346 2541 409 εγιιιιλειιιιε.

2060 465 2117 525 Α
2143 463 2337 534 quibus
2376 464 2638 522 beneﬁcia
2680 465 2883 525 domini
2917 473 3086 527 nostri
3117 470 3406 529 Theodosii
3432 473 3746 541 frequenter

3632 352 3743 419 ιιιι

2143 566 2525 623 enumeras,et
2542 557 2728 630 augeri
2758 561 2954 616 merita
2989 570 3074 619 tua
3099 565 3309 635 magnis
3333 564 3570 633 praemiis
3591 581 3743 627 asse-

2142 662 2321 702 veras.
2366 649 2432 713 Et
2465 649 2541 705 illi
2587 650 2806 720 quidem
2854 653 2921 707 ad
2953 654 3191 723 agendas
3210 658 3412 727 gratias
3441 657 3620 728 lingua
3647 666 3744 718 tua

2143 739 2397 796 sufﬁciet.
2454 740 2568 813 Ego
2625 758 2722 814 pro
2783 746 3177 813 mediocritatef
3209 730 3411 819 ingenii
3470 751 3576 807 mei
3625 753 3747 811 viro

2145 834 2627 903 excellentissimo,
2670 840 2949 910 nostrique
2996 842 3050 897 in
3083 842 3399 899 Flavianum
3436 847 3546 900 voti
3568 844 3742 917 socio,

2144 927 2317 982 vicem
2345 926 2519 984 laudis
2540 929 2765 987 exsolvi.
2792 931 2897 989 Sed
2925 934 3087 990 etiam
3117 943 3332 1007 tempus
3352 944 3456 1005 est,
3484 946 3543 992 ut
3566 938 3745 1009 ipsum

2145 1024 2295 1079 illum
2316 1025 2492 1081 redire
2508 1027 2730 1095 patiaris
2752 1043 2850 1099 pro
2866 1044 2974 1102 quo
2990 1030 3206 1103 obligati
3225 1046 3429 1089 sumus.
3452 1033 3743 1105 Quousque

2146 1118 2514 1189 magistratum
2559 1120 2864 1192 longinquae
2895 1124 3188 1193 provincia:
3217 1126 3413 1182 solatio
3444 1135 3537 1182 tuo
3568 1126 3745 1183 vindi-

2144 1211 2273 1266 cas?
2301 1210 2454 1267 Nulla
2485 1212 2554 1269 de
2600 1214 2786 1271 uxoris
2829 1226 2985 1272 utero
3021 1218 3264 1274 causatio
3292 1227 3378 1275 est
3400 1262 3417 1287 ,
3458 1220 3619 1292 cujus
3644 1235 3744 1278 ex-

2146 1310 2538 1379 spectationem
2566 1320 2808 1370 maturus
2836 1322 3023 1385 partus
3052 1316 3305 1373 absolvit.
3340 1315 3488 1374 Vale.

2731 1407 2943 1465 EPIST.
2980 1408 3167 1465 XXIII.

2505 1513 2814 1557 SYIIIACIIUS
2854 1518 3115 1558 FLAVIANO
3153 1518 3371 1559 FRATRI.

2220 1592 2480 1649 Putabam
2530 1601 2609 1650 tot
2652 1595 2873 1650 monitis
2918 1606 3081 1665 atque
3117 1596 3584 1653 exhortationibus
3613 1597 3750 1652 meis

2145 1686 2348 1754 aliquid
2371 1686 2559 1741 animo
2589 1695 2681 1743 tuo
2697 1689 2996 1745 accessisse
3020 1688 3345 1745 tolerantiae.
3379 1689 3675 1747 Enimvero
3695 1699 3750 1747 tu

439 1779 680 1835 tissimus
706 1778 966 1848 obsequio
996 1787 1089 1833 tuo
1109 1792 1140 1832 a
1179 1790 1267 1832 me
1296 1774 1555 1840 traditus,
1588 1782 1646 1829 et
1670 1772 1733 1827 ad
1761 1770 2038 1828 leniendas
2076 1852 2108 1854 AV
2146 1778 2307 1834 etiam
2340 1779 2668 1841 reverendas
2709 1781 3143 1838 necessitudines
3172 1790 3387 1841 nostras
3436 1782 3747 1854 peregrina.

438 1883 778 1944 opportunus
799 1872 1057 1939 offensas,
1080 1871 1189 1941 jam
1218 1869 1418 1941 poterit
1456 1880 1642 1923 amara
1678 1864 1900 1922 condire
1929 1881 1943 1918 :
1971 1863 2041 1920 de
2072 1852 2125 1913 Β
2151 1872 2312 1926 tionis
2333 1872 2611 1928 sollicitas.
2642 1872 2749 1928 Sed
2772 1873 2900 1943 quid
2932 1883 3213 1947 promovet
3252 1876 3351 1931 ista
3390 1852 3751 1942 conquestio?

439 1967 589 2037 cujus
613 1964 821 2021 facetiis
851 1964 960 2020 duo
982 1963 1253 2034 spondeo,
1282 1977 1381 2018 nec
1425 1958 1792 2031 Hephaestioni
1834 1966 2042 2027 tempe-

438 2067 776 2125 ramentum,
812 2072 913 2114 nec
956 2057 1052 2113 tibi
1077 2056 1386 2112 defuturum
1429 2069 1550 2111 esse
1587 2053 1859 2109 solatium.
1886 2050 2039 2108 Vale.

1037 2148 1255 2205 EPIST.
1299 2146 1439 2203 XIX.

805 2256 1116 2298 sumentis
1153 2238 1422 2297 rumine
1459 2254 1681 2295 ruunt.

510 2339 591 2395 En
616 2338 713 2394 tibi
750 2338 921 2393 ﬁlium
952 2345 1197 2393 nostrum
1218 2381 1233 2406 ,
1258 2350 1417 2407 quem
1448 2334 1643 2391 solatio
1667 2332 2042 2404 decerpsimus

439 2441 650 2500 nostro,
695 2432 822 2487 dum
853 2431 1125 2487 desiderio
1167 2439 1259 2484 tuo
1298 2428 1559 2485 cedimus.
1603 2426 1845 2483 Tandem
1876 2424 2042 2479 fultus

440 2540 569 2583 caro
610 2525 874 2581 levami‘ne
921 2524 1035 2579 redi
1065 2522 1119 2577 in
1148 2522 1373 2593 gratiam
1404 2519 1597 2591 prioris
1619 2518 1843 2575 laetitiae.
1866 2516 1973 2573 Sed
1995 2517 2047 2572 si

439 2620 655 2677 accedis
695 2619 983 2676 sententia:
1029 2631 1199 2684 mete;
1237 2616 1327 2673 ubi
1362 2616 1593 2686 primum
1616 2623 1905 2685 paternum
1928 2611 2047 2666 ani-

438 2727 587 2769 mum
631 2711 748 2766 visu
770 2710 1011 2783 pignoris
1039 2708 1241 2766 foveris
1261 2750 1278 2776 ,
1306 2708 1457 2763 utilia
1480 2717 1747 2775 antepone
1768 2703 2040 2775 jucundis,

438 2806 797 2878 iuvenemque
819 2804 885 2859 ad
910 2803 1099 2859 civiles
1123 2801 1302 2858 fasces
1321 2798 1590 2857 contende
1617 2798 1911 2854 dimittere.
1926 2794 2046 2862 Quo

439 2898 534 2953 tibi
566 2897 623 2953 in
652 2898 845 2953 castris
868 2910 1050 2952 coram
1074 2894 1323 2951 duobus?
1347 2893 1475 2967 Ilaec
1503 2891 1717 2949 consilii
1741 2889 1849 2945 mei
1873 2888 2045 2943 forma

438 2998 543 3046 est.
576 2988 764 3046 Facies
811 2992 924 3058 ipse
946 3030 961 3055 ,
996 2988 1139 3059 quod
1182 2986 1465 3058 prudentia
1509 2985 1717 3055 majore
1755 2980 2043 3052 delegeris.

440 3083 600 3140 Plura
624 3084 773 3139 enim
792 3082 978 3149 videt,
1004 3085 1095 3154 qui
1126 3097 1311 3161 coram
1339 3082 1410 3137 de
1440 3095 1620 3136 rerum
1646 3075 2048 3134 conditionibus

438 3176 663 3248 iudicat.
691 3177 802 3246 Ego
830 3176 973 3246 quod
1007 3177 1218 3247 loquor,
1243 3184 1428 3232 votum
1455 3183 1571 3231 eSt:
1604 3181 1665 3229 tu
1684 3173 1753 3229 de
1783 3170 2048 3243 appositis

440 3284 657 3327 assume
682 3269 971 3340 judicium.
1000 3270 1152 3326 Vale.

1046 3360 1270 3417 EPIST.
1310 3358 1434 3415 XX.

809 3470 1122 3513 SYIIACIIUS
1159 3468 1424 3510 ηΑγιΑιιο
1461 3467 1679 3510 FRATRI.

511 3553 781 3610 Succurre
811 3550 971 3619 ﬁdei,
1016 3564 1136 3621 quae
1169 3547 1365 3604 ofﬁciis
1412 3548 1711 3604 amicorum
1738 3545 2042 3604 debitorem

442 3662 533 3707 me
554 3647 755 3704 diutius
781 3659 893 3702 non
912 3644 1132 3715 patitur.
1159 3643 1377 3698 Fratres
1404 3641 1511 3697 mei
1537 3686 1553 3711 ,
1574 3640 1851 3696 Romanus
1879 3647 2043 3709 atque

442 3739 749 3809 Magnillus,
778 3735 1061 3793 clarissimi
1090 3734 1223 3803 viri,
1262 3735 1374 3806 jam
1405 3734 1607 3790 dudum
1636 3748 1723 3789 me
1762 3731 2044 3803 religionis

442 3833 657 3889 meritis
679 3839 1002 3887 nexuerunt.
1021 3829 1090 3885 Et
1104 3829 1351 3900 quamvis
1366 3830 1585 3899 praemia
1600 3842 1712 3884 non
1732 3836 2039 3897 reposcant,

442 3941 566 3999 quae
610 3928 748 3983 solet
789 3926 966 3982 minor
1008 3933 1322 3996 exspectare
1363 3924 1577 3987 fortuna
1604 3965 1620 3991 ,
1657 3924 1836 3980 acrius
1861 3933 2043 3979 tamen

444 4021 682 4076 animum
726 4034 906 4075 meum
950 4018 1145 4089 saepius
1176 4021 1459 4074 honestate
1499 4016 1855 4073 conveniunt.
1895 4016 2044 4072 Men-

443 4114 580 4181 tiar,
605 4113 651 4169 si
684 4111 817 4167 mihi
838 4111 904 4166 ad
932 4110 1296 4181 praestandum
1327 4110 1523 4167 deesse
1552 4119 1767 4181 tempus
1789 4106 2043 4179 allegem,

445 4208 570 4279 quia
601 4207 841 4278 potentia
872 4220 993 4262 mea
1032 4205 1099 4262 de
1122 4204 1199 4260 tui
1240 4204 1460 4259 honoris
1488 4201 1694 4258 viribus
1724 4203 2040 4259 aestimatur.

444 4298 557 4357 Fac
581 4315 678 4355 oro
695 4341 708 4364 ,
738 4311 793 4354 ut
817 4299 1010 4355 effectu
1045 4299 1266 4354 honoris
1289 4297 1372 4352 sui
1400 4297 1669 4364 sentiant,
1699 4311 1797 4366 pro
1821 4310 2047 4352 concor-

448 4391 556 4458 dia,
602 4407 723 4462 quae
759 4391 890 4446 mihi
921 4402 1098 4448 tecum
1127 4401 1212 4447 est
1237 4433 1252 4454 ,
1278 4390 1538 4462 quidquid
1559 4388 1802 4446 defertur
1824 4389 1949 4456 uni,
1979 4388 2048 4445 ab

450 4492 678 4553 utroque
708 4483 915 4539 deberi.
948 4483 1099 4538 Vale.

1048 4573 1267 4631 EPIST.
1307 4572 1449 4630 XXI.

814 4683 1127 4723 SYMMACIIUS
1156 4683 1417 4724 FLAVIANO
1455 4683 1671 4724 FRATRI.

522 4760 696 4816 Ofﬁcii
742 4762 846 4815 mei
895 4761 1032 4816 ratio
1075 4762 1359 4828 suasit,nt
1381 4759 1707 4826 scriberem,
1738 4760 1953 4832 quando
1981 4774 2045 4817 ea
2088 4782 2091 4783 ν

452 4864 536 4911 est
562 4868 789 4923 persona
811 4854 1019 4911 litteras
1047 4854 1341 4921 redditura,
1368 4865 1427 4909 ut
1450 4842 1665 4925 plus‘de
1695 4862 1790 4911 tuo
1812 4853 2043 4925 judicio,

451 4960 612 5017 quam
641 4946 709 5002 de
734 4960 856 5002 meo
879 4955 1060 5016 speret
1083 4946 1297 5001 auxilio.
1333 4945 1520 5017 Itaque
1540 4947 1721 5002 omnia
1739 4988 1755 5016 ,
1785 4961 1908 5018 quae
1932 4959 2048 5001 mos

452 5050 538 5097 est
568 5040 759 5096 litteris
787 5040 1061 5111 explicare
1081 5082 1097 5109 ,
1128 5041 1228 5112 ipsi
1256 5042 1435 5113 potius
1459 5041 1728 5098 narranda
1756 5041 1988 5113 delega:
2017 5056 2049 5096 a

450 5149 560 5206 quo
588 5134 886 5207 amplitudo
924 5144 1012 5188 tua
1035 5176 1051 5202 ,
1078 5143 1133 5191 et
1151 5150 1273 5204 qua:
1301 5135 1368 5193 de
1394 5150 1481 5191 me
1503 5120 1720 5206 cognitu
1743 5134 1902 5205 digna
1928 5148 2049 5190 cre-

452 5224 687 5295 diderit,
713 5234 908 5298 etquae
937 5226 1104 5297 ipsius
1126 5226 1341 5283 fortuna
1391 5228 1587 5297 poscit,
1619 5227 1865 5298 accipiet.
1895 5226 2071 5303 Vale.

864 5310 865 5315 ‘
1045 5319 1260 5379 EPIST.
1303 5319 1471 5377 xxn.

430 5458 435 5481 ί
714 5488 718 5493 _
931 5426 1238 5470 sruuscuus
1277 5427 1563 5470 scamno.

424 5516 429 5542 ῖ
526 5498 881 5577 Reparassem
924 5506 1133 5576 jamdiu
1174 5506 1487 5578 corpusculi
1518 5506 1626 5562 mei
1653 5506 2048 5576 valetudinem,

453 5597 503 5653 si
528 5597 630 5654 frui
653 5596 905 5670 agrOrum
928 5599 1297 5671 salubritatem
1322 5600 1641 5671 potuissem.
1670 5597 1775 5655 Sed
1805 5614 1945 5655 nunc
1970 5602 2053 5656 in-

456 5696 569 5746 tuta
596 5700 681 5747 est
719 5692 1016 5747 latrociniis
1046 5692 1427 5748 suburbanitas
1455 5709 1467 5745 :
1492 5702 1654 5763 atque
1679 5693 1802 5747 ideo
1832 5701 2053 5764 praestat

451 5785 716 5840 macerari
742 5776 855 5839 otio
877 5784 1109 5840 civitatis
1126 5826 1142 5851 ,
1175 5800 1335 5854 quam
1359 5785 1596 5856 pericula
1620 5787 1761 5841 ruris
1777 5772 2048 5843 incidere.

380 5866 393 5890 °
454 5871 588 5934 Tuis
616 5886 797 5936 tamen
821 5875 1016 5935 litteris
1044 5877 1310 5941 proﬁcere
1338 5879 1624 5936 sanitatem
1650 5893 1827 5937 meam
1848 5880 2045 5943 sentio.

2146 1963 2265 2021 Non
2296 1962 2474 2020 ferunt
2496 1964 2882 2035 impatientiam
2911 1967 3287 2038 tuam,qnibus
3311 1968 3518 2025 reditus
3550 1967 3605 2023 in
3625 1977 3753 2025 voto

2146 2067 2250 2115 est.
2278 2057 2475 2113 Vident
2505 2057 2650 2114 enim
2676 2058 2778 2115 sub
2803 2058 3127 2128 quibusdam
3172 2059 3382 2116 aemulis
3411 2060 3621 2116 civibus
3650 2076 3752 2117 ex-

2148 2165 2364 2208 cessum
2390 2152 2624 2209 celerem
2651 2152 2785 2208 nihil
2816 2151 2990 2208 laudis
3015 2152 3340 2209 habiturum.
3371 2152 3509 2222 Quin
3532 2168 3757 2209 assume

2147 2246 2532 2314 conSIantiam,
2558 2254 2614 2302 et
2631 2244 2757 2317 quid
2785 2244 2975 2301 deceat
3003 2247 3193 2316 magis,
3217 2260 3377 2317 quam
3408 2245 3538 2318 quid
3561 2246 3751 2314 libeat,

2148 2340 2395 2408 expende
2428 2356 2441 2393 :
2468 2339 2739 2409 praecipue
2753 2354 2876 2395 cum
2906 2339 3021 2410 ipse
3051 2339 3305 2409 fatearis,
3337 2340 3393 2396 in
3424 2355 3613 2397 amore
3652 2344 3751 2398 do-

2149 2432 2281 2488 mini
2314 2433 2483 2488 nostri
2515 2432 2804 2490 Tbeodosii
2831 2432 3158 2489 venerabilis
3187 2432 3445 2505 principis
3469 2474 3485 2499 ,
3509 2438 3752 2489 omnium

2150 2536 2207 2583 te
2252 2526 2656 2584 carissimorum
2708 2526 2992 2598 pignorum
3028 2525 3254 2597 gratiam
3283 2524 3753 2598 reperisse.VaIe.

2723 2617 2944 2675 EPIST.
2985 2618 3175 2675 XXIV.

2511 2726 2826 2768 BYIIACRUS
2865 2725 3127 2768 ιωνιλιιο
3165 2726 3382 2767 FRATRI.

2222 2804 2559 2873 Simplicium
2592 2814 2840 2876 agentem
2868 2805 2922 2860 in
2966 2804 3129 2860 rebus
3178 2819 3315 2875 pene
3361 2806 3413 2861 in
3444 2814 3601 2876 porta
3635 2805 3753 2862 Fla-

2152 2897 2317 2952 minia
2363 2897 2625 2952 retentavi
2649 2939 2665 2965 ,
2696 2906 2752 2952 ut
2786 2898 2855 2953 ad
2883 2906 2934 2954 te
2962 2911 3128 2967 pauca
3158 2939 3173 2965 ,
3205 2908 3262 2975 et
3294 2912 3403 2954 non
3443 2900 3750 2956 omittenda

2153 2987 2441 3043 dictarem.
2475 2987 2643 3044 Filius
2674 2996 2860 3047 noster
2890 2988 3184 3045 Flavianus
3206 2989 3430 3045 Romam
3451 2990 3629 3060 pridie
3660 3006 3751 3045 ca-

2153 3080 2344 3137 lendas
2373 3080 2594 3137 Ma'rtias
2616 3084 2794 3150 venit,
2822 3090 2878 3139 et
2899 3082 3049 3157 brevi
3075 3083 3129 3138 in
3161 3082 3342 3138 Asiam
3371 3084 3629 3139 secundis
3656 3098 3752 3139 au-

2155 3177 2342 3245 spiciis
2368 3176 2643 3245 ordietur,
2674 3178 2816 3248 quod
2842 3179 2963 3233 ideo
2989 3194 3087 3249 par
3109 3178 3211 3234 fuit
3239 3178 3486 3249 indicari,
3515 3189 3575 3235 ut
3604 3181 3754 3236 solli-

2072 3242 2124 3309 ο
2152 3242 2445 3326 citudinem
2473 3311 2488 3336 ,
2534 3242 2706 3340 quam
2727 3270 2797 3327 de
2837 3242 3006 3326 mora-
3021 3272 3138 3343 ejus
3168 3273 3443 3344 hucusque
3468 3242 3753 3338 ’tolerasti,

2149 3378 2275 3435 spes
2301 3362 2567 3435 promissa
2598 3362 2861 3433 detergat.
2893 3362 3047 3419 Vale.

2731 3453 2950 3512 EPIST.
2994 3454 3163 3512 XXV.

2580 3564 2892 3605 SYIIACHUS
2932 3565 3191 3607 FLAVIANO
3214 3565 3428 3607 FRATRI.

2222 3637 2481 3695 Abnndas
2527 3639 2745 3710 quidem
2785 3642 3026 3698 consiliis
3060 3659 3075 3697 :
3109 3644 3164 3696 in
3194 3657 3410 3698 omnem
3456 3642 3535 3699 rei
3594 3659 3754 3704 usum

2149 3738 2370 3800 paratus
2394 3771 2410 3796 ,
2440 3739 2494 3786 et
2525 3730 2804 3801 sapientiae
2832 3734 3010 3789 cultus
3048 3733 3254 3790 artibus
3280 3775 3295 3801 ,
3337 3734 3607 3790 monitore
3645 3752 3755 3794 non

2152 3823 2373 3894 indiges.
2412 3822 2520 3879 Sed
2549 3824 2629 3879 fas
2659 3834 2741 3882 est
2762 3869 2779 3893 ,
2804 3835 2865 3882 ut
2888 3841 3037 3883 meas
3062 3842 3275 3899 quoque
3300 3827 3510 3898 vigilias
3540 3828 3753 3899 aliquid

2150 3918 2376 3987 privatis
2406 3917 2639 3987 negotiis
2678 3919 2785 3974 tuis
2804 3919 3053 3976 conferre
3081 3921 3324 3989 patiaris.
3346 3921 3522 3988 Quare
3550 3921 3597 3976 si
3620 3922 3755 3991 quid

2149 4010 2584 4081 praemeditatum
2616 4012 2831 4081 utrique
2864 4022 3109 4068 nostrum
3156 4013 3327 4084 stylus
3365 4014 3637 4069 fraternus
3675 4015 3757 4070 in-

2148 4102 2419 4174 gesserit,
2474 4106 2812 4160 constantius
2852 4119 3190 4175 exsequere,
3218 4114 3221 4157 i
3247 4116 3500 4177 tanquam
3538 4106 3758 4163 duobus

2150 4196 2458 4267 probatum.
2493 4196 2549 4253 Si
2586 4197 2711 4268 quid
2745 4197 2819 4254 ibi
2846 4198 3027 4255 adhuc
3056 4214 3251 4255 novum
3271 4200 3499 4269 legeris,
3532 4217 3559 4254 a
3591 4210 3643 4256 te
3676 4202 3758 4257 in-

2148 4301 2370 4347 ventum
2427 4301 2588 4362 pnta,
2622 4291 2764 4358 quod
2797 4292 2865 4347 ab
2904 4301 3118 4349 amante
3162 4294 3489 4365 suggeritur.
3532 4293 3758 4365 Subjeci

2148 4388 2323 4457 capita
2346 4404 2554 4454 rerum,
2587 4388 2712 4458 quia
2746 4388 3034 4459 complecti
3060 4388 3258 4444 litteris
3281 4388 3483 4444 fastidii
3512 4389 3631 4459 fuga
3658 4404 3759 4444 no-

2149 4480 2245 4536 lui.
2300 4479 2473 4536 Tuum
2504 4482 2610 4537 erit
2636 4482 2905 4537 insinuata
2934 4481 3220 4539 trutinare.
3251 4481 3324 4535 Ita
3352 4481 3492 4537 enim
3524 4496 3650 4538 meo
3680 4482 3759 4538 of-

2155 4571 2280 4630 ﬁcio
2310 4574 2524 4632 functus
2553 4588 2695 4640 sum,
2719 4583 2777 4628 ut
2802 4574 2898 4631 tibi
2924 4573 3186 4645 judicium
3216 4589 3573 4631 reservarem.
3603 4573 3756 4631 Vale.

2727 4665 2949 4723 EPIST.
2995 4665 3184 4721 XXVI.
3606 4680 3607 4683 ‘

2500 4812 2501 4815 η
2604 4814 2605 4817 η
2629 4774 2941 4816 εικιιιθιιυε
2978 4774 3262 4819 ηΑνιΑιηῡ.

2235 4855 2483 4912 Baiarum
2510 4854 2802 4911 solitudine
2828 4854 3182 4910 vehementer
3212 4851 3452 4909 offensus
3474 4893 3490 4919 ,
3520 4852 3761 4909 Puteolis

2156 4948 2328 5004 malui
2362 4946 2710 5007 commorari.
2742 4946 2901 5004 Juvat
2916 4947 3060 5003 enim
3089 4960 3189 5002 nos
3216 4946 3372 5001 istius
3397 4944 3501 5000 loci
3525 4944 3762 5001 salubris

2158 5040 2443 5097 habitatio.
2477 5040 2684 5097 Dehinc
2712 5040 2757 5097 si
2799 5040 2986 5113 adjutu
3028 5038 3121 5094 Dei
3149 5046 3331 5107 optata
3361 5039 3760 5108 processerint,

2159 5133 2396 5205 Capuam
2427 5147 2679 5204 paramus
2694 5146 3008 5197 excurrere,
3039 5140 3316 5202 totumque
3345 5128 3489 5186 hunc
3512 5145 3762 5186 mensem

2158 5229 2519 5288 Novembrem
2543 5226 2775 5287 diversis
2818 5224 3128 5294 Campania:
3175 5224 3308 5281 locis
3346 5232 3509 5293 atque
3534 5223 3762 5280 urbibus

2158 5324 2499 5395 deputamus.
2542 5322 2779 5387 Hzecest
2816 5318 2988 5374 nostri
3016 5333 3225 5373 summa
3256 5318 3538 5389 propositi.
3566 5317 3673 5374 Sed
3706 5327 3762 5374 ut

2064 5474 2069 5478 ,
2158 5417 2369 5471 animus
2406 5415 2639 5469 alacrior
2680 5411 2966 5467 destinata.
2992 5418 3305 5480 promoveat
3329 5450 3347 5478 ,
3396 5409 3593 5464 vestris
3624 5409 3760 5464 allo-

2159 5506 2301 5577 quiis
2339 5503 2625 5575 erigendus
2650 5512 2741 5567 est
2780 5518 2795 5555 :
2826 5498 3262 5571 quandoquidem
3294 5500 3541 5556 sanitatis
3564 5510 3765 5556 vestra:

2160 5609 2216 5657 et
2244 5599 2515 5658 felicitatis
2547 5597 2747 5655 indicio
2770 5596 2917 5665 nihil
2963 5596 3236 5669 antiquius
3265 5597 3618 5652 aestimamus.
3654 5596 3762 5651 Vc-

2161 5708 2282 5752 rum
2307 5693 2408 5747 hoc
2433 5706 2530 5762 pro
2566 5691 2763 5761 insigni
2794 5689 3057 5761 religione
3089 5694 3297 5760 sponte
3322 5689 3554 5746 facietis.
3584 5691 3762 5759 Atque

2162 5786 2283 5842 ideo
2306 5800 2410 5840 non
2442 5793 2525 5840 est
2548 5798 2768 5842 necesse
2811 5783 3129 5839 voluntariis
3170 5783 3363 5839 oificiis
3406 5783 3631 5849 aculeos
3665 5798 3760 5838 ex-

2165 5878 2484 5940 hortationis
2502 5878 2784 5942 adhibere.
2808 5878 3018 5936 Interea
3040 5879 3183 5949 quod
3211 5889 3285 5949 te,
3316 5879 3390 5936 mi
3414 5879 3600 5946 frater,
3626 5878 3759 5936 alio.
