3932 6452
228 422 332 481 I85
367 409 372 412 ’

1448 423 1929 486 EI’ISTOLARUM
1970 429 2172 488 LIBER
2212 433 2277 493 II.

3396 385 3510 506 iss

227 550 286 591 re
327 515 637 605 polliceris,
665 529 1020 588 vehementer
1056 531 1371 604 amplector.
1404 532 1579 606 Atque
1608 537 1813 625 utinam
1841 542 1892 602 Α
1916 543 2058 598 cium
2100 547 2184 602 vel
2226 548 2479 608 invidiam
2523 553 2884 623 possessionis
2925 568 3059 611 meae
3091 554 3238 625 parvi
3288 554 3505 625 agelluli

224 636 278 686 te
301 627 492 682 domus
520 631 629 679 tota
658 624 975 679 comitetur!
1005 633 1062 679 ut
1087 632 1142 680 et
1162 626 1318 681 nobis
1347 626 1587 683 laetitiam
1613 623 1811 698 plenio-

225 728 339 774 rem
371 718 566 772 tribuat
596 717 855 772 adventus
885 716 1126 772 omnium
1145 757 1159 784 ,
1191 728 1245 773 et
1274 717 1370 772 tibi
1400 733 1559 774 causa
1603 735 1708 774 non
1739 723 1810 775 sit

223 812 381 867 citius
402 810 629 881 patriam
655 807 966 865 recurrendi
991 851 1006 874 ,
1055 809 1322 867 desiderio
1343 820 1396 866 et
1421 827 1607 869 amore
1634 829 1808 870 rema-

219 906 484 961 nentium.
516 903 668 960 Vale.
747 904 752 909 ’

780 973 997 1031 EPIST.
1037 971 1250 1029 XXVII.

571 1085 884 1126 SYIIACEUS
923 1085 1183 1126 FLAVIANO
1221 1085 1432 1127 FRATRI.

285 1161 541 1252 Quamvis
572 1161 776 1217 litteras
807 1176 954 1217 meas
995 1162 1131 1216 fama
1161 1161 1520 1231 praevenerit,
1557 1178 1676 1234 qua;
1717 1171 1812 1220 ex-’

211 1264 496 1312 oneratum
520 1263 572 1310 te
603 1254 828 1324 publicis
854 1253 1263 1311 necessitatibus
1283 1256 1551 1311 nuntiavit
1575 1273 1590 1311 :
1625 1267 1801 1313 tamen

209 1364 323 1420 quo
353 1349 583 1430 fidelior.
602 1359 744 1404 esset
787 1350 1015 1403 assertio
1036 1390 1051 1414 ,
1082 1349 1295 1417 scriptis
1334 1349 1596 1405 confirmo
1618 1366 1802 1406 rumo-

210 1457 354 1496 rem.
384 1441 490 1496 Sed
537 1442 656 1496 licet
683 1440 910 1511 publica:
936 1441 1013 1497 rei
1039 1439 1382 1497 absolutione
1424 1441 1647 1509 laeteris,
1678 1443 1803 1499 volo

209 1545 258 1592 te
289 1537 582 1591 adversum
620 1536 823 1592 incerta
865 1536 1060 1592 muniri
1096 1555 1108 1589 :
1142 1535 1393 1592 videlicet
1424 1545 1482 1592 ut
1510 1537 1610 1593 sub
1640 1538 1802 1593 Acto-

206 1643 333 1684 rum
363 1627 700 1683 confectione
711 1637 951 1693 tuorum,
965 1629 1011 1684 si
1034 1627 1209 1684 adhuc
1230 1629 1432 1685 retines
1451 1637 1795 1699 potestatem,

205 1721 291 1776 vel
333 1721 548 1776 vicariae
579 1721 942 1790 praefecturae,
974 1736 1092 1792 qua:
1120 1719 1214 1776 tibi
1241 1723 1479 1789 poscenti
1509 1738 1658 1794 aequa
1689 1737 1794 1777 non

204 1814 406 1881 deerit,
443 1813 736 1884 diligentia:
780 1821 883 1868 tute
930 1814 1070 1869 ratio
1116 1814 1430 1885 digeratur:
1481 1831 1599 1886 quae
1627 1817 1794 1885 possit

1917 640 2275 698 retentionem
2303 645 2485 710 cessit,
2518 660 2641 702 cum
2670 647 2744 702 illi
2777 657 2887 703 tota
2922 648 3254 706 muliercula
3285 651 3503 720 promit-

1914 741 2116 789 teretur
2146 736 2470 793 htereditas?
2498 739 2630 797 Nam
2652 741 2922 798 referendi
2950 743 3066 800 haec
3097 745 3211 801 sola
3248 746 3501 817 praefecto

1914 825 2071 884 Urbis
2111 830 2248 885 ratio
2297 832 2428 898 fuit;
2461 849 2566 914 non
2608 843 2666 890 ut
2704 850 3038 908 receptarum
3079 838 3499 908 appellationum

1911 935 2124 990 poenam
2153 923 2348 980 Siciliae
2389 935 2566 983 rector
2611 928 2951 998 exsolveret,
3001 929 3096 986 sed
3139 941 3196 986 ut
3243 930 3493 1000 injuriam

1907 1029 2059 1072 suam
2089 1015 2226 1070 sacri
2255 1017 2507 1073 auditorii
2528 1019 2774 1091 cognitor
2796 1020 3109 1080 vindicaret.
3133 1021 3285 1078 Nunc
3299 1024 3496 1080 rescri-

1907 1105 2125 1162 beretur
2153 1107 2203 1162 in
2228 1123 2466 1175 causam,
2499 1122 2618 1181 post
2643 1113 2921 1168 victoriam
2943 1129 3139 1178 meam.
3164 1124 3347 1170 contra
3369 1131 3495 1173 sen-

1907 1201 2127 1257 tentiam
2151 1202 2514 1272 prmfeclttraa,
2557 1207 2642 1260 cui
2684 1222 2806 1276 pars
2843 1208 3071 1264 adversa
3112 1211 3401 1265 consentit.
3433 1209 3493 1267 Si
3591 1199 3595 1202 ’

1903 1294 2093 1349 relatio
2133 1293 2198 1349 ad
2241 1297 2504 1350 fortunam
2555 1299 2754 1369 negotii
2808 1301 3120 1369 pertineret,
3173 1309 3226 1355 et
3268 1302 3492 1371 supple-

1906 1396 2107 1454 menta,
2151 1389 2236 1444 vel
2286 1390 2632 1445 refutatorios
2673 1393 2950 1463 jurgantes
2995 1391 3301 1458 dedissent;
3337 1408 3488 1464 rogo,

1901 1479 1970 1536 de
1991 1481 2186 1554 quibus
2212 1482 2514 1538 actionibus
2541 1483 2886 1552 judicabitur,
2918 1499 3050 1555 quas
3081 1485 3133 1539 in
3163 1484 3343 1541 Sicilia
3371 1496 3492 1553 post

1900 1573 2327 1647 appellationem
2349 1590 2521 1630 meam
2558 1590 2680 1644 pars
2715 1567 2825 1631 una
2871 1576 3243 1646 deprompsit,
3293 1578 3488 1648 quibus

1881 1662 2300 1737 ‘tyrannicorum
2327 1676 2623 1737 temporum
2649 1677 2796 1736 gesta
2824 1669 3023 1723 sociata
3043 1669 3205 1723 sunt?
3226 1668 3379 1725 'I‘auti
3406 1680 3489 1726 est

1901 1758 2097 1814 invidia
2147 1757 2281 1825 mei,
2332 1771 2383 1813 et
2425 1767 2575 1827 grata
2614 1758 2878 1829 aliquibus
2919 1759 3287 1826 reprehensio.
3343 1759 3487 1814 Cede

1901 1854 2300 1909 adversantium
2321 1853 2605 1921 voluntati,
2621 1864 2674 1909 et
2694 1853 2912 1909 domino
2929 1865 3112 1909 nostro
3134 1852 3487 1910 invictissimo

204 1905 524 2020 ostendere,
553 1914 682 2020 quot
711 1918 936 2008 numero
974 1906 1220 2008 animalia
1247 1906 1795 2020 collocaris,.et‘quo
1825 1926 1874 1987 Β
1905 1937 2128 2020 principi
2157 1948 2467 2005 Theodosio
2509 1905 2724 2019 sedum,
2765 1958 2991 2018 augusto
3031 1947 3254 2019 dignare
3293 1962 3486 2018 sugge_

204 2006 467 2066 apparatu
496 1997 812 2052 instruxeris
839 1997 1176 2064 mansiones,
1211 2008 1265 2054 et
1287 2008 1544 2069 quantum
1569 1999 1621 2054 in
1665 2000 1790 2054 titu-

203 2088 266 2144 lis
291 2087 564 2144 fiscalibus
576 2087 853 2159 exigendis
869 2097 958 2143 tua
981 2103 1108 2144 cura
1135 2092 1484 2160 promoverit.
1511 2090 1623 2146 Hoc
1647 2092 1791 2147 enim

204 2184 518 2240 testimonio
562 2170 846 2238 adversum
895 2198 1083 2239 omnes
1129 2185 1212 2240 vel
1243 2184 1493 2241 fortuitas
1521 2187 1782 2257 querelas

203 2279 282 2331 vel
318 2269 594 2332 afl‘ectatas
623 2274 844 2331 insidias
873 2278 1186 2347 protegeris.
1215 2277 1364 2334 Vale.

719 2388 937 2444 EPIST.
981 2388 1213 2444 XXVIII.

571 2497 882 2538 SXIIACBUS
922 2498 1180 2539 FLAVIANO
1222 2500 1433 2539 FRATRI.
1779 2543 1782 2545 λ

271 2577 478 2648 Argue,
507 2586 566 2632 ut
589 2577 698 2645 vis,
725 2591 906 2632 rerum
930 2578 1153 2633 consilia
1187 2588 1306 2647 post
1329 2579 1553 2646 exitum,
1582 2587 1638 2636 et
1662 2579 1794 2635 mihi

201 2670 336 2725 vitio
367 2681 518 2724 verte
544 2711 558 2736 ,
587 2670 731 2738 quod
770 2679 1140 2740 contemptum
1184 2671 1266 2724 sui
1311 2669 1624 2740 praefectura
1665 2687 1796 2728 con-

204 2774 391 2834 questa
436 2773 538 2817 est.
571 2761 751 2816 Facile
778 2772 1060 2817 accusatur
1082 2763 1330 2818 desertus
1359 2762 1587 2818 auxilio.
1620 2763 1795 2835 Atque

201 2859 326 2915 ideo
375 2860 426 2914 in
461 2873 548 2914 me
575 2859 818 2927 recipere
849 2859 990 2913 malo
1022 2860 1222 2914 erroris
1249 2859 1645 2914 confessionem
1673 2905 1687 2928 ,
1727 2874 1794 2914 ne

201 2964 292 3010 aut
322 2954 530 3008 amicos
568 2953 940 3023 negligentiae,
993 2961 1086 3008 aut
1122 2953 1461 3008 adversarios
1489 2953 1795 3022 asperitatis

204 3045 492 3103 incessam.
537 3045 722 3101 Fuerit
752 3041 1009 3110 fortunae,
1043 3061 1148 3100 non
1179 3046 1526 3101 conscientia:
1550 3060 1714 3112 mete,
1740 3055 1796 3101 ut

202 3141 378 3196 victus
422 3139 674 3206 viderer,
715 3139 806 3208 qui
855 3139 1084 3194 necdum
1125 3153 1396 3209 coeperam
1449 3139 1678 3210 litigare.
1727 3142 1797 3194 At

203 3235 368 3291 etiam
398 3232 590 3288 scribis
613 3273 628 3299 ,
669 3215 844 3288 causis
888 3233 1153 3288 similibus
1203 3233 1600 3290 abstinendum.
1636 3233 1796 3290 Vides

1898 2058 2037 2110 rere,
2071 2059 2180 2099 non
2209 2043 2374 2114 pluris
2402 2043 2541 2112 apud
2577 2058 2663 2097 me
2711 2041 2926 2097 divitias
2958 2040 3168 2110 valere,
3214 2055 3373 2110 quam
3406 2039 3485 2094 fa-

1900 2153 2059 2194 mam.
2095 2141 2299 2194 Bonum
2331 2138 2400 2194 de
2420 2153 2506 2192 me
2531 2135 2790 2208 judicium
2825 2136 3064 2206 parentis
3091 2134 3324 2204 publici,
3355 2147 3481 2189 con-

1895 2232 2190 2290 servatoris
2213 2232 2338 2298 mei,
2357 2232 2526 2288 cuivis
2548 2241 2816 2302 antepono
2838 2229 3179 2302 patrimonio.
3205 2227 3262 2284 Si
3287 2227 3484 2297 placet,

1895 2336 1954 2382 ut
1984 2326 2127 2381 omni
2155 2340 2272 2381 mea
2308 2324 2646 2380 baereditaria
2688 2323 3032 2395 possessione
3072 2320 3328 2376 decedam
3349 2361 3362 2384 ,
3396 2321 3479 2375 lex

1899 2418 2031 2474 mihi
2061 2419 2187 2487 erit,
2215 2399 2471 2488 quidquid
2498 2416 2752 2499 omnium,
2773 2417 3023 2473 dominus
3054 2415 3260 2486 placata
3293 2423 3482 2472 aucto-
3507 2488 3510 2490 γ

1897 2513 2058 2570 ritate
2085 2499 2375 2590 censtterit.
2405 2511 2557 2567 Vale.

2441 2626 2680 2683 EPIST.
2721 2625 2914 2682 XXXI.

2252 2756 2563 2798 ειιιυοιιυε
2595 2756 2858 2799 ι-ἰΛνΙΑιιο
2891 2755 3105 2798 FRATRI.

1969 2877 2093 2933 Scio
2124 2886 2178 2933 te
2198 2857 2699 2947 amicum'justitiat,
2737 2888 2790 2933 et
2819 2885 3090 2933 amantem
3105 2863 3260 2942 'mei,
3310 2884 3364 2932 et
3399 2889 3488 2934 ve-

1900 2987 2024 3028 reor
2059 2986 2128 3027 ne
2173 2971 2433 3041 suscipias
2472 2971 2639 3025 ullum
2681 2985 2778 3040 pro
2809 2970 3048 3026 absentis
3080 2969 3484 3025 existimatione

1899 3071 2196 3131 certamen,
2227 3071 2388 3134 atque
2417 3065 2473 3118 in
2515 3073 2566 3119 Ie
2595 3062 2770 3133 aliqua
2807 3062 2929 3118 odia
2969 3063 3312 3132 detorqueas.
3357 3061 3486 3118 Peto

1901 3157 2063 3228 igitur
2091 3158 2359 3227 quiescas.
2418 3158 2530 3212 Erit
2568 3156 2796 3213 fortasse
2829 3157 2982 3226 c0pia
3026 3155 3154 3210 mihi
3200 3155 3487 3211 afferendae

1903 3253 2224 3324 quandoque
2253 3252 2495 3308 veritatis
2519 3251 2658 3321 apud
2691 3259 2950 3307 aeternum
2983 3248 3279 3320 principem
3316 3249 3488 3305 domi-

204 3337 465 3400 quantum
499 3329 661 3382 liceat
686 3327 921 3383 eventui.
953 3329 1161 3383 Oblitus
1191 3344 1250 3383 es
1282 3343 1492 3384 morum
1529 3344 1792 3385 meorum.
1823 3315 1869 3378 C
1903 3315 2028 3402 ,ξυτη
2077 3315 2318 3401 “dmum
2367 3315 2730 3403 τιιεοσξηίιιιη
2751 3390 2766 3414 ν
2821 3315 3136 3415 ουίυέργεει
3158 3315 3279 3401 ἠιο
3337 3344 3488 3400 favor

206 3419 316 3490 Ego
345 3434 473 3474 νυνι]
507 3418 679 3474 solitae
703 3417 1039 3474 verecundia:
1063 3423 1311 3488 ignavum
1335 3434 1547 3491 quoque
1569 3421 1793 3491 jungam

208 3511 460 3567 timorem
482 3553 498 3578 ,
525 3520 581 3566 et
612 3509 806 3566 litteris
835 3512 938 3565 tuis
977 3525 1131 3580 agam
1181 3512 1378 3581 gratias
1396 3553 1410 3577 ,
1438 3527 1554 3581 quae
1583 3527 1667 3567 me
1696 3511 1792 3566 de-

215 3606 380 3675 posita
423 3605 563 3673 juris
606 3613 660 3660 et
710 3605 1253 3667 amicorum_fiducia.
1283 3607 1350 3660 ad
1378 3609 1615 3664 omnium
1659 3607 1794 3676 inju-

212 3699 408 3754 riarum
437 3698 713 3756 silentium
751 3698 1120 3755 cohortantur.
1155 3701 1299 3755 Vale.

779 3811 991 3868 EPIS‘I‘.
1033 3812 1226 3869 XXIX.

571 3919 880 3961 SYHIACIIUS
920 3921 1180 3960 FLAVIANU
1220 3923 1433 3963 FRATRI.

278 3995 386 4051 Pro
421 3996 640 4068 o'ptituis
674 3997 800 4052 viris
850 3998 1094 4067 quisquis
1139 3999 1458 4068 intervenit,
1493 4015 1597 4056 non
1626 4003 1796 4072 magis

203 4095 422 4150 illorum
447 4093 863 4164 videturjuvare
891 4096 1257 4162 commodum,
1287 4112 1444 4168 quam
1469 4114 1621 4153 suum
1643 4114 1792 4154 com-

201 4187 466 4243 mendare
499 4186 780 4256 judicium.
827 4187 1005 4254 Quare
1055 4189 1106 4243 in
1140 4205 1234 4256 eo,
1278 4191 1418 4258 quod
1465 4191 1643 4249 fratris
1690 4194 1794 4249 mei

200 4281 424 4334 Maximi
455 4279 718 4335 desideria
743 4282 938 4336 litteris
955 4296 1396 4353 prosequor,non
1426 4294 1530 4339 tam
1557 4285 1628 4340 illi
1655 4289 1792 4352 usui,

198 4387 366 4443 quam
403 4371 532 4425 mihi
559 4371 700 4426 laudi
733 4382 835 4427 est.
864 4372 960 4427 Est
980 4374 1123 4427 enim
1147 4375 1250 4428 vita
1274 4376 1793 4433 eteruditionelibe-

199 4465 398 4520 ralium
423 4462 827 4533 disciplinarum
857 4464 1320 4534 pariterinsignis,
1351 4482 1522 4537 neque
1545 4468 1639 4523 ulli
1662 4484 1796 4540 pras-

195 4559 465 4613 stantium
505 4558 947 4628 philosophorum
987 4559 1283 4625 secundus,
1314 4577 1376 4616 ac
1401 4572 1684 4632 propterea
1709 4574 1796 4620 tua

197 4649 575 4704 familiaritate
599 4649 968 4718 dignissimus.
1007 4650 1176 4720 Cujus
1207 4653 1302 4708 tibi
1348 4655 1555 4724 negotia
1580 4669 1702 4710 cum
1746 4658 1798 4712 in

196 4755 317 4798 rem
346 4742 547 4798 missus
598 4742 916 4812 absolverit,
959 4758 1147 4815 quaeso
1191 4757 1248 4801 ut
1289 4748 1644 4815 humanitate,
1691 4766 1794 4821 qua

195 4836 386 4891 clarus
414 4849 511 4903 es,
536 4834 712 4905 justas
745 4836 1036 4906 petitiones
1065 4839 1344 4908 ingravato
1383 4840 1584 4897 auxilio
1610 4857 1795 4912 prose-

195 4927 411 4999 quaris.
453 4926 604 4986 Vale.

795 5000 1010 5058 EPIST.
1049 5001 1222 5059 XXX.

583 5107 897 5148 εῐιιιΑοιιυε
927 5109 1192 5150 ηΑνιΑιηο
1221 5111 1439 5152 FRATRI.

270 5183 398 5251 Quo
422 5184 602 5240 animo
643 5185 944 5254 acceperim
985 5186 1268 5243 Siciliense
1302 5191 1572 5260 negotium
1612 5193 1798 5249 vulne-

197 5292 407 5344 ratum,
452 5279 610 5336 facile
643 5281 951 5351 conjectas,
995 5281 1086 5353 qui
1124 5298 1210 5339 me
1248 5287 1466 5342 noveris
1510 5287 1561 5341 in
1606 5288 1799 5345 alienis

196 5392 424 5448 quoque
448 5377 810 5449 judicatorum
840 5379 1125 5450 iniquitate
1169 5383 1602 5460 morderiaQuin
1636 5386 1798 5444 etiam

194 5468 418 5525 consilii
460 5469 818 5545 imprudentis
865 5486 892 5522 a
933 5479 986 5527 te
1023 5487 1221 5544 arguor
1254 5474 1324 5529 ob
1358 5477 1579 5532 amissa.
1629 5477 1799 5535 Becte

195 5559 348 5629 agis.
377 5558 482 5614 Cur
511 5560 655 5616 enim
682 5559 896 5630 speravi
937 5563 1322 5620 contumeliam
1368 5567 1507 5621 sacri
1545 5567 1796 5624 auditorii

199 5651 628 5710 vindicandam?
669 5653 779 5709 Cur
807 5655 876 5711 de
903 5657 1093 5712 amicis
1131 5657 1466 5728 legitima‘et
1490 5660 1630 5730 justa
1663 5677 1799 5732 prte-

196 5746 462 5812 sumpsi?
511 5747 580 5801 Et
614 5761 721 5827 quo
747 5748 948 5804 redacti
978 5751 1207 5806 sumus?
1245 5749 1514 5808 Justitiam
1568 5755 1796 5824 perdidi,

196 5841 340 5896 dum
378 5843 621 5913 exspecto
653 5843 964 5900 vindictam.
1010 5843 1126 5901 .Iam
1165 5845 1326 5916 illud,
1368 5863 1476 5919 quo
1519 5859 1672 5919 pacto
1713 5835 1765 5906 di

198 5931 386 5996 luam.
411 5933 548 5999 quod
573 5934 777 5994 Probus
803 5929 1292 6009 mitior’judicatur,
1317 5944 1408 6010 qui
1440 5943 1492 5998 in
1528 5942 1785 6014 praeiudi-

1831 4706 1883 4768 D

1899 3436 2047 3504 fecit,
2082 3446 2141 3491 ut
2168 3437 2372 3508 aliquid
2403 3437 2618 3493 interim
2647 3435 2930 3493 moliretur
2950 3437 3170 3493 invidia.
3211 3436 3330 3492 Non
3356 3445 3487 3508 puto

1898 3530 2054 3585 bonis
2077 3530 2409 3601 temporibus
2433 3545 2550 3585 eam
2577 3545 2754 3586 causa:
2785 3546 2920 3586 meae
2947 3529 3316 3586 conditionem
3345 3531 3486 3585 futu-

1898 3637 2044 3688 ram;
2068 3638 2189 3694 quae
2209 3623 2311 3678 sub
2338 3631 2567 3695 tyranno
2587 3623 2718 3688 fuit,
2760 3625 2914 3694 cujus
2938 3623 3132 3680 litteris
3160 3622 3228 3679 ad
3257 3624 3486 3680 Marcel-

1899 3715 1994 3774 lini
2022 3717 2429 3793 suggestionem.
2451 3716 2590 3774 datis
2619 3717 2864 3775 homines
2886 3732 3037 3775 meos
3065 3717 3170 3774 scis
3191 3731 3313 3775 esse
3343 3718 3484 3773 mul-

1849 3832 1858 3840 ο
1901 3816 2061 3865 tatos.
2101 3807 2255 3876 Quod
2283 3808 2337 3865 in
2361 3810 2667 3882 panegyrici
2689 3809 3005 3867 defensione
3027 3825 3132 3866 non
3149 3808 3481 3868 tacui.Vale.

2454 3945 2668 4003 EPIST.
2712 3946 2929 4004 XXXII.

2271 4073 2582 4118 annuens
2612 4078 2870 4119 FLAVIANO
2894 4061 3116 4120 reniti.-

1973 4190 2179 4246 Reddet
2218 4191 2314 4246 tibi
2355 4192 2562 4249 litteras
2598 4210 2785 4262 meas,
2832 4201 2921 4264 qui
2960 4206 3077 4251 tuas
3125 4193 3254 4250 mihi
3303 4194 3486 4250 debuit

1899 4281 2181 4339 exhibere.
2210 4280 2396 4352 NeQue
2415 4285 2560 4338 enim
2581 4284 2767 4340 eadem
2791 4286 2944 4343 nobis
2973 4284 3167 4341 silentii
3185 4275 3506 4352 excusatio,

1898 4388 2019 4442 qua:
2048 4371 2142 4428 tibi
2170 4371 2428 4442 suppetit.
2467 4371 2546 4428 'I‘e
2592 4374 2868 4446 multiplex
2905 4386 3118 4430 actuum
3146 4378 3484 4448 publicorum

1899 4465 2052 4522 turba
2082 4465 2476 4532 circumsonat;
2499 4480 2602 4538 ego
2625 4467 2693 4522 ab
2710 4469 2960 4524 omnibus
2989 4469 3217 4539 negotiis
3244 4469 3482 4532 feriatus.

1901 4561 2054 4615 triste
2085 4559 2254 4614 otium
2304 4565 2440 4614 tero.
2498 4558 2566 4614 Et
2606 4559 2747 4630 quod
2787 4560 2859 4615 tui
2903 4560 3125 4616 honoris
3162 4562 3331 4632 gratia
3361 4572 3488 4618 ante

1912 4655 2198 4721 faciebam,
2230 4670 2374 4710 nunc
2402 4669 2524 4710 meo
2551 4669 2769 4710 assumo
2796 4655 3009 4711 solatio.
3043 4655 3272 4712 Levatur
3289 4659 3487 4727 quippe
3507 4723 3525 4738 ο

1906 4745 2223 4818 aegritudine
2251 4746 2483 4812 animus,
2500 4746 2711 4817 quoties
2738 4746 2792 4802 in
2818 4747 2992 4804 officia
3018 4748 3189 4803 amica
3219 4748 3484 4821 dirigitur.

1903 4840 1985 4896 Mc
2009 4856 2074 4896 ex
2102 4855 2262 4906 vero,
2294 4854 2399 4894 non
2436 4839 2502 4895 ad
2530 4841 2754 4910 gloriam
2783 4841 2958 4913 loqui,
3005 4842 3236 4898 secessio
3267 4857 3384 4899 mea
3412 4851 3488 4898 te-

1903 4935 2000 4990 stis
2028 4941 2130 4990 est.
2161 4932 2291 4988 Nam
2320 4949 2443 4988 cum
2471 4933 2661 4990 dolore
2691 4935 2907 4990 saucius
2937 4947 3221 4992 aestuarem
3249 4977 3265 5000 ,
3303 4935 3486 4992 sedem

1903 5025 2137 5080 dominre
2168 5026 2469 5080 communis
2499 5029 2736 5098 parentis
2767 5028 2918 5098 quasi
2955 5027 3132 5082 fanum
3159 5026 3369 5096 aliquod
3396 5027 3486 5081 Dei

1903 5116 2154 5172 salutaris
2197 5118 2420 5198 accessi.
2464 5104 2616 5173 Nunc
2653 5118 2772 5186 ejus
2811 5119 3039 5174 consilio
3075 5119 3270 5172 vulnus
3309 5133 3486 5172 meum

1903 5211 1956 5266 in
1983 5195 2286 5267 cicatricem
2311 5195 2583 5274 convenit.
2610 5213 2756 5268 Illius
2776 5213 3059 5285 acquiesco
3081 5211 3318 5274 monitis,
3347 5211 3490 5266 illius

1902 5317 2003 5372 ope
2027 5304 2260 5374 respiro.
2288 5305 2494 5360 Adsunt
2519 5306 2683 5382 etiam
2711 5314 2923 5362 uetera:
2941 5302 3277 5372 venerabiles
3305 5319 3490 5359 ncces-

1903 5394 2167 5450 situdines
2210 5404 2358 5450 tute:
2409 5406 2464 5453 et
2511 5397 2652 5468 quod
2691 5413 2777 5452 me
2819 5412 2929 5467 prae
2965 5394 3179 5452 caeteris
3203 5395 3376 5466 juvat,
3414 5397 3489 5452 tui

1904 5487 2144 5557 quotidie
2192 5488 2443 5545 blandam
2483 5483 3054 5547 commentoratiOnem
3091 5504 3272 5545 sermo
3309 5501 3492 5546 noster

1904 5590 2143 5636 exercet.
2176 5581 2290 5649 Qua
2323 5582 2388 5637 de
2421 5597 2480 5638 re
2509 5583 2649 5637 inter
2675 5581 2985 5652 Campaniae
3025 5583 3284 5638 terminos
3319 5583 3492 5650 major

1905 5675 2027 5742 pars
2051 5674 2254 5731 aestatis
2274 5675 2609 5747 agitabatur;
2629 5674 2854 5747 quando
2881 5684 2936 5731 et
2969 5676 3252 5747 praesentia
3296 5676 3490 5745 placet,

1815 5827 1818 5830 ,
1903 5773 1959 5820 et
1987 5780 2048 5822 ea
2076 5766 2314 5840 conditio
2336 5776 2419 5823 est
2440 5767 2648 5837 patriae,
2674 5765 2841 5840 utqui
2867 5769 3078 5827 excludi
3101 5786 3197 5841 per
3218 5766 3492 5838 improbos

1905 5871 2208 5926 possumus,
2263 5861 2454 5917 abesse
2493 5851 2896 5919 interim'velut
2935 5877 3001 5920 ex
3036 5871 3222 5920 nostro
3265 5856 3490 5915 arbitrio

1904 5947 2216 6006 debeamus.
2248 5949 2396 6007 Vale.
