3932 6438
435 341 543 407 187

986 455 1201 512 EPIST.
1232 455 1471 513 XXXIII.

819 563 1124 608 mussans
1152 565 1421 609 FLAVIANO
1449 550 1670 607 mm.

511 643 720 705 Relatio
751 647 854 705 viri
893 647 1204 721 spectabilis
1243 647 1427 704 fratris
1460 646 1630 703 nostri
1667 644 1854 702 vicarii
1890 643 2031 701 indi-

434 741 697 812 gnitatem
724 737 1051 813 deprehensi
1085 739 1308 798 sceleris
1353 741 1656 812 eloquetur.
1701 737 1879 809 Atque
1907 735 2030 794 ideo

435 848 544 892 non
588 843 675 909 est
717 849 961 905 necesse,
1008 842 1070 892 ut
1096 835 1242 892 dictu
1272 842 1328 892 et
1370 833 1553 891 auditu
1597 832 1802 888 nefaria
1845 839 2031 888 noster

433 942 614 984 sermo
639 937 933 986 recenseat.
961 929 1134 986 Unum
1173 935 1259 985 est
1296 926 1440 1000 quod
1459 941 1577 984 mea
1603 925 1816 998 petitio,
1845 933 1900 981 et
1924 938 2030 982 ca-

436 1031 674 1079 terorum
702 1029 826 1079 vota
848 1023 1177 1092 desiderant,
1206 1033 1265 1079 ut
1295 1038 1390 1094 pro
1416 1022 1624 1095 justitia
1672 1031 1760 1079 tua
1781 1021 2025 1093 [inultum

436 1130 557 1172 esse
584 1131 688 1173 non
719 1119 887 1186 sinas,
922 1117 1064 1190 quod
1089 1117 1340 1189 exemplo
1368 1117 1742 1190 gravissimum
1767 1117 1890 1182 erit,
1919 1115 2024 1172 nisi

435 1225 598 1266 ausus
627 1211 856 1268 aliorum
885 1212 1180 1269 vehemens
1210 1226 1368 1283 parua
1410 1211 1812 1283 compresserit.
1861 1210 2026 1267 Fama

434 1312 536 1374 est,
571 1305 874 1376 Ampelium
903 1315 956 1361 et
981 1305 1406 1380 quosdamalios
1435 1305 1503 1361 de
1526 1303 1776 1361 Sardinia
1802 1347 1815 1368 ,
1847 1313 1905 1360 ut
1939 1317 2028 1358 as-

433 1396 653 1465 seritur,
679 1406 958 1454 senatores
990 1398 1041 1452 in
1073 1397 1274 1454 crimen
1296 1397 1575 1463 adductos,
1610 1396 1787 1452 forum
1809 1409 2026 1467 compe-

435 1499 554 1544 tens
582 1488 873 1546 observare
895 1490 1243 1562 praeceperis.
1278 1489 1388 1546 Hos
1414 1504 1554 1545 nunc
1585 1488 1746 1544 audio
1776 1487 1840 1542 ad
1879 1488 2025 1543 aliud

431 1585 685 1657 judicium
712 1601 832 1644 esse
863 1587 1171 1643 translatos.
1201 1586 1378 1656 Quare
1410 1587 1454 1643 si
1483 1586 1598 1656 ipse
1621 1587 1698 1640 ita
1723 1599 1754 1640 a
1780 1593 1832 1640 te
1863 1583 2026 1640 remi-

432 1678 656 1736 nisceris
677 1679 976 1752 judicatum
1001 1699 1017 1751 ;
1049 1696 1262 1755 aequum
1293 1696 1412 1738 esse
1435 1679 1670 1738 arbitror
1687 1721 1706 1746 ,
1730 1690 1786 1736 ut
1811 1679 2024 1736 statutis

432 1778 539 1834 tuis
561 1779 753 1837 adesse
781 1780 1039 1852 digneris.
1065 1780 1220 1836 Vale.

975 1870 1194 1928 EPIST.
1236 1869 1455 1926 XXXIV

802 1979 1118 2022 SYHIIACIIUS
1145 1979 1407 2021 FLAVIANO
1433 1978 1652 2020 FRATRI.

503 2055 784 2113 Adornare
815 2066 866 2114 te
898 2057 1150 2124 reditum,
1175 2057 1318 2129 quod
1347 2072 1500 2114 sacra
1527 2057 1695 2115 Deum
1721 2059 1912 2114 matris
1933 2073 2023 2132 ap-

430 2160 695 2224 peterent,
725 2151 1047 2210 arbitrabar.
1081 2151 1158 2208 Tu
1189 2152 1242 2208 in
1272 2152 1379 2209 diei
1398 2153 1555 2208 unius
1583 2153 1685 2209 iter
1708 2167 2017 2226 promoves,

431 2259 635 2316 nosque
681 2253 736 2302 et
776 2245 1000 2316 patriam
1029 2254 1151 2315 post
1184 2255 1386 2314 tergum
1419 2245 1698 2317 relinquis.
1729 2245 1931 2314 lllude,
1960 2253 2023 2301 ut

429 2337 532 2408 vis,
555 2339 851 2393 amicorum
878 2337 1155 2394 facilitati:
1192 2353 1330 2410 quos
1354 2338 1397 2394 si
1431 2339 1546 2394 haec
1576 2339 1848 2396 morderet
1877 2339 2018 2410 inju-

429 2430 531 2499 ria,
553 2432 606 2486 in
633 2431 807 2488 vicem
833 2431 989 2488 malae
1013 2432 1203 2503 gratiae
1228 2433 1423 2489 saltem
1450 2433 1641 2490 litteris
1663 2433 2016 2490 abstinerent.

429 2519 582 2576 Nunc
622 2535 752 2577 vero
793 2521 987 2578 ofﬁciis
1026 2523 1329 2580 mulcemus
1367 2523 1684 2591 abeuntem,
1734 2534 1788 2580 et
1825 2525 2017 2580 blanda

431 2615 613 2670 animo
666 2624 762 2672 tuo
800 2617 1038 2674 fomenta
1084 2621 1442 2690 suggerimus,
1495 2635 1617 2675 cum
1669 2629 1723 2675 tu
1770 2620 2020 2676 omnibus

427 2721 610 2764 curam
641 2707 720 2765 rei
755 2708 1037 2767 familiaris
1061 2712 1354 2769 anteferas.
1410 2711 1548 2768 Nam
1582 2713 1888 2770 recordaris
1917 2714 2019 2770 hoc

429 2808 484 2857 te
532 2801 843 2870 praefamine
890 2803 1173 2873 epistolam
1231 2804 1516 2861 texuisse:
1571 2803 1725 2859 Nihil
1751 2805 1845 2860 hac
1868 2813 2020 2861 aetate

426 2893 747 2948 tractandae:
771 2895 976 2966 pensius
1002 2896 1290 2951 domesticis
1321 2897 1492 2952 rebus.
1537 2895 1691 2964 Quod
1729 2911 1848 2968 ego,
1889 2896 2017 2953 dum

424 2987 762 3059 contemplor
791 3004 981 3044 venam
1024 3002 1235 3045 morum
1289 2998 1527 3056 tuorum,
1573 2990 1686 3046 scio
1729 2989 1858 3045 ludo
1896 3005 2019 3046 esse

424 3089 763 3151 conceptum.
834 3080 1062 3149 Quando
1127 3082 1272 3139 enim
1337 3082 1638 3139 sublimitas
1686 3082 1884 3154 ingenii
1940 3083 2019 3139 tui

425 3176 572 3231 curis
600 3177 879 3233 vilioribus
905 3176 1252 3234 ﬂecteretur?
1296 3175 1507 3233 Censeo
1547 3177 1707 3249 igitur
1735 3177 1856 3232 aliis
1884 3176 2018 3233 dare

425 3266 588 3322 verba
632 3267 942 3340 mediteris,
989 3268 1079 3340 qui
1129 3280 1370 3326 sanctum
1422 3247 1701 3339 penetrale
1731 3269 1896 3324 animi
1940 3271 2014 3325 tui
2041 3247 2090 3311 ο

425 3361 691 3417 nesciunt.
749 3361 876 3417 Mihi
929 3377 1037 3417 uno
1080 3377 1282 3434 genere
1327 3362 1646 3429 satisfacies,
1703 3360 1748 3416 si
1797 3360 2018 3418 remotis

427 3451 776 3524 cpistolarum
797 3453 1199 3512 defensionibus
1229 3456 1346 3526 ipse
1371 3456 1719 3512 remeaveris.
1750 3453 1904 3511 Vale.

982 3591 1202 3649 EPIST.
1245 3591 1461 3648 XXXV.

801 3723 1109 3768 BYMIACIIUS
1134 3725 1397 3767 FLAVIANO
1421 3725 1639 3768 FRATRI.

496 3822 614 3896 Ego
649 3837 865 3896 quoque
902 3825 957 3882 in
1004 3823 1289 3882 scribendo
1330 3824 1558 3881 formam
1587 3826 1869 3882 vetustatis
1895 3841 2011 3880 am-

427 3915 660 3988 plector,
706 3916 973 3990 nimisque
1020 3918 1220 3985 miror,
1271 3919 1413 3989 quod
1449 3918 1582 3975 mihi
1622 3917 1822 3974 librarii
1860 3933 2014 3975 error

425 4010 756 4082 obrepserit;
800 4013 890 4082 qui
936 4011 1129 4068 solitus
1173 4012 1420 4083 epistolis
1463 4012 1601 4070 meis
1635 4013 1853 4068 nomina
1899 4013 2010 4069 sola

423 4115 740 4174 praeponere
759 4145 774 4168 ,
813 4118 966 4159 usum
993 4104 1294 4174 simplicem
1318 4103 1534 4160 novella
1562 4104 1866 4176 adjectione
1896 4120 2011 4160 mu-

423 4197 575 4252 tavit.
599 4198 704 4255 Sed
732 4197 782 4254 id
812 4199 988 4270 potius
1015 4213 1178 4267 casu,
1217 4213 1376 4271 quam
1415 4199 1665 4255 consulto
1707 4198 1908 4255 factum
1947 4201 2011 4255 li-

422 4289 625 4360 quebit,
649 4291 690 4346 si
719 4291 1039 4357 recorderis,
1062 4293 1369 4363 superiores
1386 4305 1658 4363 nunquam
1689 4292 1842 4348 istius
1865 4293 2007 4349 modi

424 4381 579 4436 tituln
608 4383 903 4436 sorduissc.
940 4383 1003 4438 Et
1025 4393 1200 4439 tamen
1237 4393 1504 4454 utcunque
1530 4400 1616 4439 res
1643 4385 1857 4452 accidit,
1892 4402 2010 4458 gra-

425 4472 569 4529 tulor
590 4475 711 4530 novi
738 4474 937 4544 aliquid
960 4477 1220 4544 oblatum,
1251 4479 1393 4549 quod
1422 4495 1509 4535 me
1530 4496 1560 4536 a
1583 4481 1743 4538 solito
1785 4498 2008 4554 respon-

422 4564 585 4620 dendi
615 4581 812 4636 genere
853 4567 1172 4623 vindicaret.
1208 4569 1500 4641 Quousque
1544 4573 1685 4627 enim
1726 4573 1918 4629 dandae
1947 4590 2011 4630 ac

421 4656 712 4714 reddendae
756 4659 1064 4716 salutationi
1094 4661 1258 4717 verba
1289 4661 1706 4732 blaterabimus,
1743 4681 1864 4722 cum
1905 4667 2006 4724 alia
2037 4647 2092 4710 D

420 4749 564 4822 stylo
590 4751 809 4806 materia
839 4767 945 4807 non
977 4752 1262 4824 suppetat?
1289 4753 1358 4808 At
1396 4753 1524 4811 olim
1562 4767 1814 4828 parentes
1848 4761 2006 4816 etiam

421 4845 609 4915 patria:
639 4847 870 4917 negotia,
899 4864 1016 4919 quae
1045 4864 1188 4903 nunc
1215 4861 1459 4920 angusta,
1492 4854 1578 4908 vel
1602 4854 1748 4910 nulla
1777 4864 1921 4921 sunt,
1954 4855 2006 4910 in

420 4939 714 4996 familiares
737 4941 955 5012 paginas
976 4922 1348 5009 conferebant.
1375 4944 1429 5000 Id
1454 4948 1578 5018 quia
1597 4949 1737 5004 versi
1755 4950 1819 5004 ad
1841 4950 2008 5005 otium

421 5032 584 5088 rebus
610 5032 915 5101 omisimus,
956 5035 1221 5105 captanda
1245 5046 1371 5092 sunt
1403 5039 1558 5095 nobis
1587 5041 1898 5112 plerumque
1925 5042 2006 5095 in-

421 5132 623 5180 tentata
675 5126 947 5182 scribendi
992 5130 1220 5197 semina,
1274 5147 1395 5203 quae
1444 5134 1714 5190 fastidium
1764 5143 2009 5206 tergeant

419 5219 750 5289 generalium
783 5219 1103 5278 litterarum.
1135 5223 1282 5279 Juvit
1309 5225 1471 5296 igitur
1500 5242 1587 5284 me
1622 5227 1798 5298 culpa,
1846 5243 2006 5299 quam

418 5308 585 5378 delui,
615 5317 670 5366 et
689 5311 735 5366 si
763 5314 872 5369 non
894 5313 1049 5371 fallor
1069 5355 1085 5382 ,
1121 5315 1213 5372 tibi
1241 5332 1455 5389 quoque
1481 5319 1622 5377 viam
1650 5318 1800 5376 dedit
1843 5319 2005 5377 inusi-

419 5411 528 5460 tata
553 5405 843 5465 referendi.
879 5407 1032 5465 Vale.

957 5501 1177 5559 EPIST.
1220 5502 1463 5560 XXXVI.

771 5609 1080 5653 SYIIIIACIIUS
1118 5613 1382 5655 FLAVIANO
1428 5615 1645 5656 FRATRI.

493 5687 638 5762 Ergo
664 5688 800 5747 adeo
827 5690 1206 5760 complacitum
1233 5700 1318 5748 est
1358 5693 1631 5750 communi
1668 5695 1911 5763 parenti,
1947 5703 2007 5751 ut

1611 343 1675 413 Q.
1720 338 2076 399 AUREIJUS
2113 336 2550 398 SYMMACIIUS.

2057 449 2113 513 Α
2137 464 2314 507 meam
2342 453 2428 523 pia
2449 455 2770 514 causatione
2793 455 3070 516 frustreris
3091 459 3117 513 ‘l
3160 458 3226 517 Et
3253 475 3445 522 revera
3475 466 3612 550 mihi.
3635 469 3720 531 hic

3518 353 3724 422 ,188

2134 547 2334 617 agitur,
2383 555 2475 605 aut
2512 548 2746 621 dicitur,
2789 552 2933 624 quod
2959 552 3135 611 bonus
3155 557 3389 628 animus,
3423 569 3479 618 et
3511 547 3720 624 sincera

2135 647 2327 694 natura
2353 641 2524 710 possit
2555 641 2825 714 amplecti.
2865 643 2973 702 Sed
3005 655 3287 724 .utcunque
3328 650 3430 708 ista
3476 665 3629 726 sunt,
3673 658 3721 716 si

2133 729 2322 788 Romae
2351 747 2564 804 ageres,
2622 735 2771 792 aditu
2799 737 2939 794 inter
2967 753 3066 795 nos
3087 750 3273 798 mutuo
3301 743 3532 805 fortasse
3565 747 3720 809 mite-

2134 833 2370 881 scerent.
2403 824 2557 883 Nunc
2579 828 2858 898 graviores
2882 846 3060 888 rerum
3092 835 3336 892 omnium
3371 837 3720 915 offensiones,

2133 926 2196 974 ut
2219 926 2348 990 pote
2371 920 2540 987 solus,
2565 924 2839 994 experior.
2863 925 3109 1002 Exempli
3131 943 3295 986 causa
3316 947 3483 990 unum
3512 939 3718 1010 accipe,

2133 1013 2200 1070 de
2229 1029 2336 1084 quo
2367 1015 2579 1086 reliqua
2615 1017 2910 1088 conjectes.
2945 1019 3274 1081 Praetextato
3303 1035 3491 1084 nostro
3520 1045 3713 1088 monu-

2135 1117 2374 1164 mentum
2397 1117 2589 1166 statuar.
2613 1109 2796 1166 dicare
2819 1112 3092 1171 destinant
3111 1117 3345 1188 virgines
3365 1121 3507 1178 sacri
3531 1122 3710 1181 Vesta-

2134 1199 2200 1255 lis
2227 1201 2520 1258 antistites.
2571 1203 2816 1262 Consulti
2867 1208 3166 1277 pontiﬁces,
3215 1213 3527 1284 priusquam
3571 1232 3721 1274 reve-

2131 1294 2358 1350 rentiam
2386 1295 2635 1352 sublimis
2667 1297 2982 1370 sacerdotii,
3013 1311 3106 1357 aut
3127 1302 3303 1373 longae
3332 1308 3512 1363 :Btatis
3542 1323 3717 1381 usum,

2129 1387 2215 1443 vel
2264 1387 2631 1446 conditionem
2684 1393 2944 1463 temporis
2995 1400 3275 1465 praesentis
3313 1401 3721 1472 expenderent;

2129 1481 2332 1552 absque
2365 1483 2567 1552 paucis,
2599 1485 2690 1556 qui
2712 1501 2801 1544 me
2827 1488 2999 1544 secuti
3029 1500 3192 1558 sunt,
3233 1502 3292 1549 ut
3320 1493 3438 1564 ejus
3481 1497 3719 1554 officium

2129 1585 2451 1643 statuerent,
2476 1590 2803 1635 annuerunt.
2843 1582 2976 1653 Ego,
3003 1584 3095 1654 qui
3129 1584 3492 1659 adverterem,
3543 1606 3721 1663 neque

2130 1667 2400 1725 honestati
2434 1669 2702 1740 virginum
2733 1671 2859 1736 talia
2885 1673 2938 1728 in
2967 1673 3115 1732 viros
3132 1663 3721 1752 obsequia-convenire,

2129 1778 2305 1834 neque
2335 1777 2490 1820 more
2511 1763 2652 1832 fieri,
2682 1765 2827 1834 quod
2847 1765 3018 1824 Numa
3047 1778 3260 1842 auctor,
3305 1772 3558 1831 Metellus
3587 1790 3720 1832 con-

2049 1851 2098 1940 β
2125 1864 2372 1912 servator
2423 1856 2768 1928 religionum,
2819 1873 3119 1933 omnesque
3168 1863 3447 1934 pontiﬁces
3497 1871 3718 1925 maximi

2125 1963 2399 2020 nunquam
2449 1959 2577 2006 ante
2624 1962 2987 2009 meruerunt:
3039 1954 3156 2012 haec
3192 1957 3412 2028 quidem
3457 1961 3605 2028 silui,
3656 1981 3722 2022 ne

2125 2056 2403 2097 sacrorum
2432 2043 2642 2100 aemulis
2667 2046 2942 2102 enuntiata
2969 2062 3163 2105 noxam
3193 2061 3465 2120 crearent,
3495 2055 3717 2111 inusita-

2125 2142 2233 2189 tum
2259 2135 2608 2191 censentibus.
2638 2137 2964 2210 Exemplum
2988 2141 3152 2199 modo
3171 2143 3450 2201 vitandum
3483 2161 3610 2204 esse
3641 2165 3720 2205 re-

2124 2229 2343 2300 scripsi,
2370 2245 2437 2285 ne
2464 2245 2553 2286 res
2569 2230 2717 2300 justo
2735 2240 2850 2288 orta
2876 2234 3164 2307 principio,
3186 2238 3337 2294 brevi
3357 2239 3424 2295 ad
3443 2239 3720 2313 indignos,

2123 2338 2221 2394 per
2241 2325 2500 2381 ambitum
2519 2325 2820 2383 deveniret.
2843 2328 2922 2383 Ne
2946 2329 3164 2400 longum
3185 2331 3394 2403 loquar,
3419 2333 3535 2403 ipsa
3553 2339 3719 2393 verba

2123 2414 2192 2470 ad
2223 2425 2274 2470 te
2304 2415 2425 2472 misi
2456 2417 2611 2473 bonis
2641 2419 2897 2488 probata,
2941 2422 3037 2478 sed
3080 2439 3308 2482 numero
3337 2425 3564 2484 fortasse
3596 2431 3717 2486 vin-

2122 2511 2326 2576 cenda;
2383 2511 2505 2566 licet
2545 2511 2598 2566 in
2639 2511 2874 2568 decretis
2910 2515 3221 2582 pontificum
3262 2519 3368 2575 non
3405 2520 3476 2576 sit
3521 2522 3716 2580 eadem

2125 2599 2315 2666 forma,
2350 2617 2470 2672 qua:
2507 2604 2673 2659 curiae
2697 2612 2802 2660 est.
2846 2604 2953 2662 Sed
2995 2607 3099 2664 hoc
3136 2622 3351 2681 quoque
3380 2613 3527 2681 parvi
3557 2613 3721 2675 faciet

2123 2694 2428 2752 inscientia.
2459 2696 2612 2766 Quod
2643 2699 2686 2754 si
2731 2708 2787 2754 tu
2816 2700 3038 2758 adesses
3058 2742 3076 2769 ,
3107 2703 3337 2760 multum
3363 2705 3593 2762 duorum
3623 2725 3717 2763 sa-

2123 2785 2265 2843 nitas
2316 2799 2685 2860 promoveret.
2736 2791 2914 2859 Quare
2963 2793 3052 2866 ubi
3106 2796 3338 2866 primum
3386 2813 3452 2854 ex
3507 2800 3719 2856 incerto

2122 2880 2296 2936 morbi
2326 2895 2523 2952 parens
2551 2885 2861 2942 communis
2889 2887 3194 2954 emerserit,
3242 2887 3410 2947 redde
3449 2900 3503 2947 te
3555 2892 3712 2960 mihi,

2123 2980 2182 3028 ut
2212 2974 2368 3031 nobis
2400 2976 2692 3048 aequiorem
2737 2979 2860 3034 vitae
2896 2995 3114 3038 cursum
3151 2981 3350 3038 faciant
3396 2983 3718 3057 participat:

2121 3067 2333 3124 solatia.
2369 3068 2519 3127 Vale.

2666 3141 2882 3199 EPIST.
2924 3141 3189 3201 XXXVII.

2497 3251 2807 3292 svunscuus
2838 3234 3099 3294 nmmo
3129 3253 3343 3298 suum.

2194 3325 2412 3396 Nequeo
2438 3326 2685 3396 deﬁnire,
2717 3333 2837 3398 quae;
2857 3328 3193 3398 potissimum
3217 3331 3348 3387 mihi
3370 3331 3715 3389 describendi

2122 3418 2296 3474 forma
2326 3417 2636 3475 conveniat.
2695 3419 2769 3474 Ea
2807 3421 3006 3492 quippe
3031 3420 3141 3492 jam
3176 3421 3267 3477 diu
3298 3423 3715 3493 intemperantia

2119 3511 2397 3567 variorum
2423 3527 2736 3581 rumorum;
2768 3523 2828 3570 ut
2859 3530 3034 3586 neque
3057 3515 3310 3589 decipere
3336 3517 3503 3588 falsis,
3539 3536 3715 3592 neque

2120 3603 2418 3678 sollicitare
2453 3607 2600 3664 veris
2649 3609 3053 3665 amantissimos
3095 3611 3201 3666 mei
3254 3611 3504 3668 debeam.
3571 3614 3712 3684 Spes

2118 3706 2322 3765 tamen,
2372 3714 2496 3770 quae
2540 3715 2720 3756 rerum
2763 3715 2982 3771 semper
3005 3700 3352 3758 adversarum
3398 3704 3714 3774 patientiam

2118 3790 2334 3855 suadet.
2368 3793 2420 3846 in
2449 3801 2563 3847 tuto
2592 3802 2696 3848 est.
2731 3793 2796 3847 Et
2826 3791 2871 3848 ii
2897 3794 3099 3865 aliquid
3134 3797 3534 3854 commoditatis
3569 3811 3713 3856 attu-

2119 3884 2262 3951 lerit,
2289 3901 2624 3957 nequaquam
2649 3888 2904 3945 morabor
2925 3888 3085 3945 index
3101 3903 3228 3948 esse
3242 3891 3710 3953 meliorum.Vale.

2634 4021 2850 4079 EPIS'I‘.
2896 4021 3185 4079 XXXVIII.

2472 4127 2786 4170 SYIIIACRUS
2825 4130 3083 4172 FLAVIANO
3123 4131 3342 4172 FRATRI.

2190 4227 2308 4285 Filii
2339 4230 2444 4286 mei
2477 4230 3039 4297 Parthenii-adventus
3081 4233 3245 4290 nullis
3287 4233 3526 4304 postulat
3555 4249 3712 4291 com-

2117 4321 2527 4378 tncndationum
2571 4323 2856 4380 lenociniis
2887 4323 3156 4395 adjuvari.
3211 4325 3318 4382 Sed
3367 4341 3713 4388 accessurum

2115 4421 2306 4487 gratia:
2333 4415 2616 4481 existimo,
2655 4416 2800 4486 quod
2835 4417 2957 4487 ejus
2997 4418 3308 4488 prmsentiae
3357 4419 3519 4476 etiam
3556 4435 3712 4478 meus

2115 4529 2296 4570 sermo
2329 4513 2695 4585 coniungitur.
2745 4514 2823 4570 Es
2870 4514 2987 4583 ipso
3030 4514 3216 4571 Romae
3255 4524 3404 4585 gesta
3446 4517 3712 4583 noscetis,

2116 4610 2242 4668 licet
2281 4611 2544 4681 scriptum
2593 4610 2738 4665 fama
2794 4610 3135 4680 prmvenerit.
3189 4610 3374 4681 Neque
3422 4611 3567 4668 enim
3620 4627 3710 4668 res

2115 4721 2324 4776 magnae
2364 4713 2423 4762 et
2457 4706 2744 4775 insperatae
2784 4705 2838 4760 in
2877 4714 3090 4762 secreto
3139 4719 3200 4761 se
3242 4719 3362 4762 esse
3407 4706 3705 4776 patiuntur.

2115 4798 2171 4853 In
2196 4797 2391 4853 bonam
2424 4804 2632 4868 partem
2657 4797 2812 4868 plebs
2833 4807 3018 4854 nostra
3049 4805 3218 4854 mutat
3249 4816 3262 4852 :
3296 4798 3430 4854 ade»
3465 4807 3518 4853 ut
3553 4797 3708 4868 jugi-

2115 4900 2198 4947 ter
2228 4889 2608 4947 seditiosorum
2637 4905 2793 4962 poena
2817 4899 3072 4962 poscatur
3091 4933 3105 4957 ,
3144 4900 3198 4946 et
3221 4890 3328 4961 jam
3359 4899 3504 4962 terga
3532 4889 3708 4946 dede-

2114 4983 2229 5038 rint
2271 4981 2588 5038 insolentes.
2635 4983 2813 5038 Multis
2852 4997 2959 5038 non
3000 4996 3137 5053 opus
3175 4991 3277 5038 est.
3327 4982 3510 5054 Neque
3555 4984 3704 5037 enim

2115 5075 2408 5146 quidquam
2455 5075 2744 5131 narrandis
2792 5075 2967 5132 debeo
3012 5075 3316 5146 derogare,
3368 5075 3457 5146 qui
3517 5088 3702 5131 rerum

2113 5166 2502 5238 plenitudinem
2533 5177 2762 5224 venturo
2788 5167 2855 5223 ad
2895 5181 2993 5224 vos
3015 5167 3177 5224 indici
3214 5166 3508 5224 reservavi.
3545 5165 3699 5223 Vale.

2654 5304 2869 5361 EPIST.
2913 5303 3156 5362 XXXIX.

2489 5411 2797 5453 SVNIACIIUS
2826 5413 3088 5455 ΡιΑνιΑΝο
3116 5413 3322 5455 FRATRI.

2180 5512 2356 5570 llorus
2384 5509 2766 5583 philosophus,
2799 5511 2908 5569 vita
2949 5519 3110 5584 atque
3159 5510 3464 5569 eruditione
3507 5512 3712 5584 pracci-

2110 5619 2267 5677 puus,
2312 5604 2424 5676 jam
2460 5604 2550 5660 diu
2581 5604 2713 5660 mihi
2756 5618 2914 5661 carus
2965 5613 3020 5662 et
3056 5605 3264 5660 amicus
3305 5614 3422 5673 est;
3451 5611 3510 5662 et
3558 5605 3700 5661 inter

2111 5699 2280 5768 prima
2314 5707 2560 5755 numerat
2589 5699 2729 5754 dona
2762 5698 3024 5766 fortunae,
3055 5697 3101 5753 si
3140 5697 3360 5766 optimis
3397 5698 3699 5768 quibusque

342 5783 346 5792 ’
417 5787 475 5842 ω
502 5780 736 5854 longius,
788 5796 949 5852 quam
979 5782 1172 5838 vellem
1199 5824 1216 5851 ,
1266 5799 1492 5841 necesse
1520 5786 1592 5840 sit
1616 5785 1890 5842 detineri?
1920 5791 2009 5844 An
2103 5791 2376 5865 jungatur.
2408 5792 2640 5851 Studens
2668 5795 2828 5868 igitur
2855 5795 2922 5850 ad
2949 5793 3197 5850 effectum
3225 5791 3557 5850 desiderium
3577 5793 3698 5862 ejus

416 5875 520 5937 tibi
543 5877 872 5935 urbanorum
900 5884 1046 5933 tanta
1075 5874 1261 5933 vitatio
1287 5886 1396 5940 est.
1435 5888 1493 5935 ut
1531 5882 2002 5943 exspectationem
2042 5938 2047 5946 ,
2107 5884 2394 5946 adducere.
2451 5900 2635 5950 quaso
2676 5893 2753 5950 te,
2797 5894 2856 5942 ut
2904 5893 2960 5942 et
3004 5883 3088 5941 sui
3130 5883 3310 5942 meriti
3335 5882 3528 5950 statis,
3557 5886 3695 5941 etin
