3932 6440
148 356 255 414 189

1362 333 1842 414 ceteranam:
1879 356 2084 416 um
2119 361 2184 420 ιι.

135 470 408 534 honorem
449 469 936 527 commendationis
976 483 1133 538 mea,
1184 469 1328 528 inter
1384 470 1733 528 familiarium
1762 469 1819 532 Δ
1841 473 1992 546 ipsus
2015 493 2201 536 coram
2225 478 2450 539 datores
2487 484 2777 556 bonorum,
2821 493 3012 562 gratia:
3051 493 3222 552 instar
3247 498 3440 556 uiui.

147 575 364 620 tuorum
393 565 697 636 praecipuos
716 573 878 636 atque
897 563 1247 622 honorabiles
1266 572 1574 622 censeatur.
1595 565 1742 620 Vale.

763 699 976 758 EPIST.
1018 700 1129 758 XL.

523 809 831 852 SYIIACIIUS
863 810 1124 851 FLAVIANO
1156 811 1366 853 FRATRI.

217 888 425 958 lgnatio
453 903 574 945 meo
601 888 842 960 gratulor
882 887 1023 958 quod
1056 898 1240 945 nostra
1281 889 1334 946 in
1366 904 1488 946 eum
1515 889 1741 964 diligen-

144 981 213 1036 tia
245 991 338 1036 tuo
366 994 557 1038 amore
581 981 846 1037 vincatur.
874 977 1100 1036 Factum
1125 991 1242 1050 est,
1272 981 1417 1054 quod
1447 982 1691 1039 volebam
1719 1001 1733 1036 :

137 1088 262 1128 nam
291 1075 590 1144 parciorem
627 1073 695 1128 de
724 1073 814 1129 illo
844 1073 1138 1130 testimonii
1169 1076 1474 1131 cautionem
1515 1076 1734 1146 praemi-

138 1180 334 1231 seram,
367 1181 527 1237 quam
553 1167 754 1224 sentire
782 1167 1018 1237 cupisti.
1064 1163 1217 1223 Nunc
1256 1168 1301 1224 si
1341 1182 1446 1240 qua
1489 1181 1735 1224 meorum

137 1271 354 1316 actuum
386 1263 527 1318 scire
558 1263 816 1333 postulas,
844 1261 1155 1334 explicabit.
1199 1262 1368 1318 Tanta
1410 1263 1485 1320 illi
1516 1272 1600 1320 est
1625 1264 1733 1321 vir-

140 1364 241 1420 tus,
296 1363 350 1408 ct
406 1355 684 1424 utriusque
723 1365 964 1411 nostrum
1003 1371 1065 1411 ex
1099 1355 1461 1412 familiaritate
1505 1356 1728 1424 ﬁducia;

136 1456 192 1501 ut
229 1456 285 1501 et
339 1445 410 1501 de
457 1461 545 1502 me
589 1445 722 1502 nihil
755 1445 923 1518 poSsit
957 1446 1238 1518 ignorare,
1272 1456 1326 1504 et
1351 1447 1490 1520 apud
1519 1457 1574 1506 te
1600 1448 1733 1505 nihil

133 1536 413 1594 occulere.
445 1537 600 1594 Vale.

737 1610 949 1668 EPIST.
999 1611 1137 1667 XLI.

515 1717 820 1762 svuaacuus
852 1722 1118 1764 ηΑνιΑκο
1147 1722 1359 1765 mm.
1429 1701 1434 1706 ’

1848 581 2029 642 mant,
2076 585 2136 632 ut
2174 591 2320 634 nunc
2355 577 2522 636 frater
2549 581 3435 662 urensPaoniuvadatuseplutu

1846 669 2142 727 κατειποηῆ
2169 671 2248 729 tui
2275 687 2498 730 munere
2521 675 2710 734 audire
2727 681 3035 751 properavit
3054 685 3190 753 parti
3213 685 3436 746 honoris

1847 770 2145 820 motum.
2197 763 2644 826 Commerudarem
2688 771 2784 828 tibi
2824 773 3088 843 optimum
3131 779 3344 846 civem;
3385 779 3436 838 si

1845 869 2036 926 posses
2077 860 2224 927 parvi
2257 860 2464 928 iacere,
2505 875 2666 934 quem
2702 864 2904 922 dudum
2938 869 3104 928 altius
3135 873 3424 942 protulisti.

1839 951 2316 1024 Supersedendum
2347 966 2430 1013 est
2457 957 2618 1029 igitur
2643 960 2731 1016 bis
2755 963 2968 1030 verbis,
2997 980 3120 1037 qua
3145 968 3432 1040 snﬂ'ragari

1839 1048 2304 1120 proficiscentibus
2344 1051 2544 1109 solent.
2593 1053 2779 1126 Neque
2819 1057 2962 1114 enim
3000 1073 3135 1115 vana
3179 1076 3302 1133 spes
3343 1073 3425 1119 est

1839 1141 2097 1200 validiora
2127 1144 2240 1202 fore
2267 1146 2410 1216 apud
2439 1155 2496 1203 te
2521 1150 2708 1206 merita
2739 1154 3039 1219 praesentis,
3073 1168 3194 1210 cum
3225 1155 3420 1212 absen-

1837 1245 1948 1295 tem
1973 1236 2154 1294 favore
2177 1241 2506 1309 respexeris.
2530 1241 2680 1298 Vale.
2932 1287 2936 1293 .

2413 1332 2624 1392 EPIST.
2668 1336 2852 1393 XLVI.

2198 1439 2510 1484 εῐκκΑεηυε
2547 1445 2809 1486 νωνωιο
2847 1445 3063 1489 FRATRI.

1903 1516 2112 1575 Ferunt
2137 1517 2450 1588 Socratem,
2488 1523 2536 1578 si
2573 1524 2798 1594 quando
2822 1526 3024 1583 excidit
3056 1526 3282 1599 cupitis,
3325 1539 3421 1587 aut

1829 1609 2139 1680 destinatis,
2173 1612 2225 1668 id
2258 1613 2357 1669 sibi
2385 1615 2548 1682 utile,
2587 1617 2733 1688 quod
2771 1627 3057 1690 evenerat,
3100 1622 3417 1681 aestimasse.

1827 1702 1914 1761 Nil
1942 1703 2235 1762 meritisui
2265 1721 2488 1764 securus
2513 1708 2800 1781 interpres,
2829 1725 2893 1768 ea
2918 1712 3261 1783 coniectabat
3295 1729 3422 1774 esse

201 1799 522 1855 Voluntaria
573 1801 835 1856 bcneticia
876 1810 965 1857 tua
1017 1803 1276 1874 petitione
1315 1802 1587 1874 puerulo
1609 1847 1627 1873 ,
1669 1813 1729 1860 ut
1758 1859 1808 1878 _
1829 1796 2053 1853 meliora
2081 1811 2201 1868 (tua:
2225 1812 2386 1858 casus
2412 1799 2596 1867 dabat,
2624 1815 2785 1871 quam
2813 1817 2935 1875 qua
2959 1805 3179 1863 animus
3199 1815 3417 1878 appete-

127 1910 248 1964 qute
294 1905 387 1950 tua
417 1904 608 1966 sponte
651 1895 870 1960 tribuis,
924 1859 1036 1967 ego.
1073 1897 1257 1953 videar
1305 1859 1626 1968 impetrare,
1670 1907 1726 1955 et
1756 1859 1810 1921 Β
1831 1889 1943 1946 bat-
1974 1859 2183 1962 Sequor
2205 1893 2461 1964 sapientis
2489 1859 2900 1964 exemplum.“
2914 1896 2974 1953 in
2991 1897 3187 1954 bonam

129 1989 330 2043 bonum
364 2000 569 2044 natura:
595 1999 698 2044 tua:
729 1989 783 2044 in
817 1989 1046 2060 gratiam
1076 2005 1251 2046 meam
1280 1997 1536 2046 transeat.
1569 1991 1720 2048 Nica-

128 2098 317 2152 goram
345 2083 700 2137 claris~imum
727 2082 902 2137 virum
948 2081 1147 2140 Siciliae
1190 2081 1424 2140 fascibus
1457 2083 1720 2150 functum,

131 2178 226 2230 sub
255 2173 564 2230 custodiam
592 2175 783 2232 adesse
811 2176 968 2246 jussi.
1015 2174 1169 2231 iiunc
1207 2176 1300 2232 tibi
1345 2186 1400 2233 et
1445 2191 1558 2233 sua:
1599 2178 1724 2232 vitae

132 2266 436 2338 integritas,
474 2276 530 2322 et
554 2267 744 2322 merita
778 2265 1018 2323 fraterna
1057 2267 1461 2325 commendant.
1501 2269 1724 2325 Accedit

129 2359 202 2416 illi
237 2361 307 2416 ad
345 2361 756 2432 prmrogativam
805 2361 1045 2431 precatio
1089 2376 1206 2418 mea
1237 2379 1251 2420 :
1286 2362 1377 2434 qui
1427 2363 1529 2418 etsi
1561 2377 1724 2433 spero

131 2455 385 2528 probitati
409 2457 526 2527 ejus
548 2470 927 2527 responsuram
958 2456 1369 2514 beneﬁcentiam
1414 2465 1590 2522 luam;
1630 2469 1718 2513 se-

127 2552 250 2606 dulo
278 2561 463 2605 tamen
491 2550 727 2620 postulo,
755 2559 810 2605 ut
834 2551 1178 2606 sanctissimo
1212 2549 1394 2622 juveni
1427 2550 1480 2606 in
1518 2550 1718 2607 bonum

130 2652 299 2699 vertat
329 2643 681 2700 exhibitionis
712 2645 945 2700 occasio.
987 2642 1138 2700 Vale.

701 2779 924 2838 EPIST.
965 2779 1126 2836 XLII.

480 2887 796 2931 BTIIACIIUS
832 2889 1094 2932 γωνιωο
1137 2889 1357 2931 FRATRI.

189 2965 710 3024 Commendaveram
749 2966 847 3024 tibi
884 2966 1090 3023 dudum
1131 2965 1430 3022 Macedonii
1460 2966 1562 3023 viri
1599 2965 1713 3023 cla-
1772 3013 1777 3022 .

124 3060 318 3117 rissimi
345 3059 537 3149 ﬁlium,
574 3075 696 3116 cum
740 3059 859 3115 foro
889 3068 983 3116 tuo
1005 3073 1205 3116 nomen
1234 3059 1497 3115 dedisset.
1539 3058 1714 3115 Credo

123 3167 236 3210 eam
277 3167 396 3208 rem
436 3167 537 3223 pro
563 3152 741 3208 studio
783 3166 904 3208 tneo
937 3151 1121 3222 juveni
1161 3152 1554 3210 commodasse.
1603 3151 1711 3208 Sed

1829 1983 2007 2053 traho,
2053 1984 2193 2054 quod
2240 1985 2819 2044 Saxonum.nnmerns
2864 1997 3040 2046 morte
3082 1998 3414 2058 contractus,

1828 2077 1966 2132 intra
2002 2090 2268 2132 summam
2304 2077 2579 2134 decretam
2614 2081 2797 2150 populi
2833 2081 3201 2152 voluptatibus
3243 2085 3410 2147 stetit,

1828 2183 1898 2226 ne
1927 2177 2126 2225 nostra
2153 2169 2402 2235 editioni,
2431 2169 2480 2224 si
2508 2170 2636 2240 quid
2660 2171 3050 2242 redundasset,
3076 2175 3409 2234 abscederet.

1825 2262 1958 2318 Nam
1983 2261 2202 2334 quando
2226 2261 2585 2332 prohibuisset
2608 2265 2820 2335 privata
2844 2265 3090 2324 custodia
3113 2267 3412 2339 desperata:

1823 2356 2002 2426 gentis
2031 2355 2222 2426 impias
2249 2371 2464 2425 manus,
2491 2371 2614 2414 cum
2639 2358 2825 2429 viginti
2852 2374 3050 2417 novem
3073 2361 3270 2417 fractas
3295 2363 3414 2418 sine

1825 2447 2020 2520 laqueo
2049 2449 2232 2506 fauces
2273 2450 2481 2520 primus
2523 2448 2632 2506 ludi
2676 2450 2974 2521 gladiatorii
3015 2451 3134 2510 dies
3174 2454 3368 2509 viderit
3392 2458 3411 2507 ’ἐ

1821 2541 1968 2598 Nihil
2011 2544 2172 2614 igitur
2213 2558 2396 2599 moror
2437 2543 2700 2600 familiam
2746 2545 3008 2616 Spartaco
3055 2547 3406 2617 nequiorem;

1822 2634 2090 2706 velimque
2118 2635 2161 2690 si
2189 2641 2296 2690 tam
2329 2634 2486 2693 facile
2511 2634 2653 2693 factu
2681 2646 2786 2705 est,
2818 2636 2959 2692 hanc
2990 2639 3408 2696 muniﬁcentiam

1821 2727 2099 2798 principis,
2130 2727 2456 2799 Libycarum
2487 2729 2770 2799 largitione
2793 2732 3013 2786 mutari.
3048 2729 3182 2786 Nam
3205 2731 3411 2802 gladia-

1819 2833 1955 2881 tura:
1993 2825 2217 2882 idoneos
2254 2825 2532 2881 communi
2571 2838 2702 2882 cura
2748 2826 3070 2897 prospiciet;
3117 2841 3239 2897 quae
3287 2842 3408 2896 pars

1818 2919 1876 2975 in
1916 2927 2176 2992 apparatu
2216 2919 2511 2990 quaestorio
2551 2919 2700 2990 prior
2737 2929 2854 2986 est,
2899 2927 2962 2975 at
3003 2927 3408 2976 auctoramento

1818 3011 1986 3068 lectus
2032 3011 2224 3082 longus
2264 3024 2396 3068 usus
2437 3010 2700 3066 instituat.
2751 3010 2995 3082 Nostros,
3026 3011 3224 3082 quibus
3251 3027 3405 3069 urso-

1817 3120 1938 3161 rum
1983 3105 2146 3161 lectio
2191 3112 2247 3161 et
2290 3106 2623 3176 comparatio
2659 3105 2772 3176 iam
2811 3105 3020 3176 pridem
3057 3107 3261 3164 credita
3298 3117 3402 3177 est,

1818 3209 2100 3270 pervectus
2143 3200 2212 3256 ad
2255 3207 2308 3256 te
2349 3199 2610 3271 temporis
2647 3200 3002 3257 aestimatione
3028 3214 3136 3256 non
3165 3201 3400 3273 ambigo.

123 3262 239 3363 Ἐξ
930 3254 1053 3363 ξξιζ
1075 3245 1457 3363 ξξξίξὶῗὲῗῖ
1733 3249 1786 3318 c
1813 3245 1920 3348 get!
1947 3291 1990 3345 si
2015 3291 2344 3347 cnrsualium
2367 3245 2776 3362 praelpmitorum
2797 3293 3020 3348 avaritia
3040 3245 3401 3363 retardaut't’tr,

123 3337 237 3393 dam
257 3339 476 3394 videtur
493 3338 764 3408 petitionis
789 3338 1003 3394 iteratio
1025 3353 1042 3391 :
1075 3346 1295 3408 rogatus
1316 3337 1496 3394 denuo
1525 3349 1709 3409 postu-

125 3430 282 3487 latum
315 3441 535 3499 retexo,
577 3445 687 3486 non
727 3437 788 3486 ut
824 3444 1018 3486 novam
1061 3429 1338 3487 causidico
1379 3429 1708 3487 benevolen-

124 3525 249 3578 tiam
277 3533 520 3594 ιιι-πείθει,
561 3523 656 3580 sed
696 3533 755 3579 ut
790 3524 902 3595 jam
940 3523 1195 3582 tributam
1223 3524 1461 3596 digneris
1489 3539 1706 3595 augere.

128 3617 245 3676 Meo
263 3628 440 3675 autem
461 3621 683 3675 nomine
702 3633 889 3689 quaeso
909 3627 986 3688 te,
1009 3633 1080 3676 ne
1098 3619 1180 3676 sic
1199 3618 1524 3676 desiderium
1551 3633 1706 3690 repe-

126 3712 274 3768 titum
301 3725 426 3768 esse
454 3711 735 3784 coniicias,
776 3719 1030 3783 tanquam
1072 3727 1160 3768 me
1198 3711 1350 3784 prius
1389 3711 1707 3783 impetrasse

125 3805 380 3859 diltiilam.
408 3802 559 3860 Vale.

683 3873 896 3933 EPIST.
948 3872 1128 3931 XLIII.

476 3984 786 4025 svuuacnus
827 3986 1088 4026 rmvuuvo
1127 3985 1346 4026 FRATRI.
1431 3957 1437 3964 ’

189 4062 380 4118 Merita
431 4060 730 4130 Sexionish
764 4063 854 4134 qui
900 4063 1126 4119 antehac
1173 4061 1476 4120 Calabriam
1525 4063 1703 4132 rexit,

121 4155 268 4211 multi
309 4157 366 4211 in
408 4155 603 4210 bonam
644 4164 846 4228 partem
881 4157 1205 4227 loquuntur;
1251 4170 1420 4228 eaque
1459 4166 1699 4227 pr0pter,

121 4258 176 4305 ut
208 4249 468 4319 suﬂ‘ragio
508 4257 599 4305 tuo
639 4264 668 4304 a
709 4264 797 4305 me
834 4229 1283 4315 committeretur,
1315 4258 1557 4306 orarunt.
1598 4236 1705 4305 .Est

122 4343 465 4398 humanitatis
509 4351 564 4397 et
601 4342 1008 4398 consuetudinis
1035 4351 1162 4406 tum,
1195 4342 1316 4396 aliis
1343 4357 1553 4414 quoque
1587 4345 1701 4414 pla-

121 4435 249 4491 citos
276 4450 468 4490 amore
492 4435 721 4506 dignari.
775 4435 913 4507 Ergo
942 4437 985 4491 si
1018 4435 1150 4491 nihil
1178 4444 1285 4503 est,
1311 4435 1452 4507 quod
1490 4436 1707 4492 resistat

121 4528 450 4598 precantium
499 4529 798 4597 voluntati,
853 4529 1040 4594 efﬁce,
1091 4545 1188 4586 oro
1237 4541 1325 4596 te,
1381 4537 1440 4585 ut
1485 4529 1702 4586 Sexioni

1816 3384 1923 3440 erit
1948 3383 2319 3441 beneﬁcentia:
2349 3393 2456 3440 tua;
2481 3398 2680 3450 moras,
2707 3385 2904 3454 quibus
2927 3393 3200 3453 tenentur,
3225 3387 3404 3444 absol-

1815 3487 1963 3532 vere.
1993 3476 2140 3534 Vale.

2373 3548 2589 3606 EPIST.
2631 3549 2839 3607 XLVII.

2183 3657 2494 3699 SYIIACRUS
2532 3657 2794 3700 νυνιηο
2829 3658 3019 3701 IRATII

1883 3737 1998 3807 Ope
2037 3734 2195 3793 deum
2244 3737 2481 3792 secunda
2539 3737 2882 3811 navigatione
2931 3746 2986 3794 et
3027 3737 3168 3794 facili
3213 3736 3404 3794 itinere

1811 3828 1879 3885 ad
1899 3828 2169 3885 destinata
2192 3828 2556 3899 pervenimus.
2581 3830 2882 3901 Appetebat
2902 3829 3244 3887 commodum
3267 3839 3404 3888 tem-

1815 3925 2016 3996 pestiva
2044 3923 2176 3980 hora
2204 3924 2458 3980 convivii.
2490 3923 2590 3981 Ubi
2619 3939 2815 3982 curare
2838 3940 3062 3995 corpora
3090 3925 3213 3982 cibo
3234 3927 3403 3997 ca-pi-

1810 4033 1963 4084 mus;
1992 4017 2226 4074 accurrit
2248 4017 2338 4089 qui
2365 4016 2496 4072 mihi
2520 4017 2780 4073 amabiles
2806 4018 3016 4074 litteras
3054 4025 3195 4086 tuas,
3216 4018 3403 4073 simul-

1808 4125 1918 4183 que
1943 4125 1974 4164 a
2005 4119 2060 4166 te
2081 4118 2269 4180 captas
2297 4125 2330 4166 e
2357 4109 2495 4165 mari
2533 4111 2719 4180 copias
2745 4110 3053 4177 exhiberet,
3095 4125 3216 4179 quae
3246 4110 3400 4165 nobis

1810 4206 1927 4261 esui
1954 4217 2078 4260 mox
2107 4202 2280 4259 fuere.
2336 4203 2470 4258 Nam
2516 4203 2672 4258 libuit
2717 4201 2996 4271 indulgere
3023 4201 3210 4271 genio.
3252 4209 3398 4271 post-

1808 4311 1974 4367 quam
2020 4295 2304 4365 parvnlum
2348 4307 2593 4351 nostrum
2643 4294 2882 4364 periculo
2923 4301 3230 4363 exemptum
3275 4307 3397 4364 spes

1809 4397 1990 4459 optata
2015 4389 2274 4460 respexit.
2309 4388 2486 4444 ilabes
2507 4403 2721 4444 omnem
2753 4402 2867 4444 rem
2893 4403 2907 4441 :
2939 4400 3090 4452 cura,
3113 4396 3173 4442 ut
3196 4387 3396 4454 valeas,

1809 4493 1867 4539 et
1891 4483 2118 4554 patriam
2145 4483 2221 4538 tui
2255 4490 2528 4537 amantem
2553 4481 2947 4552 quamprimum
2978 4479 3215 4548 revisas,
3257 4479 3394 4534 bona

1811 4575 2083 4645 parentis,
2138 4582 2199 4629 ut
2226 4589 2408 4645 spero,
2450 4573 2639 4642 venia,
2677 4573 2764 4630 cui
2792 4587 2915 4630 mox
2946 4580 3161 4645 peracta
3189 4571 3396 4628 lustrali

124 4624 254 4727 apud
299 4632 356 4678 te
395 4623 603 4691 prosint
642 4631 698 4679 et
736 4637 856 4678 mea
897 4623 1088 4687 verba.
1133 4632 1188 4681 et
1219 4632 1346 4681 vota
1386 4624 1697 4681 multorum.
1725 4623 2622 4727 éle'gd'aégi’s.§;i;

125 4713 265 4770 Valc.

692 4783 905 4843 EPIST.
946 4786 1133 4843 XLIV.

485 4895 792 4937 SYIMACIIUS
831 4898 1091 4938 ι-ἰΑνΙΛΝο
1129 4899 1326 4939 FRATRI

187 4970 457 5028 Palatinos
486 4973 700 5045 injuria:
730 4989 875 5043 reos,
907 4992 1042 5046 quos
1080 4976 1276 5033 Brutiis
1317 4975 1582 5035 celsitudo
1613 4985 1700 5034 tua

122 5064 370 5134 praecepit
399 5066 596 5131 exciri,
640 5066 794 5121 miles
819 5063 886 5123 de
912 5070 1166 5138 praetorio
1193 5068 1408 5130 missus.
1437 5071 1699 5128 exhibuit.

119 5155 217 5211 Sed
248 5173 370 5212 cum
411 5174 567 5214 sacro
606 5161 872 5216 auditorio
910 5162 1096 5219 eadem
1141 5177 1298 5218 causa
1331 5174 1699 5234 competeret,

121 5247 365 5306 dominus
391 5266 563 5321 meus,
585 5267 780 5322 parens
810 5263 1012 5320 noster,
1033 5254 1322 5325 praeiectus
1341 5255 1490 5320 Urbi.
1517 5269 1700 5315 aucto-

120 5339 271 5394 ritate
300 5343 432 5411 iuris
459 5352 515 5398 et
544 5343 739 5401 ﬁducia
765 5347 869 5410 tui,
908 5362 1166 5416 personas
1195 5348 1294 5402 sibi
1333 5363 1396 5404 ac
1431 5353 1698 5421 negotium

120 5435 422 5493 vindicavit.
471 5435 624 5507 Quod
669 5454 737 5496 eo
783 5442 993 5507 scribo,
1042 5450 1102 5498 ut
1144 5444 1360 5501 noveris
1406 5447 1698 5518 apparitori

118 5528 311 5598 justam
333 5533 554 5591 subesse
578 5534 863 5602 rationem,
889 5536 979 5608 qui
1005 5547 1058 5596 et
1084 5539 1292 5610 parenti
1321 5549 1413 5598 tuo
1435 5540 1618 5609 cessit,
1645 5549 1698 5599 et

123 5620 338 5693 legibus.
371 5627 516 5683 Va'e.
699 5695 891 5758 EPIST
949 5699 1093 5759 XLV

464 5803 772 5852 εῐιιιΑεηυε
809 5811 1074 5854 FLAVIANO
1112 5812 1325 5855 FRATRI.
1382 5850 1385 5853 .

185 5881 284 5947 Qui
327 5883 484 5942 deum
529 5885 787 5945 beneﬂcio
850 5891 1128 5960 potiuntur
1166 5891 1362 5961 optatis
1382 5932 1397 5959 ,
1425 5895 1691 5952 venerari

2364 4781 2576 4838 EPIST.
2619 4781 2844 4838 XLVIII.

2176 4889 2491 4932 ITIIACIIU!
2527 4891 2788 4932 ηΑνιΑπο
2825 4890 3041 4932 ηΑτιυ.

1877 4966 1960 5028 Ad
2014 4967 2230 5024 tertium
2275 4983 2448 5025 nonas
2479 4969 2738 5026 Octobres
2779 4968 2958 5040 primo
2983 4969 3118 5024 lucis
3143 4967 3395 5040 respondi

1807 5059 2001 5117 litteris
2029 5061 2175 5129 tuis,
2220 5074 2354 5131 quas
2384 5075 2481 5131 pro
2510 5061 2791 5130 interiectu
2821 5059 3060 5127 itineris,
3105 5073 3215 5130 quo
3252 5072 3396 5114 nunc

1804 5151 2153 5219 distinentur,
2188 5160 2313 5208 ante
2341 5152 2622 5209 meridiem
2650 5167 2868 5208 sumere
2896 5151 3148 5208 debuisti.
3198 5150 3307 5207 Sed
3334 5159 3394 5208 ut

1802 5246 2001 5316 scripta
2027 5245 2094 5301 ad
2117 5257 2399 5315 vesperam
2424 5247 2555 5301 mihi
2580 5246 2787 5303 reddita
2810 5243 3186 5315 prodiderunt,
3212 5258 3392 5299 meum

1801 5339 2062 5406 ofﬁcium,
2090 5353 2370 5408 meamque
2391 5355 2575 5396 curam
2599 5337 2858 5395 tabellarii
2880 5337 3140 5394 lentitudo
3163 5352 3390 5408 suspenv

1803 5433 1900 5490 dit.
1947 5433 2060 5505 Ego
2089 5442 2267 5489 tamen
2308 5435 2430 5489 huic
2459 5449 2626 5490 morae
2653 5445 2972 5488 succensere
3007 5447 3115 5488 non
3145 5447 3387 5504 possum.

1805 5523 2076 5580 Defuisset
2098 5526 2244 5580 enim
2278 5524 2371 5580 tibi
2401 5539 2562 5580 causa
2590 5521 2857 5580 sermonis
2886 5521 3150 5595 iterandi,
3195 5524 3242 5580 si
3274 5539 3388 5580 ma-

1804 5627 1924 5675 ture
1950 5631 2205 5690 responsa
2235 5627 2415 5675 nostra
2447 5619 2697 5689 legisses;
2739 5633 2860 5688 quae
2889 5617 3102 5675 confido
3133 5621 3242 5690 jam
3284 5633 3389 5674 tra-

1801 5711 1948 5766 dita:
1995 5711 2097 5768 nisi
2139 5711 2276 5768 forte
2316 5711 2493 5766 denuo
2530 5709 2723 5780 aliquis
2766 5723 2830 5766 ex
2871 5709 3092 5768 urbanis
3130 5711 3386 5768 divitibus

1801 5805 2038 5861 insessor
2088 5803 2293 5860 viarum
2347 5803 2546 5874 scripta
2602 5813 2783 5861 nostra
2836 5804 3060 5863 furetur.
3103 5805 3209 5876 ,υἰί
3265 5804 3386 5860 illus

1800 5897 2072 5954 mentibus
2099 5897 2210 5955 suis
2238 5897 2500 5966 puniant!
2550 5894 2700 5954 Nunc
2729 5909 2792 5953 ac
2818 5898 3040 5969 quasita
3070 5898 3383 5965 redeamus.
