3932 6424
1685 341 1750 410 ρ.
1792 333 2140 398 Αυιιιιιιυδ
2171 309 2620 394 έιιιιιλσιιυε.

3693 339 3787 398 I9!

489 468 744 538 ‘Ilumor,
776 465 868 538 qui
907 462 1117 536 parvuli
1155 461 1326 519 nostri
1353 467 1541 531 pectus
1596 454 1885 512 obsederat
1935 461 2097 524 atque
2124 449 2181 511 Α
2204 451 2486 517 mandari;
2523 451 2652 507 mihi
2677 459 2827 508 tuum
2857 465 3053 509 munus
3075 451 3332 524 Injungis.
3361 451 3565 510 Fruere
3589 455 3786 512 deliciis

519 565 880 636 importunam
904 560 1092 615 tussim
1111 557 1306 621 ciebat,
1331 567 1521 624 magna
1544 559 1694 622 parte
1714 557 1965 605 tenuatus
1985 555 2099 604 est:

473 673 476 677 '
519 659 700 728 itaque
721 654 1043 726 spiramenta
1071 650 1306 706 faucium
1334 646 1501 703 libera
1527 645 1658 701 nihil
1680 643 1791 714 jam
1818 641 2102 698 stridulum

519 757 732 806 sonant.
783 747 954 802 Deum
994 744 1297 815 benignitas
1337 740 1464 796 velit
1504 751 1814 810 processum
1855 734 2104 791 sanitatis

520 842 640 914 ejus
669 843 722 897 in
753 840 928 897 solido
957 839 1246 896 collocare.
1295 835 1401 892 Nos
1432 845 1489 890 ut
1520 848 1551 889 a
1578 841 1724 890 metu
1754 830 2102 902 praesentium

519 935 919 1007 respiravimus,
949 933 1020 989 ita
1046 939 1173 988 voto
1201 930 1380 986 futura
1404 927 1702 984 munimus.

1097 1043 1312 1100 EPIST.
1351 1039 1540 1096 XLIX.

1019 1152 1324 1194 SYIIACRUS
1368 1149 1604 1192 SYAGRIO.

590 1231 838 1289 Scribere
868 1230 1144 1300 hucusque
1179 1244 1285 1284 non
1315 1227 1505 1294 libuit,
1536 1225 1976 1297 obstrepentibus
2003 1224 2108 1280 im-

523 1321 870 1378 becillitatum
911 1320 1176 1391 querelis,
1223 1335 1358 1389 quas
1402 1319 1640 1374 indicare
1669 1319 1916 1373 vitamus.
1970 1317 2103 1373 llinc

521 1414 718 1470 factum
755 1424 870 1480 est,
911 1423 970 1469 ut
1009 1412 1246 1469 ofﬁcium
1277 1421 1522 1469 nostrum
1567 1423 1655 1467 tua
1701 1412 1933 1481 alloquia
1965 1425 2104 1482 pras-

521 1507 785 1562 venirent.
836 1506 1123 1577 Postquam
1155 1505 1332 1561 divina
1378 1519 1482 1576 ope
1528 1504 1776 1560 sanitatis
1819 1503 1964 1560 bono
2002 1502 2105 1559 frui

521 1598 802 1666 ctepimus,
835 1597 974 1653 redit
1003 1613 1132 1653 cura
1160 1593 1445 1652 sermonis.
1491 1596 1658 1652 Sume
1689 1595 1847 1666 igitur
1874 1597 2102 1667 litteras,

519 1702 667 1744 seras
687 1687 929 1758 quidem,
949 1688 1045 1745 sed
1070 1699 1198 1744 voto
1220 1699 1310 1743 tuo
1336 1697 1390 1742 et
1413 1688 1689 1758 proposito
1713 1697 2100 1758 congruentes:

520 1797 639 1852 quae
669 1791 727 1837 ut
753 1782 845 1838 diu
880 1783 1058 1837 dilatae
1088 1790 1240 1846 sunt,
1291 1781 1364 1836 ita
1407 1780 1732 1837 desiderium
1779 1783 1860 1838 sui
1907 1782 2105 1838 indicio

522 1878 744 1935 meliore
773 1871 1093 1948 pensabunt.
1121 1877 1271 1932 Vale.

1151 1970 1372 2028 EPIST.
1413 1971 1471 2026 L.

875 2076 1188 2119 SYIIACRUS
1226 2080 1361 2119 ηΑν
1371 2077 1494 2120 ΙΛΝΟ
1531 2077 1748 2119 FRATRI.

595 2156 701 2213 lter
736 2157 788 2212 in
835 2157 1064 2228 patriam
1111 2158 1216 2213 diis
1262 2157 1568 2228 auspicibus
1613 2156 1910 2226 ordiemur,
1959 2158 2103 2230 quod

521 2250 618 2305 tibi
663 2259 716 2306 et
764 2261 889 2306 ante
934 2259 1267 2320 compertum
1316 2260 1420 2306 est.
1475 2250 1582 2307 Sed
1632 2250 1818 2322 religio
1866 2252 2103 2318 monuit,

522 2351 580 2398 ut
607 2343 714 2399 diei
747 2355 960 2414 quoque
986 2343 1186 2399 certior
1223 2342 1550 2399 reddereris.
1602 2341 1732 2396 Cras
1775 2343 1937 2412 igitur
1966 2346 2102 2399 viam

521 2435 676 2492 nobis
704 2437 852 2492 disce
883 2435 1243 2507 relegendam.
1287 2427 1352 2490 Et
1376 2434 1498 2506 quia
1531 2433 1778 2502 promissi
1809 2437 2105 2492 servantis-

522 2531 693 2587 simus
719 2544 809 2597 es,
852 2529 936 2586 fac
967 2529 1278 2586 memineris
1307 2529 1373 2584 ad
1399 2527 1670 2600 publicum
1697 2527 1943 2584 solemne
1969 2543 2103 2586 con-

523 2623 764 2681 tendere.
789 2623 942 2680 Vale.
1306 2633 1308 2636 '

1132 2692 1353 2750 EPIST.
1392 2693 1482 2752 LI.

883 2805 1193 2847 SYIIACIIUS
1230 2805 1494 2846 ηΑνιΑιιο
1532 2805 1744 2846 FRATRI.

592 2882 887 2939 Emiseram
920 2885 1065 2954 prior
1088 2885 1366 2955 scriptum,
1389 2883 1530 2953 quod
1564 2885 1616 2939 in
1647 2899 1836 2939 manus
1863 2892 1979 2938 tuas
2002 2883 2104 2939 du-

521 2974 646 3030 dum
671 2991 936 3045 praasnmo
958 2977 1193 3035 venisse.
1220 2975 1372 3031 Haud
1395 2977 1620 3032 multum
1645 2963 1907 3046 processit
1932 2976 2100 3045 horae,

521 3081 641 3122 cum
666 3067 872 3131 aderat,
897 3068 984 3138 qui
1011 3082 1043 3125 a
1070 3076 1124 3124 te
1147 3067 1277 3124 mihi
1307 3067 1512 3123 litteras
1537 3065 1838 3123 exhiberet.
1870 3066 2101 3123 Decursa

522 3159 690 3216 oculis
727 3161 918 3230 pagina
961 3161 1159 3230 requiri
1191 3174 1223 3215 a
1253 3176 1338 3221 me
1366 3161 1606 3231 comperi
1635 3159 1778 3216 diem
1818 3163 2104 3232 coaptando

2134 1836 2184 1897 Β

2203 543 2458 615 copiosis.
2486 543 2595 600 Nos
2619 545 2872 601 mandata
2892 547 3132 602 curaturi
3155 561 3362 603 sumus.
3391 546 3498 604 Sed
3524 562 3786 607 memento

2205 641 2411 695 exactis
2436 639 2584 694 feriis
2611 639 2900 709 participes
2922 639 3347 702 facereluxurite
3368 648 3494 707 tuae,
3517 656 3653 711 quos
3677 651 3782 696 tan-

2207 741 2392 804 topere
2421 731 2672 788 laborasti
2701 740 2982 787 consortes
3011 731 3210 787 habere
3231 730 3447 802 jejunii.
3472 731 3621 788 Vale.

2806 847 3024 905 EPIST.
3064 847 3200 902 LIV.

2572 957 2877 999 ειιιωιιοιιυε
2911 956 3175 998 ηλγιλιιο
3211 957 3429 998 FRATRI.

2279 1034 2526 1092 Cratiosa
2567 1044 2652 1090 est
2691 1034 3057 1104 expostulatio
3103 1050 3224 1104 qua:
3269 1032 3498 1104 requirit
3535 1033 3785 1091 ofﬁcium.

2206 1129 2313 1186 Sed
2344 1145 2466 1186 cum
2511 1130 2564 1185 in
2609 1128 2898 1186 scribendo
2941 1145 3215 1200 nunquam
3255 1127 3486 1186 residem
3534 1134 3784 1201 gesserim

2207 1223 2566 1288 voluntatem,
2599 1221 2797 1278 frustra
2841 1221 3100 1292 neglectae
3131 1220 3510 1277 familiaritatis
3549 1236 3782 1277 accusor.

2211 1316 2344 1374 Utor
2372 1316 2423 1372 in
2455 1330 2517 1370 ea
2548 1329 2607 1370 re
2637 1313 2945 1370 testimonio
2989 1313 3265 1368 hominum
3309 1322 3550 1379 tuorum,
3576 1314 3668 1384 qui
3697 1314 3787 1368 du-

2207 1409 2334 1467 dum
2367 1410 2466 1466 sibi
2509 1408 2790 1480 epistolam
2829 1406 3078 1462 traditam
3120 1407 3384 1462 tabellarii
3413 1405 3544 1460 vitio
3568 1405 3784 1459 distule-

2210 1512 2351 1559 runt.
2403 1502 2536 1556 Volo
2584 1500 2746 1571 igitur
2785 1498 2925 1572 apud
2982 1511 3034 1555 te
3091 1506 3316 1554 servatae
3363 1498 3615 1554 amicitia:
3670 1497 3787 1552 mihi

2209 1606 2457 1654 constare
2486 1597 2772 1652 rationem.
2820 1592 2954 1650 Nam
2999 1592 3349 1650 vehementer
3393 1591 3649 1661 injurium
3691 1598 3784 1656 est,

2209 1706 2276 1747 ex
2304 1691 2477 1746 alieno
2508 1687 2756 1760 peccato,
2802 1701 3013 1742 naevum
3051 1685 3266 1742 violata:
3307 1683 3588 1756 religionis
3632 1691 3786 1738 attra-

2213 1785 2360 1841 here.
2384 1783 2538 1839 Vale.

2813 1852 3033 1909 EPIST.
3076 1850 3187 1906 LV.

2577 1958 2881 2000 SYIIIACIIUS
2919 1957 3179 1999 ILAVIANO
3215 1957 3429 1998 FRATRI.

2281 2037 2392 2108 Spe
2420 2038 2576 2094 bona:
2601 2038 2922 2095 valetudinis
2953 2037 3086 2092 mari
3115 2035 3288 2092 vicina
3324 2035 3642 2105 delegimus.
3691 2034 3787 2092 Sed

2209 2145 2311 2187 nec
2335 2131 2460 2187 dum
2491 2146 2648 2186 auras
2675 2131 2918 2204 salubres
2947 2130 3121 2186 ventis
3148 2129 3548 2186 ubluctantibus
3580 2131 3781 2200 experi-

2210 2239 2350 2280 mur.
2370 2223 2506 2279 Hinc
2525 2223 2722 2295 pigrior
2738 2231 2823 2279 est
2843 2232 3102 2279 matronae
3122 2221 3188 2278 ad
3206 2221 3491 2276 sanitatem
3512 2236 3786 2278 recursus:

2209 2320 2294 2378 cui
2325 2321 2369 2375 si
2395 2319 2522 2390 quid
2550 2318 2856 2377 refectionis
2885 2318 3004 2374 dies
3034 2317 3230 2374 melior
3255 2316 3534 2386 adjecerit,
3558 2325 3787 2386 Optatum

2208 2414 2277 2469 de
2310 2429 2372 2468 ea
2411 2412 2664 2469 indicium
2710 2426 2815 2468 non
2848 2411 3122 2467 morabor.
3172 2409 3406 2466 Urbanis
3437 2410 3702 2481 negotiis,
3741 2418 3789 2462 nt

2209 2508 2481 2564 insinuare
2505 2508 2748 2578 dignatus
2763 2523 2842 2573 es,
2863 2507 3089 2576 inquies,
3105 2505 3342 2562 monitor
3359 2519 3583 2561 securus
3610 2505 3785 2560 illudit.

2209 2601 2401 2655 Alieno
2438 2600 2580 2656 enim
2611 2599 2849 2671 periculo
2880 2607 2972 2654 res
2997 2597 3242 2655 inefﬁcax
3269 2608 3323 2654 et
3351 2598 3522 2670 copire
3551 2599 3785 2654 nOCIIIII'd

2209 2700 2473 2756 tentatur;
2524 2701 2582 2746 ut
2641 2705 2762 2746 cum
2817 2690 3036 2746 vilitatis
3078 2700 3252 2746 metus
3297 2690 3348 2745 in
3387 2692 3668 2761 angustias
3705 2705 3786 2744 co-

2207 2787 2380 2856 egerit
2403 2787 2703 2852 civitatem,
2729 2793 2854 2841 tu‘n'c
2893 2800 3055 2854 opum
3085 2785 3272 2840 validis
3301 2796 3562 2856 quaestum
3609 2793 3789 2855 augeat

2209 2895 2364 2934 avara
2396 2878 2650 2934 venditio.
2694 2877 2928 2934 “oscine
2953 2877 3200 2934 homines
3227 2877 3522 2939 arbitreris.
3556 2880 3651 2948 qni
3684 2879 3788 2948 plus

2207 2972 2392 3027 amicis
2439 2971 2664 3027 consilio
2710 2971 2934 3042 nocentf,
2977 2987 3137 3041 quam
3169 2971 3406 3026 inimicis
3432 2972 3558 3027 odio
3599 2970 3785 3028 obease

2209 3064 2551 3136 potuissent?
2583 3064 2686 3122 Sed
2718 3080 2816 3120 nos
2849 3065 3060 3134 publico
3086 3066 3286 3120 dudum
3313 3080 3476 3134 opere
3506 3065 3786 3137 perfuncti,

2207 3158 2380 3214 aliena
2413 3157 2688 3214 sileamus.
2723 3157 2801 3212 Dii
2833 3159 3058 3213 meliora
3088 3160 3411 3228 procurent!
3447 3173 3628 3228 neque
3656 3159 3787 3214 enim

521 3250 700 3308 itineri
728 3223 1074 3309 destinatum.
1128 3253 1234 3308 Sed
1269 3255 1405 3308 hanc
1433 3223 1617 3316 curam
1646 3223 1945 3323 spontaneo
1982 3271 2100 3311 ser-
2129 3223 2177 3289 (ἶ
2205 3245 2438 3322 gaudere
2464 3251 2680 3321 dignum
2709 3261 2813 3319 est,
2844 3251 2889 3306 si
2921 3266 3022 3320 qua
3052 3223 3183 3306 mibi
3215 3252 3330 3306 laus
3357 3267 3419 3306 ex
3450 3223 3678 3308 anterius
3705 3266 3786 3307 er-

515 3357 680 3398 mone
699 3358 1082 3412 pracveneram.
1101 3344 1244 3415 Ergo
1265 3343 1633 3414 respendenda
1651 3347 2102 3415 consumpsimus.

524 3436 656 3501 Quid
690 3444 954 3513 superest,
981 3436 1084 3492 nisi
1107 3446 1164 3492 ut
1184 3436 1424 3507 gratuler
1453 3435 1609 3492 nobis
1634 3436 1845 3492 animos
1867 3451 1988 3493 esse
2013 3452 2104 3493 co-

523 3529 746 3596 gnatos?
781 3529 910 3584 Nam
951 3545 1068 3601 qua:
1104 3537 1158 3584 te
1194 3530 1336 3586 scire
1364 3530 1506 3587 velle
1540 3531 1887 3602 praesumpsi,
1928 3530 2105 3602 prius-

524 3637 678 3692 quam
709 3637 984 3694 qutereres
1013 3623 1265 3680 iudicavi.
1302 3622 1450 3680 Vale.

1125 3731 1358 3794 EPIST.’
1391 3718 1503 3793 LII.

889 3843 1202 3886 SYRIACIIUS
1238 3845 1497 3885 FLAVIANO
1532 3845 1746 3885 FRATRI.

596 3920 818 3976 Reditus
846 3935 910 3976 ac
937 3933 1186 3976 recursus
1214 3922 1267 3976 in
1296 3921 1542 3992 patriam,
1569 3921 1657 3992 qui
1687 3935 1904 3992 semper
1927 3921 2104 3978 omnl-

524 4011 621 4068 bus
638 4010 820 4083 gratus
845 4023 947 4080 est,
970 4013 1292 4070 festinationi
1319 4023 1515 4070 nostrae
1538 4029 1870 4086 nequaquam
1900 4031 1998 4087 pro
2018 4031 2105 4072 ex-

524 4105 854 4175 spectatione
883 4106 1178 4177 respondit.
1210 4103 1410 4163 Causas
1429 4107 1474 4162 si
1492 4105 1828 4170 desideratis,
1855 4108 2102 4179 accipite.

524 4197 638 4252 Iam
671 4200 900 4268 primum
948 4209 1006 4254 ut
1047 4201 1350 4255 communia
1385 4199 1696 4256 domesticis
1730 4200 2100 4271 prmferamus,

524 4287 1068 4348 rem‘frumentariam
1097 4302 1293 4348 nostra:
1321 4292 1467 4349 urbis
1494 4293 1637 4348 nulla
1666 4305 1824 4365 anget
1848 4294 2100 4351 invectio.

526 4384 663 4456 Spes
692 4387 825 4454 ipsa,
855 4402 973 4455 quae
1005 4387 1058 4440 in
1084 4386 1324 4441 adversis
1353 4386 1498 4441 alere
1523 4386 1732 4441 animos
1763 4387 1918 4450 solet,
1951 4401 2104 4443 recu-

525 4485 608 4531 sat
631 4475 879 4546 eﬁ'uginm
911 4473 1187 4544 polliceri,
1217 4490 1340 4528 cum
1369 4475 1570 4530 sterilis
1599 4489 1773 4530 annus
1803 4491 1871 4530 ne
1899 4478 2102 4531 semina

524 4569 738 4639 quidem
769 4567 924 4623 terris
954 4567 1240 4622 commissa
1281 4565 1590 4621 reddiderit.
1645 4566 1850 4622 Dehinc
1879 4577 1934 4622 ut
1962 4567 2102 4638 apud

525 4673 622 4716 vos
649 4657 962 4714 familiarem
985 4673 1164 4713 curam
1197 4658 1497 4728 loquamur,
1527 4668 1680 4728 urget
1702 4659 1949 4715 Ostiense
1977 4677 2107 4730 pra:-

525 4753 672 4808 dium
701 4760 940 4806 nostrum
971 4749 1217 4806 militaris
1247 4750 1550 4820 impressio.
1601 4751 1706 4805 Nos
1734 4751 1912 4821 legum
1945 4755 2104 4810 inane

526 4859 719 4900 nomen
751 4858 1018 4900 vocamus.
1061 4842 1140 4897 Dii
1172 4843 1404 4898 viderint
1429 4842 1631 4898 exitum
1658 4857 1856 4900 causae.
1898 4845 2102 4903 Interea

528 4939 838 4994 mordemur
867 4951 972 4990 non
1015 4947 1162 4992 metu
1201 4935 1418 5004 damni,
1471 4935 1564 4992 sed
1611 4937 1840 4994 civitatis
1887 4938 2100 5010 injuria.

523 5030 858 5102 Collegarum
891 5039 1145 5085 tractatus
1168 5031 1256 5100 qui
1288 5045 1375 5086 me
1395 5031 1698 5098 exciverat,
1715 5031 1932 5089 aeternis
1959 5033 2105 5104 prin-

525 5123 730 5191 cipibus
783 5121 1128 5191 legandorum
1188 5123 1240 5175 in
1295 5122 1529 5178 Africam
1580 5123 1817 5180 virorum
1873 5125 2107 5180 reddidit

526 5218 816 5284 optionem.
866 5211 1125 5268 Cessante
1163 5227 1292 5284 ergo
1331 5223 1540 5284 patrum
1571 5215 1961 5274 deliberatione
1998 5230 2105 5274 non

529 5320 798 5362 vocantur.
828 5303 1003 5360 Vale.-

1114 5375 1327 5432 EPIST.
1371 5375 1503 5431 LIII.

832 5505 834 5508 ν
895 5482 1206 5544 εῖκιιλαιιυδ
1244 5482 1506 5523 FLAVIANO
1533 5482 1746 5522 FRATRI.
1809 5481 1813 5486 ⁷

596 5560 856 5630 Fungeris
884 5559 1012 5616 boui
1034 5560 1213 5616 fratris
1228 5558 1432 5617 ofﬁcio.
1464 5557 1570 5614 Sed
1595 5557 1782 5614 desine
1806 5571 2104 5616 memorem

457 5667 462 5678 '
526 5667 891 5710 commouere.
946 5653 1096 5710 Notae
1127 5653 1280 5710 nobis
1324 5663 1450 5732 sunt
1478 5651 1816 5708 caeremoniae
1841 5651 2100 5724 deorum,

525 5761 579 5808 et
605 5750 735 5806 festa
760 5749 1055 5824 divinitatis
1082 5749 1363 5819 imperata.
1394 5745 1506 5803 Nisi
1537 5745 1672 5801 forte
1700 5761 1786 5802 me
1813 5747 1982 5804 solum
2012 5765 2104 5804 ex-

526 5847 675 5917 sequi
697 5844 866 5902 vicem
906 5851 1051 5902 tuam
1087 5842 1348 5912 postulas,
1371 5851 1425 5898 et
1467 5852 1523 5899 ut
1564 5841 1764 5900 assolet
1805 5857 1892 5899 res
1926 5833 2112 5902 divina

2207 3357 2330 3398 rore
2357 3343 2656 3414 proveniat.
2688 3342 2838 3404 Vale.

2784 3435 3021 3491 'EPIS’I‘.
3063 3433 3198 3493 LVI.

2562 3542 2869 3584 εγιιιιλςιιυς
2908 3543 3168 3584 ηΑνιΑηο
3208 3543 3429 3583 FRATRI.

2276 3621 2334 3677 In
2365 3621 2612 3676 maximis
2641 3622 2856 3691 quidem
2886 3621 3072 3688 rebus,
3105 3623 3231 3692 quid
3272 3623 3401 3677 mihi
3443 3621 3605 3678 studii
3639 3631 3792 3692 atque

2205 3715 2408 3770 amoris
2455 3713 2756 3784 impendas,
2803 3713 3114 3784 frequenter
3141 3710 3376 3769 adverti.
3420 3713 3530 3769 Sed
3560 3724 3790 3784 quoque

2205 3806 2380 3863 crebri
2424 3807 2686 3863 sermonis
2725 3805 2899 3862 ofﬁcia
2924 3847 2941 3876 ,
2987 3815 3046 3862 ut
3087 3815 3211 3876 pote
3245 3820 3316 3862 ex
3361 3805 3551 3860 intimo
3592 3806 3783 3862 affectu

2205 3901 2520 3972 deprompta
2563 3902 2934 3971 complector:
2981 3917 3209 3970 quorum
3247 3892 3542 3956 assiduitas
3580 3903 3782 3957 cultum

2205 3991 2347 4048 circa
2395 4000 2450 4046 te
2497 4007 2676 4048 meum
2725 3994 2834 4064 pari
2886 3994 3035 4050 lance
3088 4005 3419 4065 compensat.
3477 3995 3790 4067 Iucunditas

2207 4097 2336 4139 vero
2368 4092 2512 4139 tanta
2539 4093 2639 4150 est,
2669 4095 2725 4140 ut
2753 4084 2923 4140 fatear
2952 4101 3037 4141 me
3064 4087 3300 4156 alloquio
3330 4097 3421 4143 tuo
3453 4089 3636 4158 potius
3665 4092 3792 4144 inci-

2208 4177 2306 4231 tari
2337 4176 2404 4230 ad
2434 4175 2974 4260 desideriunhqnam
3015 4179 3232 4250 repleri.
3285 4180 3357 4235 Ea
3387 4172 3588 4252 quippe
3617 4191 3794 4237 rerum

2207 4267 2448 4324 omnium
2494 4269 2631 4322 ratio
2676 4280 2835 4338 atque
2885 4278 3070 4325 natura
3120 4273 3226 4338 est,
3279 4279 3338 4326 ut
3380 4287 3503 4342 quae
3549 4272 3796 4329 humanis

2207 4360 2457 4416 sensibus
2503 4359 2880 4426 blandiuntur,
2937 4371 3205 4432 nequeant
3248 4363 3445 4421 offerre
3496 4364 3790 4421 fastidium.

2209 4455 2391 4526 Itaque
2419 4469 2538 4510 cum
2570 4456 2841 4512 solvendis
2869 4467 3028 4528 atque
3065 4459 3286 4529 agendis
3325 4462 3508 4531 gratiis
3553 4477 3654 4532 par
3681 4460 3794 4519 esse

2212 4568 2316 4608 non
2355 4555 2596 4623 possim;
2649 4554 2784 4610 facio
2827 4556 2966 4630 quod
3010 4557 3182 4612 solent
3228 4558 3454 4627 improbi
3501 4559 3796 4627 debitores,

2211 4645 2300 4712 qui
2331 4643 2505 4700 adhuc
2534 4645 2709 4700 alieno
2735 4661 2841 4700 aere
2867 4647 3108 4717 depressi
3136 4649 3354 4718 cupiunt
3381 4651 3617 4704 secundo
3653 4653 3794 4707 nexu

2216 4737 2416 4791 fenoris
2462 4737 2706 4808 obligari.
2757 4739 2934 4806 Quare
2973 4740 3072 4794 etsi
3113 4756 3414 4796 numerosa:
3456 4742 3565 4796 sint
3605 4743 3796 4796 litterae

2214 4835 2353 4894 tute;
2403 4844 2506 4882 non
2551 4839 2607 4882 ut
2649 4831 2910 4900 ingratus,
2955 4831 3050 4886 sed
3095 4841 3153 4886 ut
3195 4833 3432 4887 IIIIIIICIIS
3464 4835 3536 4887 tui
3567 4834 3795 4904 cupidus

2215 4922 2428 4990 postulo
2481 4921 2802 4977 crebriores.
2872 4923 3053 4978 Facile
3097 4933 3277 4979 autem
3331 4926 3523 4995 conjici
3575 4937 3793 4997 potest,

2213 5029 2372 5084 qnam
2395 5014 2567 5069 vicem
2596 5014 2846 5085 colloquii
2882 5017 3089 5071 otiosus
3116 5016 3231 5086 ipse
3260 5015 3539 5086 pollicear,
3573 5032 3694 5073 cum
3731 5001 3804 5090 ab,

2210 5114 2472 5174 oi-cupato
2503 5103 2806 5176 hnjnsmodi
2835 5105 3068 5161 ofﬁcium
3113 5107 3454 5176 impatienter
3481 5123 3792 5181 exposcam.

2211 5194 2357 5250 Vale.

2787 5285 2999 5343 EPIST.
3040 5287 3197 5344 LVII.

2567 5395 2874 5436 SYIIMACIIUS
2913 5399 3175 5438 FLAVIANO
3219 5399 3432 5440 FRATRI.

2285 5473 2379 5530 Diu
2407 5473 2569 5529 domo
2593 5474 2779 5529 abesse
2804 5475 3168 5544 decreveram,
3195 5478 3600 5549 jucundumque
3627 5481 3793 5533 otium

2208 5581 2328 5623 cum
2358 5567 2703 5624 familiaribus
2730 5572 2926 5626 nostris
2955 5574 3004 5626 in
3036 5574 3346 5628 suburbano
3367 5557 3651 5629 Arabians:
3687 5573 3784 5628 cxi-

2208 5665 2421 5732 gebam.
2472 5662 2575 5717 Sed
2605 5663 2726 5732 quin
2763 5664 2894 5718 Fors
2923 5675 3105 5720 versat
3149 5666 3405 5733 humana,
3429 5647 3534 5721 nec
3581 5682 3795 5736 semper

2209 5767 2272 5807 ex
2303 5762 2428 5807 ν..ιο
2457 5751 2719 5816 destinata
2748 5757 3038 5813 succedunt
3063 5775 3076 5810 :
3110 5757 3356 5815 Praefecti
3402 5757 3598 5814 litterae
3628 5775 3792 5824 rupe-

2211 5854 2331 5902 runt
2351 5846 2516 5904 otium
2541 5862 2744 5917 meum,
2766 5865 2886 5918 quae
2907 5851 3061 5909 bona:
3081 5853 3195 5919 spei
3218 5852 3448 5910 sollicita
3471 5851 3790 5911 miscebant.
