3932 6440
155 353 256 412 195
1363 346 1845 406 EPISTOLARIJM
1885 345 2090 403 LIBER
2131 347 2195 403 II.
3333 343 3440 403 13-3

157 467 441 541 Speciatim
469 464 808 538 praesentiam
835 477 1008 518 meam
1034 474 1128 531 per
1149 459 1454 532 ambiguum
1481 475 1734 530 poposce-
1766 465 1821 524 Λ
1845 469 2114 515 exsortem
2142 501 2156 524 ,
2189 475 2458 528 nunquam
2490 459 2824 531 philosophis
2851 470 3238 534 congruentem
3282 443 3437 540 pum-

156 570 295 620 runt.
341 560 458 617 Non
488 558 677 632 diﬂ'ero
705 557 1161 629 exspectationem
1191 565 1360 610 tuam.
1391 553 1734 624 Collegarum
1844 554 2040 624 psisset
2084 564 2354 610 ornatum.
2389 553 2492 610 Sed
2525 555 2590 609 de
2621 555 2723 612 hoc
2770 566 2946 613 vestra
2980 557 3308 634 existimatio
3337 561 3432 627 sit,

154 662 386 711 tractatu
411 662 658 710 senatum
683 651 1036 720 commoveri,
1084 649 1181 706 sed
1221 659 1277 705 et
1296 649 1623 708 oblationem
1658 648 1736 703 fa—
1841 649 1932 718 qui
1960 647 2147 705 talium
2177 664 2354 704 rerum
2380 649 2702 719 profitemini
2734 649 3031 708 notionem.
3070 651 3197 708 Mihi
3243 651 3433 722 religio

153 749 394 804 ciendam
424 747 640 817 scriptis
665 745 1043 803 secretioribus
1075 744 1346 800 indicavit.
1380 745 1526 800 Nihil
1560 745 1736 816 publi-

153 850 352 914 catum,
380 838 514 895 nihil
543 839 739 895 lectum
767 851 868 896 εει.
914 839 1194 907 Quantitas
1224 838 1504 906 postulatae
1535 840 1612 895 rei
1643 856 1736 896 ex-

149 933 339 992 cessit
373 935 700 1005 opulentiam
766 933 1113 1004 recognitam.
1182 931 1400 988 Vastum
1463 932 1735 990 silentium

149 1027 358 1082 cunctis
387 1035 574 1097 stupor
602 1027 810 1082 subitus
835 1025 1135 1096 imperavit.
1167 1026 1285 1092 Quo
1312 1026 1524 1098 longius
1562 1027 1726 1098 prod-

147 1129 309 1173 eunte
359 1117 558 1188 placuit
588 1117 643 1172 in
687 1125 896 1186 tempus
931 1114 1074 1171 aliud
1101 1115 1448 1187 deliberanda
1479 1119 1728 1190 produci,

147 1227 208 1267 ne
259 1211 640 1268 omitterentur
681 1210 976 1266 absentes:
1026 1211 1271 1280 quamvis
1317 1211 1432 1282 ipse
1481 1214 1732 1284 dixerim,

145 1307 355 1374 Roma,
388 1317 478 1361 aut
515 1305 569 1361 in
611 1304 868 1376 proximis
894 1303 1120 1375 positos,
1151 1305 1236 1361 vel
1263 1306 1477 1361 evocari
1508 1305 1731 1376 debere,

145 1403 220 1458 vel
248 1401 486 1467 consuli,
516 1401 844 1472 reliquorum
875 1401 1116 1468 nomine,
1139 1400 1206 1457 de
1226 1402 1507 1460 oblatione
1530 1403 1731 1472 futura,

147 1507 195 1550 ut
244 1499 467 1551 statutis
513 1496 721 1551 ordinis
770 1495 1127 1566 polliceantur
1189 1509 1490 1551 assensum.
1558 1497 1735 1553 llabes

141 1604 357 1644 omnem
391 1605 524 1655 rem,
557 1588 625 1645 de
653 1603 756 1659 qua
785 1588 912 1660 quid
944 1589 1172 1644 sentiam
1221 1587 1352 1643 satis
1398 1588 1560 1644 nosti.
1611 1589 1732 1646 Tibi

140 1682 354 1738 etiamsi
381 1697 539 1738 causa
567 1682 869 1738 communis
890 1691 994 1750 est,
1020 1681 1205 1753 procul
1229 1690 1406 1738 tamen
1429 1682 1643 1751 abesse,
1666 1681 1732 1738 ad

139 1776 391 1832 solatium
420 1774 646 1848 proficit.
674 1775 825 1832 Vale.

723 1866 939 1925 EPIST.
967 1865 1146 1923 LVIII.

615 1979 924 2020 SYIIACHIIS
953 1979 1237 2022 FLAVIANO.

201 2061 378 2120 Paulo
418 2072 544 2121 ante
584 2063 792 2120 litteras
833 2061 979 2119 dedi.
1027 2062 1177 2118 Nunc
1222 2061 1392 2119 reddo
1439 2075 1729 2134 responsa,

139 2158 259 2229 quia
313 2159 420 2215 illis
453 2159 756 2216 necessaria
785 2157 1122 2214 continentur
1156 2171 1172 2212 :
1215 2155 1300 2212 his
1341 2157 1589 2212 salutatio
1616 2155 1732 2212 sola

138 2253 550 2323 pra-stringitur.
585 2252 839 2318 Valemus
860 2295 876 2321 ,
906 2260 964 2307 ut
991 2267 1177 2306 verum
1206 2258 1310 2307 est.
1342 2250 1401 2308 Si
1430 2251 1522 2307 tibi
1553 2250 1734 2307 omnia

136 2359 396 2416 prospere
411 2345 927 2418 fluunt,scriptionis
953 2345 1056 2401 fide
1085 2360 1373 2405 commune
1399 2346 1600 2404 bonum
1622 2362 1736 2404 me-

137 2451 252 2492 cum
293 2436 576 2509 participa.
611 2436 765 2494 Vale.

733 2529 949 2586 EPIST.
991 2529 1131 2586 LIX.

613 2638 925 2682 SYIIIACHUS
955 2639 1237 2680 FLAVIANO.

200 2713 584 2772 Suburbanum
629 2715 890 2786 praedium
912 2759 929 2786 ,
971 2717 1114 2787 quod
1141 2715 1242 2771 via:
1273 2716 1458 2786 Appiae
1487 2715 1726 2788 adjacet,

134 2809 471 2876 incolebam,
520 2825 644 2866 cum
688 2811 820 2865 mihi
864 2810 1073 2866 litteras
1122 2819 1240 2866 tuas
1284 2809 1338 2865 in
1385 2811 1486 2865 hoc
1534 2810 1730 2868 missus

134 2903 400 2966 exhibuit.
432 2903 582 2961 Nosti
612 2921 737 2962 rura
766 2922 885 2976 quae
915 2906 1206 2978 loquimur,
1231 2905 1320 2962 ubi
1345 2922 1565 2978 magnas
1585 2907 1729 2964 aedes

136 2998 182 3054 in
215 3001 460 3070 angustis
493 3002 685 3057 finibus
709 3000 991 3068 collocavi.
1026 2999 1123 3056 Hic
1144 2999 1302 3056 dulce
1323 3000 1490 3056 otium
1515 3002 1582 3074 (si
1602 3002 1727 3072 quid

133 3091 336 3160 absque
383 3100 434 3146 te
461 3091 618 3148 dulce
664 3093 770 3161 est)
800 3090 1074 3162 paulisper
1111 3091 1404 3161 exegimus.
1438 3090 1589 3146 Nunc
1623 3091 1725 3147 Ve-

132 3181 280 3237 stalis
311 3181 435 3238 festi
457 3182 650 3255 gratia,
678 3183 897 3239 domum
923 3190 1135 3254 repeto,
1155 3183 1393 3238 incertus
1411 3189 1728 3240 maneamne

1844 740 1964 812 fuit,
1998 757 2194 813 negare
2245 743 2406 800 verba
2440 745 2702 814 poscenti.
2737 744 2930 804 Facies
2959 746 3141 818 itaque
3169 762 3285 804 rem
3315 762 3430 803 mo-

1842 851 1960 892 rum
1989 846 2224 907 tuorum.
2256 838 2299 892 si
2325 853 2425 907 ope
2448 849 2606 910 atque
2642 842 2972 898 humanitate
3010 840 3275 898 fortunam
3305 854 3429 910 per-

1839 929 2131 1006 egrinantis
2159 931 2448 1003 adjuveris.
2486 933 2631 1006 Vale.

2433 1024 2646 1082 EPIST.
2681 1025 2841 1084 LXII.

2198 1132 2510 1177 SYIIACIIUS
2555 1137 2816 1178 ηΑνιΑΝο
2853 1137 3066 1176 FRATRI.

1911 1211 2196 1280 Postquam
2222 1212 2521 1268 Gaudentio
2542 1215 2832 1284 apparitori
2860 1226 2949 1270 tuo
2976 1213 3203 1269 indicem
3227 1213 3427 1285 peracti

1836 1320 1866 1359 a
1897 1320 1983 1360 me
2025 1306 2235 1362 itineris
2264 1307 2543 1376 epistolam
2595 1309 2754 1374 dedi,
2799 1324 2964 1379 agens
3004 1308 3056 1363 in
3097 1309 3258 1364 rebus
3297 1309 3428 1364 tnihi
3469 1299 3472 1302 ’

1835 1400 2141 1470 apportavit
2165 1415 2346 1455 sacras
2380 1401 2585 1457 litteras
2615 1403 2726 1472 spei
2757 1412 2811 1458 ει
2841 1402 3109 1459 desiderio
3129 1417 3427 1474 congruen-

1837 1502 1938 1559 tes,
1969 1493 2162 1563 qnihus
2190 1509 2575 1564 cognoscerem
2608 1498 2754 1552 clare
2778 1497 2832 1552 in
2864 1513 3021 1552 aures
3052 1498 3290 1567 publicas
3331 1497 3425 1552 de-

1834 1585 2194 1656 signationem
2244 1591 2552 1645 consulatus
2606 1591 2710 1646 mei
2749 1590 2945 1648 debere
2987 1591 3235 1662 proferri.
3288 1592 3427 1660 Quid

1834 1679 1995 1751 igitur
2016 1684 2214 1738 eximio
2242 1697 2422 1738 animo
2446 1692 2537 1738 tuo
2571 1683 2768 1740 laetitia:
2799 1684 2984 1754 plenus
3015 1693 3289 1754 exoptem,
3318 1682 3424 1738 nisi

1835 1779 1893 1826 ut
1915 1773 2074 1828 simili
2099 1790 2219 1829 mox
2250 1774 2489 1830 fruamur
2503 1777 2665 1832 etiam
2685 1777 2751 1831 de
2774 1785 2826 1832 te
2842 1776 3066 1847 gaudio;
3093 1775 3236 1846 quod
3261 1789 3423 1844 spero

1762 1863 1807 1925 Β
1834 1865 2106 1922 dominum
2139 1879 2378 1925 nostrum
2409 1869 2795 1936 Theodosium,
2821 1870 3185 1927 venerabilem
3211 1869 3419 1926 cunctis

1837 1967 1890 2013 et
1916 1961 2183 2031 praecipue
2212 1961 2388 2028 bonis,
2418 1963 2591 2018 solida
2615 1964 2666 2019 in
2697 1964 2901 2020 amicos
2923 1963 3232 2032 dignatione
3257 1963 3425 2019 factu-

1836 2067 1987 2106 rum:
2015 2053 2278 2123 siquidem
2308 2055 2527 2126 dignum
2546 2065 2648 2122 est,
2667 2055 3130 2128 utaugustissimis
3160 2057 3423 2113 honorum

1836 2154 2142 2201 nostrorum
2196 2156 2450 2216 patronus
2495 2157 2673 2220 aequet
2716 2149 3096 2221 dignitatibus,
3145 2163 3281 2218 quos
3324 2147 3427 2206 scit

1837 2236 2104 2294 mentibus
2133 2240 2442 2296 convenire.
2481 2240 2632 2298 Vale.

2411 2333 2627 2390 EPIST.
2661 2334 2844 2393 LXIII.

2203 2443 2510 2485 SI'IIACIIUS
2539 2446 2802 2486 FLAVIANO
2837 2446 3053 2488 FRATRI.

1907 2516 2196 2577 Cresconio
2223 2521 2399 2577 amico
2437 2538 2560 2578 meo
2602 2538 2840 2581 amorem
2872 2526 3222 2584 tuum.multa
3245 2525 3422 2585 conci-

1836 2609 1983 2664 liant.
2020 2610 2200 2666 Primo
2221 2613 2362 2684 quod
2391 2629 2576 2671 sacras
2616 2616 2858 2688 litteras,
2889 2619 3082 2691 quibus
3112 2620 3424 2676 consulatus

1832 2703 1940 2757 mei
1980 2704 2284 2776 designatio
2316 2717 2543 2776 tenetur,
2578 2710 2852 2778 exhibuit;
2901 2711 3096 2770 dehinc
3123 2711 3266 2782 quod
3297 2727 3422 2768 eum

1835 2798 2000 2865 patria
2043 2799 2218 2854 Africa
2260 2815 2365 2856 non
2396 2801 2573 2858 minus
2610 2803 2741 2870 tibi,
2770 2819 2930 2874 quam
2962 2805 3095 2860 mihi
3123 2821 3245 2862 cara
3275 2820 3422 2860 com-

1833 2891 2070 2945 ntendat.
2117 2890 2281 2961 Cujus
2333 2907 2512 2949 mores
2563 2909 2686 2950 cum
2746 2895 2983 2964 primore
3030 2895 3150 2952 loco
3199 2909 3423 2952 censere

1830 2980 2131 3050 debuerim,
2180 2984 2342 3040 malui
2373 2995 2462 3041 tuo
2488 2980 2722 3044 examini
2754 3003 3050 3045 reservare.
3077 2989 3301 3059 Suscipe
3324 2989 3424 3061 igi-

1831 3083 1937 3142 tur,
1966 3091 2064 3132 oro
2091 3086 2164 3144 te,
2196 3087 2383 3134 notum
2416 3080 2622 3136 militiae
2650 3081 2845 3149 virum,
2868 3081 2960 3153 qui
2979 3097 3040 3139 se
3065 3082 3272 3154 apicem
3302 3081 3422 3136 feli-

1829 3167 2006 3223 citatis
2026 3168 2201 3226 credit
2230 3169 2559 3240 babiturum,
2591 3172 2638 3230 si
2664 3187 2789 3230 eum
2828 3173 3112 3246 patrocinii
3143 3173 3217 3230 tui
3241 3174 3422 3245 splen-

133 3289 244 3329 cutn
276 3274 512 3342 civibus,
543 3289 624 3330 an
645 3289 831 3332 rursus
856 3275 1119 3330 in’vicina
1147 3274 1459 3332 concedam.
1494 3274 1573 3331 Tu
1599 3275 1726 3346 quid
1753 3263 1802 3330 C
1831 3258 1929 3316 dor
1959 3260 2245 3320 illuminel-
2273 3261 2427 3320 Vale.

132 3381 287 3436 agere
337 3368 600 3424 decernas
649 3366 804 3440 (nam
850 3379 1001 3424 certe
1039 3367 1187 3438 justo
1235 3367 1436 3423 diutius
1481 3366 1724 3439 abfuisti)

134 3459 301 3516 debeo
325 3474 679 3532 cognoscere.
704 3459 874 3516 Vocat
899 3462 1046 3517 enim
1086 3471 1139 3517 te
1166 3461 1220 3516 in
1248 3461 1455 3518 curiam
1487 3471 1725 3516 nostram

133 3551 236 3607 diis
264 3554 575 3610 auctoribus
613 3554 1005 3625 quamprimum
1035 3554 1303 3611 candidati
1330 3555 1435 3612 mei
1477 3555 1726 3627 designa-

139 3646 245 3710 tio;
275 3645 362 3701 cui
392 3661 560 3718 supra
601 3661 790 3704 omnes
837 3655 1160 3703 ornamento
1202 3647 1310 3703 eris
1336 3689 1352 3715 ,
1402 3647 1492 3717 qui
1523 3662 1623 3703 nos
1641 3647 1727 3704 vel

133 3737 409 3796 afﬁnitatis
436 3739 526 3796 vel
547 3739 800 3796 amicitiae
827 3739 1024 3796 officiis
1051 3748 1465 3811 prosequentur.
1499 3739 1652 3797 Vale.

754 3848 972 3912 EPIST.
1001 3854 1115 3910 LX.
1190 3903 1192 3905 ,

511 3962 818 4004 SYIIIACIIUS
847 3963 1110 4004 ηΑγιΑκο
1136 3963 1350 4005 FRATRI.

203 4038 371 4095 Vacui
390 4039 533 4110 apud
559 4039 834 4110 Neapolim
866 4040 990 4107 soli,
1023 4041 1162 4112 quod
1194 4041 1325 4097 mihi
1352 4057 1419 4098 ex
1459 4053 1550 4096 tuo
1577 4041 1729 4112 adja-

129 4142 230 4200 cet,
264 4144 326 4188 ut
373 4131 519 4189 aedes
559 4147 726 4189 novas
771 4133 1024 4199 molirer,
1055 4142 1394 4204 optaveram,
1427 4142 1482 4189 tu
1515 4149 1726 4190 mecum

128 4242 288 4298 opera
330 4226 618 4283 Lucellana
663 4228 900 4298 partiris.
945 4227 1012 4283 Et
1058 4243 1126 4283 ne
1163 4227 1494 4285 verecundia
1528 4228 1728 4284 retfuet

131 4321 398 4389 oblatum,
431 4335 596 4392 negas
623 4320 698 4377 tui
741 4321 885 4391 juris
929 4321 1119 4387 videri,
1147 4322 1286 4392 quod
1309 4335 1408 4392 ego
1439 4337 1616 4377 meum
1644 4322 1728 4378 fa-

128 4420 244 4468 teor
271 4424 386 4469 non
409 4411 599 4470 fuisse.
641 4413 879 4483 Patere,
928 4421 987 4468 ut
1012 4413 1188 4469 saltim
1231 4413 1458 4484 gratiam
1503 4415 1597 4470 tibi
1633 4414 1727 4472 de-

129 4505 305 4564 beam.
328 4504 520 4579 Neque
547 4508 693 4564 enim
721 4507 801 4563 fas
829 4514 935 4574 est,
969 4505 1107 4562 mala
1139 4506 1243 4562 ﬁde
1269 4522 1356 4564 me
1381 4521 1723 4578 recuperare,

127 4601 268 4672 quod
299 4615 525 4672 possum
556 4601 694 4657 bona
724 4613 960 4656 sumere.
991 4598 1195 4670 Adjicis
1235 4607 1495 4670 praeterea
1526 4600 1726 4656 lenoci-

2409 3336 2626 3416 EPIST.
2649 3345 2835 3416 LXIV.

2205 3466 2519 3509 δγιιιιιιοιιυδ
2547 3468 2810 3510 ηΑνιΑΝο
2831 3469 3044 3510 FRATRI.

1903 3563 2130 3622 Exercet
2164 3581 2252 3623 me
2289 3568 2506 3638 quidem
2549 3570 2742 3627 votivis
2785 3586 2851 3626 ac
2899 3570 3141 3628 felicibus
3186 3572 3421 3646 negotiis

1829 3659 2152 3726 pragmatici
2179 3662 2513 3719 consulatus.
2544 3662 2651 3720 Sed
2677 3671 2733 3720 ιιι
2759 3664 2951 3722 litterae
2980 3667 3418 3739 tutnfrequenter
3510 3701 3522 3710 ι

1828 3752 2027 3808 indicio
2055 3762 2198 3822 sunt,
2224 3763 2314 3812 tua
2339 3771 2436 3827 pro
2464 3772 2550 3814 me
2574 3773 2702 3814 cura
2720 3759 3116 3830 praeponderat.
3154 3759 3418 3830 Hortaris,

1829 3859 2041 3904 mones.
2070 3848 2240 3920 cogis,
2266 3857 2326 3904 ιιι
2365 3849 2624 3920 quidquid
2649 3852 2909 3922 potissimi
2935 3853 3278 3924 magistratus
3302 3853 3418 3909 fun-

1827 3937 1936 3992 Ctio
1961 3941 2172 4008 quaerit,
2203 3941 2536 4008 accelerem;
2587 3951 2643 3999 et
2664 3959 2786 4000 cum
2816 3945 2890 4000 sis
2922 3961 3055 4001 meae
3082 3957 3299 4002 exactor
3329 3947 3414 4002 in-

1827 4029 2069 4100 dustrire,
2095 4032 2440 4092 nihilominus
2461 4037 2642 4093 omnia
2657 4037 3006 4096 sollicitudini
3027 4050 3132 4094 tua:
3152 4041 3412 4097 vindicas.

1829 4121 2014 4178 Eritne
2057 4131 2266 4196 tempus
2299 4123 2533 4194 optatum
2560 4170 2576 4196 ,
2607 4144 2716 4200 quo
2745 4131 2900 4186 istam
2934 4139 3166 4187 mentem
3195 4131 3415 4202 paribus

1829 4226 1928 4283 pro
1955 4224 2009 4268 te
2053 4213 2245 4270 ofticiis
2284 4217 2562 4274 districtus
2593 4221 2917 4292 mquiparem
2935 4222 2959 4276 ἲ
2979 4219 3148 4292 Spero
3175 4231 3413 4279 actutum

1829 4305 2053 4363 florente
2078 4309 2291 4378 republ.
2319 4319 2374 4366 et
2399 4311 2694 4385 propagato
2725 4314 2777 4369 in
2799 4329 2982 4385 parvum
3012 4313 3214 4371 domini
3244 4319 3414 4373 nostri

1828 4398 2114 4457 Theodosii
2163 4400 2489 4474 principatu,
2520 4407 2746 4463 virtutes
2793 4415 2914 4464 tuas
2963 4407 3414 4466 fascibus-mune-

1829 4491 2044 4548 randas.
2092 4492 2244 4551 Tunc
2280 4496 2630 4567 epistularum
2674 4501 2924 4557 stimulos
2969 4515 3074 4556 non
3115 4501 3409 4572 requiram,

1830 4602 1930 4643 nec
1957 4591 2280 4659 exspectabo
2307 4594 2648 4652 monitorem.
2688 4596 2732 4651 A
2759 4605 2812 4654 te
2837 4597 2979 4653 enim
3027 4596 3189 4654 didici
3217 4607 3410 4668 sponte

131 4651 268 4763 ἶιῖἐξ
284 4651 1423 4766 ἇιῖίῐιῖἷιιῖἇὲίἷυῖιῖ’ξειίᾆέίξεζιὶᾆέιῖίιῖιὲίὲέΞ
1442 4651 1720 4764 gaias...
1750 4651 1806 4714 υ
1827 4651 2102 4751 suscipere
2141 4683 2396 4755 quidquid
2440 4703 2534 4758 pro
2558 4651 2734 4745 fratre
2774 4651 3409 4752 euéa.au.;.'.’s1$va.1

131 4789 422 4858 porticum,
436 4787 610 4844 solido
629 4795 686 4844 et
699 4787 1015 4857 incorrupto
1034 4800 1200 4856 opere
1221 4794 1520 4856 curvatam,
1543 4785 1724 4842 multis

132 4881 182 4938 in
212 4882 609 4954 longitudinem
641 4881 888 4952 passibus
919 4880 1216 4950 explicari;
1257 4880 1423 4936 vicina
1454 4895 1577 4937 esse
1602 4894 1724 4952 qua:

129 4988 418 5044 construe,
445 4986 504 5034 et
529 4990 693 5047 parvo
730 4974 1103 5032 aedificationis
1139 4973 1354 5046 negotio
1382 4973 1524 5045 quod
1552 4973 1723 5030 inter-

130 5075 278 5129 venit
305 5089 468 5145 posse
506 5073 744 5131 misceri.
770 5073 907 5142 Quid
943 5073 1156 5132 laboras
1179 5073 1438 5130 adversus
1467 5087 1726 5130 verecun-

129 5165 271 5220 diam
302 5163 512 5222 πιειωῖ
538 5165 650 5234 Ego
670 5177 884 5235 quoque
908 5163 1066 5231 facio,
1092 5162 1233 5233 quod
1255 5177 1492 5220 recusas.
1524 5163 1722 5220 Gratus

131 5273 250 5313 sum
279 5259 496 5315 muneri
521 5267 613 5314 tuo
643 5275 659 5314 :
691 5257 785 5314 sed
812 5272 1004 5314 vereor
1030 5272 1120 5323 ne,
1149 5256 1441 5334 accedente
1481 5267 1720 5328 sumptu,

131 5350 256 5406 dum
309 5359 492 5408 vetera
537 5350 693 5406 novis
738 5349 964 5406 nitimur
1017 5349 1298 5416 aemulari,
1351 5349 1642 5420 intelligam
1673 5358 1725 5406 te

132 5446 341 5514 ajora
383 5445 524 5503 velle
571 5443 897 5513 concedere,
939 5459 1097 5516 quam
1130 5459 1217 5502 me
1248 5459 1407 5516 posse
1451 5459 1723 5515 reparare.

135 5534 290 5596 Vale.
941 5587 944 5593 .

729 5609 947 5667 EPIST.
991 5608 1126 5665 LXI.

509 5716 822 5759 διιιιιΑειιυε
850 5695 1112 5757 ruvuno
1137 5689 1351 5757 ruunt.

207 5793 279 5853 Ut
310 5795 520 5853 habitus
545 5804 602 5852 et
629 5795 794 5850 crinis
821 5794 1018 5850 indicio
1056 5803 1160 5860 est,
1189 5777 1452 5864 Serapam
1485 5807 1591 5848 non
1637 5793 1726 5848 lit-

140 5896 377 5946 terarum
400 5890 648 5956 peritiam
677 5886 996 5956 pollicetur:
1028 5886 1180 5956 cujus
1207 5887 1252 5942 si
1291 5899 1352 5942 se
1391 5884 1725 5944 meminisset

2409 4818 2624 4904 EPIST.
2659 4821 2818 4878 va.

2309 4952 2924 5022 SYMIIACIIUSWFLAVIANO.

1899 5048 2345 5119 Astipulationem
2397 5052 2654 5122 prmclara
2701 5056 2896 5121 merita
2935 5072 3042 5112 non
3088 5057 3410 5128 requirunt:

1831 5139 2095 5211 siquidem
2144 5144 2313 5198 virtus
2341 5159 2438 5199 sua
2469 5146 2587 5201 luce
2612 5148 2901 5220 conspicua
2948 5157 3227 5214 aversatur
3263 5151 3410 5205 auxi-

1832 5232 1962 5289 lium
1995 5235 2475 5292 commendationis
2521 5238 2732 5307 alienae.
2785 5240 2927 5312 Ergo
2967 5227 3106 5308 cum
3135 5240 3411 5308 dominum

1833 5335 1889 5383 et
1919 5327 2137 5384 fratrem
2181 5345 2358 5386 meum
2400 5329 2661 5388 Licinium
2689 5333 2958 5390 celebrem
2986 5319 3259 5391 feceritad
3285 5351 3412 5392 nor-

1835 5434 1976 5475 mam
2006 5421 2204 5477 veteris
2237 5421 2534 5493 disciplinae
2562 5425 2858 5498 gubernata
2889 5441 3053 5495 resp.,
3086 5427 3212 5497 quid
3239 5436 3412 5499 potest

1834 5512 1882 5569 ei
1928 5512 2200 5584 dignitatis
2245 5515 2478 5590 adjicere
2527 5517 2728 5587 privata
2781 5516 3046 5573 laudatio?
3093 5519 3204 5576 Hac
3255 5521 3411 5590 igitur

1835 5608 2111 5678 praemissa
2138 5617 2309 5679 parte,
2341 5611 2556 5680 optimm
2585 5609 2639 5665 in
2666 5610 2869 5666 amicos
2895 5608 3020 5668 fidei
3040 5627 3105 5669 ac
3133 5613 3416 5687 diligentia-

1831 5699 2027 5765 virum,
2059 5701 2314 5768 praecelsa
2344 5701 2524 5756 animo
2570 5709 2662 5756 tuo
2691 5709 2820 5772 opto
2846 5701 3058 5761 sociare
3090 5723 3105 5760 :
3137 5707 3414 5778 nonquod

1826 5793 2082 5862 judicium
2132 5804 2278 5848 tuum
2309 5809 2488 5849 serum
2532 5808 2597 5849 ac
2639 5794 2854 5852 diflicile
2902 5795 2976 5854 sit
3016 5797 3082 5854 ad
3113 5799 3399 5868 colligenda

1834 5886 2042 5956 ingenia
2082 5896 2134 5943 ct
2177 5887 2531 5957 explorandae
2556 5887 2862 5948 voluntates
2891 5891 3178 5958 bonorum,
3208 5888 3303 5949 sed
3350 5905 3410 5948 ne
