3932 6440
539 384 640 447 195

536 594 732 669 justum
758 602 970 669 tempus
996 587 1253 648 examini.
1283 583 1432 640 Vale.

1142 675 1356 737 EPIST.
1387 673 1575 731 LXVI.

908 786 1213 831 επηκλειιυε
1240 783 1500 826 FLAVIANO
1523 779 1733 820 FRATRI.

609 869 665 925 Si
690 867 941 924 amicitiae
965 880 1181 936 semper
1209 862 1344 919 ratio
1380 859 1658 931 deposcit,
1690 869 1788 911 cur
1816 862 2003 910 mutua
2034 865 2129 908 ne—

538 964 680 1035 gotia
731 961 950 1018 alterius
985 960 1238 1030 juvemus
1297 953 1526 1021 officiis,
1574 958 1774 1021 quanto
1828 944 2129 1017 impensior

539 1055 857 1112 utilitatibus
882 1052 1302 1125 propinquorum
1329 1060 1459 1102 cura
1489 1043 1737 1110 debetur,
1768 1054 1997 1111 quorum
2024 1052 2127 1093 no-

539 1150 620 1207 bis
644 1150 781 1206 bona
812 1156 867 1204 et
889 1146 1115 1203 adversa
1140 1140 1445 1200 communia
1473 1137 1636 1194 sunt?
1658 1134 1795 1205 Quid
1816 1132 1959 1204 quod
1984 1145 2129 1201 saepe

540 1243 750 1299 bonitas
788 1254 966 1297 causa;
995 1236 1331 1301 cohortatur,
1364 1241 1423 1289 ut
1452 1229 1598 1301 quod
1627 1229 1891 1284 debemus
1918 1223 2127 1296 generi,

541 1336 839 1391 tribuamus
858 1330 1155 1404 promptius
1177 1325 1448 1398 aequitati?
1469 1325 1599 1392 Qua:
1612 1337 1699 1378 me
1716 1334 1822 1375 non
1841 1317 2017 1373 minus
2031 1327 2131 1386 pro

543 1426 656 1493 illo,
684 1440 842 1496 quam
865 1419 1202 1479 necessitudo
1226 1415 1540 1485 commovit,
1562 1422 1621 1471 ut
1649 1413 1766 1484 ipse
1792 1410 1955 1469 etiam
1984 1422 2133 1465 com-

541 1534 695 1595 perto
742 1537 807 1578 ex
860 1520 1117 1576 relatione
1167 1513 1398 1572 Victoris
1431 1509 1742 1583 spectabilis
1780 1506 1880 1562 viri
1921 1504 2134 1575 negotio

538 1613 819 1687 iudicabis.
846 1611 976 1668 Nam
992 1624 1101 1681 quo
1125 1623 1215 1665 res
1238 1606 1420 1663 notior
1443 1604 1619 1672 fieret,
1647 1600 1875 1673 publica
1895 1595 2137 1669 epistola:

543 1705 709 1762 malui
758 1707 1001 1775 exempla
1047 1702 1293 1766 sociare,
1344 1714 1413 1754 ne
1441 1696 1568 1768 quid
1611 1693 1806 1751 ﬁducia
1829 1691 2012 1748 dicere
2040 1702 2138 1760 per

1686 372 1748 439 ρ.
1793 365 2139 427 AURELIUS
2177 358 2613 421 SYMMACIIUS.

535 501 711 559 brevis
758 500 899 559 inter
953 510 1050 553 vos
1098 508 1225 551 usus
1282 501 1337 548 et
1368 491 1615 547 festinata
1651 484 1911 542 discessio
1958 488 2117 550 neget
2144 478 2201 541 Α

3694 359 3791 428 106

2792 475 3008 534 EPIST.
3031 475 3240 532 LXXII.

2706 582 3018 626 SYIIACIIUS
3038 583 3319 626 FLAVILNO.

2300 685 2393 743 Vir
2426 684 2757 744 clarissimus
2797 685 3105 743 Honoratus
3148 684 3466 758 cumprimis
3511 682 3642 740 mihi
3684 685 3795 743 vitae

2228 778 2635 852 honestatisque
2657 780 3011 853 complacitus
3032 786 3135 837 est.
3161 778 3338 835 Credo
3352 777 3610 850 judicium
3634 795 3795 835 meum

2229 872 2327 929 tibi
2368 872 2707 946 aspernabile
2735 888 2843 930 non
2874 872 3071 932 videri.
3123 872 3176 929 ld
3204 874 3250 930 si
3278 875 3349 929 ita
3379 882 3497 943 est,
3526 882 3699 945 neque
3725 890 3798 930 me

2229 967 2413 1040 opinio
2454 967 2649 1027 frustra
2696 970 2768 1025 tui
2796 968 2979 1038 habet,
3003 968 3239 1026 futurum
3268 987 3414 1042 reor,
3440 977 3497 1025 ut
3515 984 3583 1027 ex
3610 984 3797 1040 prsero-

2230 1063 2406 1133 gativa
2438 1061 2593 1119 istius
2630 1064 2920 1121 testimonii
2961 1063 3028 1119 ad
3078 1062 3498 1121 familiaritatem
3546 1063 3799 1136 praeclara

2232 1154 2597 1210 unauimitatis
2640 1164 2743 1211 tuae
2761 1196 2781 1225 ,
2805 1156 2960 1228 quasi
3011 1154 3105 1213 tibi
3136 1155 3302 1214 etiam
3331 1156 3526 1215 sedulo
3551 1163 3801 1229 spectatus

2233 1247 2474 1304 accedat.
2508 1245 2659 1305 Vale.

2786 1338 3006 1398 EPIST.
3036 1339 3270 1398 LXXIII.

2718 1447 3025 1490 SYIIIIACIIUS
3053 1449 3335 1493 FLAVIANO.

2309 1525 2549 1582 Delectat
2585 1540 2678 1582 eos
2722 1525 3033 1599 frequenter
3071 1527 3265 1598 affari,
3310 1542 3540 1599 quorum
3588 1528 3804 1583 animum

2236 1618 2345 1679 mei
2372 1629 2639 1697 amantem
2664 1620 3001 1679 documentis
3031 1623 3205 1679 habeo
3230 1623 3659 1694 comprobatum.
3683 1624 3806 1690 Cape

2239 1711 2398 1783 igitur
2425 1713 2632 1769 litteras
2673 1730 2843 1783 meas,
2884 1730 3017 1785 quas
3045 1715 3165 1771 ideo
3213 1715 3443 1772 libenter
3468 1714 3675 1783 emitto,
3704 1716 3805 1786 quia

540 1797 768 1871 gratiam
813 1797 1104 1869 judicarer.
1133 1793 1308 1860 Nunc,
1336 1793 1379 1847 si
1410 1792 1506 1845 tibi
1550 1788 1800 1844 voluntas
1824 1800 1943 1879 mea
1981 1781 2133 1841 cordi
2166 1871 2208 1879 Δ
2242 1781 2520 1877 τειίείοηίε
2566 1816 2672 1863 um
2712 1781 2950 1868 vicissim
3008 1824 3200 1879 pascor
3247 1809 3517 1879 alloquiis.
3566 1781 3694 1878 Quae
3720 1781 3808 1862 ἠε

542 1902 655 1958 rst,
711 1901 903 1961 praesta
953 1889 1077 1944 huic
1122 1884 1404 1958 quastioni
1455 1891 1719 1974 maturam
1750 1878 2093 1937 securitatem
2119 1915 2135 1946 ,
2166 1871 2215 1934 Β
2242 1871 2438 1957 ac“,ng
2486 1916 2583 1956 nos
2631 1900 2792 1958 debet
2838 1902 2907 1956 ad
2946 1871 3125 1957 officia
3170 1871 3537 1974 ρτοωρίίοη,
3576 1871 3704 1957 Eum
3731 1898 3809 1954 ubi

548 1998 706 2051 quain
738 1996 835 2054 pro
854 1980 1058 2052 juStitia
1083 1979 1244 2035 etiam
1273 1991 1360 2032 me
1386 1975 1583 2032 silente
1606 1973 1871 2032 deierres.

868 2082 873 2083 '
1112 2068 1331 2127 EPIST.
1361 2068 1571 2125 LXVII.

911 2177 1223 2223 SYIIACHUS
1254 2176 1522 2220 FLAV'IANO
1548 2175 1769 2217 FRATRI.

618 2257 786 2317 Parva
832 2267 917 2317 est
963 2255 1365 2315 commendatio
1414 2255 1740 2327 scriptorum
1783 2265 2063 2318 meorum,
2095 2265 2142 2307 si

552 2356 833 2410 Leontium
864 2351 1182 2407 familiarem
1225 2350 1484 2406 innocens
1523 2347 1631 2403 vita
1659 2348 1814 2404 bonis
1838 2346 2142 2417 quibusque

543 2449 822 2505 conciliat.
850 2446 961 2504 Suo
990 2446 1149 2516 igitur
1180 2444 1436 2515 praeditus
1468 2443 1693 2511 merito,
1732 2439 2141 2511 ‘astipulationis

546 2540 872 2603 adminicula
906 2554 1013 2594 non
1041 2537 1299 2608 requirit;
1328 2547 1383 2593 et
1406 2546 1588 2592 tamen
1615 2534 1887 2590 abstinere
1912 2548 2017 2588 non
2048 2532 2142 2587 de-

544 2638 650 2694 beo
681 2637 771 2694 tali
800 2648 999 2709 genere
1026 2633 1351 2699 litterarum,
1403 2631 1572 2701 magis
1603 2638 1663 2684 ut
1701 2627 1955 2683 amicitia:
1986 2625 2143 2681 satis-

549 2731 774 2799 faciam,
818 2742 979 2800 quam
1004 2726 1056 2783 ei
1099 2725 1302 2797 aliquid
1344 2725 1461 2796 opis
1489 2722 1784 2779 conferam.
1823 2721 1903 2776 Tu
1934 2728 2140 2776 tantum

547 2836 645 2894 pro
667 2820 998 2893 dignatione,
1027 2832 1131 2890 qua
1158 2816 1341 2873 clarus
1367 2830 1447 2882 es,
1480 2813 1641 2871 facito
1668 2813 1880 2869 noverit
1915 2812 2143 2884 gratiam

547 2916 626 2973 sui
665 2928 786 2973 meo
811 2926 1027 2986 quoque
1054 2911 1274 2969 nomine
1303 2924 1425 2966 esse
1454 2908 1795 2980 geminatam.
1828 2905 1983 2964 Vale.

1110 3002 1331 3061 EPIS'I'.
1356 3000 1591 3058 LXVIII.

907 3113 1226 3157 εῖιιιιισιιυε
1255 3111 1521 3154 ηΔνιΑΝο
1555 3109 1771 3153 FRATRI.

616 3195 846 3251 Brevem
872 3206 1098 3250 necesse
1116 3199 1206 3250 est
1226 3203 1351 3248 esse
1371 3202 1700 3255 sermonem,
1723 3186 1815 3260 qui
1831 3186 2145 3257 properanti

547 3295 770 3359 repente
816 3286 1191 3343 committitur.
1223 3284 1402 3353 Quare
1455 3290 1511 3338 et
1552 3258 1755 3337 officio:
1781 3280 1911 3335 satis
1958 3288 2041 3337 est
2086 3258 2220 3336 etC

550 3381 801 3439 brevitati
859 3379 1118 3453 temporis
1148 3377 1432 3449 congruit,
1464 3383 1520 3430 ut
1549 3375 1692 3431 circa
1723 3382 1775 3430 te
1804 3373 2139 3428 salutationis

553 3478 759 3535 honore
800 3473 1114 3547 perfungar.
1170 3468 1611 3527 Vicissitudinem
1669 3482 1799 3524 vero
1845 3465 2140 3536 elilagitare

550 3586 657 3627 non
709 3569 912 3637 debeo,
956 3581 1118 3639 quam
1159 3563 1294 3621 mihi
1352 3562 1588 3619 arbitror
1640 3575 1673 3616 a
1722 3561 1842 3616 viro
1888 3557 2140 3615 amicitiae

553 3660 964 3719 servantiasimo
1003 3658 1169 3718 etiam
1197 3656 1317 3714 sine
1356 3654 1731 3712 admonitione
1770 3652 2137 3712 referendam.

555 3750 703 3812 Vale.

1125 3820 1344 3881 EPIST.
1372 3820 1564 3879 LXIX.

1038 3930 1347 3973 SIIHACHIJS
1375 3930 1654 3971 FLAVIANO.

625 4014 695 4072 Ut
716 4014 879 4070 silere
903 4026 1010 4070 non
1038 4025 1259 4082 possem
1278 4049 1300 4079 ,
1350 4009 1561 4081 quoties
1598 4006 1797 4081 stylum
1828 4007 2020 4064 invitat
2042 4021 2137 4064 oc-

548 4107 730 4173 casio;
781 4106 853 4161 ita
886 4105 939 4160 si
980 4104 1127 4162 desit
1163 4117 1325 4160 causa
1375 4101 1635 4173 longioris
1663 4101 1908 4171 alloquii,
1940 4101 2138 4158 seriem

548 4201 761 4271 paginae
800 4197 1008 4269 stringe
1044 4194 1388 4266 compendio.
1419 4194 1639 4266 Loquax
1668 4194 1814 4251 enim
1843 4196 1997 4265 copia
2036 4203 2141 4263 est,

548 4311 670 4367 qua:
717 4295 772 4349 in
800 4309 862 4350 re
885 4293 1080 4350 usitata
1099 4300 1259 4361 atque
1284 4289 1515 4347 solemni
1542 4290 1835 4347 verborum
1877 4289 2145 4347 redundat

552 4387 758 4443 eluvie.
785 4386 933 4442 Have
958 4385 1118 4455 igitur
1145 4382 1293 4450 dico,
1318 4391 1376 4439 et
1393 4382 1628 4439 vicissim
1650 4390 1801 4453 peto,
1833 4391 1889 4438 ut
1910 4397 1997 4439 me
2016 4396 2144 4453 pro-

552 4492 832 4550 sperorum
857 4487 1070 4535 tuorum
1099 4475 1299 4533 indicio
1325 4475 1653 4532 muuereris.
1682 4473 1835 4532 Vale.

1146 4586 1363 4644 EPIST.
1388 4587 1552 4644 LXX.

2244 1996 2370 2053 hinc
2425 1993 2694 2053 commodi
2742 1992 2946 2051 fenoris
3012 1995 3211 2069 largior
3259 2010 3419 2054 usura
3478 1994 3811 2067 respondeat.

2240 2087 2396 2147 Vale.

2789 2158 3005 2217 EPIST.
3040 2159 3280 2218 LXXIV.

2714 2265 3023 2309 εγιωιοιίυε
3066 2266 3345 2309 ηΑγιΑκο.

2315 2344 2722 2402 Valentinianus
2742 2354 3016 2414 protector
3038 2346 3238 2401 dudum
3264 2345 3566 2417 patrocinio
3585 2346 3814 2403 culminis

2244 2440 2318 2496 tui
2341 2456 2439 2512 per
2465 2454 2553 2496 me
2582 2439 2809 2495 traditus
2836 2450 3000 2510 atque
3019 2440 3361 2508 commissus,
3394 2439 3709 2496 domesticis
3733 2453 3812 2494 oc-

2242 2535 2621 2605 cupationibus
2664 2534 2925 2590 attinetur
2955 2550 2974 2590 :
3005 2544 3168 2604 atque
3216 2534 3340 2590 ideo
3387 2548 3713 2604 magnopere
3738 2545 3817 2601 po-

2245 2630 2418 2699 poscit
2460 2628 2531 2683 ob
2552 2627 2802 2684 eumdem
2830 2628 2931 2684 sibi
2959 2628 3178 2699 aliquod
3203 2628 3476 2698 negotium
3508 2641 3611 2697 per
3649 2626 3819 2681 subur-

2245 2723 2411 2779 banas
2464 2722 2768 2792 provincias
2816 2722 3116 2794 impetrari.
3170 2723 3350 2791 Quare
3399 2722 3566 2779 decus
3594 2730 3819 2777 nostrum

2243 2814 2495 2871 familiari
2543 2829 2667 2872 meo
2693 2814 3060 2872 desideratum
3094 2830 3288 2870 munus
3317 2814 3549 2871 exclude
3574 2854 3591 2882 ,
3624 2820 3715 2868 aut
3736 2812 3818 2867 im-

2247 2919 2399 2979 petra
2439 2916 2829 2974 commeatum,
2865 2922 2976 2980 quo
3010 2907 3181 2979 possit
3230 2921 3262 2963 a
3303 2905 3528 2963 militari
3566 2915 3705 2963 nota
3737 2902 3819 2961 sub

2247 3006 2349 3061 hae
2367 3002 2745 3076 impetratione
2773 3003 3013 3061 defendi.
3046 3003 3193 3060 Vale.

2822 3138 3035 3198 EPIST.
3054 3137 3269 3197 LXXV.

2731 3248 3047 3293 BVIHCBUS
3066 3247 3348 3293 FLAVIANO.

2312 3353 2449 3410 Cum
2476 3355 2530 3410 in
2556 3353 2763 3425 judicio
2784 3353 3121 3433 praefectura
3138 3352 3344 3409 famosa
3364 3365 3529 3409 causa
3551 3352 3816 3423 penderet,

2242 3448 2537 3515 Discolius,
2567 3448 2662 3519 qui
2702 3448 2835 3503 furti
2872 3446 3142 3503 detulerat
3180 3447 3488 3511 actionem.
3530 3446 3823 3515 multosque

2243 3542 2413 3599 nostri
2442 3541 2648 3599 ordinis
2699 3541 2847 3597 viros
2872 3541 3252 3598 criminatione
3301 3540 3716 3611 perstrinxerat,
3745 3551 3824 3594 oc-

2240 3637 2387 3694 culte
2408 3650 2536 3694 cum
2561 3637 2670 3695 reis
2699 3637 2828 3693 inita
2860 3638 3127 3706 pactione,
3161 3650 3269 3692 non
3312 3636 3432 3692 sine
3460 3634 3825 3707 disceptatoris

2242 3731 2443 3788 invidia
2468 3731 2636 3788 elusit
2651 3744 2902 3788 examen.
2927 3729 3009 3785 Ad
3037 3729 3198 3800 hujus
3220 3728 3694 3799 investigationem
3713 3726 3826 3782 mis-

2241 3840 2333 3882 sus
2366 3824 2662 3896 apparitor,
2682 3825 2727 3879 si
2756 3822 3202 3895 praetorianorum
3234 3820 3620 3877 adminiculum
3653 3818 3825 3876 sortia-

2244 3929 2329 3975 tur
2354 3961 2367 3985 ,
2420 3918 2707 3990 proclivior
2752 3916 2977 3975 facultas
3023 3914 3334 3973 retrahendi
3359 3914 3696 3973 accusatoris
3722 3925 3827 3968 eve—

2240 4012 2375 4070 niet.
2404 4011 2632 4067 interest
2660 4008 2885 4080 publica:
2915 4006 3237 4077 disciplinae,
3270 4006 3539 4076 simulque
3558 4005 3827 4062 adfamam

2240 4103 2480 4174 pertinet
2525 4100 2852 4173 cognitoris,
2893 4108 2951 4155 ut
2984 4114 3109 4156 eum
3144 4112 3360 4155 summo
3396 4098 3574 4156 studio
3618 4095 3827 4168 conqui-

2240 4197 2407 4255 situm
2449 4195 2632 4253 reduci
2669 4198 2725 4252 in
2752 4193 3013 4266 judicium
3050 4193 3150 4250 sub
3178 4194 3403 4251 custode
3424 4193 3741 4266 praecipias,
3768 4206 3828 4248 ne

2242 4290 2615 4349 innocentiam
2644 4298 2956 4348 senatorum
3002 4290 3236 4351 obnoxia
3268 4289 3578 4351 rumoribus
3602 4285 3828 4359 suspicio

2242 4382 2543 4445 decoloret.
2576 4384 2726 4441 Vale.

2803 4482 3021 4539 EPIST.
3052 4480 3290 4543 LXXVI.

2728 4591 3041 4634 SVIIACBUS
3078 4592 3364 4634 ηλνιυιο.

924 4695 1235 4740 “llum”
1259 4694 1525 4736 ηΑνιΑκο
1547 4696 1761 4737 Ριιλτιιιο
2169 4654 2229 4719 D
2324 4692 2492 4747 Amor
2536 4701 2659 4747 tuus
2714 4693 2766 4747 in
2800 4693 3086 4748 Domitium
3125 4700 3284 4749 notus
3314 4699 3370 4747 et
3398 4690 3610 4746 validus
3640 4688 3830 4746 ademit

624 4776 983 4833 Humanitatis
1008 4775 1233 4831 interest
1259 4773 1784 4832 commendationem
1815 4775 2029 4833 deferre
2050 4791 2137 4847 po-

2252 4785 2385 4842 mibi
2406 4788 2815 4852 commendandi
2840 4790 2957 4858 ejus
2988 4787 3226 4844 laborem
3244 4804 3259 4841 :
3274 4802 3372 4857 pro
3392 4800 3501 4855 quo
3516 4787 3621 4842 hoc
3633 4793 3828 4841 tantum

553 4870 846 4929 δοθηιίδυεο
882 4869 939 4925 Ῑη
983 4866 1223 4924 Ζθηοδίο
1265 4874 1443 4922 autem
1488 4868 1606 4924 ιεῙίε
1634 4868 1796 4926 omo“
1823 4884 1983 4926 0³1³⁸³
2016 4883 2144 4940 ΡΜ*
2249 4880 2454 4938 dixisse
2482 4882 2771 4949 suffecerit,
2800 4883 2928 4938 mihi
2955 4897 3170 4953 quoque
3198 4881 3448 4938 eumdem
3478 4880 3653 4950 prisca
3681 4877 3827 4934 fami-

554 4964 770 5037 Ρθηεῖον
800 4970 914 5032 εει,
946 4976 1069 5019 cum
1100 4961 1172 5017 δίε
1210 4958 1485 5017 familiaris
1511 4977 1694 5030 meus:
1721 4972 1882 5035 atque
1902 4962 2037 5019 adeo
2064 4961 2145 5018 illi
2250 4972 2483 5028 liaritate
2507 4972 2777 5044 conjungi.
2807 4974 2939 5041 Quae
2971 4989 3057 5029 res
3086 4973 3161 5028 illi
3184 4974 3578 5030 incrementum
3604 4970 3831 5044 patroci—

552 5056 811 5115 debeator
833 5054 1010 5127 potius
1032 5068 1193 5127 quam
1221 5061 1510 5125 praestetur
1537 5055 1771 5113 affectio.
1804 5055 1940 5112 llinc
1962 5064 2145 5125 patro—
2250 5065 2326 5120 nii
2361 5066 2465 5133 tui,
2516 5075 2576 5122 ut
2620 5082 2804 5137 spero,
2838 5067 3117 5137 praestabit
3146 5086 3160 5122 :
3192 5066 3612 5137 probabiliorem
3638 5067 3831 5137 quippe

553 5152 750 5208 είιιίυω
773 5149 848 5205 ίυί
873 5148 1033 5219 ωριο
1055 5146 1360 5219 Pronum;
1389 5148 1521 5204 Nam
1540 5150 1771 5220 Primum
1803 5158 1905 5214 εει,
1932 5158 1988 5203 ιιι
2016 5163 2141 5206 meo
2246 5171 2371 5213 eum
2392 5157 2490 5213 tibi
2518 5156 2678 5214 faciet
2708 5158 3008 5214 communis
3058 5158 3355 5215 similitudo
3378 5157 3587 5227 indicii.
3632 5158 3829 5213 Interea

553 5242 808 5314 suﬂragio
840 5240 1092 5313 diligatur
1122 5256 1139 5310 ;
1181 5240 1476 5299 secundum
1505 5242 1640 5310 erit,
1677 5251 1731 5297 ut
1752 5240 1835 5296 sui
1861 5240 2144 5300 honestate
2242 5265 2345 5307 nos
2391 5253 2530 5308 ursis
2555 5266 2702 5321 saepe
2746 5252 3058 5322 promissis,
3091 5260 3147 5310 et
3172 5253 3266 5308 diu
3304 5252 3564 5322 speratis,
3594 5254 3695 5309 sub
3724 5252 3830 5321 ipso

554 5336 906 5409 complaceat.
932 5335 1083 5395 Vale.

1123 5425 1342 5484 EPIST.
1374 5425 1565 5483 LXXI.

1026 5537 1341 5581 BYIIACEUS
1370 5533 1647 5577 FLAVIANO.

622 5616 1005 5686 Considerans,
1027 5616 1155 5688 quid
1174 5614 1305 5670 mihi
1326 5612 1527 5667 amoris
1554 5609 1792 5683 digneris
1806 5610 2140 5686 impendere,

552 5710 785 5769 arbitror
805 5710 1035 5785 Cyriaco
1064 5707 1361 5764 domestico
1382 5718 1503 5761 meo
1533 5704 1630 5763 has
1662 5705 1868 5764 litteras
1890 5708 2139 5779 profutu-

553 5820 667 5876 ras,
700 5801 893 5876 quibus
934 5812 1118 5870 quaeso
1160 5806 1219 5853 ut
1253 5795 1688 5856 commoditatem
1721 5798 1839 5871 ejus
1884 5812 2133 5874 prompto

552 5895 735 5954 favore
759 5888 1038 5963 respicias.
1075 5884 1222 5948 Vale.

2246 5342 2474 5400 articulo
2499 5344 2736 5400 muneris
2758 5344 3077 5414 indigemus.
3106 5345 3205 5401 Vix
3232 5344 3375 5401 enim
3406 5358 3610 5414 paueos
3628 5343 3831 5399 catulos

2248 5445 2547 5492 maceratos
2569 5435 2745 5492 inedia
2764 5443 2822 5491 et
2848 5436 3026 5492 labore
3051 5437 3394 5507 suscipimus.
3417 5436 3483 5490 Et
3501 5435 3569 5491 de
3593 5435 3832 5491 leonibus

2251 5527 2390 5584 fama
2418 5529 2674 5584 conticuit
2704 5546 2715 5582 :
2751 5544 2981 5599 quorum
3004 5531 3265 5586 adventus
3297 5539 3476 5601 posset
3506 5530 3750 5596 efﬁcere,
3781 5535 3833 5581 ut

2252 5634 2497 5676 ursorum
2554 5619 2820 5676 defectum
2880 5623 3191 5689 congressio
3248 5622 3443 5694 Libyca
3496 5628 3828 5692 repensaret.

2252 5710 2473 5769 Unciam
2522 5711 2676 5785 panis
2721 5712 2985 5770 malitiose
3025 5722 3080 5770 et
3108 5722 3314 5771 temere
3344 5714 3642 5772 restitutam
3674 5728 3829 5785 spon—

2252 5812 2402 5861 tanea
2448 5806 2694 5863 voluntas
2741 5806 2920 5878 populi
2950 5806 3155 5880 redegit
3194 5808 3247 5863 in
3286 5808 3435 5879 copia
3469 5807 3826 5863 conditorum.

2250 5898 2379 5955 Tuta
2423 5900 2566 5971 igittti
2608 5902 2782 5957 omnia
2826 5911 2982 5972 atque
3010 5915 3194 5960 secura
3244 5910 3402 5972 sunt,
3448 5916 3565 5972 qua:
3593 5898 3825 5956 animum
