3932 6450
243 369 342 427 197

1451 361 1936 424 EPISTOLARUM
1975 361 2179 420 LIBER
2220 355 2282 418 Il.

236 495 392 542 tuum
426 486 550 557 jure
592 482 928 540 mordebant.
980 481 1156 553 Atque
1195 483 1398 538 utinam
1443 481 1832 537 sollicitudines
1857 484 1913 543 Α
1935 478 2089 545 mini,
2120 477 2213 548 qui
2242 477 2522 548 apparatui
2544 479 2662 550 ejus
2693 478 2843 549 plura
2869 488 2926 538 et
2945 481 3203 553 praclara
3229 485 3417 558 tribuis
3431 484 3518 540 tis.

235 577 556 648 quaestorias
576 591 674 651 par
688 589 1033 634 successuum
1055 573 1284 632 felicitas
1315 573 1646 646 mitigasset!
1681 573 1830 630 Vale.

773 687 989 750 EPIS'I‘.
1029 691 1294 750 LXXVII.

591 801 908 844 SYIIACIIUS
945 802 1213 844 ςιΑνιΑκο
1250 802 1468 844 FRATRI.

315 879 555 938 Editioni
586 882 828 938 muneris
857 881 1026 938 nostri
1055 890 1112 937 et
1142 881 1338 938 usitata
1366 892 1422 938 et
1471 879 1686 937 insolita
1721 894 1752 935 a
1784 888 1834 936 te

234 972 622 1041 conferuntur;
651 975 719 1028 ita
743 974 925 1029 omnia
951 974 1018 1029 ad
1038 974 1434 1031 conciliandum
1454 974 1707 1044 quaestori
1734 988 1834 1029 no-

233 1075 353 1121 stro
383 1066 556 1136 plebis
583 1065 826 1122 favorem
855 1067 1252 1124 etsolemuium
1309 1083 1485 1122 rerum
1533 1066 1713 1137 largus
1780 1075 1834 1121 et

235 1171 507 1215 novarum
532 1168 779 1229 repertor
806 1159 1080 1232 excogitas
1111 1176 1126 1215 :
1161 1167 1222 1215 ut
1245 1173 1388 1217 nunc
1412 1167 1618 1230 septem
1661 1159 1836 1216 Scoti-

235 1266 429 1308 corum
457 1267 650 1309 canum
679 1253 924 1324 probavit
942 1251 1182 1320 oblatio;
1211 1268 1346 1326 quos
1375 1253 1718 1325 pmlusiouis
1745 1252 1834 1310 die

233 1345 315 1400 ita
337 1345 509 1402 Roma
535 1345 726 1403 mirata
755 1353 861 1413 est,
883 1353 944 1402 ut
961 1346 1159 1410 ferreis
1186 1347 1376 1404 caveis
1412 1356 1636 1417 putaret
1664 1345 1828 1404 adve-

233 1449 377 1494 ctos.
406 1437 552 1509 Ergo
579 1447 636 1496 et
663 1438 824 1509 hujus
851 1439 929 1494 rei
962 1452 1126 1495 causa
1155 1449 1212 1496 et
1243 1447 1503 1510 praeterea
1550 1453 1832 1497 munerum

233 1541 584 1598 caterorum,
624 1540 852 1602 quantas
897 1546 1151 1601 possum,
1197 1534 1462 1590 maximas
1496 1533 1700 1605 gratias
1732 1532 1830 1589 tibi

234 1639 344 1695 ago
373 1641 388 1678 :
417 1625 545 1681 licet
572 1626 626 1681 in
657 1625 758 1692 his,
792 1639 912 1697 quas
940 1625 1182 1683 studiose
1212 1625 1474 1682 fratribus
1500 1640 1600 1697 pro
1626 1625 1834 1696 magni-

237 1718 430 1775 tudine
449 1719 613 1774 animi
643 1720 718 1776 tui
735 1719 948 1790 tribuis,
973 1719 1294 1778 beneﬁcium
1315 1731 1370 1777 te
1389 1735 1496 1777 non
1517 1729 1674 1790 putes
1700 1735 1833 1791 prte-

237 1821 412 1886 Itare,
437 1815 534 1873 sed
556 1830 792 1874 sumere.
827 1815 978 1873 Vale.

767 1909 986 1967 EPIST.
1029 1909 1310 1967 LXXVIII.

728 2017 1040 2059 SYIIIACBUS
1075 2018 1355 2059 ηλνωιο.

320 2097 456 2153 Pars
484 2097 762 2154 hominum
793 2097 1126 2169 compendiis
1155 2108 1208 2154 et
1235 2098 1530 2169 quaastibus
1557 2097 1793 2169 gaudent
1819 2113 1835 2164 ;

253 2207 348 2248 me
372 2193 551 2248 votiva
577 2192 813 2252 delectat
849 2191 1126 2263 expensio.
1182 2191 1367 2263 Itaque
1413 2191 1604 2248 avidus
1648 2193 1838 2248 civicae

240 2286 766 2358 gratiae,iqua:storis
794 2287 887 2343 lilii
923 2287 1030 2344 mei
1051 2285 1354 2357 sumptibus
1375 2287 1566 2342 studeo
1586 2286 1729 2342 aliud
1747 2303 1839 2358 ge-

239 2395 348 2436 nus
395 2379 660 2452 largitatis
689 2381 926 2452 adjicere
952 2423 968 2450 ,
1002 2389 1062 2436 nt
1097 2381 1382 2436 curulibus
1421 2379 1650 2437 stabulis
1679 2379 1838 2437 Urbis

240 2483 467 2531 acterna:
492 2474 659 2532 etiam
687 2476 850 2545 quina
877 2474 1144 2546 mancipia
1173 2475 1482 2547 largiamur.
1497 2475 1566 2532 Et
1584 2476 1836 2547 quoniam

237 2581 528 2624 servorum
556 2583 654 2639 per
682 2568 905 2625 limitem
930 2568 1105 2625 facilis
1131 2567 1392 2635 inventio,
1414 2579 1471 2626 et
1496 2569 1726 2640 pretium
1747 2583 1840 2625 so-

242 2661 324 2718 let
357 2675 484 2718 esse
510 2661 823 2728 tolerabile;
869 2677 1033 2734 quam
1081 2663 1320 2719 maxime
1359 2672 1411 2720 te
1451 2662 1737 2733 deprecor,
1783 2673 1839 2719 ut

243 2771 348 2827 per
374 2755 623 2814 homines
651 2765 908 2814 strenuos
931 2757 1118 2829 viginti
1134 2758 1362 2830 juvenes
1391 2759 1650 2829 praedicto
1677 2774 1840 2832 nego-

241 2848 325 2904 tio
354 2857 717 2919 congruentes
742 2848 937 2920 jubeas
963 2850 1294 2920 comparari.
1323 2849 1382 2906 In
1411 2865 1574 2923 quam
1602 2867 1719 2907 rem
1750 2866 1840 2909 so-

243 2941 392 2998 lidos
415 2942 485 2997 ad
514 2949 568 2998 te
594 2943 744 3010 misi,
773 2941 952 2999 habita
980 2943 1345 3004 restimatione
1373 2943 1675 3012 hominum,
1701 2960 1841 3016 quo-

245 3048 369 3093 rum
399 3050 508 3092 non
530 3033 728 3102 forma,
762 3036 857 3093 sed
897 3045 1034 3094 artas
1067 3043 1124 3093 et
1164 3037 1371 3094 sanitas
1406 3037 1696 3109 deligenda
1731 3047 1836 3096 est.

293 3148 321 3182 il

249 3121 405 3187 Vale.

787 3200 1005 3259 EPIST.
1046 3202 1288 3259 LXXIX.

719 3307 1030 3351 BYIIACBUS
1066 3311 1350 3354 FLAVIANO.

321 3389 504 3447 Fratri
526 3399 713 3448 nostro
735 3390 1110 3448 Andromacho
1131 3407 1321 3450 omnes
1339 3391 1494 3450 bona:
1519 3401 1665 3449 artes
1687 3393 1838 3448 fami-

253 3486 419 3541 liares
451 3493 598 3552 sunt,
628 3485 721 3542 sed
769 3499 877 3554 pra:
908 3485 1121 3542 caeteris
1153 3485 1308 3553 fides,
1341 3501 1446 3560 qua
1491 3497 1840 3558 exspectatus

255 3576 388 3632 mibi
419 3587 569 3634 tuum
609 3591 822 3649 quoque
859 3577 1122 3648 judicium
1150 3587 1302 3650 optat
1331 3579 1622 3637 demereri.
1657 3581 1840 3653 Itaque

253 3670 383 3725 dum
428 3679 483 3726 te
522 3672 760 3740 expetit,
811 3671 914 3727 iter
962 3671 1249 3729 imbecillis
1291 3688 1476 3746 grave,
1529 3675 1842 3747 gracilitatis

246 3778 366 3820 sua:
394 3763 594 3819 oblitus
621 3764 858 3821 intravit.
887 3765 1012 3822 Haec
1052 3766 1133 3822 illi
1157 3767 1392 3826 maxime
1419 3784 1579 3827 causa
1613 3771 1716 3828 fuit
1741 3788 1843 3844 pro

249 3857 496 3924 viribus,
548 3866 604 3912 ut
633 3857 766 3913 solet
807 3858 1123 3930 plerumque
1169 3862 1379 3919 animus
1407 3877 1503 3933 spe
1550 3871 1608 3927 et
1647 3866 1844 3935 gaudio

245 3954 505 4012 morbum
535 3954 738 4010 levare.
791 3954 1042 4011 Advenis
1087 3957 1248 4026 igitur
1289 3973 1448 4028 quam
1502 3969 1752 4030 prompto
1789 3969 1876 4017 et'

247 4047 437 4119 patulo
467 4046 716 4104 amicitias
745 4046 867 4104 sinu
897 4049 1257 4120 recaptandus
1281 4050 1384 4119 sit,
1415 4051 1507 4121 qui
1532 4053 1606 4108 tui
1632 4051 1844 4109 deside-

254 4141 400 4196 rium
421 4155 537 4194 suat
562 4138 855 4196 valetudini
885 4140 1142 4211 praetulit.
1189 4140 1326 4209 Quid
1367 4143 1558 4214 plura?
1585 4153 1847 4215 appeten-

246 4233 352 4290 dus
384 4233 479 4288 tibi
507 4231 667 4300 foret,
702 4233 804 4288 nisi
836 4244 886 4289 te
911 4245 1102 4304 sponte
1133 4245 1471 4306 sequeretur.
1503 4237 1644 4306 Ergo
1659 4252 1846 4296 accur-

250 4328 398 4382 renti
431 4325 740 4398 religiosam
765 4343 981 4384 manum
1007 4329 1249 4401 porrige;
1277 4340 1334 4386 ut
1362 4331 1454 4403 qui
1485 4339 1534 4386 te
1561 4333 1711 4388 novit
1738 4334 1848 4388 vir-

251 4421 461 4477 tutibus
512 4420 881 4490 superiorem,
938 4422 1326 4480 communitate
1376 4438 1561 4495 parem
1627 4426 1843 4483 sentiat.

249 4513 412 4572 Vale.
1143 4577 1151 4584 .

816 4584 1034 4644 EPIST.
1074 4585 1290 4648 LXXX.

624 4691 928 4733 SYIMACBUS
966 4692 1230 4736 ηΑνιΑΝο
1267 4695 1484 4735 FRATRI.

326 4763 777 4831 Commendatum
807 4770 997 4826 mihia
1035 4771 1203 4829 fratre
1247 4787 1369 4830 meo
1419 4773 1622 4831 llilario
1671 4776 1843 4832 virum

251 4863 670 4923 devotissimum
697 4862 1000 4928 Titianum;
1031 4879 1140 4934 quo
1180 4865 1288 4920 alio
1319 4879 1536 4936 possum
1575 4867 1844 4924 beneficio

253 4957 555 5023 munerari,
587 4971 749 5026 quam
781 4965 838 5011 ut
868 4967 1209 5016 eumsancto
1241 4959 1442 5028 pectori
1487 4975 1576 5016 tuo
1620 4975 1727 5017 non
1758 4976 1844 5017 as-

253 5048 570 5121 pernandus
601 5057 847 5118 precator
873 5048 1177 5106 insinuem?
1223 5050 1292 5107 Et
1337 5051 1450 5124 jam
1500 5067 1661 5125 spero
1709 5056 1844 5126 peti-

251 5143 392 5198 tioni
420 5156 556 5198 mea:
584 5154 856 5198 cessuram
911 5140 1222 5200 felicitatem
1243 5188 1258 5214 ,
1307 5145 1524 5216 quando
1560 5162 1626 5204 eo
1661 5149 1844 5204 studio

243 5247 423 5306 atque
449 5235 726 5305 proposito
752 5249 830 5302 es,
865 5243 924 5289 ut
965 5235 1136 5292 instar
1175 5238 1361 5308 gratia
1399 5239 1636 5310 habeas,
1675 5241 1718 5297 si
1746 5242 1844 5299 tibi

253 5327 560 5399 psobabilis
581 5328 792 5385 amicus
813 5327 1060 5385 accedat.
1091 5328 1245 5386 Vale.

799 5442 1016 5500 EPIST.
1060 5443 1292 5502 LXXXI.

735 5551 1039 5593 SHIIACHUS
1075 5551 1356 5594 ηΑνιΑιιο.

341 5629 503 5687 Filius
523 5640 708 5688 noster
725 5629 1333 5703 Symmachus,peracto
1347 5648 1571 5691 munere
1593 5635 1848 5693 candida-

257 5727 328 5792 ti,
359 5722 512 5781 offert
533 5722 633 5780 tibi
653 5723 800 5781 dona
820 5725 1134 5796 quaestoria,
1159 5734 1214 5781 et
1237 5733 1464 5783 caeteras
1493 5729 1845 5785 necessitudi-

259 5831 365 5874 nes
387 5827 598 5874 usuras
623 5815 740 5889 pari
765 5815 969 5874 honore
987 5814 1295 5888 partlcipat.
1345 5817 1541 5888 QUIBSO
1585 5820 1747 5892 igitur
1787 5831 1846 5878 ut

260 5910 388 5982 aias
407 5910 627 5972 nonin
651 5911 866 5987 amica
886 5921 942 5972 et
959 5911 1293 5986 apophoreta
1343 5915 1620 5988 suscipere
1647 5918 1837 5990 digne-

1936 571 2210 631 Pratterea
2234 571 2457 628 domino
2483 584 2535 628 et
2578 573 2805 644 principi
2843 582 3031 631 nostro
3071 575 3136 630 ad
3181 576 3516 636 referendam

1937 666 2165 736 largitati
2195 665 2312 738 ejus
2337 666 2577 724 sedulam
2609 668 2811 738 magis,
2840 684 3002 739 quam
3047 684 3231 739 parem
3259 670 3511 741 gratiam,

1935 772 2067 813 auro
2092 759 2487 816 circumdatum
2517 761 2794 832 dypticum
2845 761 2992 818 misi.
3036 762 3278 820 Ceteros
3303 777 3519 836 quoque

1929 850 2140 906 amicos
2163 851 2418 908 eburneis
2447 853 2802 923 pugillaribus
2827 863 2885 910 et
2908 854 3206 912 canistellis
3247 856 3521 925 argenteis

1933 941 2216 999 honoravi.
2248 943 2378 1000 Tuas
2403 943 2569 1015 igitur
2596 947 2870 1016 potestati,
2917 956 3012 1004 tuo
3056 963 3270 1018 quoque
3294 948 3523 1006 arbitrio

1933 1036 2241 1106 committo,
2263 1046 2321 1092 nt
2330 1037 2632 1110 opportune
2654 1040 2904 1111 singulis,
2921 1056 3047 1113 quae
3059 1042 3226 1099 missa
3243 1049 3375 1101 sunt
3389 1041 3524 1100 olle-

1932 1141 2140 1192 rantur.
2174 1132 2320 1189 Vale.

2473 1227 2689 1284 EPIS'I‘.
2729 1227 2990 1286 LXXXII.

2420 1334 2727 1376 SHIIACIIUS
2767 1337 3044 1378 ηΑνωιο.

2005 1410 2157 1466 Multi
2195 1427 2227 1464 a
2273 1427 2361 1470 me
2407 1414 2843 1472 conciliationem
2893 1415 3208 1472 litterariam
3257 1431 3525 1487 poposce-

1938 1512 2101 1569 runt;
2128 1503 2225 1560 sed
2249 1505 2600 1575 quorumdam
2629 1507 2860 1576 meritis,
2887 1509 3120 1566 aliorum
3149 1511 3401 1580 precibus
3429 1527 3523 1582 pa-

1933 1611 2051 1655 rem
2077 1597 2306 1668 gratiam
2333 1600 2461 1658 dedi
2488 1618 2506 1658 :
2533 1616 2636 1659 nec
2667 1613 2842 1660 tamen
2871 1619 3086 1672 vereor,
3119 1620 3188 1660 ne
3209 1605 3302 1661 tibi
3325 1605 3524 1662 civium

1933 1691 2115 1762 ignota
2141 1691 2417 1752 distinctio
2441 1695 2513 1750 sit
2543 1738 2559 1766 ,
2603 1695 2861 1766 judicium
2886 1697 2955 1754 de
2985 1699 3072 1754 his
3117 1713 3406 1756 commune
3436 1717 3522 1757 re-

1933 1786 2154 1852 colenti.
2185 1787 2348 1846 Dabis
2369 1788 2530 1861 igitur
2559 1789 2612 1845 in
2651 1790 2971 1862 quibusdam
3015 1792 3355 1850 verecundis
3389 1809 3528 1850 mea:

1863 1874 1912 1938 B
1941 1879 2174 1946 veniam,
2197 1895 2318 1950 qua:
2341 1883 2509 1938 cessit
2531 1883 2836 1940 orantibus.
2863 1883 3127 1956 Sequeris
3151 1896 3362 1953 autem,
3383 1886 3527 1956 quod
3611 1923 3618 1930 -

1941 1970 2049 2026 scis
2077 1971 2144 2027 de
2173 1973 2400 2044 singulis
2429 1986 2715 2048 utrumque
2754 1977 2980 2036 sentire.
3025 1978 3164 2035 Puto
3210 1994 3276 2035 ex
3306 1980 3390 2035 his
3410 1995 3527 2038 ver-

1941 2063 2044 2135 bis,
2075 2081 2182 2136 quo
2215 2069 2266 2122 in
2293 2082 2521 2126 numero
2541 2068 2712 2128 filium
2743 2080 2991 2130 nostrum
3036 2072 3277 2128 Attalum
3317 2081 3527 2143 specta-

1935 2157 2102 2214 bilem
2141 2159 2318 2216 virum
2355 2175 2610 2219 censeam
2649 2163 2809 2222 facile
2839 2164 3108 2237 dignosci.
3145 2164 3391 2237 Namque
3423 2164 3529 2222 ista

1939 2251 2111 2309 libera
2141 2262 2198 2310 et
2219 2264 2407 2325 aperta
2427 2256 2685 2314 discretio
2712 2259 2764 2315 ei
2790 2266 2905 2316 tuto
2931 2259 3131 2318 credita
3163 2269 3268 2327 est,
3297 2261 3387 2332 qui
3417 2276 3528 2317 non

1935 2345 2038 2402 fuit
2057 2346 2112 2402 in
2139 2357 2348 2416 partem
2375 2360 2683 2420 cogentum.
2735 2351 2914 2421 Quare
2950 2361 3044 2410 tuo
3068 2366 3133 2408 ac
3161 2368 3284 2408 meo
3310 2353 3530 2410 nomine

1939 2438 2204 2497 amicitias
2232 2444 2562 2500 accurrentis
2589 2444 2942 2516 amplectere;
2967 2456 3026 2502 ut
3047 2446 3173 2504 huic
3198 2448 3442 2504 infrncut
3457 2447 3530 2504 sit

1939 2532 2116 2589 cultus
2136 2533 2426 2608 bonorum,
2447 2538 2630 2610 pravis
2647 2539 2844 2612 dolori,
2875 2540 3018 2613 quod
3039 2541 3294 2622 similiter
3315 2556 3426 2602 nou
3444 2541 3528 2600 tli-

1941 2624 2200 2698 liguntur.
2230 2627 2377 2688 Vale.

2457 2725 2676 2784 EPIST.
2715 2727 3004 2786 LXXXIII.

2416 2835 2736 2888 sruuacuns
2772 2835 3053 2880 iuvisse.

2009 2907 2129 2966 Jam
2153 2910 2358 2981 pridem
2375 2911 2597 2970 domino
2616 2923 2674 2971 et
2697 2913 2852 2972 fratri
2871 2929 2998 2974 mw
3016 2915 3197 2986 Alipio
3213 2918 3526 2974 cernitatnm

1942 3016 2153 3058 sacrum
2185 3002 2364 3062 visere
2387 3014 2550 3078 atque
2573 3008 2727 3064 adire
2751 3009 3013 3079 cupienti,
3035 3023 3158 3066 sera
3185 3010 3405 3082 quidem
3434 3017 3530 3070 oc-'

1939 3096 2109 3167 casio,
2138 3097 2234 3152 sed
2261 3098 2384 3154 laeta
2412 3102 2693 3168 successit,
2719 3111 2777 3159 ut
2797 3117 2920 3179 eum
2942 3105 3130 3161 consul
3157 3105 3530 3175 accires,ideo

1939 3189 1995 3246 in
2024 3199 2369 3261 conspectmn
2401 3201 2550 3250 tuum
2577 3197 2756 3252 alacer
2780 3197 3037 3268 occurrit,
3057 3209 3114 3254 ut
3139 3200 3415 3256 beneficiis
3437 3217 3531 3256 νος

1859 3263 1910 3326 C
1943 3285 2050 3341 tiva
2081 3285 2270 3342 reddat
2296 3287 2472 3343 officia
2498 3297 2554 3345 et
2595 3290 2765 3346 sancti
2815 3290 2982 3346 animi
3021 3263 3108 3347 vlui
3157 3292 3297 3349 fretu
3335 3293 3531 3351 nubem

1940 3377 2152 3434 invidiae
2201 3380 2495 3450 superioris
2539 3380 2858 3454 abstergeat.
2892 3384 3047 3454 Quod
3093 3384 3170 3442 illi
3194 3385 3434 3446 arbitror
3463 3403 3527 3443 cx

1942 3479 2067 3529 voto
2101 3487 2225 3530 esse
2267 3484 2570 3531 cessurum.
2613 3475 2800 3548 Neque
2828 3477 2974 3534 enim
3015 3479 3172 3538 fama
3199 3481 3316 3552 ejus
3342 3482 3533 3542 deesse

1941 3564 2158 3635 aliquod
2212 3567 2470 3640 patieris,
2529 3569 2618 3641 qui
2687 3572 2990 3630 securitatis
3036 3585 3228 3632 cuncta
3275 3575 3532 3638 tribuisti.

1943 3655 2095 3715 Vale.

2469 3756 2684 3815 EPIST.
2728 3759 3013 3822 LXXXIV.

2423 3865 2733 3912 BYIIIIACIIUS
2770 3871 3052 3914 ηΑνιΔΝο.

2020 3941 2184 3998 Recte
2212 3953 2266 3998 et
2309 3945 2662 4014 probabiliter
2692 3949 2980 4021 jndicasti,
3023 3952 3243 4012 fratrem
3281 3965 3528 4013 nostrum

1947 4032 2220 4090 Titianum
2248 4039 2598 4107 spectabilem
2627 4042 2798 4098 virum
2824 4046 3125 4101 consulatui
3151 4056 3240 4104 tuo
3265 4049 3534 4110 interesse

1945 4125 2145 4183 debere
2177 4146 2190 4183 :
2219 4129 2480 4200 siquidem
2508 4135 2734 4203 aequitas
2756 4137 3076 4207 postulabat,
3103 4146 3159 4194 ut
3188 4140 3295 4196 voti
3324 4143 3407 4198 sui
3434 4158 3532 4199 vo-

1949 4219 2152 4291 luptate
2177 4221 2467 4281 frueretur.
2510 4225 2654 4284 Nulli
2701 4244 2933 4300 unquam
2971 4240 3218 4288 nostrum
3249 4234 3324 4290 tui
3345 4250 3533 4296 amore

1947 4315 2150 4383 cessit;
2190 4316 2432 4388 quinimo
2475 4334 2693 4392 sertiper
2723 4323 3065 4393 primassibi
3101 4341 3230 4400 erga
3267 4337 3319 4386 te
3348 4339 3532 4401 partes

1948 4411 2307 4469 observantiae
2341 4414 2652 4471 vindicavit.
2683 4417 2864 4489 Itaque
2891 4427 3080 4477 testem
3120 4422 3282 4478 alium
3311 4438 3418 4479 non
3448 4440 3535 4486 re-

1948 4503 2133 4577 quirit.
2153 4505 2271 4565 Scit
2293 4509 2438 4566 enim
2467 4511 2570 4567 sibi
2601 4510 2720 4582 plus
2746 4526 2868 4569 esse
2913 4515 3015 4572 loci
3057 4517 3196 4588 apud
3227 4527 3374 4576 tuum
3408 4523 3531 4577 ani-

1945 4615 2123 4670 mum,
2150 4615 2310 4673 quam
2339 4611 2522 4673 posset
2543 4620 2666 4663 meo
2688 4621 2940 4665 sermone
2963 4613 3304 4684 conquirere.
3348 4613 3533 4673 Relin-

1951 4710 2060 4767 quo
2089 4697 2248 4768 igitur
2273 4711 2397 4754 eum
2429 4699 2638 4757 Ilducia:
2664 4717 2776 4759 sua:
2801 4745 2816 4771 ,
2849 4705 2971 4776 quia
3013 4706 3148 4764 nihil
3187 4719 3364 4780 potest
3409 4727 3534 4772 esse

1950 4790 2295 4847 cumulatius.
2322 4791 2434 4848 Hoc
2455 4801 2661 4850 tantum
2690 4796 2955 4867 subjicere
2970 4805 3278 4872 contentus,
3295 4818 3380 4859 me
3399 4819 3534 4876 quo-

1948 4897 2053 4977 que
2076 4883 2168 4939 tibi
2191 4884 2307 4955 ejus
2335 4887 2571 4957 nomine,
2594 4887 2640 4944 si
2667 4890 2793 4960 quid
2822 4894 3010 4964 gratia
3035 4895 3261 4967 ceperit,
3290 4882 3541 4977 obliganﬁ

1948 4976 2094 5033 dum.
2119 4977 2270 5035 Vale.

2488 5075 2702 5134 EPIST.
2734 5077 3000 5135 LXXXV.

2307 5183 2617 5227 SYMUACIIUS
2653 5187 2917 5229 ηΑνιΑΝο
2958 5188 3171 5228 FRATII't.

2025 5255 2204 5314 Facile
2225 5258 2446 5317 fratrem
2471 5271 2715 5318 nostrum
2763 5263 3031 5334 Elpidium
3063 5264 3130 5318 ad
3181 5264 3539 5334 proficiscen-i

1952 5349 2078 5405 dum
2112 5352 2360 5410 traxisset
2387 5355 2622 5422 affectio,
2650 5355 2752 5412 nisi
2783 5370 2904 5412 eum
2938 5356 3077 5412 unici
3104 5372 3230 5412 cura
3252 5358 3528 5420 retineret.

1951 5442 2182 5500 Tantum
2208 5445 2403 5518 quippe
2430 5457 2514 5503 est
2540 5447 2591 5502 in
2623 5463 2689 5504 eo
2737 5447 3062 5504 sinceritatis
3102 5458 3264 5521 atque
3292 5450 3533 5509 dulcedi-

1955 5539 2059 5607 nis,
2093 5546 2149 5593 ut
2181 5540 2258 5596 illi
2285 5543 2385 5598 soli
2414 5539 2838 5599 necessitudines
2865 5539 3241 5613 praeferantur.
3275 5543 3427 5602 lIunc
3455 5546 3528 5603 ita

1953 5645 2251 5705 spectatum
2283 5635 2410 5690 mihi
2433 5644 2593 5706 atque
2620 5635 2990 5706 conjunctum,
3006 5634 3175 5708 jussis
3198 5637 3303 5693 tuis
3333 5651 3532 5709 negare

1953 5699 2059 5784 non
2092 5728 2276 5800 potui:
2307 5728 2430 5800 quia
2457 5729 2509 5783 in
2538 5726 2732 5784 talibus
2751 5727 2926 5786 causis
2947 5727 3120 5801 major
3155 5728 3294 5802 apud
3323 5744 3410 5786 me
3444 5699 3544 5825 (ιθ-ζ

1953 5822 2113 5878 dendi
2135 5821 2376 5893 voluptas
2393 5829 2473 5877 est
2492 5836 2652 5894 quam
2677 5820 2907 5881 fruendi.
2925 5821 3151 5900 Suscipe
3166 5822 3324 5897 igitur
3341 5837 3533 5883 antan-

1951 5915 2213 5974 tissimum
2235 5911 2406 5972 nostri
2434 5925 2503 5973 eo
2545 5912 2726 5977 animo
2756 5933 2865 5988 quo
2895 5917 3089 5982 regesti
3129 5928 3153 5984 _:
3206 5911 3413 5975 astima
3458 5911 3528 5974 de
