3932 6438
416 333 522 396 I99

1574 316 1640 383 Q.
1680 309 2029 373 AURELIUS
2061 304 2506 367 SYMMACIIUS.

3597 290 3700 351 20⁸)

415 452 612 528 gaudio
637 448 990 504 adventorum
1011 480 1026 508 ,
1058 395 1299 508 negarl'a
1337 443 1393 491 ιε
1432 447 1540 490 non
1566 436 1833 503 pportere
1880 427 2017 487 resi-
2038 428 2096 491 Α
2120 424 2442 482 lutationem
2470 420 2745 528 geminare
2770 430 2878 472 non
2907 414 3094 528 piguit.
3118 413 3361 488 NamQue
3402 428 3554 519 amor
3585 414 3702 471 om.

413 526 685 609 dentibus,
715 536 858 612 quod
880 541 1167 608 praestatur
1195 529 1400 587 accitis.
1432 526 1588 584 Vale.

941 646 1156 704 EPIST.
1199 640 1486 700 LXXXVI.

895 751 1209 798 SVIIACBUS
1247 747 1512 791 FLAVIANO

488 838 825 913 Peregrinari
854 834 986 893 mihi
1015 842 1193 889 tecum
1226 828 1443 893 videor,
1476 824 1522 880 si
1566 821 1784 895 quando
1813 834 2009 877 cursus

416 947 577 1007 atque
605 945 855 989 recursus
887 939 1007 985 tuos
1033 926 1333 981 luculentus
1363 928 1608 975 narrator
1632 916 1895 972 insinuas.
1932 915 2008 971 Ita

415 1028 751 1101 cognitiones
771 1033 983 1081 nostras
1006 1020 1263 1090 religione
1292 1014 1482 1081 allicis,
1507 1022 1562 1068 ct
1588 1011 1765 1066 nitore
1794 1023 2009 1066 sermo-

416 1126 501 1181 nis
531 1124 829 1185 illuminas,
852 1128 912 1175 ut
949 1112 1205 1188 quidquid
1242 1110 1478 1181 explicat
1513 1106 1707 1161 aﬂ'atus
1749 1114 1872 1160 tuus
1894 1146 1910 1170 ,
1953 1102 2008 1161 id

418 1227 603 1274 noster
628 1211 1023 1287 quodammodo
1043 1210 1182 1263 visat
1211 1202 1648 1270 aﬂ‘ectus.Quare
1679 1200 1889 1254 ﬁrmam
1916 1213 2011 1253 va-

420 1310 714 1367 letudinem
739 1316 884 1363 tuam
927 1313 1206 1368 tenemus,
1248 1298 1586 1367 reditumque
1614 1293 1827 1349 felicem
1867 1292 2009 1347 votis

416 1408 615 1479 jugiter
644 1414 1075 1475 comprecamur.
1100 1396 1232 1451 Nam
1263 1394 1354 1464 qui
1377 1406 1621 1447 antorem
1653 1391 1706 1443 in
1734 1401 1835 1443 nos
1860 1396 2009 1441 tuum

420 1502 752 1570 arquiparare
780 1510 885 1552 non
911 1503 1214 1563 possumus,
1246 1487 1506 1542 solvimus
1535 1485 1711 1547 votis,
1745 1479 1889 1551 quod
1919 1494 2012 1532 ne-

418 1595 632 1664 quimus
652 1588 863 1645 otficiis.
888 1586 1048 1642 Salve
1075 1583 1257 1653 igitur,
1280 1580 1351 1635 uti
1384 1577 1603 1633 domine
1640 1571 2009 1639 inimitabilis,

420 1698 625 1753 uosque
654 1690 711 1736 et
738 1676 1064 1749 generaliter
1094 1688 1215 1728 cum
1240 1669 1474 1735 caeteris,
1506 1675 1565 1722 ut
1592 1679 1734 1721 nunc
1757 1664 1890 1719 facis
1909 1704 1923 1729 ,
1959 1672 2014 1718 et

418 1773 698 1846 speciatim
718 1786 843 1827 cum
863 1765 1200 1832 clarissimis,
1225 1772 1286 1819 ut
1313 1762 1549 1829 solebas,
1583 1760 1669 1815 his
1698 1759 2013 1819 muneribus

418 1868 533 1926 oris
559 1880 625 1923 ac
653 1863 891 1937 pateris
921 1859 998 1916 tui
1027 1858 1289 1928 benignos
1316 1855 1548 1910 illustra.
1570 1851 1727 1907 Vale.

919 1971 1141 2030 EPIST.
1182 1968 1495 2026 LXXXVII.

894 2082 1204 2124 SYIIIACIIUS
1243 2080 1527 2121 ηΑγιΑΝο.

497 2164 609 2223 Vox
628 2162 765 2235 juris
790 2176 853 2218 ac
881 2162 1054 2232 legum
1086 2159 1368 2215 estzbouzc
1392 2156 1515 2212 ﬁdei
1542 2163 1878 2211 contractum
1906 2168 2015 2208 non

427 2274 585 2333 posse
611 2258 861 2315 rescindi.
894 2256 1061 2326 Hujus
1093 2254 1376 2311 sententia:
1406 2251 1815 2308 exsecutionem
1846 2247 2016 2303 frater

430 2362 625 2407 noster
645 2351 888 2421 Elpidius
911 2355 1061 2419 optat
1086 2346 1341 2416 adipisci;
1367 2344 1454 2400 cui
1488 2351 1610 2415 post
1649 2342 2013 2399 venditionem

426 2443 797 2515 llispaniensis
820 2440 1005 2513 praedii
1030 2439 1110 2495 sui
1143 2447 1350 2508 partem
1375 2446 1589 2506 emptor
1615 2435 1861 2505 adiurat;
1893 2448 2014 2489 cum

425 2537 491 2593 ad
514 2536 838 2593 soliditatem
872 2534 1207 2603 transcripta:
1244 2533 1298 2587 in
1336 2546 1534 2586 novum
1575 2530 1849 2586 dominum
1880 2528 2014 2598 'pos-

426 2629 687 2685 sessionis
714 2636 907 2683 cuncta
926 2643 990 2682 ex
1022 2640 1171 2682 more
1199 2625 1467 2681 celebrata
1496 2626 1623 2679 sint.
1653 2624 1778 2678 Haec
1806 2638 2017 2677 summa

426 2730 510 2777 est
541 2720 827 2792 postulati,
875 2735 994 2789 qua:
1030 2719 1167 2775 meis
1199 2718 1414 2789 quidem
1454 2718 1633 2773 verbis
1656 2759 1669 2783 ,
1726 2717 1822 2772 sed
1876 2717 2017 2770 illius

427 2812 635 2869 meritis
665 2812 968 2882 adjuvatur.
996 2810 1214 2879 Quaeso,
1246 2818 1303 2865 ut
1331 2812 1617 2880 tequitate,
1660 2825 1766 2882 qua
1799 2811 2019 2881 praecla-

426 2926 519 2967 rus
545 2926 627 2977 es,
657 2918 713 2965 ut
741 2910 1001 2982 pudorem
1032 2908 1351 2981 refragantis
1405 2910 1608 2979 privata
1648 2908 2019 2980 objurgatione

424 3006 741 3072 confundas,
772 3015 865 3061 aut
892 3004 1286 3062 contumaciam
1317 3002 1531 3076 frangas
1570 3003 1785 3076 publica
1827 3013 2017 3059 aucto-

427 3102 588 3158 ritate
613 3099 827 3172 iudicii.
852 3099 1003 3156 Vale.

922 3190 1142 3249 EPIST.
1185 3190 1517 3247 LXXXVIII.

915 3304 1219 3345 SVIIIACIIUS
1259 3302 1535 3343 FLAVIANO.

501 3383 569 3440 Et
592 3384 813 3441 honoris
842 3383 940 3452 tui,
963 3398 1071 3455 quo
1100 3398 1240 3438 nunc
1262 3390 1450 3437 auctus
1481 3396 1541 3437 es
1563 3423 1579 3448 ,
1610 3390 1665 3437 et
1690 3380 1932 3438 continui
1965 3382 2018 3437 in

430 3494 520 3535 me
540 3480 739 3536 amoris
761 3478 1022 3535 delector.
1042 3477 1177 3534 Volo
1192 3477 1369 3548 igitur,
1392 3485 1450 3531 ut
1466 3476 1774 3531 communia
1797 3474 2018 3547 pignora

428 3584 575 3629 cura:
606 3573 737 3629 mihi
764 3587 887 3630 esse
916 3587 1022 3628 non
1054 3571 1287 3639 dubites,
1321 3586 1441 3641 quae
1483 3571 1652 3642 magis
1704 3571 1893 3625 merita
1928 3579 2015 3626 tua

430 3682 589 3737 quam
611 3667 808 3738 scripta
835 3668 1239 3739 commendant.
1264 3668 1556 3737 Supererat
1580 3708 1596 3733 ,
1644 3677 1701 3722 ut
1743 3668 2019 3725 assiduum

429 3760 551 3830 styli
596 3760 672 3815 tui
720 3775 918 3816 munus
963 3774 1332 3830 exposcerem.
1377 3760 1486 3815 Sed
1538 3759 1890 3817 redundantis
1942 3770 2026 3818 est

430 3871 628 3925 operat,
659 3855 799 3911 bona
828 3864 1121 3924 spontanea
1150 3856 1438 3926 postulare,
1468 3871 1532 3910 ue
1566 3872 1716 3912 meus
1738 3857 1909 3928 stylus
1929 3872 2025 3912 ex-

431 3956 689 4021 torquere
718 3949 985 4017 videatur,
1027 3950 1168 4021 quod
1213 3951 1284 4005 tui
1317 3951 1480 4005 animi
1525 3952 1753 4022 spondet
1784 3953 2024 4013 humani-

429 4050 534 4101 tas.
571 4042 721 4100 Vale.

946 4115 1161 4174 EPIS'I‘.
1204 4114 1492 4175 LXXXIX.

904 4225 1218 4268 SYIIACIIUS
1257 4228 1518 4270 FLAVIANO

500 4305 664 4364 Paulo
686 4315 812 4363 ante
842 4305 1051 4363 litteras
1072 4306 1355 4379 dederam,
1385 4308 1482 4364 sed
1512 4306 1750 4364 debitam
1798 4310 1888 4367 tibi
1937 4326 2024 4368 sa-

2113 518 2322 576 ciorum
2364 516 2585 573 modum
2615 528 2723 569 non
2766 520 2937 568 tenet.
2999 509 3266 565 Prmterea
3323 508 3515 563 notitia
3563 524 3704 564 com-

2112 612 2410 670 meantium
2442 608 2755 681 postulavit,
2799 615 2856 661 ut
2891 602 3360 660 commendatione
3393 617 3579 657 eorum
3612 602 3703 657 ad-

2110 707 2252 779 jecta
2276 705 2470 778 pagina
2493 702 2762 774 proficiat.
2797 699 3073 768 RespOusa
3098 712 3205 752 non
3243 696 3456 766 posmlo
3482 709 3702 751 securus

2114 800 2359 871 praeclari
2384 799 2551 853 animi
2578 795 2675 861 tui,
2702 796 2791 866 qui
2816 794 2945 849 mihi
2964 793 3084 849 sine
3111 789 3483 847 admonitione
3512 804 3704 848 sermo-

2112 909 2240 952 nem
2261 891 2624 951 voluntarium
2653 889 2988 961 polliceatur.
3025 886 3172 943 Vale.

2664 1078 2673 1089 ·
2708 1046 2926 1105 EPIST.
2967 1046 3080 1104 XC.

2604 1178 2917 1221 SYIIACIIUS
2956 1176 3237 1219 ηΑνιΔΝο.

2185 1305 2412 1376 Semper
2433 1304 2565 1361 mihi
2586 1312 2776 1360 auctor
2824 1318 2884 1358 es
2914 1302 3214 1374 ingentium
3261 1300 3599 1371 gaudiorum.
3644 1302 3713 1357 At

2116 1414 2262 1455 nunc
2291 1414 2454 1467 supra
2484 1405 2605 1453 vota
2633 1396 2915 1466 processit,
2945 1394 3086 1465 quod
3122 1408 3208 1450 me
3236 1393 3523 1463 expetendi
3558 1392 3713 1463 plane

2115 1501 2171 1547 et
2198 1488 2471 1546 ambiendi
2500 1489 2600 1544 viri
2632 1487 2995 1545 familiaritate
3044 1486 3335 1543 decorasti.
3380 1484 3567 1555 Neque
3606 1486 3706 1540 hoc

2120 1583 2429 1653 suspicione
2457 1580 2727 1652 conjecto.
2771 1579 2903 1635 Nam
2937 1578 3145 1650 patricii
3184 1592 3365 1635 sermo
3402 1576 3532 1633 fecit
3570 1577 3713 1632 indi-

2118 1681 2285 1747 cium,
2314 1677 2647 1747 diligentiam
2674 1675 2731 1730 in
2762 1689 2849 1731 me
2892 1689 3044 1729 suam
3088 1683 3139 1728 te
3179 1673 3406 1742 praesule
3454 1687 3714 1743 provoca-

2118 1782 2257 1837 tam;
2290 1787 2395 1844 qua
2420 1779 2567 1828 recte
2595 1773 2803 1826 caeteris
2834 1768 3129 1824 benefactis
3163 1768 3267 1822 tuis
3312 1768 3475 1822 etiam
3525 1766 3615 1822 hic
3654 1763 3715 1822 ti-

2046 1833 2096 1894 Β
2120 1833 2265 1923 tutus
2290 1833 2543 1936 procedet
2571 1866 2623 1919 in
2649 1878 2935 1919 numerum
2956 1908 2972 1933 ,
2996 1862 3088 1932 qui
3107 1861 3256 1918 solus
3279 1860 3578 1932 quamlibet
3608 1859 3716 1917 voti

2116 1958 2397 2015 avaritiam
2428 1958 2605 2030 possit
2628 1956 2869 2028 explere.
2904 1954 3055 2014 Vale.

2606 2124 2615 2131 ’
2706 2118 2926 2176 EPIST.
2970 2115 3105 2172 XCI.

2597 2247 2907 2291 SYIIACIIUS
2947 2246 3226 2288 FLAVIANO.

2200 2350 2429 2420 Quoties
2480 2360 2759 2421 parentum
2791 2348 3070 2404 beneficiis
3106 2347 3407 2417 obligamur
3429 2391 3443 2416 ,
3498 2362 3719 2404 necesse

2117 2451 2202 2501 est
2225 2443 2291 2498 ad
2325 2442 2567 2499 hzeredes
2617 2457 2811 2498 nexum
2856 2440 3022 2496 debiti
3063 2442 3364 2511 pervenire.
3416 2441 3497 2497 Ad
3552 2442 3720 2496 tilium

2119 2552 2298 2593 meum
2321 2546 2624 2593 senatorem
2649 2536 2969 2606 praclarum
2991 2544 3154 2606 atque
3184 2535 3592 2591 ornatissimum
3643 2535 3721 2590 vi.

2120 2648 2240 2687 rum
2277 2632 2495 2702 praefata
2528 2630 2760 2701 pertinet
2782 2629 3110 2701 generalitas
3142 2647 3153 2682 :
3182 2629 3336 2699 cujus
3371 2640 3524 2699 pater
3546 2630 3719 2686 omni-

2120 2727 2219 2782 bus
2244 2726 2408 2781 rebus
2435 2726 2662 2781 illustris
2690 2734 2747 2781 et
2779 2725 2909 2780 mihi
2941 2725 3138 2780 eximia
3175 2725 3529 2780 veneratione
3565 2738 3722 2781 reco-

2123 2818 2334 2885 lendus,
2370 2817 2659 2887 plurimum
2692 2818 2875 2872 domui
2916 2832 3052 2873 mea:
3086 2816 3513 2873 honorificentia
3549 2826 3607 2872 et
3639 2831 3723 2873 re.

2123 2909 2337 2981 Iigionis
2362 2909 2629 2965 exhibuit.
2667 2908 2834 2981 Cujus
2879 2925 2980 2981 ego
3021 2910 3304 2967 devinctus
3339 2909 3534 2967 officiis
3558 2952 3573 2978 ,
3610 2910 3725 2967 lilio

2123 3012 2252 3067 opto
2277 3002 2606 3073 persolvere,
2638 3003 2781 3073 quod
2810 3003 2878 3059 de
2907 3014 3130 3075 parente
3158 3002 3425 3058 contraxi.
3454 3004 3581 3058 Sola
3629 3019 3723 3059 ad

2122 3106 2231 3154 tem
2262 3097 2654 3169 magniﬁcentia
2688 3080 2775 3153 tua
2801 3108 2974 3169 potest
3008 3116 3093 3155 me
3115 3108 3394 3154 contractu
3427 3101 3617 3171 gratia
3668 3098 3727 3154 li-

2049 3221 2095 3286 c
2126 3191 2338 3258 berare,
2366 3192 2410 3247 si
2435 3172 2810 3262 posteritatem
2840 3192 2958 3262 ejus
2986 3192 3259 3262 adjuverit
3287 3235 3300 3258 ,
3349 3196 3624 3264 praecipue
3679 3196 3729 3249 in

2135 3288 2201 3343 iis
2227 3290 2409 3354 rebus,
2445 3304 2563 3356 quae
2587 3288 2806 3360 justitiae
2839 3288 3140 3359 patrocinio
3191 3288 3480 3342 fulciuntur
3512 3303 3529 3344 :
3560 3287 3730 3359 siqui-

2130 3380 2253 3437 dem
2283 3384 2549 3453 queritur,
2584 3396 2741 3454 agros
2776 3396 2904 3437 suos
2928 3392 3112 3437 contra
3143 3381 3443 3452 judicatum
3484 3390 3730 3438 vestrum

2129 3492 2375 3547 magnam
2409 3486 2619 3548 partem
2663 3478 2921 3533 mutilari.
2970 3477 3143 3545 Grave
3187 3480 3289 3533 hoc
3325 3486 3378 3532 et
3422 3476 3731 3548 impetibile

2135 3569 2330 3636 vidcri,
2358 3568 2462 3625 nisi
2502 3572 2662 3625 etiam
2691 3585 2986 3627 consensus
3017 3572 3245 3642 partium
3289 3571 3732 3627 frustrationibus

2131 3662 2426 3720 luderetur.
2454 3664 2626 3720 Minus
2656 3674 2740 3721 est
2766 3666 2910 3721 cnim
2937 3666 3170 3721 alienam
3200 3666 3526 3723 sententiam
3570 3680 3730 3737 sper-

2129 3770 2277 3824 nere,
2306 3772 2467 3828 quam
2493 3773 2521 3811 a
2545 3759 2762 3829 propria
2785 3759 3117 3829 discrepare.
3150 3760 3243 3814 Est
3272 3760 3431 3830 igitur
3460 3760 3513 3813 in
3559 3774 3730 3815 manu

2131 3860 2240 3917 tua,
2275 3852 2326 3905 in
2362 3861 2467 3907 tam
2502 3853 2747 3907 absoluto
2784 3862 2946 3924 atque
3003 3855 3265 3922 probabili
3319 3854 3601 3924 petitionis
3638 3869 3734 3925 ge-

2130 3958 2280 4007 nere,
2304 3947 2531 3999 servatis
2563 3946 2787 4015 legibus,
2832 3958 2885 4001 et
2931 3948 3196 4018 mquitatis
3238 3947 3467 4013 intuitu,
3527 3946 3735 4018 aliquid

2129 4036 2289 4090 etiam
2320 4052 2455 4093 mea;
2480 4037 2693 4094 deferre
2722 4053 2967 4109 persona:
3001 4058 3013 4093 :
3066 4040 3218 4111 cujus
3258 4041 3622 4095 interventum
3659 4040 3737 4093 fa-

2131 4127 2293 4184 stidio
2318 4129 2491 4202 longa
2520 4130 2661 4199 litis,
2686 4147 2795 4189 non
2831 4132 3128 4190 diffidentia
3170 4134 3367 4205 negotii
3416 4133 3733 4206 postulavit.

2130 4222 2283 4280 Vale.

437 4458 3719 4498 ——————————"————————-——-—_————_

1429 4584 1910 4693 LIBER
2000 4587 2323 4697 TER
2349 4587 2522 4697 TI
2539 4590 2747 4702 US.

921 4747 1255 4806 EPISTULA
1295 4748 1529 4805 PRIMA.

800 4877 1105 4918 εγωιιλοιιυε
1143 4878 1358 4919 ωιιΑΝο
1398 4878 1639 4921 RUSTICO.

508 4999 632 5053 lluri
664 5000 938 5068 hucusque
968 4999 1305 5066 observatos,
1337 5008 1616 5072 postquam
1651 5018 1736 5059 me
1765 5002 1832 5059 ad
1861 5005 2021 5061 urba-

432 5110 553 5149 nam
587 5092 766 5147 sedem
817 5093 1017 5165 recepi,
1061 5095 1355 5164 reperimus
1397 5096 1680 5165 optabilem
1722 5098 2019 5154 litterarum

434 5196 642 5241 tuarum
675 5185 925 5241 salutem.
978 5187 1107 5254 Quae
1142 5197 1258 5257 post
1287 5189 1547 5244 diutinum
1578 5189 1875 5258 silentium,
1910 5200 2017 5247 tam

435 5282 657 5336 multum
691 5282 829 5351 apud
857 5296 955 5337 nos
980 5282 1163 5353 gratire
1191 5292 1244 5339 et
1272 5284 1491 5339 honoris
1523 5284 1821 5341 habuerunt
1845 5327 1860 5353 ,
1886 5296 1947 5341 ut
1970 5287 2024 5342 in

436 5376 518 5428 his
540 5373 651 5428 sola
680 5374 913 5430 brevitas
939 5362 1265 5444 displiceret.
1301 5376 1433 5433 Nam
1458 5377 1674 5449 jejunas
1696 5394 1855 5437 aures
1877 5395 2028 5436 meas

435 5477 489 5525 ct
518 5468 758 5539 praeclari
789 5470 983 5543 eloquii
1010 5473 1082 5526 tui
1107 5473 1235 5527 satis
1251 5486 1516 5542 superque
1545 5473 1808 5538 sitientes,
1837 5473 2029 5529 allatus

434 5560 633 5631 largior
658 5563 839 5618 debuit
871 5564 1117 5621 liberare.
1146 5564 1268 5619 Mihi
1292 5580 1504 5636 quoque
1526 5579 1672 5620 curae
1695 5564 1795 5621 fuit
1814 5573 2029 5624 arctare

440 5656 680 5727 paginam
717 5658 879 5715 limite
918 5663 1183 5729 parciore,
1217 5666 1273 5712 ut
1307 5667 1377 5723 te,
1411 5660 1481 5714 mi
1512 5658 1708 5725 frater,
1751 5660 2020 5718 scribendi

440 5746 638 5804 I3IIOIIO
666 5751 988 5806 morderem.
1030 5750 1290 5816 Quamvis
1324 5749 1397 5806 ita
1424 5754 1673 5809 conscius
1694 5755 1795 5811 sint
1818 5758 2022 5814 arentis

437 5838 717 5914 infantia;
748 5853 807 5902 ut
839 5854 1096 5916 quantum
1141 5844 1347 5904 doloris
1391 5847 1617 5918 accipio,
1664 5864 1784 5907 cum
1833 5851 2026 5911 breves

2054 4761 2111 4823 D
2134 4755 2390 4825 epistolas
2416 4770 2593 4825 sumo,
2618 4764 2825 4814 tantum
2850 4758 3080 4818 tribuam
3108 4762 3377 4833 beneficii,
3409 4779 3532 4821 cum
3560 4781 3737 4838 pauca

2134 4847 2458 4919 respondeo.
2494 4848 2648 4906 Vale.

2776 4937 2993 4998 EPIST.
3019 4940 3080 5000 lI.

2502 5046 2810 5115 svnmcnus
2839 5072 3060 5115 mutuo
3101 5076 3343 5118 RUSTICO.

2201 5191 2329 5249 Ruri
2354 5194 2557 5264 positus
2577 5196 2804 5267 vectigal
2831 5197 3073 5253 solemne
3104 5198 3194 5255 tibi
3214 5198 3480 5270 dependo.
3509 5201 3740 5260 Nullum

2132 5286 2275 5341 enim
2306 5296 2515 5358 tempus
2545 5290 2716 5357 patior
2743 5290 2812 5344 ab
2856 5289 2959 5346 hoc
2989 5306 3214 5347 munere
3240 5293 3525 5359 feriatum;
3554 5310 3742 5368 neque

2135 5385 2373 5435 locorum
2397 5381 2767 5437 intercedente
2796 5382 3028 5440 divortio
3053 5385 3108 5440 in
3139 5386 3466 5443 oblivionem
3497 5386 3743 5456 familia-

2134 5471 2309 5527 ritatis
2336 5470 2599 5529 adducor.
2637 5473 2761 5542 Qui,
2793 5475 2837 5530 si
2865 5491 2952 5532 me
2982 5476 3367 5535 vicissitudinis
3394 5480 3614 5537 stimulo
3646 5481 3741 5538 fa-

2134 5580 2287 5623 ceres
2308 5568 2727 5639 promptiorem;
2760 5588 3031 5644 nunquam
3063 5574 3307 5645 profecto
3339 5576 3572 5649 linguam
3622 5579 3736 5636 de-

2138 5659 2305 5715 sidem
2339 5661 2695 5721 continerem.
2719 5664 2786 5722 Et
2806 5674 2985 5724 tamen
3008 5670 3165 5725 enixe
3189 5683 3364 5727 meum
3392 5670 3585 5743 {ungor
3608 5672 3743 5728 ofli-

2133 5755 2300 5823 cium,
2329 5772 2429 5812 nec
2464 5760 2782 5815 cessationis
2829 5761 3081 5819 traducor
3101 5764 3373 5835 exemplo.
3395 5766 3575 5838 Atque
3623 5766 3740 5826 hoc

2138 5849 2409 5911 silentium
2440 5859 2591 5911 tuum
2642 5854 3052 5918 difﬁcultatibus
3090 5861 3321 5934 publica
3354 5866 3739 5936 occupationis
