3932 6438
1353 394 1823 449 IPlSTflI.ARU.\l
1865 393 2072 450 LIBER
2111 395 2195 450 ιιι.

3289 398 3397 458 ωε

162 512 382 575 ascribo,
413 508 533 578 quia
574 510 703 563 satis
752 521 833 563 est
885 509 1012 562 mihi
1056 508 1119 563 ad
1148 511 1395 564 amicitia:
1445 512 1713 573 fiduciam.
1744 513 1793 569 Α
1822 510 2095 566 delictum.
2128 512 2323 565 Videre
2352 527 2470 582 qua:
2495 522 2581 567 tua
2610 512 2782 567 futura
2806 514 2876 569 sit
2899 514 2951 569 in
2980 515 3259 571 referendo
3283 534 3398 575 ser.

161 601 293 670 quod
333 616 419 655 me
446 601 609 654 credo
641 600 923 655 redamari.
954 600 1097 654 V..le.

770 709 981 765 EPIST.
1025 710 1113 765 Ill.

514 816 816 856 SYIIACIIUS
852 816 1072 855 δυιιλκο
1109 816 1351 855 RUSTICO.

228 892 376 947 flunc
400 892 669 946 scribendi
708 906 909 945 m0rem
958 891 1263 959 superstitio
1306 898 1509 945 vetusta
1538 889 1727 945 consti-

160 984 277 1041 tuit.
308 991 367 1035 ut
395 982 459 1036 ad
486 982 763 1051 peregrina
796 981 1018 1051 digressi
1042 981 1271 1051 priorem
1297 981 1397 1035 sibi
1420 980 1590 1035 locum
1612 979 1729 1035 vin-

158 1073 339 1128 dicent
358 1089 477 1127 cum
494 1073 801 1128 absentibus
820 1072 1181 1142 colloquendi.
1203 1072 1545 1128 Sedaffectus
1567 1087 1729 1126 mora:

159 1167 462 1231 impatiens,
498 1164 766 1219 scribendi
797 1166 941 1218 vices
982 1164 1239 1233 religione
1270 1164 1514 1218 mutavit.
1549 1163 1731 1233 Itaque

159 1262 314 1323 rupta
346 1256 462 1324 lege
504 1254 787 1317 reticeudi,
845 1269 1151 1308 sermonem
1197 1264 1345 1309 tnutn
1396 1254 1733 1308 festinatione

159 1346 470 1414 prevenio;
504 1345 763 1414 adjiciens
790 1345 994 1400 sedula:
1023 1336 1355 1400 salutationis
1370 1346 1561 1399 officiis
1588 1361 1734 1399 com-

162 1436 558 1509 mendationem
589 1436 684 1488 viri
710 1436 850 1491 inter
872 1437 1106 1505 optimos
1130 1451 1370 1507 quosque
1399 1438 1733 1502 numerandi,

159 1540 318 1591 quem
351 1526 547 1580 dudum
576 1541 605 1579 a
638 1528 944 1595 parentibus
968 1529 1191 1593 clarum,
1218 1538 1267 1581 et
1297 1528 1486 1582 aulica:
1507 1526 1735 1597 dignite-

162 1618 226 1670 tis
258 1617 518 1685 Splendor
539 1617 790 1681 excoluit,
818 1627 871 1672 et
899 1617 1225 1684 amplissima
1271 1617 1417 1672 curia
1449 1634 1557 1671 non
1588 1632 1740 1671 acce-

163 1709 234 1773 pit
262 1718 321 1760 ut
350 1724 566 1774 novum,
593 1708 685 1763 sed
716 1709 919 1777 recepit
944 1718 1001 1763 ut
1021 1709 1280 1765 debitum.
1309 1710 1438 1777 Quae
1479 1724 1655 1762 tamen
1686 1710 1737 1763 in

163 1794 334 1851 fratre
358 1811 537 1851 nostro
565 1798 827 1868 Philippo.
861 1783 1097 1853 secundo
1125 1798 1242 1853 loco
1279 1811 1333 1854 et
1371 1799 1577 1854 honore
1613 1813 1739 1853 cen-

1828 616 1985 656 mone
2012 603 2237 656 curatio.
2269 602 2382 674 Ego
2425 604 2477 659 itt
2506 606 2644 659 viam
2685 605 2872 660 reduxi
2909 606 3158 662 amicitire
3200 621 3397 666 nostra

1829 690 2105 745 fortuitum
2136 701 2407 757 stuporem
2431 709 2446 758 ;
2487 710 2659 765 neque
2688 712 2752 751 ex
2778 711 2839 751 ea
2857 711 2915 752 re
2935 697 3125 753 affecto
3144 696 3393 769 gratiani.

1829 780 1971 835 Satis
1996 783 2123 837 tttilti
2148 782 2317 838 laudis
2344 795 2447 849 est,
2479 786 2727 841 invidiam
2760 788 2952 843 silentii
2974 790 3212 845 diluisse.
3243 789 3393 848 Vale.

2439 894 2649 953 EPIST.
2694 898 2782 952 Vl.

2199 997 2502 1039 SHI‘IACIIIIS
2536 1002 2751 1042 JCL'ANO
2790 1005 3024 1044 RUSTICO.

1905 1091 2054 1147 Solet
2074 1092 2283 1161 quidem
2313 1096 2653 1163 aegritudines
2669 1098 2833 1153 animi
2853 1099 2988 1154 ratio
3011 1102 3282 1171 mitigare,
3303 1104 3399 1158 sed

1834 1180 2062 1245 fortuna:
2092 1196 2287 1240 nostrae
2315 1195 2519 1241 tantum
2549 1189 2740 1244 vulnus
2770 1201 2874 1256 est,
2897 1202 2955 1245 ιιι
2983 1195 3033 1248 ei
3062 1208 3129 1249 ne
3165 1203 3251 1248 tua
3287 1197 3403 1265 qui-
3456 1198 3459 1199 ⁷

1837 1272 1955 1326 dem
1981 1273 2259 1327 delenifica
2302 1285 2358 1330 et
2399 1277 2561 1331 suada
2602 1278 2841 1333 facundia
2896 1282 3202 1337 cicatricem
3233 1285 3406 1353 possit

1836 1360 2126 1417 obducere.
2149 1363 2281 1418 Fors
2304 1364 2401 1419 fuit
2429 1382 2496 1419 an
2525 1367 2642 1423 dies
2669 1366 2824 1439 longa
2848 1371 3167 1441 quandoque
3195 1374 3408 1427 hebetet

1840 1454 2074 1508 laxatum
2105 1456 2387 1511 dolorem:
2428 1458 2689 1528 siquidem
2727 1461 2881 1516 malis
2904 1465 3150 1518 omnibus
3183 1465 3301 1520 linis
3338 1466 3408 1521 de

1840 1552 2082 1613 tempore
2119 1546 2286 1601 venit.
2323 1548 2536 1603 Interim
2565 1549 2755 1619 frigent
2801 1552 2963 1607 verba
2984 1556 3292 1621 solantinnt,
3317 1573 3409 1612 ne-

1840 1652 1942 1704 que
1962 1652 2120 1693 aures
2148 1639 2378 1707 applicat
2400 1641 2639 1695 consiliis
2683 1642 2833 1698 bonis
2862 1646 3056 1699 surdus
3101 1662 3166 1701 ex
3216 1648 3406 1717 injuria

1842 1726 2070 1780 animus.
2102 1728 2311 1783 'l'ertins
2340 1731 2423 1783 hic.
2450 1731 2577 1784 mihi
2609 1731 2677 1785 de
2713 1733 2929 1802 optimis
2954 1735 3208 1790 fratribus
3234 1736 3410 1792 luctus

1844 1824 1944 1870 est.
1981 1818 2103 1871 Post
2141 1828 2217 1873 tot
2247 1822 2491 1875 miserias
2516 1821 2635 1889 quis
2662 1838 2767 1877 non
2795 1833 2942 1890 putet
2975 1841 3061 1880 me.
3088 1826 3409 1882 dedidicisse

167 1887 337 1941 senda
370 1898 532 1943 sunt:
560 1888 682 1956 quia
711 1890 829 1957 plus
858 1888 1015 1944 habet
1046 1887 1216 1943 laudis
1255 1889 1305 1942 itt
1341 1889 1599 1953 moribus,
1630 1906 1740 1943 ma-

1853 1909 2195 1975 patientiatnf
2237 1914 2305 1965 At
2342 1875 2556 1979 quando
2587 1875 3412 1986 imbecillioresﬁnes—ipsegasns

163 1980 355 2047 gis-que
380 1980 642 2046 probitate
675 1983 991 2049 conspicuus
1021 1991 1120 2045 est,
1153 1993 1310 2049 quint
1360 1979 1587 2035 fortunae
1628 1997 1741 2035 mu-

165 2071 384 2122 neribus
408 2069 683 2138 gloriatur.
720 2070 875 2124 Plura
928 2071 1160 2125 dicerem
1188 2109 1201 2134 ,
1228 2069 1271 2124 si
1317 2082 1408 2125 aut
1440 2071 1610 2141 pudor
1629 2073 1744 2141 ejus

165 2161 388 2221 sineret,
438 2170 528 2213 aut
574 2160 774 2231 prolixa
828 2160 1061 2214 laudatio
1108 2161 1348 2230 epistola
1408 2163 1741 2218 cooveniret.

164 2248 328 2302 Certe
356 2248 481 2303 illud
516 2250 778 2318 spondeo,
813 2260 955 2304 tuam
976 2253 1335 2307 eximietatem
1368 2253 1417 2306 iu
1450 2270 1628 2306 coram
1659 2270 1744 2309 rc-

168 2354 259 2405 per
289 2355 348 2392 re
392 2354 548 2407 posse
602 2342 789 2407 multa,
838 2356 955 2410 qu.e
1004 2342 1182 2405 tacui;
1217 2343 1363 2396 nulla
1415 2343 1742 2409 desiderare,

164 2450 286 2499 qua:
316 2433 526 2502 scripsi.
562 2432 712 2488 Vale.

790 2525 1003 2581 I'II‘IST.
1050 2526 1136 2580 IV.

612 2630 916 2669 εἵωιλειιυε
951 2630 1167 2669 ιυιιιιιιο
1206 2632 1447 2671 RUSTICO.

238 2707 403 2760 Decet
450 2719 504 2758 ttt
534 2706 738 2761 litteras
793 2722 941 2761 meas
984 2706 1293 2776 frequenter
1333 2707 1612 2776 elﬂagiles,
1646 2722 1745 2762 nec

173 2809 351 2851 tamen
381 2800 627 2853 Convenit
665 2809 720 2853 ιιι
749 2799 816 2853 de
843 2799 1057 2856 silentio
1088 2816 1249 2868 grave
1277 2800 1545 2871 quippiam
1576 2801 1748 2870 suspi-

169 2893 331 2945 ceris.
357 2892 591 2946 Ublitnm
620 2907 705 2945 me
735 2893 829 2955 lui,
854 2894 993 2961 quod
1044 2892 1095 2946 in
1128 2895 1263 2947 hanc
1309 2894 1449 2947 diem
1483 2892 1745 2958 silueritn,

171 2983 451 3035 censuisti.
483 2989 565 3036 An
594 2981 662 3034 ita
694 2980 776 3035 vel
801 2982 901 3035 mei
931 2982 1093 3035 animi
1140 2982 1270 3037 fides
1300 2982 1498 3037 inclara
1523 2991 1628 3048 est,
1668 2983 1749 3036 vel

175 3073 246 3124 tui
271 3073 448 3126 meriti
480 3084 698 3141 angusm
727 3081 1017 3136 momenta,
1047 3082 1105 3125 ut
1136 3073 1258 3127 huic
1291 3072 1357 3128 de
1402 3088 1488 3127 tne
1513 3072 1750 3140 opinioni

174 3165 322 3219 locus
352 3180 471 3219 esse
497 3165 770 3219 debuerit?
796 3166 969 3231 Quare
1008 3166 1243 3220 amicitia
1291 3166 1589 3220 communis
1634 3166 1750 3235 plus

175 3258 383 3325 accepit
408 3258 615 3326 injuraa
642 3274 706 3313 ex
737 3268 824 3312 tua
851 3258 1173 3324 suspicone,
1216 3274 1373 3327 quam
1416 3274 1480 3312 ex
1525 3273 1645 3312 meo
1679 3259 1752 3312 si-

184 3350 363 3403 lentia.
398 3349 567 3402 Minus
588 3358 665 3403 est
694 3350 858 3410 enim,
888 3348 1201 3403 necessitate
1218 3346 1455 3403 officium
1481 3347 1753 3409 deserere.

187 3455 344 3507 quam
373 3440 643 3493 voluntate
669 3454 1004 3508 pra-propera
1027 3438 1287 3507 judicare.
1328 3439 1483 3491 Putas
1528 3438 1751 3491 solenmi

184 3546 380 3598 genere
403 3529 728 3585 defensionis
754 3530 931 3584 levare
960 3530 1271 3599 peccatum?
1299 3529 1394 3583 Diu
1426 3528 1574 3593 affui,
1597 3528 1752 3598 longa

193 3621 303 3672 otia
334 3620 384 3673 in
412 3634 627 3674 secessu
652 3620 788 3673 ruris
807 3619 980 3689 exegi,
1006 3619 1266 3675 tabellarii
1294 3619 1599 3674 defuerunt.
1632 3621 1754 3674 llaec

183 3712 278 3763 etsi
312 3724 435 3764 vera
466 3710 774 3778 plerumque
797 3720 939 3774 sunt,
987 3720 1162 3764 tamen
1206 3710 1520 3765 assiduitate
1557 3712 1753 3765 detrita

181 3800 231 3852 in
264 3798 522 3853 invidiam
556 3800 814 3853 mendacii
847 3800 1175 3854 reciderunt.
1209 3800 1340 3853 Mea:
1368 3802 1755 3868 occupationes

179 3892 246 3943 ab
272 3906 373 3945 usu
422 3900 665 3957 remotae,
714 3890 845 3945 nihil
898 3890 1166 3945 mediocre
1209 3892 1551 3959 protendunt,
1601 3892 1754 3960 cujus

180 3997 291 4034 rt-m
322 3981 639 4035 familiarem
672 3997 805 4036 nova
834 3982 1052 4035 intessit
1081 3981 1337 4049 affinitas,
1380 3990 1567 4036 contra
1594 3982 1749 4035 ratio.

180 4090 301 4128 nem
334 4074 532 4143 legutn,
580 4075 886 4129 felicitatem
943 4085 1262 4143 temporum,
1309 4089 1627 4130 consensum
1660 4085 1753 4131 Da-

178 4182 416 4230 ren.nm,
450 4176 598 4235 pacta
632 4167 914 4235 majorum.
949 4166 1053 4221 Sed
1108 4167 1394 4235 reprimant
1427 4181 1531 4231 me,
1580 4182 1753 4236 neque

179 4261 259 4313 his
286 4260 525 4328 querelis
555 4260 777 4314 ulterius
812 4258 1153 4322 imtnorahur,
1188 4274 1321 4328 quas
1350 4258 1680 4323 tabellarius,
1708 4259 1753 4312 si

180 4351 392 4405 veritati
425 4352 623 4403 amicus
648 4361 747 4415 est,
796 4348 1099 4417 explicabit.
1148 4350 1219 4403 lta
1261 4350 1351 4403 fiet
1377 4357 1511 4402 utet
1542 4349 1631 4402 tibt
1665 4365 1754 4401 co-

177 4443 345 4511 gnitio
366 4452 635 4511 gestorum
660 4441 809 4509 plena
828 4441 1125 4509 proveniat,
1140 4450 1194 4493 et
1221 4454 1319 4508 ego
1347 4440 1752 4493 excusationem

1844 1998 2129 2063 invenerit,
2152 2008 2299 2055 tanto
2326 2004 2493 2069 magis
2517 2003 2694 2058 doleo.
2720 2003 2868 2060 Nunc
2890 2015 2943 2061 et
2962 2006 3043 2060 illa
3067 2008 3413 2077 crudescunt,

1842 2104 1911 2154 qu
1936 2087 2034 2142 hns
2064 2100 2336 2157 stuporem
2379 2092 2696 2149 diuturnitas
2729 2096 2945 2150 fecerat.
2980 2096 3117 2151 lctus
3144 2100 3287 2155 enint
3318 2117 3414 2153 no-

1844 2179 2091 2235 vissimus
2118 2182 2276 2234 etiam
2313 2193 2520 2238 veteres
2560 2184 2741 2253 plagas
2767 2185 2951 2239 dolore
2982 2188 3257 2244 rescindit.
3308 2189 3416 2245 Nec

1846 2268 2032 2337 ignoro
2075 2274 2234 2325 multa
2283 2273 2463 2327 invicti
2498 2275 2660 2327 animi
2703 2276 2948 2345 exempla
3000 2292 3159 2344 posse
3202 2279 3416 2335 referri.

1844 2356 2081 2416 Pericles
2105 2361 2315 2416 amissis
2342 2377 2527 2417 recens
2559 2364 2738 2420 liberis
2782 2369 2925 2421 venit
2948 2367 3014 2437 in
3044 2370 3245 2423 curiam
3273 2388 3285 2423 :
3316 2372 3408 2424 sed

1848 2451 2033 2519 patrial:
2056 2468 2211 2506 causa
2231 2456 2469 2523 cogehat.
2496 2457 2863 2526 Anaxagoram
2897 2458 3270 2529 phiiosopltum
3297 2477 3415 2531 gra-

1852 2546 1933 2596 vis
1960 2546 2026 2598 de
2058 2546 2166 2598 ﬁlio
2194 2546 2415 2601 nuntius
2453 2563 2482 2599 a
2513 2548 2965 2617 disputationibus
3011 2564 3114 2605 non
3167 2552 3413 2613 retraxit,

1848 2635 1942 2689 sed
1974 2636 2323 2706 philosophia:
2356 2638 2633 2693 deferebat
2665 2642 2984 2695 calamitatis
3011 2660 3121 2697 sua:
3148 2645 3413 2713 negligen-

1850 2726 1998 2781 tiam.
2035 2729 2098 2782 ill.
2147 2730 2393 2784 lloratius
2440 2741 2611 2786 morte
2653 2730 2890 2801 pignoris
2937 2737 3145 2803 cognita
3193 2737 3419 2790 cadaver

1851 2817 2030 2871 efferri
2054 2819 2243 2883 jussit:
2275 2821 2367 2874 sed
2399 2822 2495 2874 hac
2519 2825 2816 2877 constantia
2835 2838 2956 2879 esse
2972 2827 3175 2889 debuit,
3204 2827 3291 2895 qni
3319 2827 3418 2881 Ca-

1852 2907 2093 2975 pitolium
2116 2908 2415 2963 dedicabat.
2446 2910 2602 2965 Vides
2645 2912 2763 2980 quis
2800 2914 2929 2967 mihi
2961 2914 3032 2967 sit
3058 2915 3269 2969 animus
3313 2933 3329 2971 :
3368 2929 3420 2970 et

1854 3006 2029 3051 tamen
2062 2998 2166 3052 vita
2195 2999 2436 3053 ducenda
2462 3010 2566 3057 est.
2597 3003 2762 3055 Amor
2786 3008 2928 3056 enim
2968 3004 3101 3057 fut-is
3153 3020 3179 3057 a
3230 3017 3419 3060 ttatura

1851 3087 2006 3141 datus
2032 3089 2551 3144 ft‘tlcitinfirntitatem
2571 3090 2789 3145 doloris.
2826 3093 2965 3147 I‘ene
3004 3094 3253 3161 praeterii,
3279 3100 3419 3165 quod

1855 3178 2022 3235 fuerat
2086 3180 2225 3235 inter
2285 3188 2451 3250 prima
2498 3184 2886 3238 collocandum.
2954 3185 3422 3242 CumulatiSsimas

1855 3273 2047 3343 gratias
2102 3289 2233 3342 ago,
2289 3275 2430 3344 quod
2479 3273 2776 3344 l‘rojeetum
2822 3276 3136 3333 familiarem
3182 3290 3421 3334 nostrum

1856 3367 2097 3421 avulsum
2129 3368 2479 3422 contubernio
2509 3376 2629 3435 tuo,
2655 3383 2775 3423 meo
2800 3369 2988 3423 solatio
3012 3370 3300 3439 deputasti.
3343 3373 3422 3428 Ex

1858 3458 2233 3527 hocintelligo,
2278 3469 2471 3527 quanta
2521 3462 2811 3515 necessitas
2861 3462 3045 3516 fecerit
3075 3477 3142 3517 ne
3187 3465 3417 3520 venires.

1858 3549 1968 3618 Ego
1988 3558 2163 3604 timeri
2177 3551 2265 3620 qui
2287 3550 2511 3620 teipsum
2545 3567 2649 3605 non
2675 3552 2836 3620 potui,
2859 3553 2963 3607 vidi
2992 3554 3230 3610 animum
3249 3562 3419 3618 tuum;

1855 3639 1939 3692 cui
1962 3639 2091 3692 satis
2113 3654 2216 3693 non
2240 3638 2339 3694 fuit
2368 3640 2682 3695 medicinam
2707 3642 2932 3696 fortuna:
2962 3651 3155 3697 nostra:
3182 3660 3278 3714 per
3305 3648 3422 3715 epi-

1855 3729 2043 3784 stolam
2076 3730 2268 3785 facere.
2293 3732 2553 3786 Addidisti
2582 3732 2723 3787 enim
2756 3733 3036 3803 quamdam
3081 3736 3420 3804 legitionem.

1855 3836 1974 3890 qua:
2003 3823 2082 3875 sui
2113 3822 2421 3877 assiduitate
2442 3826 2546 3877 vim
2573 3825 2694 3877 ntali
2733 3823 3019 3894 frangeret,
3051 3826 3169 3892 quia
3193 3842 3417 3881 noveras

1856 3912 2043 3966 solatia
2074 3912 2367 3967 litterarum
2406 3928 2528 3967 cum
2575 3913 2804 3969 lectione
2834 3914 2993 3968 finiri.
3047 3914 3319 3985 Progressi
3367 3918 3418 3970 in

1856 4002 2041 4057 laude~
2068 4013 2182 4057 tuas
2212 4004 2600 4070 cottcludimus,
2632 4019 2751 4058 cum
2779 4004 2891 4075 ipse
2918 4006 3225 4075 religionem
3255 4012 3425 4076 magis

1856 4094 1923 4148 ad
1974 4095 2353 4150 conscientiam
2403 4111 2561 4164 quam
2619 4096 2683 4148 ad
2732 4097 2955 4164 gloriam
3008 4095 3227 4152 rrferas.
3285 4100 3425 4167 Ergo

1857 4183 2047 4237 haheat
2072 4184 2285 4238 modum
2315 4200 2514 4249 sermo,
2540 4200 2695 4254 quem
2730 4199 2996 4255 nunquam
3019 4187 3160 4240 circa
3186 4201 3235 4243 te
3263 4189 3420 4245 habe-

1857 4274 1935 4330 hit
1961 4274 2189 4330 affectio.
2221 4274 2366 4331 Vale.

2456 4365 2670 4421 EPIST.
2712 4365 2819 4421 VII.

2218 4472 2527 4512 STIHIACIIUS
2561 4474 2776 4514 ωιλλιΝο
2816 4474 3055 4517 RUSTICO.

180 4549 356 4589 nteant
392 4536 565 4603 potius
597 4532 856 4587 indicasse
886 4532 1067 4586 videar
1099 4547 1258 4600 quam
1291 4530 1553 4586 dolorem.
1599 4530 1747 4586 ωε.

1928 4546 2203 4601 Arbitrum
2237 4556 2288 4601 te
2328 4561 2542 4601 assumo
2589 4550 2932 4615 epistolarum
2980 4567 3239 4610 mearum.
3282 4552 3427 4622 Cape

813 4664 1028 4720 EPISI‘.
1055 4664 1115 4717 V.

552 4771 857 4811 SYRIACUUS
886 4772 1101 4810 JUIJANU
1141 4769 1375 4809 RUSTICO.

252 4867 419 4919 Aiunt
470 4867 557 4935 qui
600 4868 796 4919 callent
838 4867 1155 4919 rhetoricam
1204 4866 1576 4934 disciplinam,
1624 4868 1754 4921 nihil

183 4971 304 5009 e-se
360 4958 761 5019 controversae.
810 4957 899 5008 ubi
957 4956 1145 5008 eadem
1194 4965 1418 5021 pastnnn
1458 4956 1578 5023 jura
1611 4967 1753 5009 sunt.

187 5048 472 5117 Imaginem
500 5049 711 5117 proposi
739 5065 784 5100 te
824 5049 898 5100 rei
935 5047 1205 5115 postulasi
1252 5047 1401 5100 Mitto
1450 5048 1759 5102 decantatas

182 5142 510 5207 jmlicialium
540 5142 940 5195 tnedttalinntnn
974 5143 1236 5204 fictiones,
1276 5151 1329 5194 et
1366 5140 1540 5193 inania
1584 5144 1751 5195 simu-

184 5234 332 5286 latora
383 5247 681 5286 causarum.
725 5231 820 5285 Vel
856 5232 967 5286 hac
997 5232 1191 5285 silentii
1226 5233 1392 5284 nostri
1438 5231 1759 5285 diuturnitas

186 5325 423 5377 ntateria-
449 5326 567 5378 talis
594 5326 895 5393 exemplum
920 5333 1020 5378 est.
1049 5322 1283 5391 Objicies
1323 5324 1451 5376 mihi
1506 5322 1758 5377 dissimu-

186 5420 277 5473 lati
310 5419 467 5474 ofﬁcii
498 5420 870 5490 negligentiam
903 5436 914 5471 :
949 5422 1000 5472 itt
1042 5430 1094 5473 te
1122 5422 1234 5471 tunc
1266 5417 1532 5472 referetur
1559 5416 1753 5470 oratio.

186 5512 332 5579 Ergo
358 5512 475 5578 quia
508 5527 665 5579 pares
694 5526 896 5575 sumu=,
926 5510 1085 5565 dulce
1109 5509 1402 5564 colludium
1424 5516 1528 5572 est,
1562 5518 1616 5561 ut
1635 5522 1755 5562 cum

184 5602 361 5657 altero
380 5614 564 5657 neuter
590 5602 909 5670 expostulet.
945 5601 1186 5664 Veniam,
1210 5615 1366 5667 quam
1398 5599 1629 5666 dederis,
1656 5599 1757 5653 int-

186 5693 443 5763 petrahis.
493 5695 596 5751 Sed
640 5709 736 5749 cur
763 5696 933 5764 aequis
958 5704 1131 5749 tecum
1184 5691 1578 5747 conditionibus
1616 5693 1761 5760 ago?

188 5787 305 5840 lant
332 5801 442 5841 mea
477 5803 633 5842 causa
676 5788 889 5852 melior,
934 5778 1021 5855 qui
1055 5787 1200 5857 prior
1221 5785 1453 5844 emendo
1485 5785 1762 5856 utriusque

464 5882 733 5941 Ρηιιυι.
781 5879 1010 5941 XVIII.

1512 5971 1546 5983 Α

1861 4641 1903 4692 si
1932 4641 2056 4709 quid
2080 4643 2146 4693 alt
2170 4640 2373 4710 rcpuhl.
2392 4655 2567 4703 vacas,
2588 4642 2973 4697 oratiunculam
2998 4656 3254 4711 nostram,
3275 4647 3428 4715 cujus

1862 4729 2080 4784 edetufte
2107 4730 2352 4784 fiduciam
2384 4731 2531 4785 favor
2555 4732 2747 4787 civium
2779 4735 2942 4789 dedit.
2967 4735 3097 4790 Nam
3130 4753 3253 4805 spes
3284 4754 3426 4806 saepe

1863 4824 2021 4877 ali.ur
2074 4824 2358 4890 exemplis,
2406 4834 2463 4878 et
2502 4826 2814 4892 placiturum
2864 4843 2982 4882 esse
3036 4831 3424 4899 prmsumimns,

1863 4914 2001 4981 quod
2044 4914 2164 4967 aliis
2203 4914 2311 4981 jam
2356 4915 2617 4983 placuisse
2661 4918 2974 4986 gaudemus.
3022 4918 3171 4973 Nunc
3218 4931 3427 4973 tuarum

1866 5006 2094 5074 partium
2122 5006 2243 5067 erit,
2276 5004 2625 5072 respondere,
2662 5022 2783 5061 cum
2826 5008 3039 5078 legeris,
3072 5025 3138 5063 an
3188 5010 3431 5063 debuerit

1868 5113 1951 5150 tne
1974 5106 2190 5149 senatus
2210 5096 2465 5151 animare.
2487 5096 2643 5152 Certe
2664 5100 2791 5153 mihi
2810 5099 2927 5153 duci
2953 5102 3078 5154 vitio
3105 5115 3210 5155 non
3233 5114 3429 5169 potest,

1860 5206 1891 5258 ιι
1916 5188 1998 5242 ιυά
2031 5198 2135 5242 tam
2168 5188 2303 5241 bene
2328 5187 2394 5243 de
2417 5190 2521 5242 tuis
2542 5190 2762 5245 auribus
2785 5195 3014 5260 speravi,
3044 5206 3200 5261 quam
3231 5193 3432 5262 simpli-

1861 5280 1992 5333 citt-r
2016 5280 2247 5348 priorum
2275 5278 2535 5348 suffragiis
2565 5281 2782 5335 credidi.
2815 5281 2964 5335 Vale.

2453 5393 2662 5448 EI‘IST.
2701 5393 2830 5447 Vlll.

2227 5499 2531 5538 εγιιιιειιυε
2566 5500 2783 5538 ιυιιηυ
2824 5500 3062 5540 ιιυδτιου.

1938 5600 2188 5654 Nuntium
2214 5600 2327 5654 redi
2356 5614 2416 5651 ns
2444 5598 2569 5664 tnei,
2602 5613 2722 5653 cum
2758 5598 2986 5666 primum
3023 5591 3127 5656 lida.
3153 5604 3315 5672 patuit
3344 5619 3435 5658 oc-

1868 5692 2033 5757 casio,
2062 5689 2316 5746 exhibere
2346 5688 2681 5744 nnndiffero.
2732 5688 2857 5744 Scio
2888 5691 3029 5746 enim
3080 5701 3133 5749 te
3180 5709 3432 5764 prospera

1870 5798 2092 5854 quasque
2114 5782 2179 5838 de
2207 5782 2356 5837 nobis
2386 5781 2520 5837 velle
2551 5796 2894 5853 cognoscere.
2928 5784 3050 5841 Mihi
3082 5802 3294 5856 quoque
3346 5803 3438 5855 par
