3932 6442
529 371 646 426 .903

1715 365 1778 430 ρ.
1822 361 2161 417 antistans
2201 337 2631 413 summi-us.

3692 350 3791 411 ξοδ

545 502 672 545 cura
693 497 775 541 εει
802 485 868 539 de
896 483 1069 538 salute
1091 489 1250 549 atque
1277 479 1488 534 actibus
1535 487 1639 531 tuis
1664 477 1784 530 beta
1834 486 1889 530 et
1934 481 2113 544 optata
2147 477 2193 532 Α
2220 471 2504 544 descripsi,
2536 471 2690 525 simul
2725 471 2842 524 misi
2871 488 2881 521 :
2913 479 2968 523 ut
3009 470 3275 524 correctio
3299 469 3510 536 utrique
3529 483 3556 522 ιι
3586 477 3639 524 te
3663 485 3789 538 pne-

538 578 821 640 vnoscendi.
855 576 1026 644 Atque
1048 572 1169 626 ideo
1197 569 1523 640 dignaberis,
1549 567 1758 637 quoties
1805 565 1916 620 fors
1961 563 2122 620 dede-

547 672 613 723 rit
656 665 988 729 facultatem,
1041 660 1220 717 officia
1265 659 1408 714 circa
1439 672 1537 712 nos
1589 665 1787 712 mulum
1826 653 2122 709 affectionis

549 759 794 827 implere.
833 754 981 810 Vale.

1171 841 1382 897 EPIST.
1424 840 1513 895 IX.

916 949 1223 990 ειιιιιιλοιιυε
1260 947 1480 987 ιυιιιιιο
1519 943 1756 984 RUSTICO.

615 1030 789 1086 Tanta
836 1028 1000 1083 animi
1044 1026 1311 1094 voluptate
1339 1023 1541 1093 sumpsi
1588 1022 1954 1085 litterastnas,
1993 1034 2124 1090 quas

550 1121 680 1176 mihi
715 1129 837 1189 post
874 1119 1090 1186 longum
1135 1116 1403 1170 silentium
1451 1111 1714 1176 detulisti,
1747 1121 1804 1164 ut
1833 1126 1919 1164 me
1954 1109 2124 1163 fatear

537 1213 780 1282 quereiae
823 1208 1017 1280 prioris
1044 1206 1265 1262 oblitum
1293 1223 1306 1258 :
1332 1206 1453 1272 quia
1494 1201 1806 1256 memoriam
1837 1200 2123 1270 prseteritae

551 1300 962 1358 intermissionis
991 1296 1278 1368 antiquavit
1308 1297 1474 1364 gratia
1497 1305 1728 1350 recentis
1750 1293 1930 1348 officii.
1967 1292 2120 1346 Dein-

551 1412 679 1465 eeps
710 1395 753 1450 si
783 1395 875 1450 tibi
903 1393 1049 1449 cordi
1069 1407 1210 1459 sum,
1240 1389 1550 1460 frequenter
1576 1403 1794 1457 Operam
1815 1385 2127 1454 scriptionis

549 1487 796 1551 admitte,
827 1483 1192 1539 vicissitudine
1228 1479 1650 1536 remunerandus
1693 1487 1746 1532 et
1773 1477 2034 1532 sermonis
2065 1481 2128 1530 ‘ct

548 1581 764 1634 athuris.
792 1577 942 1632 Vale.

1177 1665 1394 1721 EPIST.
1430 1663 1473 1718 Χ
1487 1703 1498 1716 .

1001 1773 1313 1814 εγιιιιλοιιιις
1351 1770 1664 1812 Νιυειῑιιιο.

2227 574 2414 630 stetur,
2439 571 2492 617 et
2512 563 2762 626 aliorum,
2793 575 2912 630 qua:
2940 576 3080 613 nunc
3127 561 3332 629 pangis,
3365 560 3615 631 adiectio.
3645 559 3785 616 Vale.

2826 694 3038 749 EPIST.
3078 692 3192 747 XII.

2687 823 2995 862 εῖιιιιιιοιιειε
3033 821 3343 862 Μυεειυο.

2298 921 2354 974 Si
2401 920 2494 974 tibi
2546 919 2660 975 haec
2703 935 2826 980 una.
2857 930 2913 973 nt
2941 920 3040 988 ais,
3075 918 3446 989 frequentandi
3488 921 3610 989 styli
3643 934 3790 974 causa

2227 1022 2331 1074 est,
2360 1021 2416 1065 nt.
2449 1027 2476 1063 a
2502 1026 2586 1065 me
2608 1013 2777 1065 vicem
2830 1010 3096 1065 sermonis
3124 1010 3403 1076 excludas,
3436 1025 3684 1080 magnum
3729 1014 3792 1064 si-

2229 1102 2374 1156 lentii
2402 1102 2566 1156 n05tri
2615 1102 2668 1156 in
2710 1101 2898 1155 litteris
2938 1102 3042 1154 tuis
3069 1103 3296 1170 pretium
3337 1111 3437 1155 cst.
3471 1101 3602 1156 Vide
3626 1102 3790 1170 igitur,

2229 1211 2295 1248 ne
2326 1209 2411 1248 me
2437 1194 2666 1248 validius
2697 1209 2726 1247 a
2755 1193 3041 1248 scribendo
3070 1202 3291 1248 revocet
3318 1191 3522 1247 fructus
3553 1193 3790 1256 tacendi;

2226 1287 2348 1354 quia
2371 1284 2414 1338 si
2451 1298 2592 1353 same
2620 1283 2992 1350 respondeam,
3026 1283 3268 1337 foi'tassis
3317 1297 3498 1336 curam
3539 1285 3789 1341 remittes.

2229 1391 2278 1429 ιιι
2305 1377 2414 1446 jam
2447 1379 2616 1431 vietor
2638 1377 2826 1446 optati.
2855 1376 3008 1430 Mane
3036 1389 3165 1444 ergo
3197 1374 3248 1428 in
3279 1373 3554 1444 proposito
3574 1374 3793 1428 assidua:

2228 1483 2255 1521 s
2288 1467 2558 1536 ription’s,
2613 1470 2773 1521 etiam
2807 1475 2925 1536 post
2977 1467 3256 1535 epistolam
3307 1482 3511 1529 meam;
3560 1465 3792 1532 quamvis

2230 1561 2409 1614 malim
2436 1559 2696 1614 creditum
2731 1569 2877 1612 tuum
2901 1573 3056 1627 quam
3079 1559 3300 1628 paginas
3330 1559 3637 1626 impetrare.
3671 1558 3794 1612 Sunt

2229 1653 2444 1722 quidem
2477 1653 2579 1707 illm
2602 1651 2848 1728 Tulliano
2877 1659 3224 1720 segmentatas
3260 1666 3421 1703 auro:
3447 1649 3540 1704 sed
3572 1649 3642 1703 de
3673 1665 3794 1716 pne-

2231 1745 2472 1799 sentibns
2500 1742 2687 1797 amicis
2727 1743 2863 1794 bona
2909 1741 3060 1805 plura
3112 1747 3415 1794 sumuntur.
3475 1739 3597 1807 Ipsa
3645 1739 3794 1792 etiam

613 1855 911 1922 Exspectas
938 1867 965 1902 a
992 1866 1076 1904 me
1100 1851 1306 1902 litteras
1335 1847 1594 1916 largiores
1621 1863 1632 1897 :
1668 1843 1904 1899 dcb-etor
1925 1841 2126 1911 judicio
2160 1842 2203 1900 B
2232 1834 2390 1889 verba
2416 1832 2604 1886 melius
2627 1847 2692 1886 ett
2727 1830 2838 1883 oris
2869 1828 3103 1884 fontibus
3133 1827 3322 1892 fluunt,
3360 1843 3519 1898 quant
3549 1829 3795 1882 mandari.

543 1957 657 2000 tuo.
692 1945 829 1998 Laus
859 1951 944 1996 est
969 1941 1111 1993 enim
1144 1938 1341 2008 ingenii
1373 1952 1494 1990 eum
1525 1934 1859 1998 desideratur
1889 1933 2122 1987 ubertas.

541 2037 650 2093 Sed
679 2035 840 2092 velim
865 2035 958 2088 tibi
981 2033 1266 2087 verborum
1291 2030 1496 2100 copiam
1519 2029 1822 2098 diSpIicere.
1846 2026 1974 2080 Nam
1999 2026 2124 2093 quid

548 2136 692 2197 agat,
747 2142 854 2196 quo
912 2139 972 2180 se
1022 2135 1229 2193 vertat,
1273 2123 1360 2176 tibi
1405 2123 1718 2175 immoretur
1761 2133 1911 2171 cassa
1967 2117 2126 2170 rebus

543 2219 750 2276 oratio?
774 2219 873 2274 Otii
896 2219 950 2272 in
979 2232 1141 2287 parvo
1163 2230 1391 2284 corpore
1419 2215 1572 2282 longa
1603 2212 1888 2266 velamina.
1922 2208 2012 2263 Illa
2036 2224 2124 2264 ve-

541 2317 639 2370 stis
666 2314 912 2370 decenter
956 2310 1162 2366 indutui
1191 2319 1294 2372 est,
1323 2325 1443 2377 quae
1490 2323 1596 2361 non
1619 2305 1784 2359 trahit
1827 2303 2120 2373 pulverem,

525 2422 643 2464 .ncc
674 2406 727 2460 in
767 2405 985 2460 humum
1009 2401 1245 2457 demissa
1276 2399 1530 2453 calcatur.
1561 2395 1748 2452 Scribe
1769 2409 1897 2464 ergo
1925 2391 2122 2463 aliquid

541 2498 683 2568 quod
733 2493 1110 2567 respondendo
1149 2489 1442 2562 producam
1476 2505 1491 2540 :
1524 2500 1825 2556 quanquam
1867 2483 2124 2552 religione

539 2592 802 2662 decipior,
833 2589 922 2661 qui
970 2587 1069 2644 tibi
1120 2587 1313 2643 uberes
1361 2582 1618 2653 epistolas
1658 2581 1831 2635 audeo
1861 2579 2120 2650 polliceri.

525 2687 738 2743 'Videro
761 2686 882 2756 quis
905 2683 974 2740 sit
1001 2683 1207 2737 futurus
1231 2687 1455 2736 eventus
1479 2677 1755 2731 sententia:
1773 2683 1897 2728 tuze.
1921 2673 2122 2727 Tamen

537 2787 812 2832 memento
841 2789 948 2828 non
968 2774 1292 2830 electionem
1325 2786 1410 2826 me
1455 2767 1548 2822 tibi
1596 2763 1984 2836 spopondisse,
2025 2765 2119 2819 sed

521 2869 767 2940 impiam.
793 2866 946 2922 Vale.

1158 2951 1377 3008 EPIST.
1420 2949 1512 3008 Χῐ.

987 3059 1297 3100 ετιιιιιιειιιιε
1335 3056 1654 3098 ΝΔυσειιιο.

606 3141 818 3209 Sumpsi
845 3139 1047 3209 pariter
1066 3140 1307 3209 geminas
1332 3136 1534 3192 litteras
1557 3145 1695 3197 tuas,
1733 3133 2024 3198 Nestorea,
2059 3141 2118 3185 ιιι

535 3237 605 3290 ita
634 3234 880 3297 dixerim,
906 3247 1066 3288 manu
1091 3233 1339 3307 scriptas.
1367 3243 1588 3298 quarum
1614 3228 1762 3295 sequi
1793 3227 2110 3295 gravitatem

2224 3204 2346 3256 mihi
2397 3201 2748 3256 attrahendus
2791 3216 2850 3255 es

531 3327 738 3382 laboro.
768 3325 954 3380 Trahit
981 3326 1124 3378 enim
1157 3337 1254 3376 nos
1298 3335 1426 3375 usus
1473 3319 1729 3387 temporis
1775 3317 1826 3370 in
1875 3315 2112 3386 argutias

531 3416 827 3488 plausibilis
854 3413 1137 3470 serttmnis.
1172 3412 1350 3478 Quare
1370 3411 1575 3478 aequius
1613 3406 1837 3462 admitte
1876 3406 2108 3475 linguam

529 3508 714 3564 διωρυιί
746 3509 937 3575 nostri,
968 3515 1023 3562 et
1051 3505 1242 3560 deesse
1275 3503 1398 3558 huic
1424 3501 1666 3571 epistola:
1697 3500 1927 3553 Atticam
1966 3499 2110 3551 sani-

525 3610 695 3656 tatem
719 3600 841 3655 boni
864 3596 1104 3654 consule.
1141 3596 1365 3666 Dignum
1396 3603 1478 3646 est
1508 3600 1564 3646 ut
1593 3592 1705 3645 btec
1746 3591 1855 3658 ipsa
1887 3588 2024 3659 apud
2057 3598 2109 3642 te

523 3693 703 3762 culpa:
735 3689 1008 3747 confessio
1036 3689 1205 3758 prosit
1229 3686 1294 3742 ad
1326 3686 1495 3740 venia:
1525 3684 1852 3761 facilitatem.
1876 3679 2027 3750 Quod
2063 3683 2106 3734 si

530 3783 786 3839 novitatis
814 3781 1103 3849 impatiens
1125 3793 1204 3841 es,
1238 3791 1389 3832 sume
1415 3775 1484 3831 de
1521 3774 1638 3829 foro
1681 3774 1939 3830 arbitros:
1976 3772 2105 3825 mihi

527 3889 596 3930 an
623 3874 717 3930 tibi
746 3872 870 3944 styli
898 3870 1050 3926 venia
1079 3869 1342 3940 poscenda
1382 3868 1471 3920 sit.
1511 3865 1702 3930 Crede,
1725 3864 1958 3918 calculos
1987 3863 2106 3931 plu-

528 3982 618 4024 res
641 3969 909 4031 merebor,
937 3979 1044 4018 non
1077 3977 1234 4032 sequo
1261 3970 1315 4016 et
1344 3961 1506 4025 bono,
1547 3958 1642 4014 sed
1667 3959 1786 4028 quia
1818 3958 2002 4026 plures
2027 3955 2106 4008 vi-

523 4060 617 4115 tiis
641 4056 1018 4113 communibus
1049 4053 1248 4108 favent.
1272 4053 1453 4121 Itaque
1477 4059 1534 4104 ut
1566 4051 1678 4119 ipse
1725 4062 2103 4116 nonnunquam

523 4151 807 4222 prazdicas,
850 4154 1121 4217 spectator
1142 4143 1340 4198 veteris
1365 4150 1594 4196 monetae
1623 4139 1768 4195 solus
1794 4140 2102 4208 supersum;

523 4250 750 4297 cmteros
771 4238 1114 4294 delinimenta
1138 4237 1347 4289 aurium
1377 4233 1616 4302 capiunt.
1641 4231 1759 4286 Stet
1789 4231 1949 4300 igitur
1969 4231 2106 4284 inter

527 4348 625 4386 nos
652 4329 752 4385 ista
783 4329 987 4399 pactio:
1017 4338 1076 4381 ιιι
1105 4342 1190 4380 me
1221 4325 1434 4393 quidem
1458 4322 1607 4393 iuvet
1623 4324 1902 4376 vetustatis
1923 4335 2105 4375 exem-

523 4423 644 4491 plar
672 4422 740 4476 de
760 4419 1090 4490 autographa
1122 4428 1212 4470 tuo
1241 4431 1476 4476 smnere,
1511 4425 1563 4469 te
1587 4424 1762 4471 autem
1801 4430 1904 4467 non
1935 4413 2104 4482 pretii-

524 4521 638 4567 teat
662 4510 982 4579 scriptorum
1012 4521 1250 4561 meorum
1283 4503 1421 4558 ferre
1449 4505 1761 4558 novitatem.
1795 4503 1909 4556 Non
1932 4504 2102 4558 silebo

525 4605 754 4659 alterum
800 4615 992 4654 munus
1038 4597 1282 4666 Opuscnli
1340 4599 1434 4663 ttti,
1479 4610 1585 4663 quo
1621 4595 1795 4664 prisca
1842 4595 2101 4663 cujusque

525 4695 833 4768 reipublicm
859 4709 924 4748 ex
973 4691 1110 4746 libro
1155 4690 1345 4745 (ἶνα)εο
1387 4689 1438 4742 itt
1482 4689 1728 4742 Latinum
1761 4685 2096 4740 transtulisti.

473 4775 482 4778 ’
525 4793 689 4844 Arma
717 4801 746 4840 a
776 4783 1128 4848 Samnitibus,
1178 4779 1404 4850 insignia
1427 4795 1457 4834 a
1493 4779 1702 4844 Tuscis,
1728 4779 1873 4848 leges
1902 4779 1968 4834 de
1994 4779 2103 4832 lare

525 4879 841 4952 Lycurgiet
869 4875 1083 4932 Solonis
1130 4885 1555 4942 sumpseramus.
1589 4871 1735 4924 Tuus
1785 4869 1940 4924 nobis
1985 4879 2104 4939 pml

526 4975 641 5028 hate
665 4970 866 5025 addidit
898 4968 1048 5022 labor
1095 4963 1374 5036 peregrina
1427 4971 1795 5025 monumenta,
1833 4976 1952 5030 qua:
1988 4961 2098 5030 jam

523 5066 605 5120 sui
636 5061 899 5119 nesciunt.
937 5043 1086 5112 Nunc
1129 5069 1254 5109 vi-re
1305 5052 1491 5107 cit-itas
1551 5061 1730 5106 nostra
1782 5052 2096 5121 populorum

516 5156 761 5211 omnium
781 5165 974 5222 parens
995 5150 1130 5202 facta
1146 5157 1226 5201 est
1247 5187 1261 5205 .
1287 5149 1480 5199 docere
1512 5154 1687 5211 potest
1704 5144 1940 5213 singulos
1963 5143 2099 5198 anti-

522 5251 756 5320 rpiitates
771 5259 1014 5300 suorum.
1035 5243 1146 5312 Ipsa
1163 5255 1290 5294 vero
1305 5252 1426 5305 pars
1440 5238 1678 5291 materia:
1697 5236 1854 5306 digna
1873 5236 2096 5298 laudari,

522 5352 723 5411 quanto
751 5341 1035 5393 verborum
1075 5343 1155 5388 ste
1180 5333 1319 5386 Iatur
1364 5330 1533 5384 auro?
1582 5329 1800 5384 Nescias
1847 5329 1987 5382 cultu
2028 5344 2094 5381 an

521 5431 683 5484 rebus
711 5429 880 5498 magis
907 5425 1192 5482 voluminis
1207 5423 1375 5475 honor
1403 5419 1649 5490 gaudeat.
1683 5418 1758 5471 De
1784 5434 1900 5473 mea
1943 5421 2096 5488 aegri-

525 5522 710 5575 tudine
739 5533 1071 5588 nequaquam
1118 5527 1170 5570 te
1198 5528 1383 5568 rumor
1414 5511 1637 5576 fefellit;
1687 5510 1780 5564 sed
1813 5511 1921 5578 jam
1967 5511 2096 5564 mihi

521 5613 710 5685 (modo
738 5613 894 5667 venia
920 5610 1044 5664 dicti
1075 5611 1168 5673 sit)
1211 5601 1656 5661 convalescentia:
1698 5615 1884 5671 portus
1916 5601 2097 5670 aperi-

525 5719 631 5763 tur.
659 5707 966 5762 Carntinum
998 5714 1208 5758 tuorum
1235 5700 1476 5755 codicem
1518 5695 1900 5763 reportandum
1931 5708 2095 5764 puero

514 5868 517 5869 ν
547 5799 740 5865 rad'di,
777 5806 826 5853 et
855 5796 976 5865 quia
1017 5795 1319 5861 eclogarum
1353 5791 1486 5846 ordo
1513 5787 1765 5845 confusus
1797 5797 1904 5852 est;
1935 5802 2091 5856 quem

2233 1937 2317 1981 tnr
2346 1926 2510 1980 textis
2532 1922 2738 1994 papyri.
2769 1921 2909 1987 Quin
2938 1936 3088 1990 ergo,
3120 1921 3387 1975 eluctatus
3409 1921 3549 1989 longi
3584 1921 3678 1974 otii
3711 1937 3793 1974 ca-

2228 2020 2386 2081 riem,
2408 2017 2636 2070 leinm
2676 2021 2914 2068 nostrum
2946 2014 3170 2067 revisas.
3201 2011 3296 2068 Sat
3325 2012 3582 2083 temperis
3623 2012 3795 2081 Spole-

2235 2107 2306 2160 tio
2328 2107 2534 2172 datum,
2577 2105 2731 2158 bona!
2773 2103 2889 2158 urbi
2937 2113 2990 2158 et
3037 2103 3358 2171 optimorum
3398 2103 3598 2157 civium
3629 2103 3792 2169 matri,

2233 2196 2550 2268 intelligenti
2576 2205 2780 2257 tamen,
2826 2194 2966 2264 quod
2991 2203 3188 2248 nostra:
3234 2194 3396 2248 curia:
3427 2193 3567 2246 viro;
3605 2208 3794 2247 natea-

2228 2304 2352 2358 pere
2377 2303 2482 2343 non
2507 2287 2691 2358 possit.
2725 2287 2873 2341 Vale.

2825 2377 3039 2434 EPIST.
3079 2379 3190 2432 XIII

2679 2486 2986 2526 ενιιιιΑειιυε
3023 2485 3312 2525 Νιυοειιιο

2297 2563 2456 2618 Bitias
2475 2564 2541 2617 ad
2571 2577 2654 2618 me
2679 2563 2883 2616 litteras
2907 2561 3256 2630 pcdisseqnus
3280 2570 3402 2613 tuus
3419 2559 3632 2614 detulit.
3650 2559 3796 2615 Fran-

2224 2655 2306 2711 dis
2350 2671 2624 2724 arguerer,
2673 2655 2773 2709 nisi
2816 2653 3036 2708 totidem
3069 2652 3443 2708 reddidissem.
3478 2652 3796 2724 Utrisqnete

2228 2745 2522 2800 rediturum
2553 2746 2810 2810 Romam,
2855 2745 2897 2797 si
2941 2759 3034 2813 per
3073 2759 3242 2796 annos
3282 2744 3473 2806 liceat,
3518 2745 3795 2812 spopondi-

2223 2836 2292 2890 sti
2324 2854 2336 2889 :
2363 2850 2734 2905 swpenumero
2787 2835 2924 2887 idem
2961 2834 3270 2902 scripseras.
3312 2833 3451 2887 Nihil
3478 2834 3591 2903 jam
3630 2851 3796 2890 moror

2221 2930 2553 2998 syngraphas
2581 2935 2720 2981 tuas.
2757 2928 2953 2980 lterare
2983 2926 3297 2994 Irotnissum
3318 2965 3333 2990 ,
3377 2925 3603 2980 fallaciae
3642 2927 3795 2980 medi-

2221 3019 2354 3074 tatio
2382 3029 2485 3074 est.
2511 3019 2634 3076 Scio
2666 3019 2840 3073 lentos
2869 3018 2933 3071 ad
2963 3017 3348 3086 capessendum
3378 3017 3619 3070 laborem
3651 3033 3794 3072 senes

2223 3111 2359 3166 fieri.
2399 3111 2503 3166 Sed
2535 3111 2656 3181 quia
2685 3120 2936 3165 crescunt
2967 3110 3093 3163 vitia
3125 3125 3245 3164 cum
3277 3117 3536 3177 tempore,
3564 3109 3793 3178 ingratus

2872 3243 2887 3267 ,
2938 3202 3246 3270 priusquam
3276 3196 3555 3268 jtis'tiorem
3591 3199 3790 3256 i-eniant

2216 3292 2376 3347 faciat
2406 3294 2615 3362 longior
2643 3293 2777 3347 dies.
2813 3293 3016 3347 Nullam
3047 3292 3242 3347 Nestor
3273 3293 3428 3345 tertio
3459 3294 3556 3346 sevi
3589 3294 3673 3347 sui
3703 3309 3792 3347 sa!-

2213 3383 2336 3438 culo
2366 3385 2568 3438 militia:
2597 3385 2928 3439 vacationem
2963 3387 3234 3454 poposcit;
3275 3390 3374 3440 hee
3402 3385 3599 3440 Achilli
3640 3402 3792 3440 excu-

2210 3476 2545 3531 s'tvitzetatis
2593 3485 2704 3530 s'tlzt:
2758 3477 2923 3547 frigus
2960 3476 3182 3531 thnix
3234 3477 3484 3530 tuouitor.
3538 3476 3608 3531 Et
3654 3489 3790 3533 certe

2214 3567 2350 3621 haud
2400 3567 2622 3621 multum
2669 3568 2875 3622 itineris
2923 3567 3222 3636 interjacm.
3265 3566 3559 3636 Spoletium
3605 3569 3790 3623 subur-

2211 3660 2418 3714 hanitas
2446 3670 2623 3715 nostra
2656 3669 2754 3713 est.
2798 3661 2929 3712 Dum
2961 3660 3202 3713 carmina
3235 3669 3321 3712 tua
3365 3674 3479 3712 rum
3505 3674 3627 3728 nas,
3673 3663 3788 3713 dum

2208 3759 2590 3828 epigrammata
2638 3759 2833 3812 oblatis
2865 3758 2996 3812 lucis
3024 3802 3038 3826 ,
3085 3766 3177 3811 aut
3205 3756 3450 3810 amnibus
3493 3755 3768 3821 componis

2211 3851 2412 3906 fallitur
2434 3851 2609 3906 doctis
2638 3852 3047 3922 cogitationibus
3075 3866 3266 3906 sensus
3291 3852 3503 3906 laboris.
3535 3848 3687 3904 Vale.

2799 3967 3013 4023 EPIST.
3055 3966 3194 4022 XIV.

2671 4073 2976 4116 SVISIACHUS
3011 4072 3326 4113 Μιιοεωιο.

2277 4178 2332 4231 ιιι
2380 4191 2488 4230 tere
2530 4189 2650 4231 meo
2675 4174 2831 4231 duco.
2863 4172 3004 4242 quod
3035 4181 3086 4226 te
3112 4170 3374 4225 adornare
3419 4175 3666 4238 optatum
3697 4183 3782 4222 re-

2205 4269 2372 4323 ditum
2400 4268 2674 4323 nuntiasti.
2709 4266 2814 4321 Sed
2848 4265 2991 4318 male
3029 4275 3251 4328 metuo,
3305 4276 3372 4315 ne
3411 4260 3513 4316 hoc
3553 4260 3788 4316 studium

2209 4367 2281 4418 ιιιί
2301 4405 2316 4427 ,
2345 4364 2560 4433 negatio
2593 4357 2938 4414 habitationis
2969 4355 3252 4426 Impediat,
3283 4369 3441 4424 qnam
3475 4364 3620 4422 peto,
3652 4363 3712 4407 ut
3739 4352 3787 4406 in

2206 4457 2397 4509 bonam
2427 4465 2631 4524 partem
2664 4453 2775 4523 voti
2801 4466 2925 4520 erga
2949 4460 3000 4502 te
3028 4450 3129 4502 mei
3159 4457 3334 4502 certu~
3369 4447 3620 4515 accipias.
3658 4448 3788 4501 Deos

2135 4569 2180 4627 ι)
2204 4549 2345 4603 enim
2379 4548 2513 4602 facio
2543 4556 2739 4611 testes,
2789 4547 2884 4599 has
2910 4545 3099 4597 domus
3122 4584 3138 4610 ,
3180 4559 3404 4611 qnarnm
3435 4543 3663 4596 alteram
3693 4556 3786 4612 po-

2207 4641 2417 4695 stulasti
2442 4681 2456 4703 ,
2501 4639 2813 4708 jamdudum
2847 4653 2874 4690 a
2908 4651 2993 4690 me
3025 4635 3324 4704 hospitibus
3352 4649 3473 4688 eSse
3516 4633 3785 4688 decretas.

2207 4731 2400 4799 Qumso
2444 4731 2624 4798 igitur,
2669 4738 2725 4784 nt
2769 4737 3107 4784 sacramento
3135 4725 3446 4780 commodes
3491 4721 3676 4786 fidem,
3702 4724 3785 4790 qni

2209 4824 2290 4876 rel
2320 4822 2502 4876 animo
2530 4831 2731 4875 tantum
2766 4835 2886 4874 meo
2913 4820 3132 4872 credere
3163 4817 3456 4880 debuisses,
3483 4827 3536 4870 et
3567 4819 3616 4868 in
3648 4816 3786 4870 a-dcs

2208 4923 2324 4968 tuas
2371 4913 2594 4968 festinus
2640 4926 2885 4967 recurras
2925 4926 2941 4965 :
2985 4910 3246 4978 siquidem
3279 4910 3469 4962 domus
3493 4947 3508 4973 ,
3541 4924 3666 4976 qua:
3696 4907 3784 4960 tibi

2207 5006 2354 5075 prius
2377 5007 2662 5060 ambitiose
2688 5020 2784 5073 per
2825 5013 3034 5056 :t-tatetn
3066 5003 3265 5055 viventi
3295 5009 3350 5055 et
3383 4999 3640 5053 habitanti
3667 5014 3785 5053 enm

2207 5099 2388 5154 liberis
2431 5098 2687 5152 satisfecit
2714 5139 2726 5160 ,
2774 5097 2996 5149 similem
3029 5093 3452 5149 moderationem
3483 5092 3789 5146 distributis

2206 5195 2258 5245 in
2284 5191 2416 5245 alias
2444 5190 2636 5243 domus
2667 5190 2792 5242 filiis
2822 5204 2924 5240 ttott
2955 5187 3115 5240 debet
3139 5184 3433 5239 oil'ettilere.
3465 5183 3614 5239 Vale.

2802 5299 3016 5354 EI’IS'I‘.
3057 5299 3173 5352 XV.

2659 5405 2966 5446 SVIIACIIUS
3002 5405 3314 5444 NMJCI-JLLIO.

2273 5507 2414 5562 Petis
2445 5514 2502 5560 ut
2529 5502 2880 5572 respondeam
2911 5502 3101 5556 litteris
3124 5503 3246 5557 tu's.
3281 5501 3420 5555 Ilaec
3445 5498 3781 5554 denuntiatio

2199 5599 2510 5654 certaminis
2534 5605 2636 5650 est.
2671 5594 2777 5650 Sed
2804 5594 2945 5649 unde
2976 5593 3105 5647 mihi
3131 5606 3431 5662 quanquam
3464 5589 3775 5656 procedenti

2203 5693 2254 5745 itt
2285 5703 2454 5744 annos
2481 5701 2700 5758 graves,
2749 5688 2918 5742 senile
2948 5685 3078 5741 illud
3107 5695 3162 5740 et
3189 5699 3220 5740 ο
3242 5683 3488 5738 unicum?
3523 5681 3642 5750 Quo
3661 5682 3774 5749 jam

2201 5796 2254 5840 tu
2287 5793 2493 5840 veteres
2522 5779 2835 5838 :emularis?
2875 5781 2981 5837 Nec
3030 5789 3205 5835 tamen
3235 5776 3483 5834 defendet
3529 5776 3776 5830 volunta-
