3932 6436
203 416 308 472 105

1419 396 1896 456 EI’ISTOI.ARUM
1937 397 2136 451 LIBER
2177 398 2261 452 Ill.

3359 387 3465 443 206

208 545 310 587 tem
341 543 483 584 tuam
512 528 636 600 styli
669 526 772 581 mei
806 525 1130 593 desperatio.
1157 521 1291 585 Qnts
1319 517 1459 571 enim
1494 517 1652 586 pudot
1697 523 1790 574 2st,
1823 513 1869 571 Α
1898 511 1961 565 Et
1989 523 2135 567 certe
2161 510 2399 566 interfuit
2429 509 2802 564 sollicitudinis
2835 518 2943 563 tna‘
2979 521 3229 564 exercere
3269 507 3468 576 aliquid

208 625 345 680 vinci
360 631 477 692 post
491 619 879 677 confessionem
894 616 915 670 ?
928 613 1057 669 Illud
1079 625 1292 682 quoque
1305 625 1390 665 me
1406 608 1472 663 ad
1492 608 1790 662 rescriben-

207 719 336 770 dum
356 713 547 782 coegit,
561 711 701 781 quod
729 709 881 763 timui
901 705 1220 760 cessationis
1240 701 1490 770 exemplo
1507 698 1788 767 quamdam

203 809 309 862 tibi
338 805 531 860 silentii
577 801 854 856 formulam
883 798 1015 853 dare
1066 814 1080 849 ε
1130 796 1355 866 plusque
1398 790 1596 845 fraudis
1625 789 1675 842 in
1705 803 1792 842 me

211 900 507 954 rediturum
535 895 759 958 adverti,
802 895 844 945 si
879 902 963 943 tua
1018 888 1245 943 offensio
1284 885 1581 938 imitaretur
1611 891 1790 934 tacen-

1893 603 2177 658 vcrborum
2225 600 2603 666 familiarium,
2647 615 2772 654 cum
2813 599 2944 654 mihi
2986 597 3056 653 de
3106 597 3318 652 scriniis
3364 599 3469 650 ιιιὶσι

1893 692 2126 762 profecta
2156 692 2493 760 delegaretur
2519 691 2692 744 oratio
2717 707 2728 744 :
2754 690 2823 745 de
2866 705 2969 760 qua
3019 689 3229 744 interim
3260 699 3312 744 te
3344 703 3469 743 sus-

1894 799 2114 852 pensum
2173 784 2393 841 tenebo:
2451 793 2563 837 turn
2611 783 2824 837 demum
2878 782 2969 836 tibi
3025 780 3210 848 judieii
3271 778 3468 849 publici

1893 877 2130 960 facturus
2159 876 2408 931 indicium
2439 918 2452 939 ,
2484 891 2606 929 cum
2635 875 2944 930 exoraveris
2968 915 2984 939 ,
3015 888 3136 928 cum
3164 873 3430 928 memoris
3453 914 3469 937 ,

209 1007 321 1047 tem
348 1032 365 1056 ,
412 1004 568 1058 quam
613 985 656 1041 si
701 1000 861 1038 ausus
907 995 1058 1035 meus
1089 977 1448 1047 superiorem.
1477 971 1794 1027 .Estimabis
1829 1011 1870 1042 ο
1893 979 1948 1024 et
1973 969 2093 1038 quia
2123 968 2254 1022 tanti
2279 967 2414 1023 duco
2442 967 2649 1023 litteras
2678 975 2817 1032 tuas,
2847 980 2970 1022 cum
2997 964 3299 1034 scripseris.
3323 962 3474 1020 Vale.

210 1089 353 1156 ipse,
385 1091 580 1152 quanto
617 1078 723 1132 hoc
770 1077 846 1129 tui
892 1087 1076 1126 amore
1119 1070 1376 1123 adversus
1417 1059 1792 1117 verecundiam

212 1193 390 1231 meam
422 1172 655 1227 fecerim.
688 1169 894 1223 Interea
924 1163 1063 1230 quod
1095 1162 1259 1221 vales,
1283 1157 1440 1211 dulce
1465 1166 1546 1209 est
1571 1170 1584 1204 :
1609 1167 1793 1222 quam-

211 1271 298 1322 vis
326 1264 608 1335 adjeceris,
639 1269 796 1315 cantu
822 1273 942 1312 esse
971 1268 1106 1322 opus
1132 1293 1148 1317 ,
1176 1267 1243 1305 ne
1273 1250 1408 1303 forte
1439 1247 1668 1300 reditum
1703 1259 1797 1295 nuo

211 1334 510 1412 struma-vi
542 1353 616 1406 tui
643 1350 815 1404 Subita
843 1349 1186 1415 prtevortant.
1219 1339 1355 1395 Nolo
1383 1353 1554 1391 annos
1589 1337 1656 1388 ad
1687 1334 1794 1387 cal-

211 1448 398 1501 culum
444 1457 625 1496 voces.
674 1438 892 1493 Fiducia
942 1434 1134 1488 salutis
1177 1432 1230 1485 in
1279 1428 1479 1482 viribus
1522 1433 1625 1480 est.
1655 1424 1797 1490 Quas

211 1553 340 1594 cum
375 1534 520 1591 videt
557 1529 863 1598 expendere
907 1526 1071 1580 tutela
1123 1535 1331 1576 morum
1362 1527 1605 1579 tuorum;
1642 1526 1797 1581 spera

212 1629 561 1686 confecturos
587 1609 745 1687 deos,
780 1631 838 1676 ut
873 1632 1094 1676 maneas
1121 1615 1244 1670 vitae
1273 1614 1476 1680 integer
1503 1609 1557 1664 in
1607 1614 1798 1671 metas,

215 1739 357 1794 quas
385 1730 624 1778 veterum
653 1714 898 1773 deﬁnitio
923 1711 1073 1766 dedit
1101 1706 1319 1762 szeculo.
1353 1703 1502 1759 Vale.

813 1824 1029 1880 EPIST.
1069 1819 1210 1876 XVI.

676 1929 993 1973 θϊωκλοιιυδ
1029 1922 1339 1966 Μυεειιιο.

297 2040 550 2094 Fortasse
594 2048 788 2103 arguas
832 2028 1098 2083 diutinutn
1141 2023 1412 2076 silentium
1443 2030 1640 2070 meum.
1672 2011 1804 2066 Nolo

221 2130 467 2200 applices
499 2127 633 2180 hanc
666 2135 870 2177 moram
899 2118 1255 2185 negligentiae.
1289 2107 1634 2165 Continuatio
1661 2105 1802 2158 enim

224 2195 376 2290 longi
413 2217 616 2272 itineris
657 2214 799 2284 stylo
827 2210 1051 2265 obstitit.
1077 2206 1314 2262 Tandem
1351 2199 1692 2256 Formianum
1723 2195 1806 2248 Iit-

225 2288 685 2368 ttrsiaccessimtts
709 2345 727 2366 ,
771 2301 910 2371 quod
944 2299 1071 2353 tnilti
1104 2305 1248 2351 esset
1275 2293 1544 2360 acceptius
1566 2328 1582 2354 ,
1627 2288 1672 2342 si
1703 2300 1804 2340 una

227 2401 338 2456 loci
386 2399 538 2454 istius
581 2395 853 2461 voluptate
902 2391 1222 2444 fruerentur.
1277 2382 1381 2437 Sed
1427 2381 1550 2450 quia
1582 2378 1683 2436 hoc
1715 2390 1806 2444 per

218 2508 404 2548 annos
423 2500 474 2544 ct
500 2487 856 2544 Valetudinem
880 2493 1022 2540 tuam
1053 2499 1160 2534 non
1184 2479 1337 2540 licet;
1377 2475 1589 2529 edoceri
1617 2473 1804 2526 saltem

223 2587 431 2641 Inutuis
455 2583 643 2637 litteris
674 2591 796 2648 peto
820 2618 835 2640 ,
871 2584 1126 2644 quantum
1151 2569 1466 2639 corpusculo
1492 2565 1689 2634 vigoris
1714 2565 1806 2618 ad-

223 2676 448 2747 ieceris.
498 2676 674 2728 lnesse
729 2672 874 2727 enim
926 2667 1021 2721 tibi
1065 2662 1468 2732 temperantiam
1510 2670 1807 2726 caneraque

225 2769 448 2828 tuenda:
473 2763 766 2826 senectutis
793 2759 1061 2831 pra-sidut,
1092 2773 1195 2810 non
1225 2753 1456 2822 ambigo.
1492 2749 1637 2804 Vale.

813 2870 1025 2925 EPIS’I‘.
1069 2867 1228 2921 XVII.

713 2977 1016 3022 εγωηοιιυε
1053 2976 1119 3013 GR
1128 2971 1335 3014 I-ZthltiO.

308 3064 490 3119 Habeo
559 3056 928 3127 expostulandi
1001 3064 1172 3108 tecum
1203 3101 1212 3107 ,
1241 3048 1543 3118 probabiles
1585 3059 1805 3106 causas;

225 3155 664 3227 quandoquidem
691 3149 959 3219 pontificio
989 3145 1205 3200 litterati
1231 3142 1453 3196 honoris
1480 3150 1666 3194 auctus
1695 3139 1810 3192 ttul-

2467 1103 2705 1158 oEPIS'I‘.
2745 1101 2886 1157 XIX.

2397 1209 2709 1250 SV-IIIACIIUS
2741 1209 3004 1250 GRBGORIO

1973 1306 2382 1360 Dinturnitatem
2425 1304 2625 1360 silentii
2673 1306 2894 1373 rupisti.
2948 1307 3082 1371 sed,
3130 1305 3474 1361 mehercule!

1899 1396 2270 1464 frequentibus
2316 1395 2582 1461 impulsus
2621 1395 2840 1452 officiis.
2871 1396 2982 1465 Ego
3021 1406 3196 1451 tamen
3245 1412 3350 1450 non
3377 1399 3477 1452 mi-

1902 1501 2032 1539 nore
2081 1485 2292 1540 afﬁcior
2339 1486 2717 1554 gratulatione,
2750 1501 2908 1555 quam
2946 1486 2991 1540 si
3041 1486 3244 1543 litteras
3290 1498 3481 1556 sponte

1903 1574 2200 1631 tribuisses.
2231 1577 2486 1636 Germani
2543 1577 2646 1631 mei
2693 1577 2888 1632 vicaria
2921 1585 3186 1646 potestate
3231 1580 3476 1646 gaudeo.

1903 1677 2158 1734 tanquam
2188 1668 2318 1720 mihi
2353 1669 2516 1721 decus
2543 1667 2762 1730 honoris
2789 1668 3095 1722 accesserit.
3134 1665 3323 1722 Vestro
3350 1685 3484 1736 quo-

1903 1773 2008 1827 que
2053 1758 2105 1812 in
2147 1775 2268 1814 eum
2318 1759 2498 1812 favore
2542 1758 2780 1813 delector
2829 1769 3077 1824 tanquam
3125 1758 3322 1825 aliquid
3373 1761 3484 1827 ipse

1834 1874 1884 1935 Β
1910 1852 2260 1920 ρτωειίιθτίες
2288 1867 2408 1910 cum
2434 1866 2542 1919 quo
2566 1852 2828 1905 illustrem
2853 1852 3029 1910 virum
3041 1850 3320 1920 Syagrium
3353 1851 3484 1905 fides

1907 1953 2054 1998 certa
2081 1954 2165 1998 est
2191 1958 2410 2010 cpetaut
2454 1942 2606 1998 bona:
2637 1941 2803 2011 frugis
2845 1941 3110 1996 adnisum.
3142 1943 3293 2007 Quod
3324 1957 3392 1996 eo
3417 1943 3485 1996 ad

1909 2045 1963 2090 te
1986 2035 2324 2090 scribendum
2359 2034 2579 2102 putavi,
2630 2043 2684 2087 nt
2722 2034 2944 2104 gratiam
2990 2043 3224 2087 nostram
3253 2043 3488 2088 assertor

1907 2125 2125 2181 sedulus
2153 2127 2484 2194 exsequaris.
2522 2123 2670 2178 Vale.

2509 2236 2723 2290 EPIST.
2766 2236 2886 2290 XX.

2423 2344 2689 2384 SVIIIIACIII
2708 2345 2734 2382 8
2772 2345 3048 2386 GBEGORIO.

1982 2422 2200 2492 Elegiin
2230 2422 2503 2476 materiam
2536 2423 2836 2490 proniorem
2872 2438 2886 2476 :
2931 2423 3380 2476 accommodatior
3403 2432 3488 2476 est

1910 2515 2049 2569 enim
2097 2514 2330 2583 querela:
2373 2514 2546 2567 oratio
2591 2513 2817 2567 humana
2845 2557 2860 2579 ,
2910 2529 3067 2576 quam
3117 2513 3323 2577 gratim.
3373 2515 3487 2580 Qua

1908 2620 2069 2658 causa
2117 2606 2312 2658 factum
2360 2614 2488 2673 puto
2511 2643 2527 2669 ,
2574 2613 2632 2656 ιιι
2660 2618 2747 2658 tne
2777 2603 3153 2657 taciturnitatis
3178 2603 3488 2666 incesseris,

1904 2715 2031 2754 cum
2054 2709 2324 2767 perpetem
2353 2712 2535 2751 curam
2565 2696 2754 2750 dandae
2783 2704 2840 2749 et
2869 2695 3154 2767 reddendae
3179 2694 3365 2748 salut-is
3389 2694 3488 2747 ad-

1886 2841 1890 2846 .
1913 2793 2071 2847 nitar.
2096 2791 2248 2857 Quod
2270 2791 2484 2861 quidem
2512 2805 2598 2843 me
2628 2789 2829 2843 libente
2856 2789 3046 2842 fecisti.
3077 2787 3207 2841 Nam
3229 2790 3317 2857 qui
3339 2787 3491 2841 alteri

1911 2885 2082 2952 culpa:
2112 2884 2259 2937 ducit
2283 2883 2443 2935 officii
2473 2879 2866 2950 negligentiam,
2897 2878 3178 2947 pollicetur
3197 2879 3262 2931 de
3281 2892 3339 2931 se
3363 2889 3492 2945 ope-

1912 2993 2024 3030 ram
2058 2976 2463 3045 promptiorem.
2499 2973 2868 3040 Expostulatio
2899 2982 2986 3024 tua
3018 2973 3184 3024 instar
3213 2979 3294 3024 est
3329 2985 3492 3038 spon-

1911 3071 2100 3123 sionis.
2147 3068 2262 3122 Non
2315 3065 2614 3120 meditabor
2660 3074 2748 3116 tua
2782 3064 2942 3116 verba
2969 3103 2984 3126 ,
3029 3077 3134 3116 non
3175 3061 3493 3130 excogitabo

1913 3160 2228 3214 sententias.
2259 3158 2314 3213 Si
2343 3165 2617 3225 peccatum
2642 3155 2848 3210 silendo
2865 3153 3224 3216 contraxeris,
3247 3155 3352 3207 tuis
3379 3163 3493 3206 tan-

225 3250 343 3304 Ium
372 3247 500 3301 mihi
531 3244 782 3298 indicium
814 3239 1117 3298 communis
1149 3237 1328 3307 gaudii
1362 3231 1675 3303 prtestitisti.
1699 3233 1802 3285 Sed
1832 3245 1877 3306 υ
1913 3267 2018 3310 mm
2051 3253 2240 3308 “neris
2270 3251 2527 3322 πευθώ.
2560 3250 2709 3304 νειμ.

225 3342 358 3398 nolo
382 3341 583 3410 primas
606 3337 805 3390 litteras
831 3347 978 3388 meas
1001 3331 1120 3386 felle
1136 3327 1526 3399 objttrgattonis
1548 3325 1806 3387 imbuere,

225 3450 301 3488 ne
357 3432 596 3486 animum
662 3436 807 3481 ttnnn
865 3425 1183 3479 contrahant
1243 3434 1422 3474 amara
1482 3431 1808 3472 sermonum.

229 3528 414 3592 Quare
455 3521 659 3576 decedo
707 3516 1060 3586 querimoniis
1083 3555 1098 3577 ,
1134 3523 1190 3566 rt
1234 3524 1406 3568 tecum
1438 3511 1572 3564 hanc
1605 3509 1811 3566 veniam

234 3619 316 3672 sic
345 3615 607 3683 patiscor,
638 3611 691 3664 itt
722 3613 982 3680 reliquum
1014 3608 1162 3676 pensi
1195 3607 1390 3660 habeas
1417 3603 1538 3659 anti-
1561 3603 1666 3656 i.i:e
1693 3603 1814 3654 dili-

229 3708 491 3777 gentiam.
541 3705 622 3758 Sit
665 3705 805 3758 inter
852 3716 950 3755 nos
999 3701 1246 3768 frequens
1279 3700 1449 3751 honor
1478 3696 1593 3765 rjtts
1631 3694 1812 3760 nflicii,

227 3802 344 3854 sint
389 3797 618 3852 assiduae
666 3796 982 3864 scriptorum
1031 3792 1366 3845 familiarium
1416 3791 1579 3842 vices.
1611 3787 1817 3855 Quippe

233 3892 398 3948 tacita
423 3888 706 3944 concordia
738 3887 904 3941 instar
947 3885 1189 3938 odiorum
1216 3893 1324 3937 est.
1361 3882 1482 3936 Ideo
1512 3882 1717 3934 litteras
1741 3879 1818 3932 af-

228 3983 388 4038 fabra
437 3997 615 4036 rerum
648 3979 728 4032 vel
779 3991 994 4038 natura,
1044 3978 1124 4030 vel
1177 3975 1438 4028 industria
1489 3972 1728 4041 peperit,
1762 3981 1820 4026 ut

165 4119 168 4122 .
231 4089 511 4144 nunquam
543 4086 685 4126 tnuta
711 4083 858 4126 esset
884 4071 1094 4123 affectio
1119 4086 1132 4121 :
1157 4079 1210 4122 et
1237 4070 1280 4122 si
1302 4067 1516 4137 quando
1544 4065 1816 4127 absumus,

239 4167 441 4235 lingua
467 4175 524 4218 ut
549 4177 764 4230 operam
794 4165 1137 4229 fungeren'ttr
1178 4163 1326 4228 signa
1359 4158 1662 4212 verborum.
1698 4155 1822 4209 llmc

235 4261 290 4315 itt
342 4257 628 4325 praesentia
677 4255 807 4308 satis
853 4255 994 4309 dit-ta
1017 4257 1148 4325 sint.
1183 4257 1321 4318 Opto
1363 4251 1616 4318 deinceps
1657 4257 1823 4302 mate-

234 4350 376 4403 riam
426 4348 558 4400 mihi
605 4346 670 4400 ad
722 4322 1150 4410 respondemlmn
1198 4343 1333 4408 dari,
1365 4343 1535 4412 gratia
1586 4337 1822 4396 muneris

237 4441 342 4504 tui,
375 4456 482 4493 non
512 4439 700 4492 dolore
732 4437 950 4490 fastidii.
984 4435 1136 4488 Vale.

812 4550 1024 4604 EPtS’I‘.
1066 4549 1251 4603 XVIII.

723 4659 1029 4699 oVMIIACliUS
1065 4656 1343 4698 GBEGOIIIO.

313 4738 572 4794 Abundas
606 4737 821 4805 quidem
868 4744 1072 4787 natura:
1104 4733 1254 4787 tionis
1282 4741 1337 4786 et
1373 4730 1567 4799 ingenii
1597 4729 1819 4784 faculta-

239 4835 415 4896 tibus;
456 4831 549 4884 sed
579 4829 817 4883 continui
858 4825 1056 4879 silentii
1087 4817 1296 4893 culpant
1328 4823 1422 4876 tibi
1449 4834 1662 4891 quoque
1692 4835 1819 4888 pur-

243 4937 374 4991 gare
419 4919 642 4973 dillicile
684 4927 789 4970 est.
817 4917 951 4983 Quid
982 4915 1121 4968 enim
1150 4930 1216 4968 ex
1245 4929 1372 4967 vero
1392 4953 1408 4976 ,
1454 4913 1539 4967 vel
1584 4927 1648 4965 ex
1677 4926 1824 4965 com-

246 5020 487 5067 mentato
515 5009 620 5063 dici
656 5010 868 5077 potest?
905 5007 1100 5060 Itinera
1129 5020 1237 5072 me,
1271 5005 1478 5074 inquies
1501 5043 1516 5066 ,
1561 5004 1718 5072 longa
1749 5014 1824 5057 te-

246 5109 486 5160 nuerunt
525 5117 540 5154 :
582 5101 676 5154 sed
705 5110 849 5168 sepe
887 5107 1177 5162 cessatum,
1208 5105 1264 5150 et
1290 5095 1574 5164 aliquando
1603 5107 1825 5162 perven-

248 5207 363 5249 tum
394 5201 498 5247 est.
525 5189 755 5260 Vigilem
799 5203 1016 5258 operam
1064 5186 1290 5254 publicis
1333 5184 1492 5238 rebus
1535 5182 1822 5251 impendo;

250 5285 347 5340 scd
379 5283 584 5337 vicibus
605 5282 698 5334 otii
731 5293 889 5333 onme
920 5278 1192 5347 negotium
1223 5275 1584 5344 distinguitur.
1621 5273 1826 5336 Restat,

252 5376 394 5443 quod
424 5375 643 5428 minime
663 5374 809 5439 volo,
835 5380 893 5424 ut
913 5369 1129 5423 fatearis
1159 5367 1403 5420 amicitiae
1432 5364 1828 5436 negligentiam.

253 5468 388 5522 Nam
420 5466 591 5520 officia
622 5465 665 5520 si
694 5464 1008 5534 plerumque
1048 5462 1293 5518 deseras,
1337 5457 1614 5526 occupuio
1641 5464 1763 5511 est;
1789 5456 1831 5508 :i

253 5575 490 5631 semper,
513 5539 1023 5614 ohlivionis'crimen
1052 5562 1226 5623 putes.
1255 5551 1385 5615 Hoc,
1411 5549 1453 5602 si
1485 5549 1598 5602 fieri
1630 5557 1828 5615 posset,

260 5663 511 5707 tacerem.
560 5649 740 5704 llludis
784 5663 913 5717 ergo
941 5635 1214 5715 patientia:
1265 5656 1420 5698 mea).
1451 5640 1607 5710 Atqui
1639 5639 1832 5694 intelli-

255 5760 390 5818 ges,
435 5759 644 5813 arqmmt
692 5744 926 5796 animum
974 5740 1176 5808 majore
1208 5736 1379 5804 pretio
1424 5751 1511 5788 mu
1553 5733 1830 5788 evandutn.

265 5833 533 5904 indignius
563 5835 789 5901 lmtlitur,
813 5848 970 5897 quem
997 5831 1182 5900 religio
1210 5844 1310 5882 non
1337 5843 1482 5897 perm
1508 5828 1593 5880 t'it
1619 5825 1832 5882 offendi.

1847 4611 1902 4669 1)

2508 3361 2721 3417 EI’lS’I‘.
2761 3360 2902 3414 XXI.

2425 3465 2733 3508 εϊιηίλςιιυε
2771 3467 3051 3508 αιιεςοιιιο.

1988 3569 2194 3622 Vellem
2246 3577 2297 3621 te
2353 3568 2531 3628 legato
2581 3565 2655 3618 uti
2720 3563 2858 3627 apud
2907 3563 3165 3632 optimum
3213 3561 3490 3614 consulem

1916 3659 2204 3730 purganti-12
2232 3669 2388 3726 :ttqttt:
2405 3655 2732 3711 excusanda:
2752 3655 3009 3707 absentia:
3037 3667 3189 3716 mete,
3209 3650 3257 3705 si
3279 3651 3495 3715 scirem,

1917 3751 2057 3820 quod
2104 3763 2156 3803 tu
2199 3747 2327 3802 mibi
2360 3747 2412 3800 itt
2457 3762 2521 3800 ea
2571 3762 2630 3799 ro
2662 3744 2808 3814 prius
2853 3745 3180 3812 ignosceres.
3211 3741 3342 3796 Nam
3374 3756 3494 3794 cum

1918 3855 2152 3898 vestrum
2181 3855 2418 3894 amorem
2437 3839 2634 3908 cogito,
2667 3851 2855 3891 vereor
2877 3854 2942 3889 ne
2975 3843 3028 3888 ut
3055 3849 3140 3889 me
3156 3849 3307 3906 mque
3332 3833 3494 3887 ambo

1920 3934 2176 4002 diligitis,
2210 3931 2280 3984 ita
2315 3929 2561 3982 similiter
2602 3926 2858 3992 arguatis.
2892 3925 3023 3990 Quis
3054 3923 3213 3990 igitur
3239 3923 3367 3977 mihi
3397 3923 3498 3978 hi:-

1916 4023 2004 4093 jus
2027 4036 2203 4077 causa:
2237 4020 2489 4074 defensor
2532 4015 2865 4070 adhibendus
2891 4015 3016 4068 est?
3055 4013 3264 4067 fortuna
3295 4014 3502 4068 scilicet

1923 4129 2038 4167 mea
2065 4131 2077 4165 :
2101 4112 2256 4178 cujus
2282 4121 2338 4163 ut
2383 4113 2578 4164 misera
2598 4151 2613 4173 ,
2649 4109 2720 4159 ita
2741 4106 2881 4173 jnsta
2910 4105 3157 4173 purgatio
3185 4115 3286 4159 est.
3319 4104 3502 4172 Neque

1924 4205 2067 4258 enim
2095 4202 2193 4271 jus
2238 4200 2398 4263 sinit,
2431 4199 2549 4252 laeta
2579 4197 2751 4250 officia
2782 4195 2932 4248 obire
2964 4196 3235 4262 lugentes;
3275 4193 3502 4248 fortasse
3596 4208 3607 4218 '

1923 4297 2085 4352 etiam
2128 4301 2356 4348 vestram
2403 4290 2723 4345 hilaritatem
2767 4303 2881 4340 mea
2927 4285 3193 4342 trisdtndo
3220 4285 3504 4342 contrahe-

1926 4395 2044 4444 ret:
2070 4384 2333 4455 siquidem
2362 4395 2574 4448 semper
2606 4380 2718 4432 fieri
2750 4385 2913 4443 amat,
2945 4388 3002 4429 ttt
3040 4377 3276 4430 hahitutu
3309 4377 3503 4429 mentis

1927 4479 1994 4533 de
2041 4479 2334 4532 amicorum
2378 4488 2474 4527 ore
2519 4470 2799 4524 ducamus.
2845 4467 3023 4535 Quare
3073 4467 3310 4537 ignosce,
3358 4467 3500 4536 quod

1930 4572 2223 4637 desumus,
2270 4577 2324 4622 et
2371 4565 2511 4634 apud
2559 4562 2830 4633 egregium
2863 4559 3038 4615 virum
3069 4561 3341 4614 consulem
3383 4558 3504 4614 fave

1928 4663 2188 4720 absentiai
2233 4675 2364 4716 mea:
2408 4675 2421 4711 z
2462 4657 2612 4726 cujus
2639 4655 2846 4708 honore
2887 4652 3102 4719 gloriari
3133 4667 3372 4706 nostrum
3401 4661 3503 4712 est,

1927 4755 2176 4826 auspiciis
2205 4755 2466 4810 interesse
2496 4749 2750 4803 felicium.
2784 4745 2933 4799 νεαρ.

2503 4865 2718 4920 EI’IST.
2757 4861 2922 4918 XXII.

2430 4969 2734 5013 δγιιιησιιυι
2768 4968 3044 5012 GRBGDIIIO.

1999 5079 2228 5136 Tantum
2262 5074 2353 5129 tibi
2397 5072 2631 5140 suppetit
2670 5068 2854 5124 uberis
2881 5065 3101 5134 eloquii,
3132 5073 3190 5118 ut
3217 5063 3409 5133 prioris
3436 5064 3507 5118 si-

1927 5173 2076 5229 lentii
2105 5169 2314 5225 veniam
2351 5181 2471 5220 cum
2504 5161 2783 5232 praesentis
2829 5157 3086 5213 facundia:
3112 5155 3268 5209 laude
3302 5169 3508 5208 merea-

1931 5272 2023 5324 ris.
2054 5269 2184 5336 Qna:
2210 5263 2353 5319 enim
2384 5275 2512 5332 pars
2557 5260 2849 5312 litterarum
2881 5263 3088 5307 tuarum
3116 5249 3198 5303 vel
3240 5248 3504 5302 inventio-

1933 5377 2057 5416 nmn
2107 5357 2388 5427 prudentia
2437 5353 2647 5418 caruit,
2701 5349 2785 5404 vel
2825 5346 3062 5400 novitate
3109 5357 3395 5408 sensuum,
3423 5344 3504 5393 vel

1934 5454 2247 5522 antiquitate
2273 5445 2595 5502 verborum?
2629 5441 2764 5496 Cum
2795 5439 2956 5507 igitur
2978 5436 3070 5490 tibi
3097 5433 3336 5502 supellex
3361 5434 3509 5500 larga

1940 5561 2044 5598 non
2072 5541 2231 5605 desit,
2259 5539 2510 5598 innitere,
2539 5547 2723 5602 qumso
2749 5543 2820 5594 te,
2849 5540 2926 5592 ut,
2962 5527 3118 5583 sicuti
3145 5526 3386 5580 oratione
3413 5531 3512 5578 nn-

1941 5635 2122 5689 rahilis
2148 5647 2227 5695 es,
2261 5634 2329 5684 ita
2363 5626 2616 5694 religione
2657 5621 2917 5692 probcris.
2961 5619 3140 5674 Faciet
3181 5617 3512 5671 Itoc'crehri-

1943 5742 2022 5784 tas
2058 5725 2399 5797 epistularum
2432 5729 2662 5776 tuarum,
2706 5730 2824 5784 qua:
2855 5727 2960 5767 non
2988 5713 3159 5765 solum
3191 5709 3280 5764 tibi
3313 5705 3514 5776 parabit

1942 5823 2072 5882 erati
2094 5835 2185 5877 tm.
2217 5829 2400 5870 verum
2433 5811 2592 5867 etiam
2623 5823 2707 5862 me
2740 5805 2890 5861 faciet
2921 5802 3321 5872 promptiorem.
3360 5797 3512 5852 Vale.
