3932 6440
199 385 296 443 ⁸209

1401 381 1882 440 EPISTOLARL'M
1922 379 2122 434 LIBER
2165 377 2248 434 111.

3351 374 3479 432 ill):

200 506 407 560 τυτιηηει
435 505 588 559 amici
621 520 764 574 saepe
804 503 1074 568 sollicitit,
1127 515 1181 559 et
1227 502 1590 558 laborantious
1633 514 1781 554 com-
1807 499 1855 558 Α
1889 497 1998 550 lere
2029 505 2078 548 te
2112 495 2348 562 recipere
2372 495 2422 547 in
2447 504 2588 547 tuam
2617 507 2796 547 curam
2841 491 3173 560 pecuniarias
3197 491 3453 546 actiones.

199 597 472 652 mendatio
504 612 604 650 una
632 613 681 649 ιιι
705 613 736 650 n
768 597 996 663 sufficit,
1030 597 1153 650 licet
1177 597 1433 650 tenaciter
1461 607 1775 655 memorem,

203 703 388 742 rursus
409 687 693 740 admoneo.
725 685 1007 740 Praestabit
1035 685 1278 740 beneficii
1309 685 1383 738 ιιιὶ
1412 683 1680 746 celeritas,
1713 697 1780 736 ne

202 779 274 832 sit
301 778 428 833 mihi
456 790 678 833 necesse
703 777 842 831 Idem
871 778 1068 845 saepius
1093 776 1287 831 facere.
1316 775 1464 829 Vale.

753 869 966 925 EPIST.
1012 870 1229 925 XXXII.

677 976 980 1016 SVMIIACIIUS
1020 976 1294 1016 Αιιθιιοειο.

277 1055 494 1124 Fratres
545 1054 651 1108 mei
699 1053 998 1108 Dorotheus
1036 1063 1091 1108 et
1123 1054 1411 1123 Septimus,
1465 1049 1781 1121 spectabiles

199 1147 330 1210 viri,
353 1161 510 1199 unam
539 1157 683 1198 tuam
710 1145 988 1212 epistolam
1015 1145 1379 1213 protulerunt.
1405 1143 1508 1198 Sed
1540 1144 1667 1197 mihi
1701 1157 1783 1196 re-

199 1235 334 1304 ligio
365 1234 461 1288 fuit
493 1234 790 1288 istiusmodi
819 1242 1034 1301 captare
1075 1234 1468 1301 compendium,
1513 1243 1568 1286 ut
1598 1244 1651 1286 et
1691 1232 1784 1286 tibi

198 1325 470 1394 geminata
504 1323 852 1394 responderet
881 1327 933 1376 of
941 1323 1042 1378 licii
1071 1339 1250 1388 usura,
1281 1336 1332 1378 et
1362 1324 1584 1394 singulis
1616 1326 1786 1378 honor

199 1417 373 1471 debiti
405 1415 694 1471 testimonii
715 1415 1035 1484 proveniret.
1060 1415 1190 1469 Nam
1218 1418 1317 1470 etsi
1348 1416 1646 1470 Dorotlieus
1673 1430 1787 1484 pro-

197 1509 366 1562 battis
391 1516 490 1569 est,
529 1506 686 1576 cupio
729 1516 925 1570 tamen,
953 1516 1011 1559 ut
1050 1520 1170 1559 cum
1203 1507 1459 1574 majorem
1491 1507 1542 1559 in
1570 1505 1784 1560 modmn

197 1598 389 1667 indicii
419 1598 521 1652 mei
555 1598 902 1667 prterogativa
934 1598 1205 1662 conciliet,
1242 1596 1382 1668 quod
1409 1595 1644 1651 futurtnn
1681 1613 1788 1650 non

196 1691 442 1760 ambigo,
473 1707 592 1744 cum
621 1690 835 1744 affectio
866 1689 991 1744 boni
1011 1690 1175 1744 animi
1205 1705 1372 1760 capax
1402 1691 1471 1744 sit
1491 1689 1785 1760 augmenti,

200 1783 458 1852 quotiens
481 1783 634 1836 merit
657 1796 685 1836 ε
713 1791 1041 1850 j-rovocatur.
1067 1781 1217 1837 Vale.

749 1875 966 1930 EPIST.
1008 1873 1248 1929 XXXIII.

688 1980 990 2021 ενιιιιριοιιυε
1028 1981 1305 2022 Αιιιιιιοειο.

285 2055 435 2111 Licet
463 2055 711 2122 arbitrer,
745 2057 1052 2125 superiores
1078 2057 1284 2114 litteras
1314 2073 1480 2124 meas,
1519 2059 1713 2128 quibus
1735 2069 1790 2113 nt

204 2148 430 2203 fratrem
459 2164 635 2204 meum
669 2150 988 2205 Marcianum
1011 2150 1078 2205 ab
1108 2150 1319 2219 injuriis
1345 2152 1582 2208 vindices
1607 2161 1792 2221 postu-

204 2239 338 2303 lavi,
380 2241 435 2294 in
462 2256 648 2295 manus
692 2253 807 2295 tuas
835 2242 1073 2296 delatas:
1105 2243 1377 2298 abstinere
1427 2253 1604 2298 tamen
1630 2245 1788 2299 etiam

202 2331 444 2386 secunda
493 2333 749 2401 petitione
794 2349 898 2388 non
929 2333 1124 2401 debui,
1168 2345 1229 2389 ut
1274 2336 1646 2391 necessitatem
1692 2337 1823 2407 viri.

204 2423 420 2491 optimi,
445 2425 538 2478 sed
571 2423 766 2478 invidia
800 2426 1062 2496 tyrannici
1096 2428 1352 2494 temporis
1381 2426 1637 2494 involuti,
1671 2442 1792 2496 pre-

203 2518 355 2572 cutio
383 2517 650 2594 geminata
681 2527 921 2574 testetur.
945 2519 1122 2587 Quare
1145 2533 1332 2574 rursus
1359 2529 1410 2573 te
1430 2519 1496 2573 ad
1518 2521 1674 2574 amici
1699 2523 1792 2574 de-

204 2606 507 2662 fensionem
537 2612 828 2674 exhortor;
863 2609 1017 2679 cujus
1049 2611 1276 2666 tenuitas
1305 2623 1418 2664 orta
1468 2626 1534 2665 ex
1567 2611 1791 2677 intesti-

207 2710 344 2763 tate,
375 2715 478 2752 non
505 2701 720 2768 patitur,
745 2711 799 2754 ut
820 2716 1085 2756 annorum
1111 2703 1274 2770 pretia
1301 2701 1466 2768 possit
1489 2703 1789 2767 exsolvere,

206 2807 332 2859 qum
348 2791 459 2860 jam
482 2793 661 2848 multis
679 2794 920 2863 ejusdem
943 2796 1196 2864 temporis
1215 2794 1486 2865 judicibus
1504 2795 1793 2864 imperialis

206 2885 498 2939 clementia
524 2888 799 2942 relaxavit.
834 2887 950 2942 Erit
977 2891 1025 2957 ig
1049 2897 1134 2942 tur
1164 2888 1258 2943 tibi
1295 2887 1500 2942 IaCiIIOl'
1527 2888 1592 2941 ad
1621 2889 1792 2958 impe-

209 2979 461 3032 trandum
491 2979 592 3043 via,
616 2995 738 3033 cum
771 2981 1081 3035 meritorum
1116 2988 1324 3035 tuorum
1351 2979 1633 3050 opitulatio
1655 2981 1792 3034 alio-

215 3083 339 3122 rum
367 3071 628 3138 exemp'is
654 3071 890 3140 juvetur.
930 3071 1074 3126 Vale.

762 3161 975 3218 EPIST.
1018 3161 1258 3218 XXXIV.

694 3266 1001 3307 εγωιιιειιυε
1037 3269 1314 3308 Αιιιιιιοειο.

281 3341 379 3395 Nze
405 3342 501 3396 :evi
534 3342 704 3398 instar
726 3353 829 3408 est,
855 3355 912 3398 ut
940 3344 1105 3399 frater
1127 3362 1278 3401 meus
1299 3346 1579 3416 Magnillus
1601 3347 1796 3403 vicaria

212 3442 479 3500 potesmte
521 3449 615 3503 per
662 3434 888 3490 Africam
931 3435 1180 3502 functus,
1216 3438 1518 3492 testimonio
1560 3440 1796 3493 omnium

219 3525 432 3594 publice
455 3525 806 3597 privatimque
832 3531 1174 3597 tonspicuus,
1210 3528 1376 3583 variis
1404 3530 1455 3583 in
1491 3545 1550 3584 ea
1586 3529 1800 3600 provin-

221 3618 301 3671 cia
337 3618 637 3672 retardetur
652 3619 962 3674 ob~taculis.
995 3621 1171 3676 Nostri
1198 3622 1384 3691 optimi
1405 3622 1500 3675 viri
1525 3624 1800 3677 maturita-

219 3715 356 3769 tem,
389 3717 717 3778 exterasque
768 3717 914 3764 artes
962 3710 1163 3775 bonas,
1195 3711 1386 3781 quibus
1439 3712 1600 3768 etiam
1651 3724 1797 3768 tuum

218 3815 487 3863 amorem,
511 3815 632 3855 cum
662 3802 928 3871 Liguriam
955 3804 1296 3873 gubernaret,
1328 3808 1566 3861 attraxit.
1596 3808 1656 3861 Et
1681 3807 1799 3863 ideo

215 3892 356 3960 apud
397 3904 450 3946 te
479 3892 825 3947 redundantis
851 3905 934 3949 est
975 3910 1154 3959 o,erce
1189 3897 1402 3951 laudare
1439 3910 1796 3968 compertum.

215 3985 400 4050 Quare
424 3984 692 4055 impendio
716 3995 854 4054 peto,
878 3996 937 4040 ut
957 4001 1077 4041 cum
1102 4005 1129 4042 a
1155 3988 1333 4057 liajulo
1354 3990 1650 4045 litterarum
1675 4007 1802 4046 cau-

216 4091 307 4132 sas
350 4093 620 4132 morarum
664 4079 956 4148 acceperis,
988 4079 1292 4149 religiosum
1335 4097 1431 4151 pro
1478 4083 1596 4150 ejus
1625 4083 1801 4139 reditu

216 4168 581 4225 interventum
613 4170 846 4241 digneris
875 4167 1152 4239 adhibere,
1195 4189 1302 4242 quo
1350 4175 1562 4230 tandem
1617 4177 1802 4245 patriai

217 4260 522 4326 restitutus,
554 4261 724 4332 longa:
751 4263 1196 4332 peregrinationis
1226 4265 1470 4334 injuriam
1503 4265 1801 4322 desiderata

216 4352 402 4421 quiete
423 4362 736 4409 commutet.
769 4354 911 4408 \‘ale.

780 4445 995 4501 EPIST.
1039 4445 1254 4500 XXXV.

691 4555 1003 4595 SVNIACIIUS
1055 4556 1328 4596 Αιιιιιιοειο.

1885 587 1980 640 Ille
2012 598 2208 650 tamen,
2245 595 2301 638 ut
2341 594 2422 638 cst
2467 583 2740 638 hominum
2792 583 3105 650 plerumque
3130 597 3455 650 supervacua

1887 678 2188 747 trepidatio,
2216 689 2608 733 consentaneas
2648 676 2848 731 sanctis
2877 675 3111 729 moribus
3141 675 3246 728 tuis
3276 674 3340 728 de
3372 689 3460 729 me

1886 770 2091 825 litteras
2121 771 2428 840 posmlavit.
2460 769 2572 824 Non
2604 768 2764 823 abnui
2794 782 3010 839 operam
3049 767 3218 821 facilia
3245 766 3455 836 ctjusta

1885 861 2143 928 poscenti.
2175 860 2391 915 Summa
2419 871 2501 915 est
2545 860 2705 930 igitur
2734 857 2969 928 impositi
3000 857 3127 912 mihi
3173 858 3411 910 muneris
3439 898 3455 920 ,

1884 961 2066 1006 contra
2091 952 2364 1006 absentem
2392 952 2582 1020 civem,
2609 952 2874 1020 simulque
2903 949 3200 1004 districtum
3235 950 3458 1019 publicis

1885 1045 2050 1110 curis,
2093 1059 2197 1097 non
2229 1045 2373 1100 sinas
2420 1045 2710 1114 quidquam
2757 1044 2823 1098 de
2865 1043 3068 1112 justitia
3109 1052 3195 1096 tua
3242 1058 3460 1109 sperare

1887 1136 2211 1202 prmsidium.
2259 1135 2394 1190 Sunt
2424 1136 2570 1202 fora,
2621 1146 2745 1189 sunt
2774 1135 2947 1204 leges,
2981 1142 3105 1188 sont
3145 1134 3457 1198 tribunalia,

1886 1237 2012 1282 sunt
2036 1230 2399 1296 magistratus,
2435 1229 2626 1298 quibus
2676 1228 2907 1298 litigator
2937 1236 3117 1282 utatur
3162 1227 3306 1281 salva
3335 1243 3462 1280 con-

1887 1317 2108 1373 scientia
2135 1329 2242 1374 tua.
2282 1319 2428 1375 Vale.

2266 1400 2274 1409 ’
2425 1409 2640 1464 EPIST.
2677 1407 2936 1462 XXXVII.

2360 1515 2663 1555 εγιιδιλειιιῖε
2701 1514 2974 1555 AIIBIIOSII).

1962 1593 2511 1648 Diarinsclarissimus
2527 1595 2629 1656 vir.
2645 1594 2730 1664 qui
2751 1595 2889 1646 inter
2903 1592 3228 1660 professores
3243 1590 3464 1645 meden-

1891 1683 1942 1737 di
1965 1693 2280 1738 summatem
2307 1686 2481 1739 locum
2499 1685 2620 1754 jure
2641 1684 2868 1752 obtinet,
2887 1683 3100 1738 affinem
3129 1697 3466 1746 suum,eum-

1894 1775 2121 1845 demque
2151 1777 2520 1847 cognominem
2550 1785 2640 1831 tuo
2681 1777 2977 1845 patrocinio
3007 1776 3140 1830 tradi
3175 1790 3294 1828 meo
3319 1784 3469 1842 opta-

1895 1871 1968 1924 vit
2012 1881 2186 1924 oratu.
2222 1870 2414 1924 Libens
2453 1870 2762 1924 amicissimi
2792 1869 2892 1923 viri
2917 1869 3181 1924 desiderio
3213 1867 3464 1932 satisfeci,

1894 1973 1946 2017 II
1979 1979 2078 2018 una
2113 1965 2194 2017 via
2224 1974 2278 2018 et
2305 1971 2358 2018 te
2395 1964 2692 2018 excolerem
2742 1963 2915 2016 salute
2945 1961 3201 2024 dicenda,
3241 1970 3290 2014 et
3325 1958 3467 2013 illius

1893 2055 2006 2108 usui
2061 2053 2480 2109 commodarem.
2512 2053 2640 2107 ~Fac
2686 2053 2845 2123 igitur
2867 2067 2982 2114 oro,
3040 2051 3468 2105 commendatum

1887 2146 2088 2206 tuearis
2115 2144 2329 2211 auxilio,
2364 2161 2449 2199 me
2479 2160 2728 2199 sermone
2753 2143 2950 2198 vicario
2975 2143 3294 2197 munercris.
3321 2143 3469 2198 Vale.

2411 2237 2624 2292 EPIST.
2668 2236 2954 2291 XXXVIII.

2387 2343 2697 2386 SVMIACIIUS
2730 2343 2962 2383 IIILARIO.

1964 2421 2097 2476 Cum
2131 2420 2228 2475 has
2255 2421 2320 2475 ad
2355 2429 2405 2476 te
2435 2422 2643 2476 litteras
2669 2420 2872 2486 darem,
2917 2419 3109 2474 lcetulo
3154 2435 3297 2489 mger
3325 2428 3474 2474 tene-

1896 2513 2025 2579 bar;
2050 2512 2160 2579 jam
2205 2513 2472 2582 quidema
2528 2513 2764 2582 periculo
2813 2513 3132 2578 vindicatus,
3177 2511 3270 2567 sed
3301 2512 3475 2567 adhuc

1897 2605 2049 2676 inops
2073 2605 2289 2672 virium,
2314 2621 2433 2672 qua:
2462 2605 2689 2661 subinde
2712 2605 2930 2660 incertis
2961 2604 3196 2660 febribus
3225 2605 3476 2659 deterun-

1898 2703 2002 2748 tur.
2032 2695 2175 2751 lnter
2223 2696 2337 2751 lure
2365 2706 2541 2752 tamen
2578 2698 2716 2752 mala
2757 2697 3072 2751 valetudinis
3117 2712 3250 2751 meae
3291 2698 3475 2751 amicis

1897 2785 2169 2855 negotium
2200 2787 2343 2853 dedi,
2379 2799 2436 2842 ut
2471 2789 2659 2858 pignus
2680 2803 2965 2843 commune
2995 2788 3237 2842 consulta
3265 2798 3473 2856 patrum

1901 2877 2029 2932 viris
2057 2879 2428 2934 consulatibus
2454 2880 2788 2949 jungeretur.
2826 2880 3013 2934 Ilabita
3047 2890 3127 2934 est
3147 2882 3280 2935 ratio
3311 2881 3476 2938 meri-

1898 2977 2070 3024 torum
2102 2978 2333 3025 tuorum.
2364 2970 2502 3025 Nihil
2523 2970 2662 3025 enim
2691 2971 2878 3040 gratiae
2900 2978 3033 3025 mea:
3059 2971 3196 3026 duco
3219 2971 3476 3026 delatum.

1900 3062 2030 3115 Acta
2061 3061 2377 3130 amplissimi
2401 3061 2606 3116 ordinis
2626 3061 2846 3116 Ticiano
2862 3062 3088 3116 honesto
3115 3063 3226 3117 viro
3252 3061 3472 3116 tradidi:

1901 3168 2020 3222 quae
2051 3153 2137 3207 ubi
2171 3154 2222 3207 in
2253 3167 2442 3209 manus
2472 3164 2589 3210 tuas
2619 3155 2881 3220 venerint,
2923 3155 3172 3211 amieiiite
3204 3171 3288 3209 tne
3314 3155 3476 3209 satis-

1824 3214 1871 3278 δ
1904 3245 2092 3302 fecisse
2125 3247 2429 3314 pronuntia.
2453 3246 2592 3301 Nihil
2621 3246 2761 3302 enim
2794 3247 2936 3302 malo
2959 3262 3116 3318 quam
3162 3247 3370 3301 honesti
3401 3247 3477 3300 of-

1905 3339 2008 3394 ﬁcii
2028 3339 2254 3410 diligens
2276 3338 2526 3409 judicari.
2559 3339 2728 3395 Vale.-

2440 3427 2653 3484 EPISI‘.
2697 3427 2938 3482 XXXIX.

2399 3535 2706 3576 ειλιιιιςιιυε
2745 3536 2958 3575 ιιιιιιιιο

1977 3613 2312 3669 Valetudiuis
2340 3627 2473 3666 mere
2504 3613 2653 3682 vigor
2680 3613 2842 3680 cmpit
2883 3625 3184 3682 assurgere.
3229 3611 3328 3667 Fas
3375 3622 3478 3678 est,

1907 3713 1962 3758 ut
1986 3705 2056 3761 de
2086 3722 2171 3762 me
2201 3704 2468 3760 scribendi
2497 3705 2782 3761 assiduitas
2821 3706 3106 3775 exigatur:
3137 3714 3347 3759 maneat
3369 3715 3482 3758 tan-
3553 3749 3556 3752 λ

1905 3806 2017 3852 tum
2047 3799 2290 3851 sanitatis
2317 3796 2464 3862 ﬁdes,
2491 3812 2650 3867 quam
2683 3798 2996 3868 plerumque
3018 3795 3270 3852 sollicitat
3293 3797 3483 3856 hiemis

1908 3891 2121 3960 injuria.
2155 3890 2324 3946 Nimis
2351 3892 2495 3945 enim
2527 3899 2707 3946 tenera
2735 3899 2896 3962 atque
2938 3892 3206 3951 imbecilla
3236 3901 3320 3949 est
3347 3895 3482 3948 ratio

1908 3983 2358 4048 convalescendi,
2390 3991 2445 4037 et
2468 3993 2595 4037 ante
2637 3983 2874 4039 medicas
2923 3999 3114 4039 manus
3165 4002 3319 4055 opem
3360 3989 3484 4041 cmli

1908 4074 2276 4130 clementioris
2318 4083 2597 4145 exspectat
2637 4075 2872 4140 sanitas;
2920 4091 2987 4131 ne
3026 4077 3117 4130 tibi
3161 4078 3343 4133 videar
3372 4094 3487 4134 me-

1909 4167 2071 4221 dendi
2099 4177 2216 4220 arte
2244 4165 2431 4220 morbo
2459 4157 2863 4221 diuturnitat'em
2911 4167 3141 4223 dedisse.
3174 4169 3306 4223 Volo
3341 4171 3484 4223 enim

1910 4261 2221 4312 memoriam
2273 4257 2531 4310 malorum
2564 4258 2666 4327 ioci
2713 4267 2989 4313 venustate
3020 4258 3342 4329 frangamus.
3379 4260 3484 4316 Sed

1911 4351 2014 4420 jam
2048 4350 2211 4404 etiam
2232 4349 2428 4419 aliquid
2457 4347 2523 4402 de
2550 4349 2849 4418 Repentino
2871 4348 3067 4419 juvene
3091 4349 3290 4420 optimo
3312 4350 3488 4406 dicen—

1911 4441 2037 4495 dum
2082 4449 2183 4504 est,
2221 4441 2375 4508 cujus
2415 4455 2516 4510 ego
2557 4439 2925 4496 assiduitatem
2954 4440 3285 4496 desideravi:
3323 4459 3482 4514 quam

1918 4535 2046 4588 mibi
2078 4544 2135 4588 ut
2164 4535 2414 4601 arbitror,
2445 4533 2764 4589 verecundia
2804 4534 2919 4604 ejus
2949 4537 3176 4604 negavit,
3208 4551 3326 4591 cum
3355 4538 3490 4591 fidit-

295 4632 378 4685 Ex
409 4647 505 4686 usu
562 4633 705 4686 venit
759 4641 817 4687 ut
844 4649 1001 4698 opem
1047 4633 1420 4688 desiderantes
1455 4635 1518 4688 ad
1558 4635 1795 4706 suffragia

1915 4627 1998 4679 cia
2021 4642 2083 4680 ex
2118 4635 2168 4680 te
2195 4634 2405 4693 sumpta
2433 4634 2689 4694 prmstare
2708 4596 2972 4680 debuerit.
3005 4596 3114 4681 [irit
3138 4635 3312 4682 tamen
3335 4628 3486 4698 copia

220 4726 450 4792 probata
481 4723 812 4794 confugiant.
866 4725 1062 4780 llormn
1107 4742 1243 4781 unus
1292 4726 1553 4782 Eusebius
1583 4737 1684 4793 est,
1718 4729 1805 4796 qui

220 4815 604 4870 adolescentia-
644 4817 926 4885 prolapsus
955 4832 1158 4886 errore,
1210 4829 1526 4887 notatusqtte
1569 4819 1806 4887 judicio,

222 4908 716 4975 exliloratissimum
750 4909 1043 4962 remedium
1092 4911 1261 4963 venias
1291 4908 1476 4978 imperi
1499 4909 1580 4965 .lis
1613 4909 1806 4978 implo-

225 5008 332 5052 rat.
377 4999 477 5051 Sed
519 5008 576 5052 ut
605 4998 650 5052 ei
677 4999 927 5053 celeriter
965 5000 1200 5053 arrideat
1241 4999 1490 5063 effectu’s;
1522 5001 1714 5055 deferri
1754 5002 1806 5056 in

222 5101 414 5144 curant
445 5099 586 5143 tuam
608 5105 758 5160 spem
791 5082 1061 5160 petitio'n’s
1090 5093 1320 5159 optavit:
1352 5092 1504 5161 cujus
1529 5091 1643 5146 lia-e
1665 5107 1809 5144 sum-

225 5198 313 5235 ma
347 5190 448 5248 est,
479 5192 531 5236 ut
554 5182 772 5252 judicati
801 5183 1136 5249 remissione,
1173 5183 1326 5238 fam-.c
1350 5199 1458 5238 sum
1489 5185 1679 5238 vulnus
1709 5201 1804 5238 ex-

225 5274 430 5330 cludat.
460 5275 607 5329 Vale.

770 5346 987 5403 EPIST.
1039 5347 1275 5401 XXXVI.

705 5452 1011 5492 SYMIACIIUS
1051 5452 1329 5493 AMBROSIO.

306 5550 473 5605 Filius
503 5565 652 5606 meus
697 5550 1016 5604 Czncilianus
1051 5553 1130 5605 vir
1155 5552 1505 5613 clarissimus,
1553 5551 1638 5618 qui
1673 5566 1811 5606 nunc

229 5645 535 5696 communis
581 5644 765 5710 patriae
793 5643 1053 5710 gubernat
1080 5658 1369 5710 annonam,
1395 5655 1542 5696 certo
1566 5643 1812 5710 cognovit

230 5736 454 5803 iudicio,
486 5737 846 5791 adversarium
877 5751 1031 5790 suum
1066 5736 1310 5808 I’yratam
1333 5738 1568 5801 nomine,
1594 5736 1673 5790 vel
1697 5737 1811 5805 ejus

233 5837 661 5896 procuratorem,
690 5842 838 5895 spem
871 5828 943 5881 tui
979 5826 1172 5881 favoris
1203 5828 1462 5882 hausisse.
1489 5827 1680 5896 Negavi
1718 5842 1803 5881 so-

1918 4717 2139 4777 melior.
2188 4733 2307 4772 cum
2371 4718 2625 4787 intelliget
2679 4733 2782 4773 non
2832 4734 2891 4774 se
2921 4710 3170 4774 debuis's'e
3217 4720 3486 4788 deserere,

1914 4825 2072 4879 quem
2107 4809 2368 4880 frequenti
2417 4810 2725 4865 testimonio
2765 4818 2853 4864 tuo
2890 4811 2956 4866 de
2986 4827 3044 4866 se
3071 4822 3290 4865 noverat
3319 4813 3489 4866 credi-

1911 4899 2075 4955 disse.
2108 4900 2256 4955 Vale.

2513 4970 2726 5028 EPIST.
2768 4973 2878 5030 XL.

2417 5077 2721 5118 SVIIIACIIUS
2760 5078 2990 5120 IIILARIO.

1984 5176 2147 5232 Recte
2178 5176 2346 5230 valeo.
2378 5177 2490 5232 Hoc
2529 5178 2672 5232 enim
2701 5178 2969 5236 scribendi
3013 5177 3170 5233 debet
3194 5192 3312 5234 esse
3343 5179 3487 5248 prin-

1913 5269 2135 5338 cipium,
2180 5270 2320 5338 quod
2367 5271 2600 5325 maxime
2634 5279 2888 5339 expetunt
2926 5277 3043 5323 vota
3077 5269 3283 5324 lecturi.
3315 5271 3487 5343 Eque

1915 5361 2005 5415 tibi
2033 5362 2272 5416 oblatum
2307 5361 2540 5431 vigorem
2575 5363 2734 5418 nimis
2758 5362 2963 5432 gaudeo
2990 5379 3002 5419 :
3034 5377 3157 5416 nam
3185 5379 3271 5420 me
3291 5365 3488 5421 indicio

1914 5454 2004 5508 tali
2060 5467 2227 5523 nuper
2282 5453 2539 5508 Iiilarasti.
2568 5453 2700 5507 Illud
2725 5468 2935 5522 quoque
2975 5455 3025 5507 in
3057 5469 3317 5512 summam
3349 5474 3493 5527 pono.

1917 5548 2134 5615 lmtitiae,
2166 5547 2304 5616 quod
2339 5556 2390 5601 te
2424 5561 2713 5600 memorem
2738 5546 2840 5599 mei
2875 5545 3272 5602 honorificentia
3314 5551 3494 5618 proxi-

1917 5655 2016 5694 ma:
2047 5638 2350 5708 scriptionis
2380 5636 2636 5691 ostendit.
2665 5637 2830 5705 Cujus
2853 5638 2926 5692 rei
2949 5640 3170 5709 gratiam
3202 5639 3361 5694 silere
3385 5657 3510 5698 nuis.

1917 5731 2084 5786 debeo
2108 5773 2121 5797 ,
2167 5738 2223 5783 ιιι
2255 5732 2352 5785 hoc
2383 5730 2729 5783 invitamento
2759 5730 2822 5784 ad
2872 5732 3321 5800 perseverantiam
3354 5732 3507 5786 Iitte-s

1920 5826 2040 5880 rarii
2085 5824 2320 5878 muneris
2344 5822 2675 5889 provoceris.
2713 5821 2843 5879 Vale
