3932 6448
527 312 622 367 ιιι

1105 431 1315 487 EI'IST.
1360 435 1494 489 XLI.

1014 537 1317 580 SYIIIIACIIUS
1357 544 1593 584 ιιιιριιιιο.

592 607 780 662 Mentis
828 618 934 665 tua:
966 623 1051 666 est
1080 615 1160 680 pia
1210 628 1263 669 et
1301 617 1443 684 justa
1487 620 1761 675 mandare.
1795 623 1945 690 Quod
1973 625 2093 680 ideo

521 697 843 768 prarloquor,
879 710 1011 756 utet
1039 703 1288 773 implesse
1317 725 1400 760 me
1433 715 1671 775 noveris,
1699 730 1816 782 qua:
1846 730 1940 782 pro
1984 717 2093 771 filio

523 788 810 847 Ilabemani
833 793 932 847 viri
977 795 1262 852 clarissimi
1310 800 1567 870 jnsscras,
1597 814 1652 858 et
1682 806 1958 873 probasse.
1987 807 2089 863 Stt-

522 897 784 951 pervacua
831 887 990 955 igitur
1043 888 1139 944 fuit
1184 895 1467 960 postulatio
1508 896 1803 951 litterarum
1854 911 2086 957 tuarum.

521 973 720 1031 Moneri
763 980 906 1032 enim
953 995 1037 1034 me
1081 985 1347 1054 oportuit,
1401 1001 1506 1040 non
1534 990 1727 1058 rogari.
1757 991 1894 1056 Quid
1948 994 2089 1063 quod

519 1067 677 1121 etiam
701 1067 832 1122 mihi
870 1084 990 1124 cum
1017 1071 1108 1126 illo
1136 1088 1341 1128 summa
1389 1075 1721 1134 familiaritas
1761 1083 1894 1136 fuit?
1939 1083 2091 1139 Unde

519 1167 714 1212 tactum
737 1170 842 1230 est,
867 1173 923 1216 ttt
951 1166 1185 1233 aequitati
1216 1167 1484 1234 petitionis
1511 1170 1658 1224 favor
1687 1174 1936 1227 amicitia:
1959 1174 2090 1244 jun-

516 1259 749 1316 gi'retur.
796 1250 933 1318 Quid
975 1255 1182 1309 multa?
1218 1257 1444 1314 Venient
1481 1261 1537 1314 in
1576 1278 1763 1316 manus
1790 1275 1904 1318 tuas
1943 1282 2091 1320 cntu-

517 1349 695 1394 menta
723 1343 884 1397 curia:
912 1356 1109 1400 nostra
1129 1363 1290 1416 super
1313 1352 1432 1415 eius
1446 1352 1782 1407 absolutione
1813 1357 2087 1422 confecta;

514 1445 634 1497 qua:
664 1431 897 1487 indicent
919 1443 1021 1489 tute
1043 1438 1325 1502 voluntati,
1348 1454 1396 1494 et
1422 1442 1638 1497 Bebiani
1667 1451 1976 1502 reverentia:
1997 1451 2091 1504 de-

517 1521 674 1574 latam
723 1524 1024 1592 cupitorum
1073 1529 1424 1585 celeritatem.
1470 1532 1539 1587 At
1577 1534 1735 1604 hujus
1761 1553 1938 1604 operm.
1968 1553 2090 1611 peto

516 1611 717 1666 litteras
739 1614 1071 1680 crebriores;
1090 1633 1313 1688 quarum
1339 1623 1429 1674 tibi
1451 1639 1548 1692 pro
1567 1623 1828 1680 facundia:
1852 1637 1954 1683 tua:
1975 1631 2089 1691 opi-

511 1703 611 1757 bus
634 1705 802 1759 facilis
828 1706 1114 1763 liberalitas
1138 1713 1257 1777 erit,
1285 1715 1413 1772 mihi
1446 1731 1542 1785 pro
1571 1718 1717 1772 cultu
1745 1732 1928 1776 mutuo
1949 1740 2060 1794 pra:

513 1793 646 1848 tiosa
678 1797 972 1867 perceptio.
1001 1799 1154 1856 Vale.

1087 1890 1302 1948 EPIST.
1352 1895 1506 1956 XLII.

1012 1995 1326 2040 SYIINACHUS
1364 2002 1595 2044 BILABIO.

585 2091 776 2144 Denuo
813 2092 1108 2148 litterarum
1141 2096 1325 2152 fenore
1369 2099 1552 2171 obligo
1583 2105 1734 2159 bona:
1782 2105 1904 2161 fidei
1936 2107 2087 2163 debi—

511 2191 700 2236 torem.
737 2182 966 2250 Recepta
1008 2186 1150 2240 enim
1194 2189 1532 2246 salutationis
1579 2194 1716 2260 vice,
1746 2212 1904 2266 quam
1957 2199 2084 2252 mihi

511 2273 754 2341 proxime
775 2275 1078 2342 reddidisti,
1100 2295 1238 2333 nexu
1261 2278 1417 2336 istius
1437 2287 1669 2339 muneris
1691 2298 1744 2341 te
1765 2302 1954 2343 rarare
1977 2305 2082 2345 non

509 2367 700 2430 patior.
730 2367 842 2423 Iloc
871 2377 1048 2424 autem
1077 2371 1209 2425 milii
1241 2372 1415 2428 solum
1446 2377 1716 2444 priestabit
1745 2379 1844 2432 iste
1870 2391 2084 2436 contra-

506 2467 642 2523 ctus,
676 2470 731 2514 ut
761 2460 954 2516 indicia
1004 2477 1402 2533 prosperorum,
1453 2483 1572 2535 qua:
1607 2470 1674 2524 de
1726 2487 1814 2526 me
1840 2474 2038 2543 accipis
2065 2513 2080 2540 ,

509 2561 720 2606 tuorum
753 2553 1013 2608 honorum
1041 2556 1313 2626 Voluptate
1347 2574 1687 2628 compenses.
1721 2563 1867 2618 Vale.

1069 2690 1290 2748 EPIS’I‘.
1331 2693 1512 2748 XLIII.

1010 2797 1321 2839 δηιιυιειιυε
1361 2799 1585 2841 διιιινιιιο.

575 2891 819 2947 Fortuna!
849 2903 950 2950 tua:
979 2896 1168 2965 gaudia
1191 2897 1246 2952 in
1271 2913 1392 2953 meo
1419 2915 1528 2955 tere
1557 2901 1715 2968 duco,
1738 2913 1900 2974 atque
1919 2905 2078 2975 hujus

499 2983 776 3039 sententia:
807 2997 858 3041 te
885 2986 1038 3041 nobis
1059 2986 1295 3057 judicetn
1318 2991 1491 3059 capio,
1513 2993 1600 3062 qui
1629 2993 1864 3048 animum
1898 3012 2074 3051 meum

497 3087 796 3144 spertatum
820 3080 1005 3143 habes,
1034 3097 1153 3136 cum
1184 3091 1328 3136 tuum
1357 3086 1616 3140 consulis.
1643 3087 1944 3142 Debebatur
1975 3089 2076 3145 hoc

1690 325 1750 391 Ο.
1797 326 2136 385 Αυιιειιυδ
2175 331 2612 390 δγιιιιΑοιιυδ.

2116 451 2161 504 Α
2193 449 2288 500 viri
2325 451 2528 504 tabulas
2552 453 2920 509 condiderunt.
2957 455 3274 513 Jamdudum
3309 460 3386 512 his
3414 467 3723 521 renuntiantur

3638 353 3724 408 ’ΞΗ

2197 551 2299 606 est,
2328 551 2384 594 ut
2408 547 2675 598 successio
2714 555 3011 614 temporum
3063 549 3252 618 placita
3300 552 3472 620 priora
3520 561 3732 622 matavita

2195 630 2276 684 An
2318 632 2376 711 si.
2410 633 2561 687 nobis
2602 637 2886 690 scribenda
2931 640 3000 692 sit
3049 639 3276 695 forensis
3331 647 3529 710 oratio,
3572 647 3726 704 Jovem

2193 722 2428 793 deosque
2456 737 2670 782 exteros
2708 727 2926 785 Catonis
2955 731 3074 802 lege
3113 735 3478 803 prmfabimur,
3506 756 3569 795 ne
3594 744 3723 798 nobis

2194 814 2321 866 vitio
2345 815 2522 880 detur,
2554 821 2632 872 vel
2673 821 3001 890 negligentia
3043 826 3404 896 antiquitatis,
3425 831 3503 884 vel
3537 834 3725 888 inscien-

2193 905 2300 957 tia?
2323 905 2480 975 Atqui
2509 919 2723 976 przestat
2749 911 2974 966 Tullium
2999 917 3173 984 sequi,
3203 919 3294 986 qtti
3342 915 3567 986 ignorata
3597 924 3731 993 majo-

2193 998 2339 1052 ribus
2370 1012 2586 1066 usnrpat
2614 1003 2853 1059 exordia.
2877 1007 2980 1060 Sed
3030 1009 3158 1076 quid
3185 1025 3285 1080 ego
3332 1012 3398 1066 de
3445 1013 3540 1068 hoc
3579 1016 3727 1084 plura,

2190 1105 2311 1142 cum
2335 1090 2432 1143 sim
2465 1092 2553 1145 tibi
2582 1092 2724 1147 diem
2754 1096 3008 1161 audiens,
3058 1110 3222 1169 atque
3264 1101 3479 1157 herbam
3521 1105 3725 1160 dederim

2192 1183 2446 1234 vofnntati
2493 1185 2643 1236 tute?
2683 1185 2753 1239 Ut
2799 1203 2940 1257 sarpe
2985 1189 3214 1257 scribas,
3260 1208 3590 1264 nequaquam
3627 1200 3730 1250 milii

2192 1272 2424 1327 orandus
2453 1289 2530 1326 es.
2567 1275 2771 1330 Eiiiciet
2799 1279 3083 1334 assiduitas
3105 1281 3404 1338 litterarum
3429 1303 3666 1353 mearum,
3690 1298 3732 1340 ut

2193 1368 2359 1420 mutui
2403 1368 2742 1425 adtrtonearia
2777 1371 2958 1428 officii.
2993 1373 3139 1428 Vale.
3208 1355 3227 1374 ⁸

2765 1485 2979 1542 EPIST.
3026 1488 3182 1542 XLV.

2690 1594 2998 1635 SVIIIACIIUS
3034 1596 3259 1638 SIBUIIO.

2266 1689 2398 1743 Vera
2437 1703 2524 1744 rei
2559 1701 2661 1758 est,
2706 1693 2901 1747 famam
2938 1709 3058 1751 esse
3085 1697 3345 1754 velocem.
3377 1700 3482 1756 Sed
3514 1703 3738 1756 dissentio

2193 1783 2502 1846 \lantuano,
2529 1784 2621 1853 qui
2654 1801 2772 1840 eam
2802 1797 2952 1856 putat
2978 1788 3032 1843 in
3064 1791 3218 1845 malis
3246 1793 3446 1848 debere
3475 1796 3731 1847 nmnerari.

2193 1873 2321 1927 Nam
2346 1875 2469 1942 quid
2493 1874 2594 1929 hac
2621 1878 2953 1949 prteelarius,
2981 1895 3101 1934 cum
3127 1882 3264 1936 laetis
3295 1886 3494 1939 nuntiis
3515 1887 3635 1954 rigat
3657 1900 3732 1938 att-

2190 1981 2276 2018 rt-s
2296 1975 2350 2020 et
2385 1977 2590 2022 mentes
2622 1968 2924 2025 bonorum?
2953 1973 3074 2028 Mihi
3105 1983 3254 2030 certe
3275 1977 3472 2045 oppido
3495 1990 3629 2042 grata
3649 1989 3733 2040 est,

2189 2066 2470 2125 postquam
2503 2062 2835 2127 purgatioais
2853 2073 2956 2118 tum
2983 2067 3153 2133 prima
3180 2069 3327 2122 vexit
3357 2069 3615 2124 indicium.
3631 2071 3730 2121 IIuri

2186 2167 2352 2215 eram,
2385 2164 2606 2207 moestus
2635 2154 2798 2209 animi
2829 2155 2897 2210 ob
2937 2160 3187 2214 amissam
3235 2171 3535 2229 parentem.
3574 2164 3641 2217 Eo
3667 2179 3733 2216 me

2186 2257 2376 2298 secura
2403 2245 2560 2307 fama,
2587 2247 2731 2300 curis
2759 2263 2892 2316 quas
2921 2250 2989 2304 de
3017 2258 3069 2302 te
3097 2253 3352 2318 gerebam
3378 2253 3616 2308 absolvit.
3641 2253 3726 2307 Ner.

2154 2392 2159 2397 ,
2187 2336 2317 2391 tides
2345 2337 2529 2392 defuit.
2563 2338 2709 2393 Illico
2738 2341 2878 2394 enim
2905 2341 3190 2396 credebam
3221 2359 3406 2400 verum
3433 2361 3570 2411 esse,
3614 2345 3731 2414 quod

2185 2446 2434 2487 noveram
2459 2443 2514 2486 et
2544 2443 2648 2488 tute
2692 2436 3031 2501 innocentiae,
3077 2451 3131 2493 et
3180 2444 3418 2509 :eqnitati
3474 2455 3730 2508 temporum

2183 2526 2488 2580 convenire.
2515 2528 2868 2582 Accesserunt
2902 2531 3062 2584 etiam
3093 2531 3282 2587 littere
3315 2545 3420 2589 tum
3448 2545 3548 2589 tam
3578 2535 3730 2601 lepida!

2182 2631 2243 2668 ac
2279 2626 2530 2680 venusta,
2563 2619 2699 2691 utin
2726 2636 2784 2674 re
2826 2621 2936 2690 jam
2963 2624 3172 2693 cognita
3206 2640 3410 2681 novum
3461 2627 3580 2680 mihi
3609 2627 3666 2680 de
3687 2637 3726 2679 te

2182 2707 2428 2772 gaudium
2461 2708 2693 2762 nuntiari
2729 2720 2989 2774 putarem.
3037 2714 3161 2767 Erat
3201 2713 3253 2768 in
3286 2715 3395 2769 illis
3425 2715 3603 2769 ﬁducia
3627 2730 3728 2767 cou-

2181 2799 2419 2854 srientim
2449 2801 2619 2864 bonae,
2648 2803 2740 2856 sed
2766 2819 2886 2857 cum
2915 2803 3070 2860 laude
3091 2806 3317 2874 justitize
3347 2808 3582 2876 publirm.
3617 2808 3725 2860 Nam

2179 2898 2232 2942 et
2264 2891 2588 2957 principibus
2614 2895 2858 2950 maximis
2885 2898 3084 2966 gratias
3119 2907 3176 2952 nt
3203 2899 3482 2954 absolutus
3503 2901 3661 2969 egisti.
3685 2909 3728 2951 et

2179 2981 2248 3035 de
2286 2983 2401 3036 sola
2433 2982 2642 3038 fortuna
2673 2992 2733 3039 ιιι
2777 2987 3036 3042 innocens
3086 3001 3416 3060 conquestus
3441 3009 3515 3047 es.
3566 2991 3727 3044 Verum

2179 3072 2306 3142 qttid
2357 3074 2526 3128 ultra?
2574 3075 2798 3141 Quando
2836 3077 3104 3134 Romam?
3134 3081 3350 3150 quando
3397 3085 3462 3137 ad
3500 3083 3727 3136 urliamtin

498 3171 698 3224 teneris
735 3179 1035 3241 temporum
1062 3174 1236 3240 bonis,
1275 3185 1331 3230 ut
1357 3178 1583 3232 consilio
1609 3179 1821 3247 publico
1851 3184 1933 3234 vir
1959 3181 2071 3235 lau-

2177 3164 2340 3217 ntium
2358 3165 2381 3217 ?
2400 3165 2612 3233 quando
2637 3169 2703 3221 ad
2739 3168 2945 3238 legendi
2983 3182 3038 3226 et
3065 3174 3334 3229 scribendi
3367 3177 3549 3230 solatia
3571 3188 3727 3228 rever.

496 3265 650 3317 datus
673 3265 977 3319 accederes.
1009 3266 1147 3335 Ergo
1173 3267 1295 3336 quia
1325 3285 1412 3322 res
1440 3283 1561 3324 sese
1587 3285 1654 3325 ex
1685 3283 1810 3325 vom
1835 3275 2070 3328 omnium

497 3353 667 3420 dedit,
708 3370 904 3425 perage
946 3373 1165 3425 operam
1197 3358 1413 3427 ,judicio
1454 3362 1583 3414 tanti
1631 3364 1890 3432 principis
1945 3381 2073 3421 con-

493 3455 795 3510 gruentem.
825 3447 989 3516 Urget
1021 3459 1072 3503 te
1099 3453 1431 3520 exspectatio
1459 3455 1612 3508 hon's
1639 3471 1853 3522 semper
1879 3473 2071 3512 onero-

499 3553 578 3591 sa.
603 3539 732 3593 Nam
762 3543 860 3595 rtsi
889 3542 1079 3611 dignos
1108 3545 1340 3612 respicit,
1369 3547 1602 3613 periculo
1627 3559 1800 3605 tamen
1830 3553 2069 3620 proxima

493 3639 597 3694 est,
621 3631 747 3684 dum
779 3633 1009 3702 amplius
1035 3634 1136 3688 sibi
1159 3636 1264 3703 poll
1289 3647 1462 3692 cetnr.
1497 3638 1669 3694 Ilabes
1689 3643 1944 3696 szeculum
1971 3645 2071 3698 vir-

495 3723 592 3778 tuti
621 3725 874 3788 amicum,
907 3742 1013 3794 quo
1058 3727 1160 3780 nisi
1193 3731 1424 3797 optimm
1473 3733 1698 3802 quisque
1723 3735 1946 3805 gloriam
1979 3752 2069 3806 pa-

493 3823 598 3876 rat,
621 3815 856 3869 hominis
879 3827 964 3870 est
989 3817 1164 3887 culpa,
1189 3835 1295 3872 non
1325 3824 1600 3889 temporis.
1632 3824 1788 3879 Vides
1809 3837 1987 3891 certe;
2012 3836 2068 3881 nt

488 3903 577 3958 ille
604 3903 720 3973 ipse
767 3909 857 3972 qui
905 3905 1159 3962 Romanis
1191 3911 1350 3965 rebus
1381 3913 1620 3978 antistat,
1653 3915 1717 3968 ad
1742 3916 1940 3971 bonum
1973 3935 2067 3984 pn-

487 3996 680 4050 blicum
703 4007 857 4051 natus
884 4009 985 4053 est.
1008 3997 1278 4064 Secundo,
1303 4014 1360 4056 ιιι
1387 4007 1454 4056 ita
1483 4006 1677 4073 dicam,
1705 4023 1863 4063 cursu
1885 4010 2064 4078 proba!

483 4099 630 4142 artes
657 4097 713 4144 et
737 4089 962 4144 virtutes
991 4092 1252 4147 feruntur.
1287 4093 1392 4151 Sed
1423 4097 1537 4151 htec
1566 4098 1658 4152 tibi
1691 4101 1900 4166 plenius
1941 4112 2062 4155 tuus

480 4181 694 4236 animus
722 4199 884 4252 quam
913 4184 1080 4255 stylus
1111 4196 1296 4243 noster
1323 4190 1589 4259 expediet.
1627 4192 1738 4264 Ego
1759 4197 1910 4251 amim
1946 4197 2062 4252 fun-

479 4282 598 4325 ctus
620 4271 881 4340 officium,
915 4278 1255 4334 admonentis
1286 4282 1461 4350 potius
1492 4299 1649 4351 quam
1672 4284 1912 4343 ducentis
1941 4305 2060 4354 per-

489 4378 677 4416 sonam
703 4367 902 4434 recepi.
934 4367 998 4421 Et
1021 4384 1180 4437 spero
1196 4380 1433 4429 actutum
1467 4374 1600 4440 fore,
1625 4387 1682 4431 ut
1708 4382 2070 4448 exspectatio-.

482 4468 570 4516 ne,
597 4469 719 4521 quae
747 4456 814 4509 de
847 4469 896 4509 te
937 4473 1125 4527 magna
1154 4471 1255 4526 est,
1287 4466 1458 4532 major
1497 4467 1762 4523 liabearis.
1808 4469 1914 4525 Nec
1956 4489 2056 4542 ego

2181 3257 2347 3310 teris?
2376 3258 2546 3326 Spero
2572 3261 2826 3316 velociter
2859 3281 2872 3314 :
2899 3263 3162 3334 siquidem
3189 3281 3276 3320 res
3305 3267 3553 3333 postulat,
3582 3277 3629 3318 ιιι
3653 3263 3725 3314 tibi

2177 3347 2617 3415 peregrinationis
2645 3351 2834 3420 injuria
2864 3353 3188 3409 desiderium
3235 3357 3436 3426 quietis
3481 3369 3730 3411 commen-

2175 3439 2281 3492 det.
2319 3439 2462 3494 Vale.

2741 3515 2962 3572 EPIST.
3003 3519 3187 3574 XLVI.

2646 3619 2814 3661 ετιιιιι
2824 3624 2957 3664 οιιυε
3008 3627 3284 3668 ευτιιοριο.

2246 3715 2320 3767 Ex
2352 3718 2619 3771 sententia
2636 3720 2762 3774 mihi
2786 3725 2958 3788 cupita
2984 3727 3298 3794 Succedunt,
3327 3731 3374 3784 si
3399 3728 3601 3799 quando
3628 3741 3728 3797 pcr-

2171 3803 2270 3857 frni
2300 3805 2454 3860 datur
2502 3809 2690 3863 salutis
2723 3820 2829 3866 tua:
2872 3817 3178 3884 cognitione
3237 3820 3459 3891 alloquii
3509 3832 3721 3874 munere.

2170 3895 2279 3950 lloc
2306 3912 2406 3966 ego
2445 3900 2647 3969 liquere
2685 3906 2825 3970 apud
2880 3915 2930 3961 te
2983 3910 3114 3964 satis
3177 3911 3348 3966 habeo
3401 3926 3722 3982 compertum.

2166 3991 2301 4057 Quid
2323 3994 2464 4047 enim
2493 3997 2620 4048 mihi
2647 4001 2846 4052 amoris
2887 4002 3246 4070 impcnderes,
3289 4007 3333 4061 si
3361 4009 3431 4063 de
3464 4025 3546 4062 nte
3577 4009 3720 4060 incer-

2166 4093 2248 4133 ius
2273 4085 2458 4138 esses?
2485 4088 2659 4155 Atque
2683 4091 2886 4144 utinam
2911 4095 3106 4162 scripta
3135 4097 3248 4151 hare
3277 4111 3362 4152 tua
3387 4141 3403 4163 ,
3443 4115 3592 4168 quam
3619 4106 3722 4150 sunt

2166 4173 2384 4228 honoris
2411 4177 2584 4243 plena,
2617 4188 2723 4232 tam
2753 4183 2941 4236 crebra
2969 4185 3076 4239 sint
3100 4188 3112 4239 !
3141 4184 3330 4242 Gravis
3358 4199 3442 4245 est
3464 4191 3599 4246 enim
3625 4188 3722 4241 sitis

2164 4268 2420 4322 bonarum
2452 4284 2654 4335 rerum,
2683 4272 2767 4326 cui
2810 4273 2921 4329 sola
2970 4275 3182 4333 fruendi
3214 4281 3499 4336 assiduitas
3527 4278 3722 4336 medici-

2162 4374 2284 4412 nam
2321 4360 2464 4413 facit.
2513 4360 2654 4430 Ergo
2706 4363 3068 4436 indulgentius
3117 4370 3340 4426 abutere
3389 4370 3721 4426 nnmificcntia

2163 4451 2534 4518 scriptionum.
2565 4454 2693 4508 Nam
2719 4471 2825 4524 quo
2852 4458 2972 4523 plus
2998 4470 3082 4514 est
3132 4462 3183 4516 in
3235 4465 3426 4520 litteris
3474 4469 3574 4520 tuis
3597 4462 3720 4532 quod

483 4543 786 4599 istiusmodi
816 4548 1075 4616 scriptum
1105 4552 1442 4622 recepissem,
1474 4557 1573 4610 nisi
1615 4561 1750 4626 apud
1783 4579 1868 4616 me
1891 4541 2060 4633 lique-

2177 4541 2447 4607 gaudeam,
2479 4542 2581 4598 hoc
2607 4548 2776 4615 magis
2806 4560 3053 4617 superest
3082 4553 3228 4621 quod
3271 4559 3558 4612 reouiram.
3590 4555 3730 4609 Vale-

481 4648 588 4703 ret,
618 4639 761 4708 quod
806 4643 1091 4697 emendato
1134 4647 1334 4712 pectori
1365 4647 1505 4702 bona
1532 4651 1696 4707 verba
1723 4654 2053 4710 mandarem.

477 4729 626 4795 Quod
655 4738 846 4793 restat,
868 4743 1139 4787 memento
1160 4735 1329 4790 salute
1358 4737 1658 4800 referenda,
1684 4751 1738 4794 et
1761 4753 1905 4796 tuum
1938 4762 2055 4798 mn-

476 4836 576 4895 nns
621 4823 872 4891 exsequi,
919 4835 975 4877 et
1013 4827 1115 4879 tnei
1147 4825 1307 4882 officii
1358 4830 1689 4900 diligentiam
1740 4851 2049 4902 provocare.

477 4911 632 4970 Vale.

1039 4987 1255 5044 EPIST.
1300 4991 1482 5045 XLIV.

983 5095 1291 5138 δνιιιιιειιυε
1324 5100 1543 5141 διβωιιο.

544 5192 792 5248 Concedo
820 5195 871 5248 iu
901 5193 1046 5264 leges
1076 5202 1213 5261 tuas,
1246 5207 1300 5250 et
1329 5200 1626 5274 ἀρχαϊσμὸν
1657 5202 1921 5257 scribendi
1945 5221 2052 5259 non

473 5285 667 5339 invitus
695 5283 907 5342 affecto.
938 5287 1018 5341 Tu
1045 5299 1218 5342 tamen
1253 5291 1333 5344 fac
1365 5292 1844 5357 memineris,‘illud
1878 5299 2053 5368 potius

475 5379 697 5448 simplex
729 5383 999 5436 nonnullis
1030 5383 1218 5446 videri,
1252 5387 1396 5454 quod
1422 5389 1691 5457 sequentis
1720 5394 1892 5445 artatis
1927 5412 2052 5450 I'SIIS

475 5473 694 5538 recepit.
741 5471 832 5527 Vis
879 5473 1118 5542 epistolis
1174 5479 1370 5530 "OSII'IS
1412 5493 1560 5534 more
1607 5481 1867 5548 majorum
1915 5487 2049 5538 nttda

476 5561 688 5616 numina
740 5565 1127 5632 p:a'ferantur?
1171 5570 1229 5624 Si
1287 5572 1378 5623 tibi
1430 5576 1702 5627 ‘vetustatis
1752 5585 1926 5628 tantus
1973 5588 2054 5630 est

459 5669 645 5723 amor,
677 5658 785 5726 pari
825 5663 1000 5713 studio
1044 5662 1095 5715 in
1125 5669 1281 5718 verba
1320 5669 1487 5734 prisca
1527 5670 1831 5734 redeamus,
1863 5671 2053 5738 quibus

472 5750 591 5805 salii
620 5759 844 5810 canunt.
869 5761 926 5806 et
947 5769 1174 5813 augures
1215 5773 1365 5812 avem
1411 5762 1722 5822 consulunt,
1755 5771 1806 5816 et
1834 5761 2050 5818 decem-

2711 4659 2926 4718 EPIS'I'.
2970 4664 3178 4720 XLVII.

2638 4766 2941 4808 Z-YIIIIACII'US
2982 4772 3245 4813 ECTBOPIO

2226 4853 2390 4908 Nom:
2412 4871 2607 4912 vacuus
2632 4861 2824 4926 otiare,
2874 4874 2926 4918 et
2983 4868 3130 4922 libris
3163 4871 3438 4926 remissius
3487 4872 3716 4940 invigi'ilp

2154 4947 2369 5012 quando
2399 4948 2468 5002 ita
2505 4951 2764 5009 volvenda
2814 4957 2926 5011 dies
2981 4962 3175 5030 attulit,
3227 4974 3282 5019 ut
3321 4965 3520 5021 domini
3570 4963 3726 5020 nostri

2159 5037 2397 5094 Gratiani
2429 5042 2711 5099 fortissima
2745 5049 2898 5103 simul
2925 5067 2987 5106 ac
3023 5053 3325 5111 felicissima
3358 5076 3514 5114 manu
3537 5068 3712 5113 nutan-

2157 5121 2226 5184 Iia
2295 5133 2600 5202 reipublicae
2652 5138 2885 5205 pondera
2947 5142 3252 5200 fulciantur.
3319 5147 3580 5204 Videorne
3631 5147 3712 5201 tibi

2156 5228 2630 5302 πανηγυρικώτερον
2656 5227 2862 5282 loeutus
2889 5270 2902 5294 ,
2925 5248 3080 5298 quam
3107 5251 3221 5289 nios
3242 5239 3482 5307 epistolae
3507 5238 3616 5292 sit?
3642 5237 3718 5290 Sic

2156 5312 2376 5368 sebabet
2397 5318 2552 5382 ratio,
2574 5326 2630 5370 ut
2651 5334 2738 5374 res
2756 5323 2999 5378 maxima:
3011 5341 3233 5395 magnos
3247 5329 3422 5385 hiatus
3437 5332 3544 5386 oris
3561 5328 3718 5397 requi'

2163 5415 2299 5457 rant.
2349 5405 2453 5460 Sed
2507 5408 2620 5463 lucc
2643 5410 2782 5480 stylo
2807 5417 3144 5483 exsequenda
3185 5419 3277 5474 tibi
3321 5432 3446 5477 ante
3475 5423 3622 5483 alios,
3643 5416 3719 5472 cui

2162 5496 2327 5563 pollet
2357 5497 2613 5565 Minerva,
2633 5504 3001 5562 concedimus.
3033 5509 3137 5563 Nos
3157 5512 3221 5564 ad
3253 5513 3525 5569 fimiliaria
3554 5527 3718 5567 rever-

2164 5597 2356 5640 tamur.
2385 5589 2476 5640 lliu
2505 5606 2532 5641 a
2563 5608 2647 5644 me
2682 5593 2817 5646 bona
2841 5597 3087 5653 valetudo
3115 5602 3387 5657 dissensit.
3422 5603 3651 5658 Inhorrui
3683 5600 3716 5651 ti

2165 5679 2451 5745 paululum,
2487 5683 2636 5747 seio;
2671 5700 2812 5752 pone
2856 5690 3266 5747 sollicitudinem
3304 5697 3449 5764 :jam
3475 5696 3709 5749 valemus.

2163 5768 2310 5822 Nunc
2343 5771 2632 5829 refectione
2656 5792 2789 5840 opus
2811 5789 2910 5843 CSI,
2944 5783 3092 5844 cujus
3135 5786 3260 5839 mihi
3291 5791 3438 5846 conia
3468 5784 3720 5842 sermonis
