3932 6440
147 373 249 446 eis

1349 372 1826 431 EPISTIJLARUII
1868 371 2068 426 LIBER
2109 371 2192 425 III.

3289 371 3408 425 9ης

146 506 218 561 ιυί
264 502 479 574 pabulo,
511 515 553 553 ςι
601 513 790 553 annue.
808 512 852 551 ts
906 495 1204 549 Istiusmodi
1252 507 1491 562 Operam,
1530 486 1722 560 poterit
1750 491 1797 544 Α
1828 487 2133 553 religionem
2180 485 2440 556 fthueuti
2492 503 2589 543 usu
2637 488 3016 543 vicissitudinis
3066 488 3389 555 repen‘sabis.

149 595 450 664 provenire.
487 591 632 646 VaI--.

700 658 911 714 EPIST.
952 655 1182 711 XLVIII.

629 765 932 806 SVIIACHUS
971 760 1253 803 EU‘I‘ROPIO.

219 867 602 939 Superforanei
637 865 840 919 laboris
865 871 944 917 est
974 857 1356 914 commendare
1382 852 1726 922 conspicuos.

148 974 209 1018 ιιι
236 965 282 1018 si
309 963 362 1016 in
383 962 495 1015 sole
519 957 702 1028 positis
727 957 892 1010 facem
922 951 1198 1022 prteferas,
1231 959 1284 1004 et
1313 961 1542 1002 accensu
1567 944 1726 998 lumi-

148 1073 278 1111 num
306 1053 684 1110 claritudinem
715 1049 819 1103 diei
851 1047 1047 1116 gestias
1084 1043 1357 1110 adjuvare.
1403 1037 1604 1093 Idcirco
1633 1036 1730 1088 im-

151 1152 559 1222 praesentiarum
581 1143 715 1198 nihil
741 1149 979 1196 moratus
1006 1138 1155 1192 testis
1171 1133 1428 1194 officiunt,
1450 1128 1732 1185 salutatio-

152 1217 204 1300 ni
236 1254 344 1298 tua
370 1241 494 1311 styli
537 1250 756 1306 operam
784 1232 1043 1287 dedicavi.
1088 1228 1166 1280 'l‘u
1193 1236 1372 1280 tamen
1403 1217 1736 1276 Posthumia-

153 1351 287 1390 num
317 1333 536 1388 fratrem
567 1338 831 1391 nostrum,
858 1324 1112 1392 juvenem
1142 1319 1210 1373 de
1238 1313 1589 1370 summatibus
1614 1325 1735 1366 meo

154 1442 371 1497 quoque
392 1426 608 1476 nomine
639 1420 797 1474 velim
827 1416 1054 1484 diligas:
1099 1422 1157 1468 ut
1207 1409 1492 1478 intelligat,
1537 1405 1736 1476 justam

154 1518 323 1572 veluti
350 1517 699 1570 omissioucut
733 1507 902 1563 laudis
925 1521 1037 1561 sua:
1066 1504 1186 1572 plus
1215 1501 1434 1556 honoris
1463 1497 1735 1552 habuisse.

157 1611 311 1664 νὼ
730 1667 946 1742 EPIS'I‘.
991 1663 1177 1722 XLIX.

643 1775 947 1817 SVIIACHUS
987 1769 1270 1812 ευτκοιηο.

235 1887 294 1940 In
342 1871 493 1954 gravi
547 1879 692 1935 dono
721 1878 914 1941 habeo,
956 1872 1096 1944 quod
1127 1869 1377 1925 anticitize
1419 1881 1553 1922 mea:
1604 1866 1746 1919 viros

160 1978 477 2034 edecimatze
505 1971 799 2027 honestatis
833 1965 1096 2038 adjungis.
1129 1962 1284 2020 Facis
1314 1961 1414 2015 hoc
1440 1976 1534 2028 pro
1553 1968 1746 2012 ca‘tera

161 2086 293 2142 erga
324 2084 410 2124 me
432 2066 708 2136 diligentia
729 2073 838 2130 tua,
868 2075 966 2117 nec
995 2072 1224 2129 unquam
1258 2055 1472 2112 desistis
1492 2066 1706 2121 operam
1733 2091 1747 2114 ,

164 2163 314 2236 quod
343 2160 473 2216 mihi
501 2175 568 2214 ex
595 2173 698 2212 usu
738 2154 966 2222 accidat,
1015 2147 1354 2207 consulendi.
1387 2145 1524 2213 Quid
1565 2144 1609 2198 si
1655 2142 1748 2198 tibi

165 2233 334 2312 etiam
364 2251 544 2308 fratris
573 2250 678 2305 tnei
710 2246 893 2304 Sabini
927 2247 1143 2300 nomine
1169 2239 1366 2310 gratias
1413 2235 1606 2307 agam?
1651 2233 1750 2299 Qui

167 2365 197 2401 a
228 2348 360 2402 tein
404 2346 599 2399 bonam
629 2349 832 2412 partem
854 2337 1091 2393 creditus
1139 2341 1344 2388 tantum
1388 2329 1753 2398 prmrogativzn

167 2439 377 2506 attulit,
415 2445 472 2494 ut
499 2437 546 2490 si
598 2433 735 2489 foret
779 2431 888 2500 jam
933 2423 1200 2484 omnibus'
1235 2423 1508 2492 probatus.
1558 2419 1755 2488 Dignus

169 2534 335 2602 plane
380 2529 501 2584 talis
531 2527 631 2581 viri
680 2517 1191 2588 testimoniozqnod
1222 2529 1343 2570 cum
1389 2513 1464 2568 illi
1495 2512 1558 2565 ad
1602 2526 1753 2564 com-

170 2621 576 2679 mendationem
603 2619 683 2671 sui
707 2614 975 2677 tribueris,
1000 2610 1326 2665 CXIslIIIIM'IS
1349 2607 1449 2659 hoc
1475 2603 1612 2667 aliis,
1641 2599 1758 2670 qni-

173 2719 276 2771 bus
304 2710 708 2771 commendatus
727 2718 831 2775 est,
872 2702 1212 2772 praestitisse.
1245 2697 1394 2751 Vale.

820 2813 1032 2870 EPIST.
1075 2812 1134 2867 L.
1169 2873 1174 2876 _

661 2922 973 2965 ιιιῑιιιιλοιιυιι
1012 2917 1295 2962 ευτιιονιο.

255 3028 391 3082 Cum
433 3036 486 3080 tu
513 3025 734 3079 Romam
765 3019 1102 3078 commodum
1156 3016 1378 3086 repetis,
1435 3027 1534 3084 ego
1583 3028 1667 3066 me
1709 3027 1760 3064 tn

182 3136 400 3176 secessu
431 3118 736 3174 suburbano
774 3114 976 3170 asserui
1024 3111 1262 3167 lectioni.
1315 3110 1414 3163 Diu
1459 3108 1656 3178 quippe
1698 3105 1766 3158 ab

182 3216 287 3269 hoc
343 3212 562 3280 negotio
590 3223 718 3265 cura
761 3208 1108 3272 obstrepente
1143 3202 1457 3257 desidimns.
1491 3199 1642 3254 Nunc
1673 3197 1761 3250 ubi
1795 3221 1841 3285 ϐ
1875 3197 1991 3306 ﬂ;

183 3317 237 3362 tu
276 3306 410 3361 abes
444 3315 569 3374 pars
605 3300 874 3370 antiquior
920 3298 1217 3352 amicorum
1266 3301 1504 3348 meorum
1527 3331 1541 3353 ,
1597 3289 1764 3344 vicem

182 3398 456 3457 sermonis
482 3397 558 3452 tui
583 3405 825 3452 veterum
873 3392 1070 3462 scripta
1138 3389 1451 3458 funguntur.
1497 3385 1601 3438 Aut
1641 3383 1766 3438 olim

186 3507 368 3550 tamen
395 3491 584 3547 urbem
633 3504 755 3544 rore
793 3496 1146 3544 mutaveram.
1175 3492 1234 3537 ut
1263 3489 1421 3536 aestas
1447 3477 1574 3533 milii
1626 3477 1769 3532 Prat-

190 3584 404 3640 uestino
433 3580 612 3653 aIgido
633 3580 966 3648 frangei-etur
997 3575 1129 3640 ;scd
1167 3574 1500 3627 interventus
1548 3564 1772 3622 Iai'nilia-

197 3679 269 3732 ris
299 3674 496 3745 negotii
529 3672 671 3741 rupit
692 3671 859 3724 otium
902 3681 1099 3722 meum.
1130 3664 1272 3732 Ergo
1306 3662 1416 3731 jam
1449 3657 1588 3713 vitim
1624 3659 1769 3726 Ii-go,

190 3769 452 3840 depositis
474 3779 593 3835 qua:
625 3762 886 3832 legebam.
926 3761 980 3813 Si
1009 3756 1135 3828 quid
1167 3767 1426 3825 praetcrea
1471 3750 1607 3805 scitu
1640 3765 1774 3818 opus

191 3866 296 3921 est,
329 3872 482 3912 mens
510 3847 776 3909 Palladius
825 3848 1101 3913 indicabit,
1133 3861 1289 3917 quem
1336 3859 1438 3914 ego
1468 3857 1570 3897 non
1599 3842 1776 3895 minus

192 3951 354 4005 doleo
378 3946 665 4003 abductum
696 3959 726 3998 a
751 3942 1028 4012 jnventute
1058 3938 1291 3992 Romana
1313 3975 1328 4002 ,
1359 3943 1518 4005 quam
1543 3931 1777 4003 gratulor

192 4047 249 4100 in
278 4057 432 4112 spem
465 4040 546 4094 sui
577 4036 795 4092 honoris
825 4033 1077 4088 accitum.
1115 4029 1258 4084 Vale.

821 4144 1031 4200 EPIST.
1079 4143 1160 4196 LI.

681 4256 777 4296 ςγδι
787 4253 988 4295 ΜΑΕΗΙὍ
1031 4250 1306 4291 ευτιιοριο.

271 4365 390 4433 Ago
416 4361 634 4430 quioem
663 4357 841 4412 studio
872 4363 963 4409 tuo
991 4352 1183 4407 uberes
1211 4349 1409 4420 gratias
1428 4385 1446 4413 ,
1477 4345 1617 4416 quod
1651 4342 1780 4399 mihi

200 4456 618 4513 familiaritatem
652 4446 1008 4520 probatissimi
1035 4442 1291 4511 cujusque
1333 4439 1589 4494 concilias
1628 4453 1644 4490 :
1690 4435 1782 4490 sed

202 4554 372 4605 frater
399 4561 550 4601 meus
581 4540 926 4614 Ilyperecius,
963 4533 1276 4607 jamdudum
1318 4529 1649 4586 institutione
1681 4527 1786 4580 Ro-

205 4657 398 4698 manus
422 4649 526 4694 est.
558 4635 667 4691 Cur
688 4633 847 4702 igitur
876 4628 1006 4685 ntihi
1036 4628 1171 4681 bona
1199 4634 1382 4677 uestra
1405 4618 1784 4676 commendas?

202 4734 382 4790 Cedas
405 4731 540 4784 alios
565 4743 660 4780 usu
689 4723 1001 4793 incognitus.
1029 4716 1402 4774 emendatione
1437 4709 1781 4770 consimiles;

204 4829 251 4882 si
308 4833 485 4878 tamen
535 4820 724 4874 raritas
753 4815 1004 4868 virtutum
1035 4808 1342 4869 admiserit,
1391 4813 1448 4858 ut
1495 4818 1656 4857 unttm
1695 4811 1787 4854 aut

209 4921 436 4974 alterum
465 4930 616 4985 :rqne
655 4909 962 4968 edecimatae
1001 4901 1295 4958 honestatis
1347 4898 1610 4953 invenias.
1663 4895 1786 4948 Illos

211 5028 318 5082 ego
358 5012 562 5064 amicos
612 5003 872 5060 beneficio
903 5009 994 5053 tuo
1041 4995 1329 5065 aequis-itus
1370 4990 1603 5060 putabo,
1649 5002 1784 5055 quos

211 5077 418 5157 nescio.
465 5100 628 5153 Istum
670 5093 798 5149 mihi
831 5089 957 5145 redd
981 5086 1103 5142 disti
1142 5084 1316 5154 potius
1364 5095 1522 5151 quam
1573 5077 1789 5132 dedisti.

216 5191 368 5247 Vale.

821 5249 1034 5306 EI’IS’I‘.
1087 5245 1190 5300 LII.

696 5356 1000 5400 ετιιιιιιοιιυε
1042 5352 1320 5394 ευτιιοιιιο.

289 5462 570 5521 Mediolani
603 5461 816 5516 interitu
841 5459 975 5522 dego
1000 5454 1064 5506 ad
1106 5450 1360 5520 obsequia
1389 5445 1613 5516 auspicii
1664 5458 1795 5497 con-

217 5556 414 5612 sularis
443 5555 522 5633 ⁸1),
556 5548 906 5606 Valentiniani
936 5554 1205 5602 evocuus.
1268 5539 1448 5594 Accito
1503 5536 1633 5590 mihi
1687 5533 1799 5589 fors

217 5648 370 5703 dedit
392 5628 672 5702 esercendi
703 5642 844 5696 circa
868 5647 919 5693 te
948 5636 1067 5706 styli
1098 5633 1328 5703 copiam.
1379 5629 1506 5684 Eant
1547 5628 1794 5691 libenter,

219 5750 280 5792 nt
324 5739 491 5790 honor
523 5733 773 5790 amii-itire
812 5726 1110 5800 postulabat
1147 5769 1159 5790 ,
1205 5722 1484 5788 amplexus
1511 5760 1524 5780 ,
1573 5716 1797 5770 salutent

223 5831 322 5887 tibi
355 5829 526 5888 ιιιιέιό
554 5843 570 5883 :
600 5841 756 5891 quam
815 5821 857 5876 si
897 5819 1032 5874 bene
1059 5815 1409 5882 contemplor,
1461 5806 1798 5862 familiarium

1827 577 1872 628 ³]
1878 577 1979 631 ale.

2419 647 2630 702 EI’IST.
2673 647 2798 702 LIII.
2893 665 2902 675 '

2313 751 2620 793 bVIIACIIUS
2661 753 2936 792 EBTROPIO.

1902 826 2243 882 Musonianus
2274 827 2336 880 ν.
2368 828 2430 882 C.
2463 829 2752 883 admirator
2784 839 2924 891 tuus,
2953 827 3152 893 scripto
3178 840 3240 881 ex
3274 825 3398 880 Asia

1834 935 2002 989 nuper
2026 920 2216 984 allato,
2259 920 2492 975 mutilari
2533 933 2687 990 agros
2732 934 2878 987 suos,
2928 920 3014 988 qui
3047 919 3150 973 tuis
3179 917 3399 986 conjun-

1831 1021 2047 1082 gnntur,
2070 1011 2297 1080 accepit.
2316 1012 2444 1065 Eam
2474 1025 2608 1076 rem,
2637 1026 2758 1066 cum
2791 1011 2918 1065 mihi
2942 1010 3187 1065 amicitiis
3205 1021 3404 1063 nostras

1833 1115 2030 1170 gnarus
2056 1101 2390 1156 familiariter
2418 1101 2732 1180 indicasset;
2771 1102 3028 1171 principio
3055 1101 3221 1165 suasi,
3246 1115 3311 1154 ne
3337 1100 3410 1154 ad

1837 1191 1992 1247 fidem
2021 1195 2149 1245 tanti
2197 1191 2454 1246 mendacii
2485 1193 2756 1246 hominum
2790 1207 3006 1248 suorum
3050 1191 3264 1246 levitate
3295 1203 3404 1244 tra-

1840 1286 2076 1338 heretur.
2100 1284 2299 1343 Dehinc
2318 1285 2557 1353 poscenti
2587 1283 2810 1345 litteras.
2830 1283 2987 1338 Officii
3015 1283 3173 1352 bnjus
3189 1297 3406 1351 operam

1840 1389 1943 1429 non
1973 1375 2183 1443 negavi,
2214 1375 2390 1428 sciens
2421 1385 2616 1429 mutua:
2641 1375 2926 1445 diligentia:
2949 1375 3255 1439 convenire,
3286 1388 3406 1427 cum

1841 1465 1978 1519 inter
2005 1481 2123 1532 nos,
2151 1481 2269 1532 qua:
2294 1465 2359 1518 ad
2384 1467 2738 1534 integritatem
2767 1467 2919 1520 fama:
2940 1475 3136 1519 nostra:
3161 1465 3407 1530 attinent,
3444 1509 3448 1530 ,

1841 1557 2184 1612 conferimus.
2217 1557 2410 1623 Quaaso
2437 1557 2614 1626 igitur,
2658 1556 2711 1610 in
2745 1556 2935 1610 bonam
2971 1567 3196 1624 partem,
3238 1570 3356 1624 qua:
3381 1569 3414 1609 a

1843 1662 1930 1701 me
1969 1646 2296 1711 scribuntur,
2343 1647 2602 1715 accipias;
2634 1656 2687 1701 et
2725 1655 2816 1700 aut
2863 1645 3124 1699 fallaciam
3173 1645 3414 1700 temerati

1840 1737 1974 1807 juris
1996 1739 2156 1794 alieni
2183 1753 2228 1793 ei
2253 1739 2431 1793 leriter
2474 1755 2767 1810 expurges;
2814 1751 2906 1795 ant
2947 1739 2990 1792 si
3022 1738 3145 1807 quid
3186 1748 3237 1792 tc
3267 1736 3414 1807 igno-

1777 1849 1823 1909 Β
1851 1840 2001 1884 raute
2027 1829 2294 1885 turbatum
2321 1841 2422 1894 est,
2449 1829 2637 1895 jnbeas
2667 1830 2964 1884 reformari.
2987 1830 3134 1884 Vale.

2439 1961 2654 2020 EPIST.
2696 1963 2830 2018 LIV.

2329 2067 2638 2108 IVIIACIIUS
2669 2068 2934 2109 RICOIERI.

1927 2141 2072 2200 licus
2097 2157 2214 2199 mos
2253 2151 2338 2199 est
2377 2159 2589 2214 semper
2615 2145 2811 2213 alioqui
2855 2143 3215 2213 prmstantiam
3257 2153 3418 2200 tuam.

1853 2240 1952 2308 Qui
1981 2241 2137 2296 tuus?
2167 2238 2362 2295 litteris
2389 2239 2678 2295 abstinere.
2722 2238 2968 2294 Facimus
2996 2237 3136 2308 quod
3165 2239 3422 2294 solemus.

1858 2333 1966 2403 Ego
1992 2333 2190 2398 scribo,
2243 2342 2300 2388 tu
2348 2333 2560 2388 retices.
2609 2332 2714 2388 Sed
2753 2334 2866 2388 scio
2895 2331 2946 2386 in
2977 2331 3215 2386 amandis
3245 2329 3424 2384 amicit

1859 2425 2112 2493 majorem
2142 2423 2427 2479 virtutibus
2457 2424 2562 2478 tuis
2593 2425 2768 2478 inesse
2793 2422 3168 2488 constantiam,
3197 2436 3352 2490 quam
3377 2420 3426 2473 in

1860 2516 2184 2586 negligendis
2235 2515 2474 2584 epistolis
2507 2514 2850 2569 voluntatem.
2883 2513 3056 2580 Atque
3104 2512 3224 2566 ideo
3268 2510 3428 2564 animi

1862 2607 1938 2662 tui
1963 2621 2208 2670 securus,
2255 2607 2457 2661 cultum
2499 2604 2592 2659 tibi
2622 2605 2860 2659 debitum
2899 2615 3076 2658 mente
3103 2611 3156 2657 et
3184 2615 3430 2657 sermone

1863 2715 1970 2755 non
2001 2699 2214 2764 desero,
2266 2713 2595 2768 nequaquam
2636 2711 2956 2766 reposcens,
3009 2706 3065 2749 ut
3110 2693 3432 2761 scriptorum

1864 2791 1992 2845 mihi
2023 2787 2334 2846 vicissitudo
2361 2788 2700 2859 respondeat,
2730 2804 2849 2843 cuni
2873 2787 2926 2842 in
2952 2799 3135 2841 amore
3159 2783 3431 2840 reddatur.

1867 2881 2020 2937 Vale.

2475 2948 2688 3005 EI’IST.
2733 2948 2839 3003 LV.

2345 3054 2654 3096 εῖιιιιιειιυε
2693 3053 2959 3094 ΜΕΟᾺΙΓΒΙ.

1943 3156 1999 3210 In
2025 3155 2330 3210 subnibano
2367 3154 2566 3222 praedio
2597 3154 2780 3207 fovens
2815 3151 2983 3206 otium
3011 3150 3212 3218 sumpsi
3239 3149 3437 3204 litteras

2038 3251 2148 3306 Cur
2169 3252 2309 3305 enim
2328 3245 2512 3304 Romae
2529 3257 2579 3302 te
2594 3247 2891 3303 decedente
2913 3247 3285 3301 remanerem?
3303 3248 3438 3313 Ager

1867 3343 2045 3400 autem
2067 3344 2156 3416 qui
2186 3360 2272 3400 me
2303 3344 2510 3398 interim
2540 3348 2704 3405 tenet,
2725 3340 2958 3395 Tiberini
2993 3347 3234 3392 nostrum
3255 3337 3439 3406 junctn

1871 3438 2022 3504 aquis
2052 3437 2216 3491 latere
2243 3442 2566 3505 prospectat.
2591 3433 2724 3488 Iline
2749 3431 2920 3486 libens
2940 3431 3040 3484 vidi
3061 3445 3116 3496 o,
3136 3429 3258 3498 quid
3279 3427 3441 3498 frugis

1872 3537 2090 3583 a-tcrna:
2131 3526 2246 3580 urbi
2289 3525 2341 3579 in
2377 3525 2491 3581 dies
2530 3517 2772 3588 accedat,
2802 3522 2926 3594 quid
2957 3523 3208 3578 liniuanis
3237 3521 3443 3578 horreis

1875 3618 2244 3673 Macedonicus
2271 3616 2488 3685 adjiciat
2516 3622 2865 3670 commeatus.
2913 3614 3042 3668 Nam
3081 3629 3237 3684 pene.
3280 3623 3336 3668 ιιι
3365 3630 3445 3669 re-

1874 3707 2134 3776 cordai-is,
2163 3717 2406 3764 cessante
2432 3706 2606 3761 Africa
2636 3693 2804 3760 fames
2833 3705 2884 3760 in
2917 3705 3100 3758 lin'tine
3129 3714 3262 3769 erat,
3287 3720 3445 3775 quam

1875 3801 2341 3864 clementissimus,
2385 3809 2438 3853 et
2463 3798 2527 3852 ad
2554 3798 2780 3852 salutem
2813 3797 3075 3865 publicam
3103 3797 3312 3868 genitus
3343 3798 3444 3852 im-

1880 3903 2092 3964 perator
2116 3893 2373 3964 praevenit
2403 3892 2620 3960 ingeétis
2648 3890 2808 3947 alieni
2834 3891 2933 3944 soli
2961 3889 3146 3959 copiis.
3179 3889 3298 3945 .lam
3322 3878 3447 3959 por-

1880 3997 1992 4042 tum
2025 3996 2286 4050 nostrum,
2313 3983 2664 4051 complurium
2688 3982 2856 4052 prima
2876 3981 3062 4036 classis
3091 3980 3304 4034 salutat.
3332 3981 3449 4036 1am

1881 4079 2168 4134 securitate
2214 4085 2536 4131 saturamnr.
2590 4073 2706 4128 .Iam
2756 4071 2982 4126 dicimus
3024 4080 3264 4126 nostrum
3307 4085 3448 4134 esse,

1884 4167 2137 4238 quidquid
2167 4166 2361 4234 ubique
2387 4165 2529 4218 bono
2559 4161 2781 4231 principi
2808 4163 2949 4216 nasci
2979 4177 3060 4214 ttr.
3093 4161 3214 4215 ΙΙωο
3232 4176 3296 4214 eo
3319 4162 3450 4214 scri-

1884 4263 1974 4328 ho,
2016 4269 2073 4314 ut
2107 4260 2326 4313 domino
2366 4256 2512 4311 orbis
2546 4255 2789 4309 effectum
2822 4254 3062 4309 beneficii
3094 4254 3174 4307 sui
3218 4252 3450 4318 nunties,

1887 4366 1939 4410 et
1963 4356 2076 4419 ipse
2101 4353 2328 4407 fructum
2355 4350 2532 4420 gaudii
2558 4347 2857 4404 communis
2883 4361 3126 4416 usurpeC.
3157 4346 3269 4416 Ego
3297 4347 3454 4415 paulo

1890 4457 2008 4517 post
2032 4446 2181 4501 abire
2206 4445 2413 4514 longius
2440 4451 2590 4512 paro,
2623 4454 2721 4495 nec
2741 4447 2914 4494 tamen
2943 4439 3100 4493 tantis
3116 4438 3180 4492 ad
3199 4447 3249 4493 te
3268 4438 3455 4492 litteris

1890 4537 2186 4594 abstinebo.
2220 4535 2333 4589 Erit
2363 4547 2508 4589 cura:
2545 4531 2742 4586 nostris
2775 4531 2825 4585 itt
2858 4529 2998 4586 Urbe
3029 4530 3451 4592 remaneutibus,

1888 4642 1941 4688 et
1972 4642 2150 4685 meum
2177 4641 2476 4683 sermonem
2507 4624 2598 4678 tibi
2630 4639 2726 4696 per
2755 4623 2976 4678 idoneos
2998 4623 3228 4686 mittere,
3254 4629 3306 4675 et
3330 4622 3457 4676 mihi

1893 4721 2004 4792 pari
2031 4719 2154 4787 lide,
2179 4734 2296 4788 qua:
2316 4715 2618 4786 scripseris,
2644 4713 2918 4769 exhibere.
2946 4714 3089 4768 Vale.

2480 4852 2691 4908 EPIST.
2737 4852 2866 4905 LVI.

2375 4957 2678 4999 ενιιιιιειιυε
2717 4957 2984 4996 ΒΙΩΟΜῐ-ΖΙΗ.

1973 5069 2186 5122 Possem
2229 5062 2497 5119 silentium
2550 5069 2698 5113 tuum
2746 5057 2885 5112 ferre
2924 5056 3209 5127 patienter,
3261 5064 3463 5106 morem

1901 5166 2046 5214 tuiun
2076 5156 2340 5229 cogitans,
2372 5152 2472 5208 nisi
2501 5165 2588 5207 me
2613 5149 2963 5221 aegritudinis,
2987 5161 3088 5215 qua
3121 5143 3349 5205 laboras,
3379 5140 3466 5193 do.

1901 5252 2025 5305 dum
2066 5248 2283 5304 nuntius
2335 5243 2667 5315 perculisset.
2717 5241 2895 5296 Metuo
2938 5238 3095 5307 igitur
3136 5250 3202 5287 ne
3246 5231 3468 5288 sollicita

1905 5343 2093 5413 magis,
2135 5355 2296 5412 quam
2321 5343 2574 5393 consueta
2617 5333 2846 5390 cessatio
2879 5329 3143 5385 sermonis
3171 5327 3244 5380 tui
3276 5338 3468 5379 munus

1905 5411 2178 5504 impediat.
2209 5433 2382 5501 Atque
2411 5429 2530 5484 ideo
2555 5411 2760 5495 quasso,
2789 5432 3028 5476 'utcuras
3061 5434 3206 5474 meas
3237 5418 3470 5472 fraterno

1907 5538 2089 5579 amore
2112 5531 2406 5590 susceptas,
2439 5518 2671 5585 scriptis,
2700 5523 2790 5568 aut
2820 5511 3083 5566 mandatis
3111 5509 3347 5578 digneris
3377 5510 3472 5560 ab-

1905 5617 2130 5670 solvere.
2151 5611 2281 5666 Nam
2307 5625 2426 5666 cum
2448 5607 2546 5662 sim
2563 5605 2790 5676 cupidus
2815 5602 3132 5669 litterarum,
3158 5602 3210 5654 in
3229 5598 3474 5656 secundis
3495 5644 3501 5648 .

1907 5717 2082 5761 tamen
2112 5718 2251 5774 pono
2272 5701 2497 5763 solatiis,
2529 5708 2588 5752 ut
2624 5698 2834 5752 animus
2865 5710 3014 5750 meus
3046 5709 3144 5762 pro
3187 5701 3239 5746 te
3268 5690 3488 5752 anxius,

1908 5800 1954 5857 si
1984 5797 2214 5856 nondum
2245 5792 2501 5861 epistolis,
2534 5790 2707 5846 saltim
2736 5789 2934 5844 nuntiis
2964 5787 3215 5855 erigatur.
3247 5782 3396 5834 Veto.
