3932 6438
539 316 569 365 ’ἐ

578 316 600 367 1

609 318 641 371 5

1120 433 1330 487 EPIST.
1377 433 1527 486 LVII.

1019 540 1327 579 SVIIIACIII’S
1355 540 1621 581 RICOIEBI.

610 613 760 668 Ultro
784 613 838 668 in
866 628 951 670 me
971 628 1135 684 arguo
1162 616 1375 684 culpam
1402 614 1619 683 silentii,
1641 616 1685 671 si
1711 617 1923 688 quando
1948 632 2100 671 usum

537 705 696 760 officii
731 704 833 761 mei
873 706 1124 774 qumlibet
1164 708 1374 762 diermn
1423 708 1693 764 intervalla
1741 717 2099 763 remorantur.

538 795 691 849 Nulla
729 798 870 851 enim
896 797 1136 867 purgatio
1166 800 1401 868 suppetit
1425 801 1555 869 quin
1591 798 1789 855 cultum
1820 799 2101 855 familiari-

537 886 658 939 tatis
683 887 895 954 publico
929 890 1069 943 actui
1102 889 1407 960 frequenter
1434 890 1772 944 interseram.
1822 889 1930 944 Sed
1964 889 2100 943 idem

532 977 621 1042 qui
653 988 924 1045 peccatum
953 980 1060 1034 vito
1080 980 1323 1043 desidiae,
1352 996 1503 1049 asque
1534 981 1584 1033 in
1607 980 1892 1035 scribendo
1915 981 2101 1051 longus

532 1082 651 1121 esse
678 1068 888 1124 desino.
923 1069 1054 1125 Nam
1089 1072 1216 1126 licet
1242 1072 1429 1139 sciam,
1458 1072 1693 1126 animum
1726 1081 1872 1126 tuum
1901 1086 2103 1141 nequa-

530 1172 690 1225 quam
725 1158 1011 1215 obnoxium
1046 1176 1168 1217 esse
1202 1162 1447 1224 fastidio,
1491 1163 1712 1216 adverto
1760 1173 1958 1226 tamen,
2005 1178 2102 1231 pro

529 1248 834 1305 conditione
866 1264 1109 1305 curarum
1150 1254 1455 1323 ponendqu
1485 1254 1659 1308 verbis
1688 1253 1944 1309 modum:
1977 1254 2099 1323 quia

528 1349 585 1392 ut
611 1341 935 1396 desideranti
961 1344 1233 1412 prolixitas
1257 1356 1404 1417 grata
1432 1356 1543 1411 est;
1576 1348 1648 1401 ita
1673 1346 1958 1416 displicere
1991 1362 2096 1402 non

528 1432 722 1499 poterit
750 1434 982 1491 brevitas
1008 1448 1287 1507 occupato.
1322 1439 1468 1495 Vale.

1087 1551 1299 1608 EPIST.
1340 1552 1518 1608 LVIII.

997 1657 1306 1700 SYIIIACIIUS
1332 1660 1601 1701 RICOIIBBI.

589 1732 726 1787 Amo
752 1741 809 1789 et
849 1735 1082 1802 suspicio
1125 1736 1355 1791 virtutes
1382 1746 1519 1793 tuas.
1564 1738 1670 1794 Sed
1701 1739 1917 1805 accidit,
1949 1742 2090 1812 quod

518 1820 611 1876 tibi
627 1824 789 1878 etiam
817 1825 1023 1879 amicus
1052 1825 1341 1881 invideam.
1364 1827 1621 1883 Flaviano
1647 1845 1768 1884 meo
1788 1831 2091 1901 aliquandiu

515 1914 666 1969 solus
695 1916 909 1972 frueris.
937 1917 1134 1985 Accipe
1165 1919 1396 1988 planius,
1428 1920 1554 1991 quid
1595 1922 1753 1976 velim
1785 1922 1984 1980 dicere.
2009 1925 2089 1981 Ad

514 2010 567 2058 te
616 2006 859 2075 migravit
888 2008 1145 2079 quidquid
1175 2010 1357 2065 Romae
1384 2014 1646 2081 Optimum
1686 2014 1803 2069 fuit.
1849 2016 1914 2071 Et
1940 2016 2089 2072 vobis

513 2098 726 2168 quidem
752 2101 985 2157 societas
1008 2112 1189 2159 vestra
1217 2104 1364 2160 dabit
1394 2114 1629 2160 mutuum
1658 2106 1931 2176 gaudium.
1960 2108 2087 2164 Mihi

511 2191 638 2258 quid
659 2192 837 2248 solatii
866 2195 1000 2250 erit?
1030 2210 1190 2266 quem
1231 2208 1285 2250 et
1314 2196 1405 2251 ille
1445 2197 1701 2263 deseruit,
1739 2207 1795 2253 et
1825 2207 1881 2253 tu
1911 2198 2088 2254 minus

509 2281 861 2351 desiderabis,
882 2287 1006 2357 quia
1031 2301 1168 2343 unus
1189 2288 1285 2343 tibi
1310 2304 1404 2360 pro
1427 2298 1652 2359 utroque
1667 2291 1916 2347 sufficiet.
1933 2290 2081 2347 Vale.

1099 2402 1314 2460 EPIST.
1357 2403 1491 2459 LIX.

981 2508 1290 2549 δικκλαιυῆ
1328 2511 1593 2551 ῐιιοοιειιι.

576 2580 724 2634 Alius
756 2580 996 2638 fortassis
1024 2585 1298 2640 existimet
1325 2601 1503 2640 serunt
1532 2602 1653 2643 esse
1698 2604 1911 2657 munus,
1940 2592 2079 2660 quod

504 2667 627 2721 anni
652 2672 944 2739 superioris
973 2675 1155 2727 consul
1179 2676 1428 2729 exsolvit.
1448 2675 1561 2746 Ego
1587 2679 1781 2744 sentio,
1807 2695 1894 2735 me
1922 2690 2081 2748 atque

502 2764 655 2828 alios,
678 2768 766 2834 qui
800 2766 982 2835 procul
1007 2767 1252 2837 degimus
1278 2769 1524 2825 amicitize
1562 2771 1751 2826 fiducia
1780 2774 1845 2827 ad
1876 2775 1976 2829 hoc
2002 2774 2078 2830 Io-

500 2870 682 2911 corum
712 2872 833 2912 esse
858 2859 908 2913 di
934 2874 1071 2915 auos.
1109 2860 1222 2917 Illis
1263 2877 1390 2916 vero
1428 2865 1682 2920 continuo
1719 2867 2073 2935 satisfactum,

497 2965 723 3017 quorum
773 2952 952 3007 taudiu
1002 2969 1210 3009 memor
1254 2970 1373 3009 esse
1422 2972 1525 3010 non
1572 2972 1778 3027 posses.
1824 2962 1952 3014 l\am
1984 2962 2073 3032 qui

497 3043 674 3096 statim
704 3044 983 3101 munificus
1012 3056 1114 3111 est,
1147 3047 1277 3117 ipsis
1314 3049 1707 3118 quodammodo
1728 3053 2071 3122 magistratus

494 3133 575 3185 sui
602 3133 835 3189 fascibus
857 3136 1195 3192 admonetur.
1226 3141 1325 3204 Qui
1353 3155 1417 3194 ex
1446 3142 1725 3197 intervallo
1756 3144 1931 3198 reddit
1956 3147 2070 3199 offi-
2097 3172 2141 3232 ρ
2175 3155 2354 3211 facere
2393 3158 2641 3228 dignatus
2675 3175 2756 3228 es,

493 3224 597 3287 eia,
631 3234 857 3280 trstaiur
895 3242 989 3281 eos
1013 3244 1074 3283 se
1118 3230 1371 3285 maluisse
1399 3232 1637 3298 differre,
1680 3251 1905 3303 quorum
1936 3238 2070 3292 obli-

494 3315 703 3370 vionem
726 3316 845 3371 dies
866 3318 1073 3388 longior
1095 3336 1200 3375 non
1229 3330 1410 3390 posset
1429 3324 1718 3380 obducere.
1749 3326 1947 3381 Viderit
1972 3329 2070 3399 igi-

492 3415 598 3473 tur,
629 3421 698 3460 an
724 3422 784 3464 se
809 3410 1073 3479 quispiam
1103 3414 1288 3469 credat
1313 3414 1503 3471 ordine
1552 3416 1695 3485 aliis,
1744 3427 1837 3473 aut
1865 3418 2070 3476 honore

491 3498 864 3568 postposilum.
898 3498 1010 3572 Ego
1030 3519 1117 3560 me
1145 3506 1380 3577 interligo
1411 3524 1539 3577 pura
1568 3509 1853 3567 affectione
1880 3515 2068 3583 pracla-

490 3598 623 3643 tum.
650 3590 831 3661 Neque
846 3593 999 3657 enim
1040 3597 1169 3652 satis
1196 3599 1402 3655 amicus
1432 3610 1537 3669 est,
1586 3604 1674 3658 cui
1699 3604 1940 3662 solemne
1969 3608 2067 3661 ali-

488 3680 613 3749 quid
632 3683 811 3737 stalim
839 3685 1099 3741 redditur.
1126 3670 1409 3746 llonestior
1429 3702 1512 3748 est
1532 3694 1618 3749 illa
1641 3697 1924 3765 securitas,
1944 3715 2064 3767 qum

491 3782 640 3841 putat
658 3773 762 3830 sibi
791 3776 1032 3834 deforme
1057 3795 1163 3835 non
1198 3796 1340 3849 esse,
1371 3784 1417 3838 si
1443 3785 1569 3856 quid
1598 3787 1688 3842 diu
1712 3789 2063 3848 familiaribus

485 3861 761 3920 debeatur.
786 3857 965 3935 Quare
993 3871 1149 3927 velim
1180 3874 1391 3953 credas,
1416 3892 1620 3933 moram
1650 3894 1863 3952 quoque
1891 3883 2059 3952 ipsam

484 3956 610 4011 mihi
632 3957 921 4027 jucundam
946 3963 1127 4019 fuisse.
1144 3966 1235 4021 Sic
1253 3966 1458 4037 judico,
1475 3970 1553 4026 sic
1570 3972 1913 4043 interpretor,
1940 3991 2060 4048 quas

481 4051 677 4106 dudum
700 4053 820 4108 aliis
848 4069 914 4111 ex
942 4072 1091 4113 more
1118 4059 1291 4116 delata
1322 4072 1467 4133 sunt,
1513 4065 1667 4121 nobis
1709 4083 1895 4125 amore
1936 4087 2057 4127 ser-

481 4154 619 4201 vata.
657 4146 804 4203 Vale.

1081 4223 1292 4283 EPIST.
1335 4227 1446 4283 LX.
1506 4270 1511 4273 -

956 4330 1264 4374 εῖκιιειιυδ
1302 4336 1572 4379 8100118111.

544 4400 768 4469 Optatus
798 4414 1023 4460 eventus
1044 4405 1355 4464 fidissimam
1376 4414 1572 4467 obtulit
1590 4414 1721 4469 milii
1745 4416 2051 4474 facultatem

473 4489 633 4544 officii
658 4490 954 4547 deferendi.
984 4495 1114 4551 Nam
1146 4497 1396 4554 dominus
1428 4512 1482 4556 et
1508 4502 1674 4559 frater
1699 4521 1852 4561 meus
1880 4508 2047 4579 Euge-
2082 4545 2131 4606 ο
2156 4518 2304 4574 Vale.

473 4584 612 4647 nius,
662 4596 785 4638 cum
824 4584 951 4639 milii
992 4587 1071 4640 sui
1101 4591 1308 4658 copiam
1352 4593 1725 4664 praestitisset,
1774 4600 2049 4656 sumenda:

471 4676 713 4744 cpistola:
743 4676 1062 4733 beneficium
1094 4691 1312 4751 rogatus
1341 4683 1567 4753 adjecit;
1607 4701 1709 4755 qua
1757 4688 1850 4744 tibi
1881 4690 2052 4746 Itono-

469 4767 785 4822 riffcentiam
825 4770 1160 4826 salutationis
1191 4774 1444 4841 exhibeo,
1469 4784 1523 4831 et
1548 4777 1745 4834 obnixe
1762 4779 2044 4852 deprecor,

469 4875 535 4914 ne
565 4876 651 4915 me
693 4860 889 4917 diutius
915 4862 1129 4919 silentio
1162 4874 1254 4920 tuo
1298 4882 1616 4938 suspensum
1645 4886 1765 4929 esse
1806 4877 2042 4944 patiaris.

472 4952 627 5009 Vale.

1061 5028 1275 5087 EI’IST.
1317 5033 1457 5088 LXI.

940 5132 965 5171 S
975 5136 1252 5177 γηλειιυε
1289 5141 1562 5182 κιεοιειιι.

538 5207 742 5263 Dudum
762 5225 1017 5281 responsa
1037 5215 1384 5282 tradiderain,
1410 5234 1527 5287 qua:
1546 5228 1873 5274 testarentur
1892 5230 2042 5289 grata

466 5300 934 5371 mihiamplissimi
975 5306 1285 5363 consulatus
1334 5310 1407 5363 tui
1450 5325 1689 5365 munera.
1721 5311 1825 5366 Sed
1863 5310 2041 5366 denuo

466 5403 649 5447 nactus
695 5395 914 5465 Ilugcnii
952 5397 1050 5450 viri
1101 5390 1382 5453 clarissimi
1426 5400 1606 5455 fratris
1649 5402 1753 5457 mei
1801 5400 2031 5471 cupiam,

1704 323 1773 389 Ο,
1810 328 1847 376 .-\
1860 320 2148 377 UIlliLlUS
2186 321 2618 379 SVMMACIIIIS.

2137 438 2183 493 Α
2216 449 2309 502 per
2336 444 2508 490 tamen
2539 448 2596 490 ut
2625 452 2765 504 rara,
2796 449 2843 493 et
2868 440 2958 493 diu
2987 440 3287 498 desiderata
3317 456 3605 502 sumuntur.
3636 450 3757 505 Huic

2098 576 2109 589 ,
2206 525 2440 591 opinioni
2470 542 2601 582 mea
2624 519 2779 583 fidem
2804 529 2959 585 faciet
2977 532 3262 589 assiduitas
3285 536 3627 603 epistularum
3649 549 3757 595 tua-

3661 337 3755 391 9.16

2208 632 2345 669 rum.
2376 616 2592 673 lusitum
2613 621 2810 689 quippe
2837 631 2920 677 est
2946 623 3098 678 bonis
3120 627 3410 692 mentibus,
3454 640 3507 682 ut
3533 647 3650 699 qua:
3675 649 3760 687 co-

2208 704 2352 771 piose
2377 722 2446 761 ex
2470 708 2587 764 aliis
2614 719 2861 780 optamus
2883 713 3128 782 adipisci,
3168 733 3228 772 ea
3260 718 3356 787 ipsi
3382 720 3597 786 largiter
3623 724 3759 780 dcfe-

2206 813 2406 853 ramus.
2443 799 2588 857 Vale.

2786 874 2996 931 EI‘IST.
3040 877 3198 933 LXll.

2682 978 2991 1022 SVIIIACHUS
3030 984 3295 1025 RICOMERI.

2276 1049 2538 1105 Mandatis
2584 1057 2894 1122 perfunctus
2928 1061 3222 1127 apparitor,
3263 1064 3352 1118 ubi
3399 1066 3468 1119 ad
3508 1066 3758 1123 destinata

2204 1144 2566 1209 pervenimus,
2611 1148 2897 1203 testimonii
2944 1153 3115 1209 nostri
3146 1170 3341 1211 vacuus
3370 1159 3520 1215 abire
3548 1164 3761 1218 nonde-

2204 1232 2317 1286 buit
2351 1252 2361 1285 :
2398 1238 2661 1306 prmeipue
2705 1255 2771 1295 ne
2800 1241 3031 1298 studium
3062 1245 3203 1301 circa
3235 1263 3320 1304 me
3350 1258 3497 1305 tuum
3529 1254 3668 1309 male
3695 1256 3762 1309 Io-

2200 1331 2376 1379 catum
2420 1335 2655 1393 putares,
2696 1332 2741 1384 si
2785 1332 3006 1400 gratiam
3055 1335 3249 1393 dilatus
3288 1353 3465 1395 sermo
3505 1344 3761 1399 solvisset.

2200 1417 2313 1469 Ave
2344 1416 2499 1485 ’gitur
2527 1420 2646 1475 dico
2671 1428 2727 1475 et
2751 1425 3015 1492 prmmitto
3038 1426 3149 1496 jam
3179 1430 3490 1499 petitionem
3516 1450 3530 1489 :
3566 1445 3621 1490 ut
3652 1452 3759 1491 eum

2200 1506 2300 1560 i'er
2330 1508 2380 1561 in
2409 1509 2632 1578 patriam
2665 1512 2901 1582 relegere
2926 1519 3267 1587 coeperimus,
3308 1522 3608 1581 eluctandis
3634 1527 3762 1582 diffi-

2198 1598 2483 1656 cultatibus
2507 1602 2828 1661 adminicula
2856 1608 3101 1664 uberiora
3130 1611 3409 1668 decernas.
3441 1616 3593 1672 Vale.

2771 1719 2987 1777 EPIST.
3016 1718 3207 1780 LXIII.

2678 1825 2983 1869 SYHIACIIUS
3023 1831 3293 1872 RICOIEBI.

2264 1914 2444 1969 Otium
2486 1919 2670 1985 patria:
2720 1920 2839 1975 facta
2890 1927 3317 1996 peregrinatione
3362 1934 3587 1989 mutavi.
3642 1934 3761 1992 Nam

2186 2004 2339 2073 jussu
2378 2008 2577 2065 domini
2612 2011 2993 2081 Valentiniani,
3039 2034 3162 2074 cum
3202 2023 3386 2077 multis
3424 2027 3761 2095 amplissima:

2189 2102 2353 2156 curize
2376 2106 2684 2171 proceribus
2722 2111 2948 2173 accitus.
2988 2112 3055 2167 ad
3085 2115 3257 2171 vicem
3286 2118 3481 2187 quietis
3509 2120 3761 2177 domesti-

2188 2207 2287 2259 cae,
2345 2194 2495 2250 fruor
2544 2199 2769 2267 publicis
2811 2204 3040 2272 gaudiis.
3080 2207 3231 2275 Quod
3259 2225 3381 2265 cum
3411 2212 3478 2267 ad
3508 2223 3566 2269 te
3595 2226 3762 2284 posset

2188 2281 2326 2339 fama
2356 2285 2619 2353 perferre,
2650 2289 2865 2360 dignius
2893 2294 3065 2351 visum
3096 2307 3178 2352 est
3207 2315 3292 2355 me
3318 2302 3491 2358 indice
3512 2306 3760 2361 nuntiari.

2185 2375 2303 2446 Ipse
2338 2379 2402 2433 ad
2435 2383 2860 2451 respondendam
2887 2388 3267 2458 benignitatem
3293 2402 3436 2449 tuam
3458 2412 3761 2467 moremque

2185 2469 2426 2524 servabis
2465 2487 2481 2528 :
2517 2473 2782 2542 siquidem
2834 2477 3039 2535 litteras
3083 2492 3199 2539 tuas
3239 2500 3345 2540 non
3390 2489 3569 2546 minus
3612 2509 3760 2564 quam

2186 2575 2422 2616 meorum
2451 2574 2773 2635 conspectus
2796 2578 2852 2625 et
2879 2571 3039 2626 verba
3068 2574 3341 2634 desidero.
3373 2579 3521 2637 Vale.

2749 2679 2960 2737 EPIST.
3002 2683 3189 2740 LXIV.

2657 2786 2973 2830 εῖιιιιΑειιυε
3009 2791 3284 2834 BICOIERI.

2249 2877 2387 2945 Quid
2418 2879 2547 2936 mihi
2573 2881 2924 2951 iucunditatis
2967 2887 3163 2946 litterae
3206 2901 3310 2949 tua:
3339 2897 3638 2967 attulerint,
3672 2904 3755 2959 tibi

2177 2968 2554 3026 aestimandum
2578 2973 2854 3043 relinquo;
2876 2979 2986 3043 cui,
3015 2982 3058 3034 si
3083 2980 3221 3040 bene
3244 2985 3497 3056 arbitror,
3526 2992 3754 3049 vicissim

2176 3074 2329 3116 meus
2355 3066 2534 3118 sermo
2561 3064 2749 3121 tribuit
2778 3068 3124 3140 voluptatem.
3150 3073 3321 3146 Perge
3345 3078 3523 3149 igitur,
3569 3095 3629 3138 ut
3650 3087 3753 3154 jam

2803 3172 2859 3218 et
2896 3165 3188 3222 amicitiam
3232 3185 3520 3230 munerare
3564 3177 3753 3233 affectu

2174 3247 2469 3318 religionis,
2517 3260 2571 3306 et
2599 3253 2913 3311 assiduitate
2951 3258 3225 3329 colloquii.
3271 3263 3383 3333 Ego
3430 3264 3487 3319 in
3534 3268 3751 3324 ferenda

2172 3338 2540 3397 vicissitudine
2570 3358 2665 3410 par
2693 3359 2813 3401 esse
2834 3347 3057 3404 curabo.
3083 3350 3214 3407 Nam
3242 3355 3331 3422 qui
3360 3356 3428 3410 ab
3454 3357 3563 3413 alio
3589 3364 3752 3429 poscit

2170 3429 2367 3497 officia,
2398 3433 2479 3487 sui
2507 3451 2719 3507 quoque
2748 3439 2910 3494 studii
2935 3442 3266 3513 frequentem
3287 3461 3505 3517 operam
3532 3454 3752 3522 pollice-

2173 3530 2279 3578 tur.
2314 3524 2461 3580 Vale.

2756 3602 2971 3660 EPIST.
3012 3604 3174 3662 LXV.

2650 3705 2954 3752 SVNMACIIUS
2993 3714 3266 3757 RICOIIHII.

2240 3780 2363 3837 Scio
2388 3794 2726 3852 prmstantem
2754 3789 2991 3845 anihium
3024 3801 3170 3848 tuum
3198 3794 3387 3852 salutis
3411 3813 3549 3854 mea:
3579 3813 3636 3857 et
3669 3820 3749 3859 re-

2166 3887 2259 3926 ver
2291 3872 2431 3929 ionis
2462 3874 2656 3931 indicia
2689 3878 2904 3948 cupide,
2938 3890 2998 3936 ut
3037 3884 3268 3940 amicitia
3294 3890 3551 3958 postulat,
3585 3909 3749 3963 oppe-

2164 3966 2254 4020 riri
2281 3984 2292 4018 :
2318 3977 2372 4021 et
2403 3968 2521 4023 ideo
2548 3972 2933 4040 exspectationi
2966 3982 3088 4040 tuze,
3123 3986 3370 4035 revectus
3398 3981 3452 4035 in
3493 3986 3745 4052 patriam.

2162 4060 2429 4125 satisfeci;
2460 4078 2653 4133 meque
2680 4078 2839 4134 agere
2863 4082 2928 4120 ex
2955 4070 3245 4137 sententia,
3286 4081 3446 4143 atque
3468 4090 3595 4133 esse
3631 4082 3748 4136 me:
3836 4108 3839 4111 λ

2164 4168 2366 4208 morem
2394 4164 2497 4209 tua:
2519 4156 2661 4211 circa
2693 4171 2789 4212 nos
2823 4157 3166 4216 humanitatis
3195 4163 3409 4221 insinuo
3432 4183 3448 4221 :
3470 4168 3748 4242 simulque

2160 4244 2440 4312 deprecor,
2472 4256 2528 4300 ut
2553 4246 2913 4317 affectionem,
2946 4265 3105 4319 quam
3134 4253 3265 4309 milii
3292 4264 3347 4310 et
3376 4263 3628 4326 praesenti
3652 4266 3745 4319 de-

2162 4334 2418 4403 pendere,
2450 4345 2505 4390 ct
2531 4336 2741 4392 absenti
2772 4339 3017 4409 dignatus
3042 4357 3103 4398 es
3141 4344 3401 4414 polliceri,
3442 4348 3743 4408 littemrum

2162 4442 2407 4494 munere,
2442 4430 2691 4498 quotiens
2716 4446 2847 4487 usus
2876 4432 3073 4499 tulerit,
3108 4451 3212 4492 non
3255 4441 3493 4506 graveris
3519 4459 3737 4515 augere.

2724 4592 2939 4649 EPIST.
2980 4595 3165 4654 LXVI.

2639 4698 2944 4740 εγκιηειιυς
2983 4702 3139 4744 1110οη
3148 4705 3251 4745 ΕΒΙέ

2229 4775 2286 4831 Si
2313 4789 2473 4831 nosse
2518 4774 2756 4845 dignaris
2783 4786 2980 4846 quanta
3018 4780 3089 4835 sit
3132 4780 3186 4835 in
3230 4781 3450 4838 domino
3479 4784 3745 4844 Flaviano

2158 4869 2391 4937 pectoris
2420 4869 2525 4924 mei
2553 4868 2750 4939 portio,
2771 4871 3060 4926 amicitiam
3089 4872 3422 4929 adventantis
3440 4880 3735 4948 amplecte—

2154 4978 2234 5031 re,
2267 4973 2325 5017 ut
2352 4962 2489 5019 duos
2514 4962 2736 5033 obliges.
2755 4963 2927 5018 Ambo
2956 4963 3096 5020 idem
3122 4980 3325 5021 sumus.
3346 4967 3477 5022 Nam
3501 4973 3603 5027 hoc
3623 4974 3732 5029 dici

2150 5072 2179 5109 a
2212 5071 2298 5109 me
2327 5056 2522 5125 patitur
2551 5056 2667 5122 ille,
2691 5058 2785 5124 qui
2812 5057 3001 5112 melior
3024 5067 3127 5113 est.
3153 5059 3307 5114 Plura
3336 5062 3652 5127 scriberem.
3685 5068 3731 5121 si

2146 5156 2237 5199 aut
2262 5145 2352 5199 diu
2381 5146 2543 5200 velles
2575 5147 2773 5215 rogari,
2814 5156 2870 5200 ut
2899 5149 3028 5201 tanti
3054 5149 3151 5203 viri
3175 5150 3360 5205 merita
3380 5156 3730 5209 commenda-

2152 5238 2350 5293 tionem
2382 5237 2767 5291 desiderarent.
2790 5238 2927 5305 Ergo
2947 5250 3027 5292 sat
3053 5248 3153 5305 est,
3180 5240 3320 5307 quod
3340 5243 3590 5311 accepisti
3615 5247 3728 5300 voti

2147 5330 2250 5384 mei
2286 5329 2502 5385 indicia.
2534 5331 2747 5385 Ambitu
2772 5341 2827 5385 et
2862 5332 3044 5387 labore
3072 5349 3177 5387 non
3204 5343 3285 5388 est
3310 5350 3465 5404 opus.
3495 5350 3619 5391 cum
3650 5353 3724 5391 ex

2145 5431 2335 5476 natura
2370 5422 2565 5488 veniat,
2599 5433 2653 5475 ut
2688 5437 2718 5475 a
2753 5433 2803 5478 tc
2833 5425 3071 5483 moribus
3100 5427 3202 5481 tuis
3231 5428 3503 5497 prosimus
3532 5429 3728 5501 diliga-

460 5487 652 5552 scripta
684 5485 972 5556 duplicavi,
1006 5490 1146 5544 haud
1178 5493 1379 5547 veritus
1407 5509 1473 5548 ne
1510 5494 1780 5548 fastidium
1822 5505 2033 5549 crearet
2138 5524 2241 5568 ιιηι,
2274 5514 2423 5568 vale,

459 5588 634 5627 sermo
688 5578 1005 5644 geminatus.
1058 5582 1134 5634 Bx
1185 5597 1305 5636 meo
1352 5586 1550 5651 quippe
1588 5584 1769 5637 animo
1813 5588 2028 5649 metior,

458 5668 743 5721 amicitiam
774 5684 877 5724 non
922 5687 1077 5740 posse
1104 5682 1307 5729 sentire
1335 5676 1634 5729 officiorum
1688 5676 1986 5730 satietatem
2015 5694 2028 5730 :

455 5758 559 5813 sint
581 5775 880 5828 quampiam
914 5762 995 5819 illa
1027 5765 1239 5825 cvi-bra.
1268 5778 1315 5820 et
1340 5767 1604 5823 continuis
1635 5767 1858 5824 similia:
1887 5782 2027 5822 scm-

2695 5585 2911 5641 EI’IS'I‘.
2954 5587 3157 5641 LXVII.

2613 5692 2922 5733 SVMDIACIIUS
2963 5694 3230 5734 ΜΕΟᾺΙΕΙΠ.

2206 5767 2444 5822 Firmum
2470 5765 2817 5823 domesticqu
2845 5784 3045 5828 mcum.
3070 5769 3271 5824 militiae
3296 5770 3575 5831 :tipcndus
3596 5786 3737 5827 cum
