3932 6464
200 367 303 423 gn
1392 361 1871 418 εριετοιΑηυΜ
1912 364 2114 421 LIBER
2156 368 2240 424 III.
3351 382 3454 439 218

71 505 74 508 ~
197 483 478 536 honestate
519 478 871 546 perfunctum,
916 479 1223 533 testimonio
1256 493 1377 533 meo
1409 478 1587 533 decuit
1625 478 1774 548 adju-
1804 481 1852 536 Δ
2444 488 2658 546 EPIST.
2686 493 2896 550 LXXII.

194 573 328 634 vari,
381 580 438 625 ut
465 569 690 624 faciliori
720 569 867 625 aditu
893 569 958 626 ad
989 579 1130 624 tuam
1161 569 1402 625 notitiam
1452 570 1772 638 perveniret.
2374 592 2681 636 SVIIAClIlzs
2719 599 2966 640 "uno,

192 664 412 732 Porrigo
441 662 621 731 igitur,
669 678 768 717 oro
809 671 878 726 te,
931 661 1248 728 adiutricem
1287 675 1502 716 tuanum
1535 663 1770 732 legitima
1949 664 2124 734 Urgeo
2147 676 2200 722 te
2239 666 2609 737 frequentibus
2633 673 2865 743 scriptis,
2909 683 2965 728 et
2988 675 3150 729 animi
3173 675 3450 732 affectione

192 756 408 823 premi:
437 770 505 808 ex
535 769 683 807 more
705 754 958 822 captanti.
987 752 1303 822 Hujusmodi
1333 753 1534 822 quippe
1565 761 1772 806 vetera-
1874 769 1979 808 non
2009 756 2221 810 desero.
2248 757 2341 812 Est
2363 768 2540 815 autem
2564 772 2840 832 sequester
2859 766 3122 822 sermonis
3143 769 3245 822 mei
3278 768 3444 835 Felix,

188 846 272 898 nis
301 845 646 913 pnerogativa
676 843 903 897 debetur
929 851 984 896 ut
1015 841 1122 895 illis
1147 851 1508 910 protectorum
1540 841 1771 908 dignitas
1872 845 2161 911 probabilis
2187 857 2242 900 et
2265 847 2548 905 honestate
2573 853 2718 917 vitae,
2733 864 2786 908 et
2806 855 3187 910 exercitatione
3215 858 3444 922 militite;

186 944 440 998 tauquam
476 931 702 999 pretium
735 930 873 999 longi
907 931 1104 984 laboris
1132 929 1372 984 accedat.
1404 928 1555 997 Quod
1587 928 1769 984 Firmo
1870 935 2020 1002 cujus
2067 939 2553 997 considerationem
2596 953 2653 998 ut
2693 944 2909 1013 habeas,
2956 962 3299 1005 eommonere
3337 965 3445 1004 non

184 1027 559 1079 itu-unctamer
598 1023 826 1086 eveniet,
875 1023 920 1077 si
965 1033 1088 1076 tuus
1120 1022 1274 1077 favor
1301 1032 1420 1076 vota
1449 1023 1678 1078 hominis
1698 1025 1767 1078 ad
1868 1028 2061 1095 audeo,
2103 1045 2223 1084 cum
2257 1041 2341 1085 tua
2372 1035 2596 1102 aequitas
2642 1044 2848 1092 tantum
2894 1053 2992 1107 pro
3030 1054 3096 1094 eo
3127 1041 3292 1108 possit
3328 1041 3446 1095 effi-

177 1129 438 1170 cunsueta
470 1118 688 1171 nitentis
717 1116 986 1170 aunuerit.
1022 1115 1173 1170 Vale.
1867 1133 2012 1183 cere,
2045 1131 2302 1190 quantum
2331 1122 2489 1178 favor
2509 1141 2660 1181 meus
2683 1136 2888 1196 optare.
2919 1128 3066 1186 Vale.

731 1246 945 1303 EPIS'I‘.
990 1246 1218 1302 LXVIII.
2412 1235 2625 1292 EPIST.
2651 1237 2885 1292 LXXIII.

665 1377 972 1418 SYIIACIIUS
1011 1378 1279 1418 BICOIIEBI.

2353 1341 2662 1383 εγιικλειιυι
2698 1345 2944 1385 TVIASIO.

1935 1437 2127 1493 Potitio
2157 1439 2358 1494 domini
2395 1448 2450 1495 et
2494 1440 2674 1496 fratris
2699 1443 2801 1496 mei
2839 1442 3164 1507 Stemmatii,
3207 1443 3437 1498 monito-

1861 1542 1972 1581 rem
2010 1529 2177 1600 magis
2211 1529 2352 1599 apud
2383 1539 2434 1584 te
2462 1547 2621 1600 quam
2654 1541 2988 1601 peccatorem
3030 1532 3436 1602 requirit.'Nam

1857 1638 1977 1676 cum
2007 1633 2150 1677 tanta
2193 1623 2263 1678 sit
2294 1623 2385 1679 tibi
2415 1623 2531 1692 ejus
2559 1624 2866 1695 antiquitas,
2900 1633 2958 1680 ut
2985 1635 3163 1680 votum
3197 1637 3435 1680 nostrum

1859 1711 2040 1767 favore
2071 1728 2404 1781 prmcurras;
2451 1714 2689 1770 laborem
2718 1717 2938 1784 rogandi
2974 1716 3025 1770 in
3057 1717 3206 1772 lucro
3237 1717 3436 1772 habere

1858 1803 2132 1858 debemus.
2162 1804 2403 1860 Breviter
2431 1804 2609 1875 igitur,
2637 1806 2763 1876 quid
2794 1818 2997 1877 poscat,
3023 1807 3263 1862 adverte.
3304 1807 3434 1862 Sub-

1857 1895 1992 1949 sidia
2025 1896 2168 1960 vitae.
2193 1911 2312 1966 qua:
2347 1897 2484 1952 bona
2515 1897 2620 1952 dici
2650 1899 2847 1962 solent,
2875 1899 2965 1953 ubi
2995 1914 3188 1954 census
3219 1899 3432 1954 uberior

1854 1995 1955 2050 est,
1987 1986 2276 2041 infortunio
2306 1989 2716 2058 proscriptionis
2757 1987 2953 2043 amisit.
2997 1989 3122 2044 llaec
3154 1991 3202 2043 in
3237 2005 3429 2058 magno

741 2097 954 2155 Epls'r,
995 2095 1184 2153 ιχιχ,
1854 2077 2084 2147 reipubl.
2112 2079 2304 2146 gaudio
2331 2079 2436 2134 tuis
2477 2079 2811 2150 potissimum
2853 2081 3060 2136 meritis
3098 2082 3429 2150 rcpeusanda

1850 2169 2158 2224 committit.
2201 2169 2444 2240 Suscipe,
2476 2185 2576 2225 oro
2621 2181 2692 2234 te,
2735 2171 2949 2239 plenum
2981 2171 3429 2242 bonitatisnego-

1850 2263 2014 2326 tium;
2042 2269 2098 2314 et
2119 2261 2272 2316 amici
2300 2261 2554 2330 inopiam,
2585 2264 2670 2316 cui
2695 2262 2904 2317 miserae
2924 2262 3248 2318 valetudinis
3273 2277 3429 2318 casus

1849 2351 2098 2416 accessit,
2129 2351 2206 2405 rei
2235 2351 2513 2407 familiaris
2539 2352 2894 2414 integratione
2919 2352 3114 2408 solare.
3152 2350 3299 2406 Vale.

2396 2463 2612 2519 EPIST.
2645 2463 2878 2519 LXXIV.

2331 2571 2644 2612 SVIIIIACIIUS
2672 2572 2934 2612 PROIIOTO.

250 1474 563 1529 Meritorum
593 1485 804 1529 tuorum
851 1475 989 1544 justa
1023 1476 1160 1530 ratio
1187 1475 1429 1545 deposcit
1458 1486 1516 1533 ut
1542 1475 1760 1532 familia-

170 1569 327 1623 ribus
350 1569 538 1623 litteris
552 1583 768 1638 Operam
795 1568 1100 1639 frequenter
1117 1569 1419 1636 impendam
1456 1586 1469 1624 :
1501 1579 1757 1639 expertus

167 1661 375 1727 quippe
399 1675 502 1712 non
537 1659 712 1729 perire
733 1660 908 1716 oflicia
936 1660 1112 1715 delata
1148 1659 1500 1730 sapientibus.
1542 1659 1756 1725 Fungar

167 1751 339 1818 igitur
376 1753 712 1818 salutatione,
761 1768 878 1822 qua-
920 1752 1035 1807 sola
1070 1767 1252 1806 curam
1294 1760 1521 1807 testatur
1555 1751 1753 1808 absen-

166 1843 306 1897 tium
331 1861 344 1897 :
368 1853 615 1913 tuamque
637 1859 735 1898 oro
763 1842 1150 1914 praestantiam,
1178 1850 1236 1896 ut
1260 1841 1508 1898 amicitiae
1529 1840 1752 1906 bonum,
1784 1839 1832 1899 Β

165 1933 328 1988 sicuti
361 1932 536 1988 facere
557 1934 720 1998 soles,
748 1942 802 1988 et
830 1947 1082 1989 sermone
1101 1932 1336 1996 excolas,
1363 1934 1421 1987 et
1451 1943 1632 1988 mente
1659 1947 1756 1987 cu-

162 2027 394 2083 stodias.
430 2027 577 2084 Vale.

650 2226 959 2267 δῐκιιεηυε
998 2227 1268 2268 RICOIEM.

234 2322 523 2378 Dominum
565 2332 622 2378 et
661 2323 877 2379 fratrem
923 2339 1102 2379 meum
1145 2323 1495 2387 Flavianum.
1543 2324 1746 2379 celsum

164 2415 455 2470 virtutibus
480 2427 534 2470 et
563 2415 858 2471 honoribus
884 2416 1085 2480 virum,
1108 2417 1327 2484 justitize
1351 2427 1455 2472 tua:
1476 2426 1746 2472 exsortem

162 2520 285 2561 esse
332 2520 441 2560 non
489 2505 676 2574 patior.
733 2505 926 2561 Merito
973 2523 1072 2576 pro
1124 2507 1414 2561 honoribus
1444 2508 1580 2577 ejus,
1626 2525 1745 2578 qu;e

161 2612 322 2651 causa
352 2597 543 2667 poscit,
577 2597 750 2666 allego
774 2613 789 2651 :
813 2598 988 2652 sciens
1009 2599 1127 2652 sine
1151 2607 1236 2651 tua
1265 2597 1580 2653 auctoritate
1600 2613 1748 2652 com-

162 2687 349 2752 missa,
377 2703 496 2757 qua:
523 2687 622 2741 sub
649 2687 866 2742 obtentu
891 2697 980 2742 ιιιο
1002 2704 1030 2742 3
1052 2687 1368 2757 quibusdam
1391 2689 1580 2742 5cmij
1605 2689 1748 2742 ἀρεῖ-
1920 2675 2077 2730 Multa
2104 2675 2155 2730 in
2191 2685 2242 2729 te
2263 2676 2516 2728 virtutum
2550 2682 2736 2729 natura
2767 2673 3053 2745 congessit.
3084 2672 3214 2741 Quae
3241 2672 3284 2726 SI
3307 2671 3425 2741 quis

161 2789 321 2847 εηειιη
348 2778 620 2834 dicuntur,
654 2778 807 2835 unde
842 2779 974 2834 mihi
1005 2779 1178 2850 major
1221 2779 1412 2834 ﬁducia
1436 2790 1539 2846 ρει,
1588 2795 1744 2847 posse
1845 2770 2067 2823 trutinct
2095 2768 2342 2837 peu'siore
2362 2768 2585 2836 judicio,
2610 2768 2812 2823 nesciat
2839 2775 3015 2822 utrum
3048 2767 3184 2821 bona
3209 2766 3423 2820 fortitu-

165 2885 276 2923 κω
308 2871 543 2938 graviter
572 2869 825 2924 vindicari
854 2885 976 2925 cum
1013 2879 1099 2924 tua
1129 2884 1344 2940 quoque
1373 2870 1508 2925 fama
1537 2871 1743 2940 pulsam
1843 2860 1985 2916 diuis
2013 2861 2180 2928 magis
2205 2875 2272 2913 an
2302 2859 2496 2913 mentis
2524 2858 2818 2914 excellant.
2865 2856 2972 2912 Sed
3001 2857 3224 2911 alterius
3253 2854 3426 2910 laudis

163 2961 248 3015 ιὶι,
300 2962 549 3028 Quoi-om
576 2975 754 3017 amem
783 2978 952 3032 ςρηυι
991 2963 1263 3018 hominum
1303 2966 1419 3030 ejus
1448 2964 1741 3034 ευςεσςιίο,
1845 2949 2161 3019 astipulator
2202 2961 2285 3034 est
2330 2950 2576 3018 princeps
2605 2948 2822 3002 humani
2848 2946 3082 3016 generis,
3117 2945 3420 3000 officiorum

163 3053 206 3107 si
224 3027 476 3121 jusseris,
499 3053 689 3108 melius
711 3027 1085 3124 prosequetur,
1108 3054 1226 3124 quia
1249 3027 1741 3124 multiplex'i'njtiria

1864 3056 1972 3096 .ero
2012 3027 2346 3094 familiaiium
2391 3054 2488 3092 nos
2528 3047 2692 3092 testes
2731 3051 2851 3091 esse
2889 3035 3176 3102 debemus;
3207 3035 3297 3104 qui
3331 3035 3422 3089 tibi

165 3145 380 3199 modum
412 3145 652 3214 epistola:
679 3145 958 3201 familiaris
977 3147 1208 3204 excedit.
1227 3147 1341 3203 Non
1359 3151 1565 3203 minora
1581 3150 1742 3204 etiam

1864 3129 2100 3199 'eligioso
2130 3130 2309 3193 studio
2349 3131 2632 3199 nequimus
2677 3141 2910 3196 xequare.
2955 3126 3119 3181 Miror
3147 3135 3326 3181 tamen
3370 3126 3421 3179 in

167 3234 304 3288 lilius
335 3197 558 3290 illustris
605 3235 726 3301 viri,
779 3245 834 3291 et
872 3237 986 3306 ipse
1023 3237 1135 3307 jam
1167 3236 1385 3294 ιιοηοιιίε
1422 3238 1657 3305 emeriti,
1689 3239 1744 3293 ίιι
1769 3197 1816 3260 C
1849 3222 1952 3277 hoc
1981 3232 2032 3276 te
2062 3221 2166 3276 mei
2191 3236 2376 3276 amore
2397 3228 2832 3289 progressum,ut
2854 3217 2984 3272 mihi
3005 3218 3152 3272 falsis
3180 3215 3423 3271 laudibus

165 3339 253 3379 ιιι,
285 3327 650 3395 proconsulari
681 3328 1021 3397 possessione
1046 3330 1320 3392 toleravit;
1346 3344 1465 3399 quas,
1489 3330 1555 3384 ad
1590 3330 1745 3385 υηίυε
1847 3313 2164 3378 blandiaris,
2191 3329 2311 3368 cum
2339 3314 2419 3367 ais
2447 3312 2645 3383 aliquid
2689 3323 2739 3366 te
2763 3327 2827 3366 ex
2872 3314 3038 3366 nostri
3069 3311 3179 3365 oris
3208 3309 3426 3365 deside-

165 3415 375 3484 quidem
403 3415 668 3484 pertinent
711 3432 928 3483 noxam,
981 3420 1076 3473 sed
1106 3419 1175 3474 ad
1203 3419 1479 3491 utriusque
1505 3430 1743 3477 contem-

1864 3419 1970 3460 'are
2000 3405 2384 3474 promptuario.
2410 3403 2530 3471 Quo
2567 3403 2660 3458 tihi
2692 3403 2830 3457 inter
2859 3415 3018 3456 rauca
3043 3415 3244 3456 cornua
3275 3414 3422 3456 tneo-

168 3516 333 3569 μωω,
358 3505 502 3576 Ergo
525 3515 580 3560 ut
605 3523 722 3562 mos
736 3518 820 3563 ρει
840 3510 957 3576 tibi,
975 3510 1172 3566 auditis
1191 3521 1377 3567 εοτηιη
1406 3513 1740 3583 “legationi.
1845 3510 1962 3550 rum
1989 3495 2246 3549 aifatuum
2271 3493 2564 3564 strepitus?
2589 3494 2678 3548 Est
2701 3492 2914 3562 quidem
2934 3491 3193 3546 familiai-e
3216 3491 3419 3583 virtuti,

169 3599 394 3670 δυεμιυί
428 3609 644 3656 meum,
669 3602 970 3658 absentium
1001 3603 1494 3676 facultates’primo
1518 3581 1737 3676 ianum,
1844 3586 2192 3642 delinimenta
2245 3585 2484 3643 exercitii
2533 3585 2781 3641 sensibus
2822 3585 3129 3640 admovere.
3185 3581 3317 3637 Nam
3368 3592 3422 3637 et

167 3705 281 3759 quae
303 3691 511 3759 optimo
536 3692 729 3762 cuique
760 3694 991 3762 pretiosa
1019 3703 1123 3759 est,
1162 3703 1272 3750 tum
1301 3697 1588 3752 amicitiam
1618 3698 1741 3754 ﬁdei
1844 3679 2106 3736 Α⁰¹¹ί¹²θπ¹
2146 3689 2326 3735 "mm
2369 3678 2630 3734 "inimus
2668 3678 2851 3742 fere":
2893 3677 3019 3748 985i
3065 3676 3226 3731 διιίπιί
3255 3689 3416 3731 cur“

167 3778 418 3847 indicem,
445 3791 712 3852 postremo
727 3783 892 3853 leges,
922 3800 1017 3854 pro
1031 3787 1223 3856 quibus
1250 3788 1741 3859 ειοιιδηενάίεηπο
1845 3770 2036 3825 fidibus
2078 3771 2383 3826 resolvisse.
2422 3770 2527 3826 Sed
2554 3783 2652 3824 nos
2681 3777 2735 3823 et
2762 3768 2980 3823 musica:
3021 3767 3279 3859 facundiae
3306 3765 3420 3820 ino—

164 3871 456 3928 defendere
498 3891 510 3926 :
545 3883 600 3929 ut
635 3874 701 3930 ad
749 3875 1012 3931 illustrem
1053 3877 1251 3946 virum,
1282 3879 1373 3949 qui
1411 3894 1514 3949 per
1541 3858 1739 3936 εηηθη,
1844 3862 1985 3932 piam
2027 3863 2374 3922 confitemur.
2414 3871 2470 3918 et
2510 3863 2893 3917 nutrimentum
2940 3858 3186 3931 loquendi
3232 3873 3416 3913 eorum

166 3963 288 4018 tiam
317 3978 539 4019 suorum
563 3965 733 4020 nescit
759 3967 1117 4035 incommoda,
1142 3968 1285 4038 prius
1305 3970 1474 4040 gratia
1498 3970 1738 4026 beneficii

1864 3953 2035 4008 itteris
2079 3968 2427 4024 aucupamur,
2472 3968 2610 4023 quos
2660 3953 2868 4008 haerere
2912 3951 3188 4006 comitatui
3237 3959 3327 4004 tuo
3363 3961 3418 4005 et

165 4057 257 4120 tui,
283 4071 448 4127 quam
486 4073 706 4112 suorum
741 4059 895 4113 dolor
929 4071 984 4114 et
1009 4062 1228 4130 querela
1257 4063 1552 4131 perveniat.
1588 4063 1734 4119 Vale.

1864 4046 1980 4100 ama
2009 4047 2242 4117 loquitur
2266 4056 2320 4102 et
2347 4056 2434 4101 tua
2463 4050 2659 4116 scripta
2687 4054 2968 4100 testantur.
3002 4043 3147 4098 Vale.

737 4194 952 4254 EPIST.
993 4197 1158 4254 LXX.

2152 4178 2162 4190 ‘
2392 4158 2605 4215 EPIS’I‘.
2649 4155 2860 4212 LXXV.

937 4237 952 4254 ’
994 4237 1158 4256 mu"
2328 4263 2633 4304 ssuuacuus
2654 4261 2919 4302 rnouoro.

664 4323 1241 4368 δτηκλευυδτηλθω·
1914 4341 2221 4399 Satisfaciet
2248 4341 2463 4409 quidem
2491 4339 2584 4393 tihi
2611 4338 2678 4393 ad
2707 4352 2868 4392 omne
2905 4334 3154 4406 gaudium
3182 4349 3415 4403 conspo-

221 4425 376 4495 Szepe
396 4425 594 4496 alloqui
619 4427 979 4496 przestantiam
1004 4437 1149 4482 tuam
1175 4443 1281 4482 non
1303 4427 1468 4498 piget,
1490 4429 1735 4497 quamvis

1864 4449 1957 4492 :tus
1983 4445 2220 4491 tuorum.
2267 4432 2374 4488 Sed
2416 4446 2517 4502 ego
2546 4430 2682 4486 hanc
2711 4428 3105 4486 hilaritudinem
3155 4428 3411 4483 cumulati

161 4516 282 4570 nihil
309 4518 540 4571 invicem
567 4520 836 4573 sermonis
862 4521 1065 4590 accepi.
1117 4520 1237 4590 ipse
1282 4521 1425 4575 enim
1476 4521 1603 4576 tnihi
1637 4536 1734 4590 pro
1765 4542 1998 4616 Dposoo
2032 4527 2305 4594 conjecto,
2353 4524 2397 4578 si
2447 4533 2642 4577 noster.
2665 4536 2844 4577 sermo
2885 4535 3100 4591 quoque
3137 4519 3412 4590 jungatur.

161 4618 208 4660 te
240 4617 433 4674 sponte
471 4609 802 4679 respondeo,
853 4611 992 4680 quod
1043 4610 1184 4665 inter
1230 4621 1538 4666 castrenses
1574 4627 1731 4666 curas

1864 4619 1969 4672 iam
2001 4633 2122 4673 cum
2151 4632 2261 4688 pra:
2289 4617 2502 4671 czeleris
2533 4614 2626 4669 tibi
2647 4613 2936 4669 domestica
2967 4613 3103 4670 bona
3133 4627 3257 4667 cara
3283 4613 3418 4676 sint,

160 4700 325 4756 locum
355 4701 526 4756 officia
556 4705 722 4758 otiosa
752 4718 857 4757 non
900 4703 1149 4758 habeant.
1197 4704 1370 4772 Atque
1401 4704 1601 4758 utinam
1635 4704 1730 4759 tibi
1836 4711 2133 4779 proximum
2156 4708 2257 4763 sibi
2279 4706 2528 4778 gaudium
2547 4706 2668 4774 jure
2687 4707 2979 4760 amicorum
3003 4718 3131 4759 cura
3151 4703 3406 4759 defendit.

161 4793 434 4850 assiduitas
458 4793 711 4849 amtuum
736 4809 976 4849 meorum
1002 4811 1107 4849 non
1135 4794 1377 4848 videatur
1397 4795 1726 4865 obstrepere.
1836 4807 1976 4874 Ergo
2005 4803 2092 4857 ubi
2118 4801 2387 4857 desiderio
2431 4809 2522 4853 tuo
2553 4799 2652 4868 pia:
2680 4796 3104 4854 necessitudines
3136 4795 3386 4852 satisfece

163 4884 324 4954 νιοβε
345 4897 445 4954 0⁸³.
472 4897 532 4941 ιιι
559 4887 746 4942 referri
779 4885 907 4942 mihi
941 4885 1234 4940 Ιῖιιθνειύῐη
1271 4886 1493 4957 Enniam
1527 4896 1728 4956 Ρυιεω.
1834 4896 1964 4960 rint,
1990 4895 2057 4948 ad
2098 4905 2310 4947 nostras
2349 4905 2562 4960 quoque
2605 4889 2810 4944 litteras
2850 4890 2989 4943 oculi
3025 4888 3405 4944 conferantur:

160 4979 199 5032 si
219 4981 380 5034 sciam
402 4996 520 5051 qure
549 4981 728 5037 scribo
758 4996 866 5035 non
886 4978 1082 5037 afferre
1111 4979 1404 5036 fastidium.
1427 4977 1582 5035 Vale.
1836 5005 2062 5057 quorum
2101 4986 2215 5040 haec
2256 4999 2463 5038 summa
2503 4991 2606 5046 est,
2655 4991 2712 5036 ut
2756 4996 2842 5034 me
2869 4981 3050 5036 valere
3093 4993 3406 5049 cognoscas.

712 5111 927 5168 Epls'r.
976 5111 1162 5167 LXXI.
1835 5080 1969 5134 Nolo
1984 5078 2126 5134 enim
2152 5086 2202 5130 te
2223 5091 2253 5129 a
2273 5075 2558 5145 colloquiis
2579 5084 2791 5129 tuorum
2815 5074 3000 5144 pagina
3026 5072 3264 5141 longiore
3286 5086 3407 5139 pro-

637 5237 949 5279 SVIIIIACIIUS
974 5239 1222 5279 TVIASIH.

1864 5183 2051 5228 ‘uecrc.
2087 5169 2234 5224 Vale.

2379 5237 2586 5293 EPIST.
2633 5236 2864 5298 LXXVI.

226 5334 299 5388 Ad
320 5335 658 5391 scribendum
681 5352 767 5391 me
790 5337 956 5392 relatu
978 5337 1358 5392 vicissitudinis
1379 5337 1630 5391 incitasti.
1653 5336 1722 5391 Ea
2315 5342 2618 5383 SYIIIACIIUS
2656 5341 2914 5381 raouoro.

159 5425 343 5494 quippe
387 5443 566 5482 rerum
618 5435 804 5483 natura
851 5437 956 5495 est,
1000 5437 1058 5481 ut
1103 5428 1398 5482 officiorum
1446 5428 1716 5496 diligentia
1905 5423 2018 5479 Duo
2057 5421 2185 5476 mihi
2225 5429 2375 5489 grata
2413 5416 2746 5488 proveniunt,
2787 5414 2997 5481 quoties
3025 5429 3053 5467 a
3097 5429 3182 5469 me
3213 5415 3405 5470 litterae

96 5519 98 5523 '
162 5516 322 5571 fructu
355 5518 733 5574 vicissitudinis
778 5519 1085 5593 incalescat.
1125 5520 1289 5574 Sume
1329 5521 1486 5588 igitur
1513 5521 1716 5573 saluta-
1829 5515 2199 5587 postulantur:
2225 5521 2278 5566 et
2306 5510 2446 5578 quod
2481 5518 2532 5562 te
2555 5508 2756 5560 honore
2775 5505 3110 5559 salutationis
3134 5508 3398 5578 impertio,

163 5607 368 5676 tionem,
395 5611 659 5682 simulque
687 5612 940 5665 indicium
970 5611 1244 5681 sospitatis
1263 5626 1396 5665 mea:
1423 5610 1575 5665 hctus
1603 5611 1748 5665 aut?
1825 5617 1880 5664 et
1903 5605 2042 5675 quod
2073 5617 2289 5674 operam
2319 5595 2797 5654 commendationis
2822 5607 3016 5664 przcsto
3039 5601 3396 5666 poscentibus.

165 5701 399 5770 plectere,
429 5705 733 5759 reddiznrus
761 5714 882 5758 voto
906 5713 1064 5774 atque
1095 5704 1271 5756 animo
1301 5718 1418 5757 meo
1441 5705 1714 5772 reciproca
1824 5698 2165 5766 Cum-igitur
2207 5695 2274 5748 ad
2325 5691 2552 5746 Africam
2605 5685 2834 5741 reditum
2881 5687 3195 5758 I‘at‘esorius
3234 5695 3278 5744 (τι
3304 5708 3402 5744 clis

161 5794 347 5860 gaudia
363 5797 612 5853 similium
646 5796 711 5852 de
733 5796 835 5850 tuis
865 5795 1068 5851 actibus
1100 5795 1428 5851 nuntiorum.
1463 5796 1608 5851 Vale.
1827 5803 2005 5848 noster
2037 5791 2339 5850 instrucrcl.
2368 5791 2420 5837 οι
2448 5778 2748 5849 ἰιιὶυεηιοιίί
2780 5779 2981 5835 “imas
3015 5783 3278 5849 ίηιΐειιὼο
3306 5786 3405 5834 "-V
