3932 6474
541 357 648 415 219

542 571 720 624 sciens
747 569 885 632 apud
912 573 1179 622 amantem
1204 566 1308 620 mei
1337 580 1437 621 nec
1459 564 1598 618 illius
1617 563 1927 632 petitionem
1957 561 2116 613 bene-

545 664 665 720 flcio
693 665 998 728 carituram,
1031 675 1131 718 nec
1172 676 1348 717 memn
1380 659 1706 715 inefficacem
1740 655 1969 710 futurum
1997 668 2113 708 ser-

546 768 782 811 monem.
817 751 967 809 Vale.

1073 822 1288 877 EPIST.
1333 820 1591 876 LXXVII.

1019 928 1330 969 ηιικλσηυε
1368 926 1632 968 Ρκοιοτο.

621 1006 726 1061 Nec
755 1006 968 1075 quidem
996 1006 1264 1076 prioribus
1297 1005 1484 1058 litteris
1511 1004 1646 1056 meis
1689 999 2114 1054 vicissitudinem

549 1099 850 1154 reddidisti.
883 1098 992 1154 Sed
1022 1100 1124 1153 mei
1164 1097 1322 1153 officii
1351 1096 1449 1150 fuit
1486 1097 1683 1164 scripta
1722 1095 2018 1162 geminare,
2049 1109 2119 1147 ne

552 1202 658 1244 tam
689 1191 790 1244 lida
818 1189 1101 1244 occasione
1140 1188 1431 1242 fraudarer.
1475 1186 1703 1242 Maxime
1747 1201 1866 1238 cum
1914 1184 2117 1239 amicus

549 1280 848 1335 communis
873 1280 1169 1334 Auxentius
1196 1292 1536 1332 accessurum
1569 1277 1671 1329 sibi
1707 1274 1906 1343 aliquid
1935 1274 2118 1343 gratia:

551 1389 614 1426 ex
641 1373 775 1426 meis
801 1370 992 1426 litteris
1015 1370 1304 1439 judicaret.
1335 1370 1502 1434 Quem
1535 1365 1631 1420 tibi
1663 1375 1940 1435 propterea
1971 1379 2118 1418 corn-

552 1462 804 1516 mendare
843 1477 947 1515 non
988 1460 1182 1524 debeo,
1219 1461 1342 1529 quia
1375 1457 1451 1512 illi
1483 1458 1622 1524 apud
1668 1467 1722 1512 te
1755 1458 1928 1527 potius
1957 1471 2115 1526 quam

551 1555 684 1608 alios
715 1553 864 1608 teSIis
893 1566 1015 1607 esse
1040 1551 1333 1607 consuesti.
1363 1547 1512 1603 Vale.

1069 1685 1280 1742 El’IS'I‘.
1312 1683 1589 1740 LXXVIII.

1026 1791 1333 1833 SVIIMCIIUS
1371 1791 1630 1830 PROIOTO.

623 1872 922 1925 "terentem
975 1884 1063 1923 me
1111 1869 1304 1921 litteris
1354 1865 1651 1936 impulisti,
1709 1877 1764 1918 ut
1811 1865 2116 1931 amicitiam,

552 1973 711 2028 quant
738 1958 939 2012 dudum
968 1957 1156 2012 tacitus
1183 1955 1456 2024 optabam,
1498 1972 1638 2012 nunc
1679 1965 1998 2026 provocatus
2025 1971 2120 2011 ex-

551 2052 805 2105 eolcrcm.
856 2049 1161 2120 Amplector
1200 2048 1392 2103 futura:
1426 2047 1568 2103 inter
1605 2063 1704 2103 nos
1745 2047 2120 2104 familiaritatis

552 2141 821 2211 auspicem
869 2141 1217 2195 voluntatem.
1267 2140 1330 2194 Et
1371 2141 1611 2210 quamvis
1650 2148 1947 2206 prreventuz
1995 2148 2120 2194 voto

553 2240 678 2300 tuo,
710 2233 902 2298 enitar,
947 2240 1006 2286 ut
1043 2241 1252 2301 potero,
1285 2246 1353 2286 ne
1382 2233 1563 2286 vincar
1593 2230 1806 2286 officiis.
1836 2231 1942 2284 llas
1971 2231 2117 2284 enim

554 2332 731 2392 partes
756 2324 913 2379 video
933 2323 1063 2378 mihi
1091 2332 1417 2387 reservatas,
1444 2333 1500 2377 ut
1521 2323 1728 2393 religio,
1759 2339 1878 2391 quae
1907 2335 1958 2377 te
1987 2323 2116 2376 hor-

551 2424 698 2470 tante
735 2415 962 2483 sumpsit
989 2415 1286 2478 exordium,
1333 2429 1419 2470 me
1457 2414 1731 2469 annitente
1774 2423 2114 2483 augmentum

550 2516 744 2561 sumat.
781 2508 928 2564 Vale.

1096 2575 1312 2631 EPIST.
1344 2575 1576 2630 LXXIX.

1032 2681 1334 2722 δυηηοιιιτε
1363 2681 1630 2720 ιἰιοιιοτο.

623 2761 812 2815 Primis
833 2759 1046 2830 quidem
1071 2759 1262 2815 litteris
1295 2761 1402 2814 tuis
1427 2758 1847 2814 vicissitudinem
1880 2773 2001 2813 mox
2034 2774 2118 2814 re-

551 2854 732 2922 pendi.
773 2853 876 2911 Sed
913 2854 1033 2922 quia
1062 2866 1215 2907 novae
1245 2850 1622 2907 familiaritatis
1660 2851 1964 2922 auspicibus
2000 2853 2117 2921 plus

550 2944 772 3002 debetur
797 2943 994 3009 officii,
1016 2943 1270 2999 excolere
1291 2944 1578 2997 amicitiam
1611 2944 1866 2998 litterario
1894 2959 2118 3000 munere

551 3049 857 3103 persevera,
883 3042 937 3088 ut
971 3033 1261 3104 perspicias
1287 3033 1423 3088 bene
1450 3049 1568 3086 cum
1602 3033 1682 3086 his
1706 3034 1915 3089 misceri
1945 3034 2118 3089 fmdus

551 3125 868 3188 animorum,
883 3125 1391 3192 qnieutnulatiorem
1410 3125 1632 3190 gratiam
1653 3125 1893 3194 religioni
1917 3124 2117 3181 referre

553 3232 704 3269 novet
720 3228 830 3269 unt.
865 3215 1007 3269 Vtile.

1115 3285 1321 3340 EPIST.
1346 3284 1557 3339 LXXX.

1035 3390 1270 3431 ηιιιυιωι
1279 3392 1339 3431 US
1377 3391 1637 3432 νιιοιιοτο.

627 3466 777 3522 Beari
807 3482 892 3523 me
911 3467 1094 3523 multis
1122 3468 1276 3523 bonis
1292 3468 1494 3538 judico,
1522 3467 1735 3538 quoties
1751 3469 2014 3524 sermonis
2045 3473 2117 3526 tui

555 3559 957 3616 honorificentia
978 3569 1032 3616 et
1049 3560 1334 3628 splendore
1349 3560 1606 3615 delector.
1625 3561 1786 3631 quue
1805 3569 1864 3616 ut
1887 3561 2117 3626 merear,

555 3651 716 3708 etiam
753 3652 867 3720 ipse
897 3667 1002 3706 non
1033 3652 1224 3706 desero
1251 3651 1578 3721 diligentiam
1608 3650 1905 3722 frequentis
1931 3651 2118 3707 officii.

555 3745 671 3801 Stet
697 3744 856 3814 igitur
876 3744 1014 3799 inter
1042 3757 1162 3811 nos,
1190 3753 1250 3800 ut
1269 3745 1568 3799 animorum
1597 3745 1697 3799 fida
1722 3746 2024 3814 sincetizas,
2049 3747 2118 3800 ita

555 3837 710 3907 hujus
741 3839 979 3893 muneris
999 3839 1167 3892 amica
1197 3841 1441 3894 certatio.
1475 3838 1621 3893 Vale.

1095 3947 1308 4006 EPIST.
1337 3949 1573 4006 LXXXI.

1061 4053 1366 4097 εωωειιυε
1404 4058 1614 4097 RUFINO.

623 4129 1012 4186 Succensebam
1040 4133 1252 4186 silentio
1280 4141 1390 4187 tuo.
1421 4133 1526 4189 Sed
1558 4145 1835 4205 posuquam
1878 4137 2007 4190 mihi
2042 4138 2125 4193 in-

553 4220 748 4276 dicium
793 4223 859 4279 de
906 4223 1086 4278 fratris
1129 4222 1333 4279 honore
1370 4225 1562 4292 fecisti,
1603 4227 1728 4280 vicit
1773 4227 2120 4284 offensionem

555 4315 816 4383 voluptas.
869 4314 938 4369 Et
975 4317 1029 4370 in
1073 4330 1190 4370 eam
1235 4316 1598 4373 conditionem
1641 4335 1731 4375 res
1756 4321 1937 4384 rediit,
1974 4330 2034 4377 ut
2070 4325 2120 4378 ei

556 4418 705 4474 agam
731 4407 949 4474 gratias,
971 4421 1128 4476 quem
1153 4407 1238 4476 pie
1259 4409 1540 4476 obiurgare
1564 4411 1876 4468 meditabar.
1895 4413 1973 4468 Tu
1996 4429 2122 4469 vero

484 4535 490 4540 .
553 4495 653 4549 sub
696 4496 794 4549 hac
841 4497 1096 4565 petitione
1141 4500 1266 4551 dum
1317 4501 1466 4554 voles
1505 4503 1693 4568 retice,
1742 4504 1903 4557 modo
1936 4514 2119 4574 postea

1702 356 1766 422 ρ.
1810 351 2117 410 suosuo:

2227 352 2618 410 YMMACIIUS.
3642 355 3726 408 33°

543 480 760 548 gitaret;
808 475 1072 531 desiderio
1122 488 1241 543 eius
1289 472 1536 528 effectum
1584 472 1814 526 libenter
1859 467 2112 534 impendi,
2146 471 2189 524 Α
2224 467 2547 521 immensum
2597 468 2818 537 requirit
2855 483 3017 524 venas
3059 469 3338 534 bonorum,
3370 469 3624 538 nullosque
3644 462 3762 524 avio'
3857 462 3859 518 !

2221 555 2340 608 dius
2371 556 2532 609 trahit
2559 571 2716 625 quam
2749 557 2880 611 nihil
2905 558 3314 612 desiderantes?
3361 557 3424 612 Ut
3474 557 3729 613 Flavianum

2221 660 2419 709 uicum,
2445 655 2604 714 atque
2629 646 2764 700 adeo
2791 657 2963 710 tuum,
2993 663 3163 716 nuper
3181 648 3406 712 excivit;
3429 664 3578 718 quem
3596 649 3734 703 adhuc

2221 737 2537 791 verecundia
2583 745 2809 805 tegeret,
2855 737 2958 792 nisi
3001 738 3146 793 clara
3176 739 3363 794 merita
3408 739 3732 807 prodidissent.

2223 828 2346 882 llaec
2394 837 2520 881 sunt
2577 843 2696 896 quae
2728 830 2856 882 mihi
2893 842 2991 898 pro
3030 837 3268 898 tempore
3298 830 3473 884 laetitia
3498 831 3735 884 dictitarit.

2221 919 2368 974 Nunc
2395 929 2453 974 ut
2473 921 2896 975 amantissimum
2920 921 3160 988 fratrem,
3192 921 3296 984 vel,
3319 922 3459 990 quod
3482 931 3559 976 est
3579 924 3736 984 verius,

2222 1021 2426 1080 partem
2456 1012 2560 1067 mei
2591 1012 2803 1081 diligas,
2846 1028 2976 1082 rogo
3011 1023 3202 1081 sponte
3240 1014 3518 1068 facturum.
3557 1015 3670 1069 Arna
3701 1019 3737 1067 in

2219 1122 2285 1161 eo
2325 1107 2496 1163 studia
2541 1122 2656 1172 sua,
2688 1117 2744 1162 et
2777 1108 3032 1178 quidquid
3071 1109 3353 1177 agnoveris
3379 1109 3646 1164 virtutibus
3663 1110 3739 1162 tuis

2220 1199 2544 1266 proximum.
2569 1197 2693 1251 Mihi
2722 1208 2777 1250 ut
2798 1209 2879 1252 est
2901 1199 3220 1269 curm,quod
3248 1215 3274 1252 a
3299 1200 3460 1254 fratre
3481 1200 3738 1260 discernet;

2219 1287 2290 1341 ita
2320 1289 2513 1342 solatio
2541 1289 2663 1349 erit.
2679 1289 2723 1342 si
2750 1304 2870 1343 eum
2898 1290 3063 1343 sciam
3095 1305 3221 1345 vere
3251 1290 3303 1344 in
3330 1301 3382 1346 te
3409 1290 3741 1361 Symmachum

2221 1379 2504 1447 reperisse.
2535 1377 2685 1432 Vale.

2755 1449 2966 1506 EPIST.
3002 1449 3259 1506 LXXXII.

2722 1553 3034 1597 BYIIACIIUS
3070 1558 3278 1598 RUFINO.

2292 1629 2483 1685 Adhuc
2528 1631 2680 1686 siles.
2727 1632 2834 1687 Sed
2880 1635 3170 1702 loquacitas
3207 1649 3325 1688 mea
3371 1650 3475 1690 non
3516 1634 3744 1689 cohibetur

2221 1723 2489 1791 exemplo,
2537 1732 2593 1779 et
2639 1734 2720 1778 est
2747 1724 2914 1780 otium
2957 1726 3086 1780 mihi
3133 1727 3200 1780 ad
3251 1727 3535 1782 verborum
3577 1729 3745 1796 copiam

2149 1821 2194 1880 Β
2221 1813 2582 1870 commodum.
2607 1813 2738 1868 Nam
2762 1815 2870 1870 ruri
2898 1830 3040 1879 sum,
3067 1832 3168 1871 nec
3189 1828 3366 1871 tamen
3398 1817 3747 1872 rustica/fan-

2225 1913 2331 1958 tum
2363 1905 2432 1958 de
2458 1906 2572 1974 ripa
2598 1905 2808 1961 Tiberis
2833 1908 2978 1978 (nam
3012 1924 3106 1978 per
3134 1909 3268 1964 fines
3297 1925 3446 1964 meos
3475 1909 3650 1964 fluvius
3664 1911 3747 1965 ela-

2222 1996 2387 2068 bitur)
2416 2008 2605 2054 onusta
2637 2010 2821 2068 specto
2861 2001 3107 2068 navigia;
3150 2017 3254 2056 non
3282 2001 3393 2070 jam
3426 2003 3682 2069 sollicitus,
3707 2012 3747 2056 ut

2219 2099 2365 2153 ante,
2397 2087 2465 2143 de
2497 2088 2640 2144 fame
2669 2089 2891 2144 civium.
2921 2089 3120 2146 Versus
3153 2099 3239 2146 est
3265 2107 3496 2160 namque
3519 2108 3579 2147 ex
3607 2091 3747 2158 inopia

2221 2183 2273 2235 in
2318 2181 2565 2250 gaudium
2617 2181 2858 2250 publicus
2907 2194 3100 2245 metus,
3150 2194 3430 2252 postquam
3478 2181 3748 2238 venerabilis

2223 2281 2370 2339 pater
2395 2271 2580 2339 patriae
2600 2271 2954 2328 Macedonicis
2975 2275 3366 2329 commeatibus
3391 2274 3577 2328 Africa:
3595 2274 3746 2327 damna

2221 2365 2464 2433 pensavit
2486 2383 2499 2419 :
2522 2381 2680 2436 quem
2713 2382 2856 2421 ntmc
2884 2381 3070 2422 omnes
3091 2367 3316 2423 altorem
3340 2367 3552 2437 generis
3575 2368 3746 2420 humani

2222 2456 2388 2511 Deum
2420 2456 2662 2527 diligunt.
2693 2457 2832 2512 Nihil
2864 2458 3005 2513 enim
3038 2473 3226 2527 passus
3251 2470 3336 2514 est
3365 2458 3573 2514 Austris
3599 2473 3747 2512 cumu-

2220 2549 2456 2603 macibus
2483 2550 2748 2605 adversus
2789 2550 3011 2604 Romam
3055 2551 3239 2607 licere.
3274 2551 3418 2622 Ergo
3446 2553 3513 2606 de
3540 2551 3632 2607 mei
3663 2551 3747 2616 agri

2218 2643 2432 2709 specula
2475 2643 2875 2711 peregrinarum
2922 2644 3138 2698 navium
3170 2659 3397 2700 numero
3440 2655 3750 2707 lranscursus,

2219 2748 2270 2788 et
2295 2735 2502 2804 gaudeo
2524 2735 2719 2788 victum
2739 2736 2917 2804 populi
2942 2736 3095 2790 Rom.
3122 2751 3227 2790 non
3250 2735 3354 2790 fata
3376 2737 3747 2806 provinciarum.

2220 2826 2531 2893 devotione,
2561 2842 2661 2895 qua
2693 2827 2834 2882 soles
2865 2844 2968 2881 non
2999 2827 3245 2883 occulere
3277 2829 3476 2883 bonum
3507 2829 3750 2897 publicum.

2222 2914 2407 2969 Merito
2437 2918 2648 2984 parcius
2679 2916 2889 2986 loquor,
2935 2928 3038 2971 tua:
3069 2918 3334 2972 facundia:
3364 2920 3676 2987 relinquens,
3712 2925 3754 2967 ut

2223 3005 2337 3062 ha'c
2364 3008 2625 3072 ornatius,
2640 3008 2684 3062 si
2709 3010 2777 3062 ita
2795 3009 3046 3077 placebit,
3065 3009 3460 3079 insinues,qu:n
3483 3027 3574 3065 nos
3596 3008 3753 3063 inculta

2225 3099 2446 3156 veritate
2475 3102 2831 3156 narravimus.
2863 3101 3012 3157 Vale.

2744 3193 2953 3248 EPIST.
2995 3192 3276 3248 LXXXIII.

2723 3299 3034 3341 δῑηιιλοιιυε
3071 3303 3282 3340 RUFINO.

2294 3377 2418 3440 lter,
2463 3385 2521 3432 ut
2559 3377 2810 3446 opinione
2851 3379 3064 3442 metior,
3107 3378 3376 3446 expedisti
3406 3397 3418 3431 :
3443 3375 3580 3447 quod
3623 3374 3759 3430 solum

2225 3468 2315 3523 tibi
2346 3469 2410 3522 ad
2433 3469 2706 3534 silentium
2727 3469 3132 3540 sufl‘ragabatur.
3163 3469 3311 3525 Nunc
3339 3472 3534 3525 stativa
3564 3469 3760 3538 requies.

2222 3563 2360 3633 ston
2378 3563 2628 3616 ctanimo
2653 3562 2922 3618 scribendi
2947 3563 3012 3616 ad
3040 3577 3138 3617 nos
3164 3579 3316 3618 usum
3342 3565 3597 3619 reformet
3624 3579 3637 3618 :
3665 3561 3764 3615 licet

2221 3656 2332 3712 oris
2377 3656 2454 3710 tui
2499 3655 2740 3721 facultas,
2777 3665 2829 3711 et
2867 3673 2987 3711 cum
3031 3657 3170 3711 viam
3212 3672 3493 3726 carperes,
3535 3658 3767 3711 luculento

2225 3747 2453 3816 potuerit
2479 3746 2636 3801 affatu
2678 3747 2819 3802 sitim
2863 3758 3097 3802 nostram
3139 3750 3332 3817 rigare.
3373 3749 3486 3804 Sed
3519 3748 3665 3803 fuerit
3690 3744 3764 3798 tibi

2223 3838 2506 3893 adversum
2544 3839 2754 3909 culpam
2799 3839 3174 3894 taciturnitatis
3211 3839 3276 3894 de
3305 3838 3494 3895 labore
3526 3838 3754 3909 purgatio.

2223 3931 2361 3985 Nihil
2387 3931 2495 4001 jam
2524 3931 2758 4001 suffragii
2791 3940 2975 3994 restat,
3003 3946 3124 3985 cum
3153 3939 3208 3987 et
3236 3931 3486 3985 facundia
3514 3973 3530 3995 ,
3559 3944 3668 4000 qnze
3690 3939 3766 3981 nec

2224 4033 2348 4078 ante
2377 4023 2788 4093 impediebatur,
2822 4023 3078 4093 supersit,
3123 4033 3176 4078 et
3203 4023 3390 4090 otium,
3423 4024 3563 4094 quod
3591 4020 3766 4076 deside-

2225 4112 2458 4179 rabatur,
2491 4113 2795 4168 accesserit.
2826 4112 2974 4167 Vale.

2748 4203 2962 4261 EPIST.
2994 4203 3278 4259 LXXXIV.

2727 4311 3035 4350 δηκιαιυε
3091 4311 3301 4350 RUFINO.

2297 4391 2506 4460 Sequor
2543 4399 2594 4443 te
2633 4389 2845 4456 litteris,
2891 4389 3012 4458 quia
3045 4397 3226 4444 mente
3267 4398 3322 4442 et
3363 4388 3643 4444 affectione
3685 4401 3767 4438 non

2224 4483 2434 4536 desero.
2482 4479 2591 4534 Nec
2619 4479 2804 4534 videor
2843 4479 2971 4532 mihi
3013 4478 3122 4534 cito
3162 4478 3276 4530 luec
3313 4479 3554 4547 arripere
3587 4475 3768 4532 solatia.

556 4585 708 4639 bonis
749 4557 990 4654 epistolis
1035 4589 1267 4643 redimas
1295 4592 1419 4660 si,“
1463 4594 1538 4646 ιυί
1580 4557 1754 4648 [cI-3;“.
1797 4596 1842 4648 ο
1875 4557 2117 4650 ηυᾟιέύξῆ
2150 4557 2198 4618 θ
2224 4588 2344 4626 cum
2374 4571 2548 4625 adhuc
2593 4571 2731 4639 apud
2775 4584 2872 4624 nos
2901 4584 3093 4660 recens
3125 4569 3433 4636 jucunditas
3475 4580 3562 4624 tua
3603 4570 3768 4636 vigeat.

555 4687 677 4731 voto
708 4686 799 4732 tuo
826 4678 1088 4734 similem!
1139 4680 1346 4735 Nullum
1377 4684 1554 4738 decuit
1581 4685 1695 4738 haec
1723 4685 1982 4749 scribere,
2015 4687 2115 4741 nisi

554 4781 709 4837 quem
750 4777 960 4823 constat
999 4781 1232 4838 Optasse.
1282 4773 1372 4827 Na:
1401 4783 1598 4839 tamen,
1628 4786 1823 4844 przeter
1843 4778 2115 4844 gaudium,

553 4861 692 4931 quod
713 4861 782 4917 de
803 4877 1053 4931 processu
1069 4864 1248 4919 fratris
1263 4869 1496 4936 acquiro,
1513 4873 1670 4923 etiam
1689 4871 1946 4939 judicium
1972 4881 2116 4925 tuum

551 4955 838 5009 admodum
869 4956 1164 5012 decoloras.
1203 4958 1359 5014 Solus
1383 4962 1527 5014 enim
1569 4963 1660 5015 tibi
1694 4964 1839 5018 visus
1863 4977 2005 5031 sum,
2034 4980 2120 5020 re-

552 5045 751 5113 paratis
780 5048 1034 5100 virtutum
1067 5050 1330 5116 prtemiis,
1360 5065 1518 5119 posse
1557 5053 1808 5121 gaudere.
1844 5053 1948 5108 Sed
1976 5056 2115 5120 quod

551 5139 631 5191 ais
653 5139 886 5194 exclusis
916 5140 1192 5210 improbis.
1223 5155 1371 5208 spem
1413 5144 1563 5197 bonis
1591 5146 1851 5200 redditam
1879 5161 1894 5208 ;
1924 5161 2028 5201 non
2061 5155 2119 5200 ut

553 5229 846 5292 insolitum,
891 5229 974 5285 vel
1015 5231 1318 5284 inchoatum
1351 5248 1538 5286 recens
1585 5236 1840 5304 gratulor.
1875 5237 2005 5292 Nam
2033 5253 2119 5292 so-

555 5317 724 5374 lemne
744 5331 827 5377 est
849 5322 1067 5377 domino
1089 5332 1274 5378 nosuo
1299 5324 1600 5379 'l‘hcodosio
1627 5326 1678 5380 in
1709 5343 1834 5382 suos
1865 5344 2118 5384 exercere

554 5423 854 5478 censuram,
878 5428 1189 5483 morumque
1209 5429 1368 5484 agere
1392 5413 1678 5482 delectum,
1708 5429 1759 5474 et
1790 5419 2046 5489 singulos,
2065 5430 2118 5475 et

557 5514 724 5555 novos
759 5514 970 5573 semper
1008 5507 1334 5575 expendere,
1379 5524 1476 5564 nec
1511 5510 1881 5568 consuetudini
1923 5512 2120 5565 condo-

557 5607 684 5646 nare
707 5592 984 5662 judicium.
1017 5599 1142 5653 Inde
1185 5610 1287 5665 est,
1329 5601 1468 5669 quod
1511 5602 1902 5657 sincerissimos
1942 5618 2121 5658 mores

558 5692 674 5738 tuos
707 5685 980 5754 benignius
1010 5691 1194 5758 recipit
1216 5733 1228 5752 ,
1271 5709 1405 5760 quos
1442 5707 1628 5748 severe
1654 5704 1708 5748 et
1732 5695 2013 5759 diligenter
2043 5696 2122 5746 itt-

556 5777 754 5838 sccxit.
776 5779 908 5846 Quid
940 5781 1076 5846 quod
1107 5785 1262 5837 etiam
1292 5785 1446 5853 longe
1477 5785 1699 5840 intendit
1720 5785 1924 5849 oculos,
1953 5797 1999 5837 et
2026 5801 2119 5850 per

2226 4662 2410 4718 Sentio
2429 4663 2568 4716 enim
2592 4661 2850 4716 bonorum
2870 4659 3261 4730 separationem
3289 4664 3469 4712 statim
3494 4660 3772 4713 diuturnam

2230 4756 2419 4812 videri.
2452 4755 2603 4823 Quod
2633 4754 2700 4820 si,
2733 4762 2789 4807 ιιι
2812 4769 3099 4822 prazsumo,
3131 4753 3290 4806 etiam
3318 4762 3440 4807 tuus
3469 4753 3673 4805 animus
3695 4761 3770 4800 ex-

2229 4856 2410 4917 pertus
2433 4856 2534 4911 est,
2570 4848 2650 4901 fac
2679 4846 2918 4900 noverim
2952 4844 3198 4899 festinata
3230 4846 3550 4912 scriptorum
3579 4844 3699 4901 vice,
3731 4847 3772 4889 te

2228 4955 2437 5010 quoque
2466 4939 2568 4993 hoc
2590 4937 2924 4992 intervallum
2951 4935 3157 4990 dierum
3184 4937 3397 5004 longum
3427 4930 3767 5004 putare.V:ile.

2755 5049 2965 5104 EPIST.
2992 5047 3251 5102 LXXXV.

2727 5154 3035 5194 SVDIMACRUS
3075 5153 3284 5192 RUFINO.

2300 5237 2410 5290 Mos
2438 5245 2492 5289 et
2520 5235 2653 5288 ratio
2681 5231 2957 5300 ﬂagitavit,
3000 5237 3056 5282 ut
3085 5241 3367 5284 mansurus
3393 5227 3561 5287 domi.
3586 5226 3767 5280 veniam

2225 5325 2292 5379 de
2321 5325 2696 5393 augustissimo
2736 5320 2974 5388 principe
3015 5318 3255 5386 imperati
3295 5317 3423 5370 milii
3462 5317 3664 5372 itineris
3692 5330 3770 5382 po-

2224 5415 2498 5469 stularem.
2531 5411 2900 5466 Excusationis
2926 5422 3139 5463 causam
3169 5408 3360 5462 litteris
3386 5407 3636 5470 iudicavi,
3655 5417 3770 5474 quas

2227 5510 2376 5561 favor
2417 5516 2537 5558 tuus
2582 5505 2726 5558 molli
2769 5502 2937 5565 aditu,
2977 5511 3032 5554 ct
3069 5499 3261 5556 blanda
3301 5501 3611 5554 recitatione
3643 5512 3769 5551 coni-
3823 5517 3826 5521 -

2227 5597 2460 5652 mendet.
2488 5594 2627 5648 Nihil
2649 5592 2788 5647 enim
2812 5606 3048 5646 meorum
3077 5590 3193 5644 sine
3218 5591 3341 5643 boni
3364 5596 3619 5658 cujusque
3639 5585 3769 5640 auxi~

2228 5691 2297 5743 lio
2327 5688 2580 5755 placeret.
2613 5684 2742 5758 Rem
2775 5683 2959 5750 loquor
2984 5679 3230 5734 omnibus
3258 5689 3458 5745 notam,
3486 5679 3609 5732 mihi
3648 5692 3768 5731 mm-

2227 5799 2381 5850 qnam
2407 5778 2678 5835 taeendatn
2703 5795 2715 5828 ;
2743 5782 2841 5831 hoc
2855 5778 3030 5841 amici,
3051 5775 3148 5829 hoc
3169 5775 3341 5829 aemuli
3358 5774 3768 5839 sciui-LQuorum
