  <div class='ocr_page' id='page_1' title='image "/cluster/home/n/w/nwhite01/storage/ocr_20150623/18/hvd.32044015471337/118.png"; bbox 0 0 3932 6432; ppageno 0'>
   <div class='ocr_carea' id='block_1_1' title="bbox 112 359 208 413">
    <p class='ocr_par' dir='ltr' id='par_1_1' title="bbox 112 359 208 413">
     <span class='ocr_line' id='line_1_1' title="bbox 112 359 208 413; baseline 0.01 -1"><span class='ocrx_word' id='word_1_1' title='bbox 112 359 208 413; x_wconf 67' lang='grc' dir='ltr'><strong>εει</strong></span> 
     </span>
    </p>
   </div>
   <div class='ocr_carea' id='block_1_2' title="bbox 1311 349 2162 410">
    <p class='ocr_par' dir='ltr' id='par_1_2' title="bbox 1311 349 2162 410">
     <span class='ocr_line' id='line_1_2' title="bbox 1311 349 2162 410; baseline 0 -2"><span class='ocrx_word' id='word_1_2' title='bbox 1311 349 1789 410; x_wconf 62' lang='grc' dir='ltr'><strong>ΕΡΙΒΤΟΙΑΜΓΜ</strong></span> <span class='ocrx_word' id='word_1_3' title='bbox 1830 352 2036 409; x_wconf 78' lang='lat' dir='ltr'><strong>LIBER</strong></span> <span class='ocrx_word' id='word_1_4' title='bbox 2067 354 2162 408; x_wconf 88' lang='lat' dir='ltr'><strong>1V.</strong></span> 
     </span>
    </p>
   </div>
   <div class='ocr_carea' id='block_1_3' title="bbox 3269 362 3374 416">
    <p class='ocr_par' dir='ltr' id='par_1_3' title="bbox 3269 362 3374 416">
     <span class='ocr_line' id='line_1_3' title="bbox 3269 362 3374 416; baseline -0.057 1"><span class='ocrx_word' id='word_1_5' title='bbox 3269 362 3374 416; x_wconf 69' lang='lat' dir='ltr'><strong>2i!</strong></span> 
     </span>
    </p>
   </div>
   <div class='ocr_carea' id='block_1_4' title="bbox 113 466 3368 540">
    <p class='ocr_par' dir='ltr' id='par_1_4' title="bbox 113 466 3368 540">
     <span class='ocr_line' id='line_1_4' title="bbox 113 466 3368 540; baseline -0.001 -17"><span class='ocrx_word' id='word_1_6' title='bbox 113 473 196 527; x_wconf 86' lang='lat' dir='ltr'><strong>alii</strong></span> <span class='ocrx_word' id='word_1_7' title='bbox 218 473 455 540; x_wconf 77' lang='lat' dir='ltr'><strong>gaudent</strong></span> <span class='ocrx_word' id='word_1_8' title='bbox 483 484 606 525; x_wconf 87' lang='lat' dir='ltr'><strong>esse</strong></span> <span class='ocrx_word' id='word_1_9' title='bbox 645 483 783 538; x_wconf 82' lang='lat' dir='ltr'><strong>apuu</strong></span> <span class='ocrx_word' id='word_1_10' title='bbox 837 476 890 522; x_wconf 90' lang='lat' dir='ltr'><strong>te</strong></span> <span class='ocrx_word' id='word_1_11' title='bbox 927 467 1103 522; x_wconf 85' lang='lat' dir='ltr'><strong>locum</strong></span> <span class='ocrx_word' id='word_1_12' title='bbox 1135 466 1361 530; x_wconf 86' lang='lat' dir='ltr'><strong>meritis.</strong></span> <span class='ocrx_word' id='word_1_13' title='bbox 1390 468 1479 520; x_wconf 86' lang='lat' dir='ltr'><strong>altt</strong></span> <span class='ocrx_word' id='word_1_14' title='bbox 1509 467 1693 519; x_wconf 84' lang='lat' dir='ltr'><strong>dolent</strong></span> <span class='ocrx_word' id='word_1_15' title='bbox 1725 474 1773 524; x_wconf 66' lang='grc' dir='ltr'>Α</span> <span class='ocrx_word' id='word_1_16' title='bbox 1799 469 1927 531; x_wconf 85' lang='lat' dir='ltr'><strong>bus,</strong></span> <span class='ocrx_word' id='word_1_17' title='bbox 1958 467 2023 521; x_wconf 87' lang='lat' dir='ltr'><strong>ad</strong></span> <span class='ocrx_word' id='word_1_18' title='bbox 2053 482 2220 521; x_wconf 78' lang='lat' dir='ltr'><strong>Vtcem</strong></span> <span class='ocrx_word' id='word_1_19' title='bbox 2249 466 2477 530; x_wconf 80' lang='lat' dir='ltr'><strong>doloris,</strong></span> <span class='ocrx_word' id='word_1_20' title='bbox 2505 480 2660 535; x_wconf 82' lang='lat' dir='ltr'><strong>quem</strong></span> <span class='ocrx_word' id='word_1_21' title='bbox 2689 480 2834 520; x_wconf 88' lang='lat' dir='ltr'><strong>mors</strong></span> <span class='ocrx_word' id='word_1_22' title='bbox 2857 475 3095 521; x_wconf 80' lang='lat' dir='ltr'><strong>incutere</strong></span> <span class='ocrx_word' id='word_1_23' title='bbox 3125 466 3282 532; x_wconf 84' lang='lat' dir='ltr'><strong>solet,</strong></span> <span class='ocrx_word' id='word_1_24' title='bbox 3309 483 3368 521; x_wconf 84' lang='lat' dir='ltr'><strong>re</strong></span> 
     </span>
    </p>
   </div>
   <div class='ocr_carea' id='block_1_5' title="bbox 115 557 802 616">
    <p class='ocr_par' dir='ltr' id='par_1_5' title="bbox 115 557 802 616">
     <span class='ocr_line' id='line_1_5' title="bbox 115 557 802 616; baseline -0.003 -1"><span class='ocrx_word' id='word_1_25' title='bbox 115 577 213 616; x_wconf 89' lang='lat' dir='ltr'><strong>non</strong></span> <span class='ocrx_word' id='word_1_26' title='bbox 244 575 367 615; x_wconf 81' lang='lat' dir='ltr'><strong>esse</strong></span> <span class='ocrx_word' id='word_1_27' title='bbox 393 557 618 614; x_wconf 76' lang='lat' dir='ltr'><strong>divitiis.</strong></span> <span class='ocrx_word' id='word_1_28' title='bbox 655 559 802 613; x_wconf 90' lang='lat' dir='ltr'><strong>Vale.</strong></span> 
     </span>
    </p>
   </div>
   <div class='ocr_carea' id='block_1_6' title="bbox 639 645 1148 704">
    <p class='ocr_par' dir='ltr' id='par_1_6' title="bbox 639 645 1148 704">
     <span class='ocr_line' id='line_1_6' title="bbox 639 645 1148 704; baseline -0.008 0"><span class='ocrx_word' id='word_1_29' title='bbox 639 649 854 704; x_wconf 83' lang='lat' dir='ltr'><strong>EPIST.</strong></span> <span class='ocrx_word' id='word_1_30' title='bbox 885 645 1073 702; x_wconf 81' lang='lat' dir='ltr'><strong>L-X-XX</strong></span> <span class='ocrx_word' id='word_1_31' title='bbox 1087 648 1148 700; x_wconf 82' lang='lat' dir='ltr'><strong>Vl</strong></span> 
     </span>
    </p>
   </div>
   <div class='ocr_carea' id='block_1_7' title="bbox 631 753 1191 794">
    <p class='ocr_par' dir='ltr' id='par_1_7' title="bbox 631 753 1191 794">
     <span class='ocr_line' id='line_1_7' title="bbox 631 753 1191 794; baseline -0.004 0"><span class='ocrx_word' id='word_1_32' title='bbox 631 753 942 794; x_wconf 69' lang='grc' dir='ltr'><strong>ενιιηωιυε</strong></span> <span class='ocrx_word' id='word_1_33' title='bbox 983 754 1191 792; x_wconf 69' lang='lat' dir='ltr'><strong>RUFINO.</strong></span> 
     </span>
    </p>
   </div>
   <div class='ocr_carea' id='block_1_8' title="bbox 177 827 1694 904">
    <p class='ocr_par' dir='ltr' id='par_1_8' title="bbox 177 827 1694 904">
     <span class='ocr_line' id='line_1_8' title="bbox 177 827 1694 904; baseline -0.007 -14"><span class='ocrx_word' id='word_1_34' title='bbox 177 833 542 904; x_wconf 83' lang='lat' dir='ltr'><strong>lntelligebam</strong></span> <span class='ocrx_word' id='word_1_35' title='bbox 575 848 679 886; x_wconf 89' lang='lat' dir='ltr'><strong>non</strong></span> <span class='ocrx_word' id='word_1_36' title='bbox 708 846 827 886; x_wconf 92' lang='lat' dir='ltr'><strong>esse</strong></span> <span class='ocrx_word' id='word_1_37' title='bbox 857 831 926 884; x_wconf 89' lang='lat' dir='ltr'><strong>de</strong></span> <span class='ocrx_word' id='word_1_38' title='bbox 955 827 1300 895; x_wconf 89' lang='lat' dir='ltr'><strong>uiltilo,qnod</strong></span> <span class='ocrx_word' id='word_1_39' title='bbox 1323 827 1414 880; x_wconf 90' lang='lat' dir='ltr'><strong>ditt</strong></span> <span class='ocrx_word' id='word_1_40' title='bbox 1442 843 1469 878; x_wconf 91' lang='lat' dir='ltr'><strong>a</strong></span> <span class='ocrx_word' id='word_1_41' title='bbox 1502 828 1694 880; x_wconf 88' lang='lat' dir='ltr'><strong>litteris</strong></span> 
     </span>
    </p>
   </div>
   <div class='ocr_carea' id='block_1_9' title="bbox 109 917 1695 995">
    <p class='ocr_par' dir='ltr' id='par_1_9' title="bbox 109 917 1695 995">
     <span class='ocr_line' id='line_1_9' title="bbox 109 917 1695 995; baseline -0.006 -17"><span class='ocrx_word' id='word_1_42' title='bbox 109 925 466 995; x_wconf 85' lang='lat' dir='ltr'><strong>tetnperabas.</strong></span> <span class='ocrx_word' id='word_1_43' title='bbox 517 924 756 978; x_wconf 79' lang='lat' dir='ltr'><strong>Tandem</strong></span> <span class='ocrx_word' id='word_1_44' title='bbox 791 922 979 990; x_wconf 90' lang='lat' dir='ltr'><strong>patuit,</strong></span> <span class='ocrx_word' id='word_1_45' title='bbox 1013 920 1268 986; x_wconf 88' lang='lat' dir='ltr'><strong>impedito</strong></span> <span class='ocrx_word' id='word_1_46' title='bbox 1297 934 1392 987; x_wconf 85' lang='lat' dir='ltr'><strong>per</strong></span> <span class='ocrx_word' id='word_1_47' title='bbox 1420 917 1695 986; x_wconf 81' lang='lat' dir='ltr'><strong>:egritudi-</strong></span> 
     </span>
    </p>
   </div>
   <div class='ocr_carea' id='block_1_10' title="bbox 111 1009 1694 1080">
    <p class='ocr_par' dir='ltr' id='par_1_10' title="bbox 111 1009 1694 1080">
     <span class='ocr_line' id='line_1_10' title="bbox 111 1009 1694 1080; baseline -0.005 -10"><span class='ocrx_word' id='word_1_48' title='bbox 111 1036 227 1072; x_wconf 87' lang='lat' dir='ltr'><strong>netu</strong></span> <span class='ocrx_word' id='word_1_49' title='bbox 267 1021 416 1080; x_wconf 85' lang='lat' dir='ltr'><strong>visu,</strong></span> <span class='ocrx_word' id='word_1_50' title='bbox 455 1017 755 1070; x_wconf 90' lang='lat' dir='ltr'><strong>officiorum</strong></span> <span class='ocrx_word' id='word_1_51' title='bbox 788 1014 1002 1066; x_wconf 89' lang='lat' dir='ltr'><strong>stetisse</strong></span> <span class='ocrx_word' id='word_1_52' title='bbox 1041 1011 1341 1064; x_wconf 78' lang='lat' dir='ltr'><strong>solertiam.</strong></span> <span class='ocrx_word' id='word_1_53' title='bbox 1385 1009 1565 1074; x_wconf 77' lang='lat' dir='ltr'><strong>Itaque</strong></span> <span class='ocrx_word' id='word_1_54' title='bbox 1595 1022 1694 1076; x_wconf 83' lang='lat' dir='ltr'><strong>ego</strong></span> 
     </span>
    </p>
   </div>
   <div class='ocr_carea' id='block_1_11' title="bbox 111 1101 1690 1174">
    <p class='ocr_par' dir='ltr' id='par_1_11' title="bbox 111 1101 1690 1174">
     <span class='ocr_line' id='line_1_11' title="bbox 111 1101 1690 1174; baseline -0.007 -11"><span class='ocrx_word' id='word_1_55' title='bbox 111 1113 196 1163; x_wconf 87' lang='lat' dir='ltr'><strong>illo</strong></span> <span class='ocrx_word' id='word_1_56' title='bbox 240 1111 309 1164; x_wconf 89' lang='lat' dir='ltr'><strong>de</strong></span> <span class='ocrx_word' id='word_1_57' title='bbox 346 1110 562 1162; x_wconf 87' lang='lat' dir='ltr'><strong>silentio</strong></span> <span class='ocrx_word' id='word_1_58' title='bbox 607 1106 873 1160; x_wconf 89' lang='lat' dir='ltr'><strong>sollicitus</strong></span> <span class='ocrx_word' id='word_1_59' title='bbox 916 1104 1144 1174; x_wconf 84' lang='lat' dir='ltr'><strong>probare</strong></span> <span class='ocrx_word' id='word_1_60' title='bbox 1189 1119 1274 1156; x_wconf 90' lang='lat' dir='ltr'><strong>tne</strong></span> <span class='ocrx_word' id='word_1_61' title='bbox 1319 1101 1514 1166; x_wconf 85' lang='lat' dir='ltr'><strong>fateor,</strong></span> <span class='ocrx_word' id='word_1_62' title='bbox 1551 1101 1690 1170; x_wconf 89' lang='lat' dir='ltr'><strong>quod</strong></span> 
     </span>
    </p>
   </div>
   <div class='ocr_carea' id='block_1_12' title="bbox 109 1190 1692 1268">
    <p class='ocr_par' dir='ltr' id='par_1_12' title="bbox 109 1190 1692 1268">
     <span class='ocr_line' id='line_1_12' title="bbox 109 1190 1692 1268; baseline -0.006 -16"><span class='ocrx_word' id='word_1_63' title='bbox 109 1216 313 1268; x_wconf 73' lang='lat' dir='ltr'><strong>aspera:</strong></span> <span class='ocrx_word' id='word_1_64' title='bbox 354 1201 433 1254; x_wconf 93' lang='lat' dir='ltr'><strong>rei</strong></span> <span class='ocrx_word' id='word_1_65' title='bbox 464 1201 707 1253; x_wconf 89' lang='lat' dir='ltr'><strong>nuntium</strong></span> <span class='ocrx_word' id='word_1_66' title='bbox 751 1212 918 1266; x_wconf 78' lang='lat' dir='ltr'><strong>usque</strong></span> <span class='ocrx_word' id='word_1_67' title='bbox 956 1197 1022 1249; x_wconf 85' lang='lat' dir='ltr'><strong>ad</strong></span> <span class='ocrx_word' id='word_1_68' title='bbox 1063 1195 1310 1249; x_wconf 86' lang='lat' dir='ltr'><strong>sanitatis</strong></span> <span class='ocrx_word' id='word_1_69' title='bbox 1353 1202 1455 1246; x_wconf 74' lang='lat' dir='ltr'><strong>tua:</strong></span> <span class='ocrx_word' id='word_1_70' title='bbox 1503 1190 1692 1260; x_wconf 85' lang='lat' dir='ltr'><strong>gaudia</strong></span> 
     </span>
    </p>
   </div>
   <div class='ocr_carea' id='block_1_13' title="bbox 110 1283 1692 1356">
    <p class='ocr_par' dir='ltr' id='par_1_13' title="bbox 110 1283 1692 1356">
     <span class='ocr_line' id='line_1_13' title="bbox 110 1283 1692 1356; baseline -0.007 -11"><span class='ocrx_word' id='word_1_71' title='bbox 110 1291 398 1355; x_wconf 84' lang='lat' dir='ltr'><strong>distulisti;</strong></span> <span class='ocrx_word' id='word_1_72' title='bbox 439 1307 506 1345; x_wconf 90' lang='lat' dir='ltr'><strong>ne</strong></span> <span class='ocrx_word' id='word_1_73' title='bbox 535 1290 603 1344; x_wconf 90' lang='lat' dir='ltr'><strong>de</strong></span> <span class='ocrx_word' id='word_1_74' title='bbox 643 1298 697 1344; x_wconf 89' lang='lat' dir='ltr'><strong>te</strong></span> <span class='ocrx_word' id='word_1_75' title='bbox 727 1299 850 1343; x_wconf 89' lang='lat' dir='ltr'><strong>ante</strong></span> <span class='ocrx_word' id='word_1_76' title='bbox 874 1303 1124 1356; x_wconf 86' lang='lat' dir='ltr'><strong>caperem</strong></span> <span class='ocrx_word' id='word_1_77' title='bbox 1167 1285 1337 1340; x_wconf 72' lang='lat' dir='ltr'><strong>exorti</strong></span> <span class='ocrx_word' id='word_1_78' title='bbox 1368 1283 1692 1336; x_wconf 81' lang='lat' dir='ltr'><strong>incommodi</strong></span> 
     </span>
    </p>
   </div>
   <div class='ocr_carea' id='block_1_14' title="bbox 110 1372 1693 1451">
    <p class='ocr_par' dir='ltr' id='par_1_14' title="bbox 110 1372 1693 1451">
     <span class='ocr_line' id='line_1_14' title="bbox 110 1372 1693 1451; baseline -0.007 -16"><span class='ocrx_word' id='word_1_79' title='bbox 110 1382 546 1446; x_wconf 79' lang='lat' dir='ltr'><strong>sollicitudinem,</strong></span> <span class='ocrx_word' id='word_1_80' title='bbox 578 1397 740 1451; x_wconf 87' lang='lat' dir='ltr'><strong>quam</strong></span> <span class='ocrx_word' id='word_1_81' title='bbox 769 1380 1114 1434; x_wconf 83' lang='lat' dir='ltr'><strong>securitatem</strong></span> <span class='ocrx_word' id='word_1_82' title='bbox 1145 1383 1360 1430; x_wconf 68' lang='lat' dir='ltr'><strong>remoti.</strong></span> <span class='ocrx_word' id='word_1_83' title='bbox 1393 1373 1541 1427; x_wconf 78' lang='lat' dir='ltr'><strong>Nunc</strong></span> <span class='ocrx_word' id='word_1_84' title='bbox 1569 1372 1693 1441; x_wconf 86' lang='lat' dir='ltr'><strong>quia</strong></span> 
     </span>
    </p>
   </div>
   <div class='ocr_carea' id='block_1_15' title="bbox 111 1465 1694 1542">
    <p class='ocr_par' dir='ltr' id='par_1_15' title="bbox 111 1465 1694 1542">
     <span class='ocr_line' id='line_1_15' title="bbox 111 1465 1694 1542; baseline -0.008 -14"><span class='ocrx_word' id='word_1_85' title='bbox 111 1475 360 1531; x_wconf 77' lang='lat' dir='ltr'><strong>valetudo</strong></span> <span class='ocrx_word' id='word_1_86' title='bbox 405 1485 576 1530; x_wconf 84' lang='lat' dir='ltr'><strong>tecum</strong></span> <span class='ocrx_word' id='word_1_87' title='bbox 627 1474 680 1528; x_wconf 91' lang='lat' dir='ltr'><strong>in</strong></span> <span class='ocrx_word' id='word_1_88' title='bbox 723 1473 947 1542; x_wconf 78' lang='lat' dir='ltr'><strong>gratiam</strong></span> <span class='ocrx_word' id='word_1_89' title='bbox 991 1469 1152 1537; x_wconf 85' lang='lat' dir='ltr'><strong>redit,</strong></span> <span class='ocrx_word' id='word_1_90' title='bbox 1210 1465 1694 1537; x_wconf 84' lang='lat' dir='ltr'><strong>intlulgentioribus</strong></span> 
     </span>
    </p>
   </div>
   <div class='ocr_carea' id='block_1_16' title="bbox 111 1557 1693 1641">
    <p class='ocr_par' dir='ltr' id='par_1_16' title="bbox 111 1557 1693 1641">
     <span class='ocr_line' id='line_1_16' title="bbox 111 1557 1693 1641; baseline -0.01 -16"><span class='ocrx_word' id='word_1_91' title='bbox 111 1569 318 1641; x_wconf 76' lang='lat' dir='ltr'><strong>paginis</strong></span> <span class='ocrx_word' id='word_1_92' title='bbox 359 1565 647 1624; x_wconf 80' lang='lat' dir='ltr'><strong>amicitiam</strong></span> <span class='ocrx_word' id='word_1_93' title='bbox 690 1579 975 1620; x_wconf 85' lang='lat' dir='ltr'><strong>munerare</strong></span> <span class='ocrx_word' id='word_1_94' title='bbox 1017 1582 1030 1616; x_wconf 91' lang='lat'><strong>:</strong></span> <span class='ocrx_word' id='word_1_95' title='bbox 1077 1562 1312 1629; x_wconf 76' lang='lat' dir='ltr'><strong>alioquin</strong></span> <span class='ocrx_word' id='word_1_96' title='bbox 1353 1557 1693 1614; x_wconf 76' lang='lat' dir='ltr'><strong>cessantibus</strong></span> 
     </span>
    </p>
   </div>
   <div class='ocr_carea' id='block_1_17' title="bbox 109 1650 1692 1730">
    <p class='ocr_par' dir='ltr' id='par_1_17' title="bbox 109 1650 1692 1730">
     <span class='ocr_line' id='line_1_17' title="bbox 109 1650 1692 1730; baseline -0.011 -12"><span class='ocrx_word' id='word_1_97' title='bbox 109 1665 287 1719; x_wconf 82' lang='lat' dir='ltr'><strong>simile</strong></span> <span class='ocrx_word' id='word_1_98' title='bbox 316 1661 516 1730; x_wconf 85' lang='lat' dir='ltr'><strong>aliquid</strong></span> <span class='ocrx_word' id='word_1_99' title='bbox 549 1674 736 1713; x_wconf 62' lang='lat' dir='ltr'><strong>rursus</strong></span> <span class='ocrx_word' id='word_1_100' title='bbox 768 1656 986 1712; x_wconf 88' lang='lat' dir='ltr'><strong>timebo.</strong></span> <span class='ocrx_word' id='word_1_101' title='bbox 1021 1654 1128 1709; x_wconf 88' lang='lat' dir='ltr'><strong>Sed</strong></span> <span class='ocrx_word' id='word_1_102' title='bbox 1158 1653 1224 1707; x_wconf 92' lang='lat' dir='ltr'><strong>de</strong></span> <span class='ocrx_word' id='word_1_103' title='bbox 1253 1653 1354 1706; x_wconf 92' lang='lat' dir='ltr'><strong>ltoc</strong></span> <span class='ocrx_word' id='word_1_104' title='bbox 1397 1650 1528 1704; x_wconf 83' lang='lat' dir='ltr'><strong>satis</strong></span> <span class='ocrx_word' id='word_1_105' title='bbox 1568 1664 1692 1702; x_wconf 87' lang='lat' dir='ltr'><strong>ver-</strong></span> 
     </span>
    </p>
   </div>
   <div class='ocr_carea' id='block_1_18' title="bbox 109 1742 1690 1819">
    <p class='ocr_par' dir='ltr' id='par_1_18' title="bbox 109 1742 1690 1819">
     <span class='ocr_line' id='line_1_18' title="bbox 109 1742 1690 1819; baseline -0.011 -8"><span class='ocrx_word' id='word_1_106' title='bbox 109 1761 302 1811; x_wconf 81' lang='lat' dir='ltr'><strong>bomm</strong></span> <span class='ocrx_word' id='word_1_107' title='bbox 345 1765 446 1809; x_wconf 87' lang='lat' dir='ltr'><strong>est.</strong></span> <span class='ocrx_word' id='word_1_108' title='bbox 497 1753 806 1807; x_wconf 81' lang='lat' dir='ltr'><strong>Flavianum</strong></span> <span class='ocrx_word' id='word_1_109' title='bbox 857 1749 1089 1819; x_wconf 86' lang='lat' dir='ltr'><strong>pectoris</strong></span> <span class='ocrx_word' id='word_1_110' title='bbox 1130 1747 1234 1801; x_wconf 90' lang='lat' dir='ltr'><strong>mei</strong></span> <span class='ocrx_word' id='word_1_111' title='bbox 1272 1746 1570 1807; x_wconf 90' lang='lat' dir='ltr'><strong>dominum,</strong></span> <span class='ocrx_word' id='word_1_112' title='bbox 1616 1742 1690 1795; x_wconf 91' lang='lat' dir='ltr'><strong>tui</strong></span> 
     </span>
    </p>
   </div>
   <div class='ocr_carea' id='block_1_19' title="bbox 1800 557 3374 626">
    <p class='ocr_par' dir='ltr' id='par_1_19' title="bbox 1800 557 3374 626">
     <span class='ocr_line' id='line_1_19' title="bbox 1800 557 3374 626; baseline 0.001 -17"><span class='ocrx_word' id='word_1_113' title='bbox 1800 557 2094 611; x_wconf 86' lang='lat' dir='ltr'><strong>verentiam</strong></span> <span class='ocrx_word' id='word_1_114' title='bbox 2143 557 2323 611; x_wconf 85' lang='lat' dir='ltr'><strong>saltim</strong></span> <span class='ocrx_word' id='word_1_115' title='bbox 2371 558 2567 611; x_wconf 88' lang='lat' dir='ltr'><strong>silentii</strong></span> <span class='ocrx_word' id='word_1_116' title='bbox 2617 557 2944 612; x_wconf 80' lang='lat' dir='ltr'><strong>deferamus.</strong></span> <span class='ocrx_word' id='word_1_117' title='bbox 2998 557 3174 624; x_wconf 74' lang='lat' dir='ltr'><strong>Quare</strong></span> <span class='ocrx_word' id='word_1_118' title='bbox 3225 571 3374 626; x_wconf 80' lang='lat' dir='ltr'><strong>paret</strong></span> 
     </span>
    </p>
   </div>
   <div class='ocr_carea' id='block_1_20' title="bbox 1796 650 3376 722">
    <p class='ocr_par' dir='ltr' id='par_1_20' title="bbox 1796 650 3376 722">
     <span class='ocr_line' id='line_1_20' title="bbox 1796 650 3376 722; baseline -0.001 -18"><span class='ocrx_word' id='word_1_119' title='bbox 1796 653 2012 721; x_wconf 86' lang='lat' dir='ltr'><strong>oblique</strong></span> <span class='ocrx_word' id='word_1_120' title='bbox 2051 653 2190 722; x_wconf 67' lang='lat' dir='ltr'><strong>skylo</strong></span> <span class='ocrx_word' id='word_1_121' title='bbox 2219 651 2462 715; x_wconf 75' lang='lat' dir='ltr'><strong>czt-dere,</strong></span> <span class='ocrx_word' id='word_1_122' title='bbox 2502 651 2643 720; x_wconf 88' lang='lat' dir='ltr'><strong>quod</strong></span> <span class='ocrx_word' id='word_1_123' title='bbox 2685 650 2973 718; x_wconf 88' lang='lat' dir='ltr'><strong>displicere</strong></span> <span class='ocrx_word' id='word_1_124' title='bbox 3019 650 3240 704; x_wconf 82' lang='lat' dir='ltr'><strong>auribus</strong></span> <span class='ocrx_word' id='word_1_125' title='bbox 3287 652 3376 703; x_wconf 89' lang='lat' dir='ltr'><strong>tuit</strong></span> 
     </span>
    </p>
   </div>
   <div class='ocr_carea' id='block_1_21' title="bbox 1797 742 3378 812">
    <p class='ocr_par' dir='ltr' id='par_1_21' title="bbox 1797 742 3378 812">
     <span class='ocr_line' id='line_1_21' title="bbox 1797 742 3378 812; baseline -0.002 -13"><span class='ocrx_word' id='word_1_126' title='bbox 1797 745 1966 800; x_wconf 86' lang='lat' dir='ltr'><strong>timui.</strong></span> <span class='ocrx_word' id='word_1_127' title='bbox 2018 743 2269 812; x_wconf 87' lang='lat' dir='ltr'><strong>Quinimo</strong></span> <span class='ocrx_word' id='word_1_128' title='bbox 2312 760 2410 812; x_wconf 84' lang='lat' dir='ltr'><strong>age</strong></span> <span class='ocrx_word' id='word_1_129' title='bbox 2457 742 2919 812; x_wconf 81' lang='lat' dir='ltr'><strong>circumspertiooi</strong></span> <span class='ocrx_word' id='word_1_130' title='bbox 2962 757 3096 796; x_wconf 72' lang='lat' dir='ltr'><strong>mea:</strong></span> <span class='ocrx_word' id='word_1_131' title='bbox 3142 743 3378 808; x_wconf 80' lang='lat' dir='ltr'><strong>gratias.</strong></span> 
     </span>
    </p>
   </div>
   <div class='ocr_carea' id='block_1_22' title="bbox 1796 831 3375 907">
    <p class='ocr_par' dir='ltr' id='par_1_22' title="bbox 1796 831 3375 907">
     <span class='ocr_line' id='line_1_22' title="bbox 1796 831 3375 907; baseline -0.004 -17"><span class='ocrx_word' id='word_1_132' title='bbox 1796 853 1914 907; x_wconf 60' lang='lat' dir='ltr'><strong>quae</strong></span> <span class='ocrx_word' id='word_1_133' title='bbox 1947 837 2050 890; x_wconf 91' lang='lat' dir='ltr'><strong>tuis</strong></span> <span class='ocrx_word' id='word_1_134' title='bbox 2074 836 2276 891; x_wconf 85' lang='lat' dir='ltr'><strong>salibus</strong></span> <span class='ocrx_word' id='word_1_135' title='bbox 2310 839 2480 889; x_wconf 79' lang='lat' dir='ltr'><strong>locum</strong></span> <span class='ocrx_word' id='word_1_136' title='bbox 2509 835 2653 889; x_wconf 90' lang='lat' dir='ltr'><strong>facit.</strong></span> <span class='ocrx_word' id='word_1_137' title='bbox 2686 834 2858 902; x_wconf 84' lang='lat' dir='ltr'><strong>Atque</strong></span> <span class='ocrx_word' id='word_1_138' title='bbox 2882 833 3082 887; x_wconf 84' lang='lat' dir='ltr'><strong>utinam</strong></span> <span class='ocrx_word' id='word_1_139' title='bbox 3105 848 3250 900; x_wconf 68' lang='lat' dir='ltr'><strong>sarpe</strong></span> <span class='ocrx_word' id='word_1_140' title='bbox 3277 831 3375 896; x_wconf 69' lang='lat' dir='ltr'><strong>epi</strong></span> 
     </span>
    </p>
   </div>
   <div class='ocr_carea' id='block_1_23' title="bbox 1796 925 3377 998">
    <p class='ocr_par' dir='ltr' id='par_1_23' title="bbox 1796 925 3377 998">
     <span class='ocr_line' id='line_1_23' title="bbox 1796 925 3377 998; baseline -0.006 -15"><span class='ocrx_word' id='word_1_141' title='bbox 1796 932 1962 984; x_wconf 82' lang='lat' dir='ltr'><strong>stolas</strong></span> <span class='ocrx_word' id='word_1_142' title='bbox 1979 932 2102 998; x_wconf 89' lang='lat' dir='ltr'><strong>joco</strong></span> <span class='ocrx_word' id='word_1_143' title='bbox 2129 931 2352 993; x_wconf 81' lang='lat' dir='ltr'><strong>scribas,</strong></span> <span class='ocrx_word' id='word_1_144' title='bbox 2379 943 2510 998; x_wconf 88' lang='lat' dir='ltr'><strong>quas</strong></span> <span class='ocrx_word' id='word_1_145' title='bbox 2538 942 2697 997; x_wconf 82' lang='lat' dir='ltr'><strong>negas</strong></span> <span class='ocrx_word' id='word_1_146' title='bbox 2719 926 2892 982; x_wconf 86' lang='lat' dir='ltr'><strong>serio!</strong></span> <span class='ocrx_word' id='word_1_147' title='bbox 2923 925 3058 992; x_wconf 84' lang='lat' dir='ltr'><strong>Quid</strong></span> <span class='ocrx_word' id='word_1_148' title='bbox 3083 939 3244 978; x_wconf 81' lang='lat' dir='ltr'><strong>avare</strong></span> <span class='ocrx_word' id='word_1_149' title='bbox 3273 933 3377 975; x_wconf 81' lang='lat' dir='ltr'><strong>ute-</strong></span> 
     </span>
    </p>
   </div>
   <div class='ocr_carea' id='block_1_24' title="bbox 1797 1017 3379 1090">
    <p class='ocr_par' dir='ltr' id='par_1_24' title="bbox 1797 1017 3379 1090">
     <span class='ocr_line' id='line_1_24' title="bbox 1797 1017 3379 1090; baseline -0.006 -15"><span class='ocrx_word' id='word_1_150' title='bbox 1797 1022 1874 1076; x_wconf 87' lang='lat' dir='ltr'><strong>ris</strong></span> <span class='ocrx_word' id='word_1_151' title='bbox 1902 1023 2096 1090; x_wconf 82' lang='lat' dir='ltr'><strong>ingenii</strong></span> <span class='ocrx_word' id='word_1_152' title='bbox 2127 1023 2202 1074; x_wconf 90' lang='lat' dir='ltr'><strong>ttti</strong></span> <span class='ocrx_word' id='word_1_153' title='bbox 2226 1021 2431 1089; x_wconf 77' lang='lat' dir='ltr'><strong>copiis?</strong></span> <span class='ocrx_word' id='word_1_154' title='bbox 2463 1020 2667 1075; x_wconf 85' lang='lat' dir='ltr'><strong>Vereor</strong></span> <span class='ocrx_word' id='word_1_155' title='bbox 2691 1035 2755 1074; x_wconf 91' lang='lat' dir='ltr'><strong>ne</strong></span> <span class='ocrx_word' id='word_1_156' title='bbox 2787 1020 2914 1072; x_wconf 77' lang='lat' dir='ltr'><strong>milii</strong></span> <span class='ocrx_word' id='word_1_157' title='bbox 2943 1017 3163 1086; x_wconf 86' lang='lat' dir='ltr'><strong>posthac</strong></span> <span class='ocrx_word' id='word_1_158' title='bbox 3195 1018 3379 1070; x_wconf 76' lang='lat' dir='ltr'><strong>utilius</strong></span> 
     </span>
    </p>
   </div>
   <div class='ocr_carea' id='block_1_25' title="bbox 1796 1106 3378 1176">
    <p class='ocr_par' dir='ltr' id='par_1_25' title="bbox 1796 1106 3378 1176">
     <span class='ocr_line' id='line_1_25' title="bbox 1796 1106 3378 1176; baseline -0.004 -12"><span class='ocrx_word' id='word_1_159' title='bbox 1796 1113 1866 1165; x_wconf 89' lang='lat' dir='ltr'><strong>sit</strong></span> <span class='ocrx_word' id='word_1_160' title='bbox 1895 1111 2170 1166; x_wconf 77' lang='lat' dir='ltr'><strong>mittendis</strong></span> <span class='ocrx_word' id='word_1_161' title='bbox 2197 1111 2393 1166; x_wconf 89' lang='lat' dir='ltr'><strong>litteris</strong></span> <span class='ocrx_word' id='word_1_162' title='bbox 2422 1112 2711 1166; x_wconf 83' lang='lat' dir='ltr'><strong>abstinere.</strong></span> <span class='ocrx_word' id='word_1_163' title='bbox 2745 1110 2874 1162; x_wconf 84' lang='lat' dir='ltr'><strong>Nam</strong></span> <span class='ocrx_word' id='word_1_164' title='bbox 2903 1108 3200 1176; x_wconf 76' lang='lat' dir='ltr'><strong>proximam</strong></span> <span class='ocrx_word' id='word_1_165' title='bbox 3233 1106 3299 1159; x_wconf 89' lang='lat' dir='ltr'><strong>de</strong></span> <span class='ocrx_word' id='word_1_166' title='bbox 3333 1116 3378 1158; x_wconf 82' lang='lat' dir='ltr'><strong>te</strong></span> 
     </span>
    </p>
   </div>
   <div class='ocr_carea' id='block_1_26' title="bbox 1798 1201 3377 1275">
    <p class='ocr_par' dir='ltr' id='par_1_26' title="bbox 1798 1201 3377 1275">
     <span class='ocr_line' id='line_1_26' title="bbox 1798 1201 3377 1275; baseline -0.006 -18"><span class='ocrx_word' id='word_1_167' title='bbox 1798 1207 2044 1275; x_wconf 78' lang='lat' dir='ltr'><strong>paginam</strong></span> <span class='ocrx_word' id='word_1_168' title='bbox 2071 1205 2366 1259; x_wconf 82' lang='lat' dir='ltr'><strong>offensione</strong></span> <span class='ocrx_word' id='word_1_169' title='bbox 2394 1204 2765 1258; x_wconf 85' lang='lat' dir='ltr'><strong>taciturnitatis</strong></span> <span class='ocrx_word' id='word_1_170' title='bbox 2788 1202 2968 1257; x_wconf 87' lang='lat' dir='ltr'><strong>elicni.</strong></span> <span class='ocrx_word' id='word_1_171' title='bbox 2999 1203 3066 1255; x_wconf 86' lang='lat' dir='ltr'><strong>Et</strong></span> <span class='ocrx_word' id='word_1_172' title='bbox 3101 1201 3220 1254; x_wconf 80' lang='lat' dir='ltr'><strong>ideo</strong></span> <span class='ocrx_word' id='word_1_173' title='bbox 3245 1215 3377 1266; x_wconf 76' lang='lat' dir='ltr'><strong>prm-</strong></span> 
     </span>
    </p>
   </div>
   <div class='ocr_carea' id='block_1_27' title="bbox 1796 1290 3378 1364">
    <p class='ocr_par' dir='ltr' id='par_1_27' title="bbox 1796 1290 3378 1364">
     <span class='ocr_line' id='line_1_27' title="bbox 1796 1290 3378 1364; baseline -0.006 -14"><span class='ocrx_word' id='word_1_174' title='bbox 1796 1298 1962 1351; x_wconf 81' lang='lat' dir='ltr'><strong>stabis</strong></span> <span class='ocrx_word' id='word_1_175' title='bbox 1991 1297 2210 1364; x_wconf 80' lang='lat' dir='ltr'><strong>forsitan</strong></span> <span class='ocrx_word' id='word_1_176' title='bbox 2243 1296 2414 1364; x_wconf 75' lang='lat' dir='ltr'><strong>Culpa:</strong></span> <span class='ocrx_word' id='word_1_177' title='bbox 2451 1311 2607 1359; x_wconf 65' lang='lat' dir='ltr'><strong>mete,</strong></span> <span class='ocrx_word' id='word_1_178' title='bbox 2637 1295 2778 1364; x_wconf 90' lang='lat' dir='ltr'><strong>quod</strong></span> <span class='ocrx_word' id='word_1_179' title='bbox 2820 1309 2926 1347; x_wconf 88' lang='lat' dir='ltr'><strong>non</strong></span> <span class='ocrx_word' id='word_1_180' title='bbox 2959 1293 3139 1348; x_wconf 87' lang='lat' dir='ltr'><strong>reddis</strong></span> <span class='ocrx_word' id='word_1_181' title='bbox 3166 1290 3378 1344; x_wconf 68' lang='lat' dir='ltr'><strong>officiis.</strong></span> 
     </span>
    </p>
   </div>
   <div class='ocr_carea' id='block_1_28' title="bbox 1802 1388 1945 1442">
    <p class='ocr_par' dir='ltr' id='par_1_28' title="bbox 1802 1388 1945 1442">
     <span class='ocr_line' id='line_1_28' title="bbox 1802 1388 1945 1442; baseline -0.021 1"><span class='ocrx_word' id='word_1_182' title='bbox 1802 1388 1945 1442; x_wconf 81' lang='lat' dir='ltr'><strong>Vale.</strong></span> 
     </span>
    </p>
   </div>
   <div class='ocr_carea' id='block_1_29' title="bbox 2317 1475 2843 1532">
    <p class='ocr_par' dir='ltr' id='par_1_29' title="bbox 2317 1475 2843 1532">
     <span class='ocr_line' id='line_1_29' title="bbox 2317 1475 2843 1532; baseline -0.004 -2"><span class='ocrx_word' id='word_1_183' title='bbox 2317 1476 2532 1532; x_wconf 82' lang='lat' dir='ltr'><strong>EPIST.</strong></span> <span class='ocrx_word' id='word_1_184' title='bbox 2573 1475 2843 1530; x_wconf 82' lang='lat' dir='ltr'><strong>LXXXIX</strong></span> 
     </span>
    </p>
   </div>
   <div class='ocr_carea' id='block_1_30' title="bbox 2309 1581 2862 1623">
    <p class='ocr_par' dir='ltr' id='par_1_30' title="bbox 2309 1581 2862 1623">
     <span class='ocr_line' id='line_1_30' title="bbox 2309 1581 2862 1623; baseline -0.005 -1"><span class='ocrx_word' id='word_1_185' title='bbox 2309 1583 2618 1623; x_wconf 69' lang='lat' dir='ltr'><strong>SYIHIACHUS</strong></span> <span class='ocrx_word' id='word_1_186' title='bbox 2648 1581 2862 1620; x_wconf 73' lang='lat' dir='ltr'><strong>RUFINO.</strong></span> 
     </span>
    </p>
   </div>
   <div class='ocr_carea' id='block_1_31' title="bbox 1863 1654 3376 1716">
    <p class='ocr_par' dir='ltr' id='par_1_31' title="bbox 1863 1654 3376 1716">
     <span class='ocr_line' id='line_1_31' title="bbox 1863 1654 3376 1716; baseline -0.004 -2"><span class='ocrx_word' id='word_1_187' title='bbox 1863 1659 2307 1715; x_wconf 88' lang='lat' dir='ltr'><strong>Commendarem</strong></span> <span class='ocrx_word' id='word_1_188' title='bbox 2340 1660 2429 1712; x_wconf 88' lang='lat' dir='ltr'><strong>tibi</strong></span> <span class='ocrx_word' id='word_1_189' title='bbox 2466 1659 2772 1712; x_wconf 82' lang='lat' dir='ltr'><strong>Flavianum</strong></span> <span class='ocrx_word' id='word_1_190' title='bbox 2804 1658 2970 1709; x_wconf 87' lang='lat' dir='ltr'><strong>lilittttt</strong></span> <span class='ocrx_word' id='word_1_191' title='bbox 3002 1670 3210 1716; x_wconf 88' lang='lat' dir='ltr'><strong>meum,</strong></span> <span class='ocrx_word' id='word_1_192' title='bbox 3245 1654 3296 1707; x_wconf 92' lang='lat' dir='ltr'><strong>tti</strong></span> <span class='ocrx_word' id='word_1_193' title='bbox 3325 1663 3376 1708; x_wconf 76' lang='lat' dir='ltr'><strong>te</strong></span> 
     </span>
    </p>
   </div>
   <div class='ocr_carea' id='block_1_32' title="bbox 1798 1746 3375 1819">
    <p class='ocr_par' dir='ltr' id='par_1_32' title="bbox 1798 1746 3375 1819">
     <span class='ocr_line' id='line_1_32' title="bbox 1798 1746 3375 1819; baseline -0.006 -15"><span class='ocrx_word' id='word_1_194' title='bbox 1798 1754 2014 1807; x_wconf 81' lang='lat' dir='ltr'><strong>volente</strong></span> <span class='ocrx_word' id='word_1_195' title='bbox 2044 1761 2187 1808; x_wconf 85' lang='lat' dir='ltr'><strong>esset</strong></span> <span class='ocrx_word' id='word_1_196' title='bbox 2210 1753 2431 1804; x_wconf 86' lang='lat' dir='ltr'><strong>accitos.</strong></span> <span class='ocrx_word' id='word_1_197' title='bbox 2461 1749 2598 1803; x_wconf 85' lang='lat' dir='ltr'><strong>Nihil</strong></span> <span class='ocrx_word' id='word_1_198' title='bbox 2628 1750 2788 1819; x_wconf 91' lang='lat' dir='ltr'><strong>igitttr</strong></span> <span class='ocrx_word' id='word_1_199' title='bbox 2818 1756 2910 1802; x_wconf 87' lang='lat' dir='ltr'><strong>tuo</strong></span> <span class='ocrx_word' id='word_1_200' title='bbox 2939 1749 3198 1800; x_wconf 85' lang='lat' dir='ltr'><strong>beneficio</strong></span> <span class='ocrx_word' id='word_1_201' title='bbox 3217 1746 3375 1800; x_wconf 78' lang='lat' dir='ltr'><strong>dero—</strong></span> 
     </span>
    </p>
   </div>
   <div class='ocr_carea' id='block_1_33' title="bbox 109 1834 1697 1914">
    <p class='ocr_par' dir='ltr' id='par_1_33' title="bbox 109 1834 1690 1914">
     <span class='ocr_line' id='line_1_33' title="bbox 109 1834 1690 1914; baseline -0.01 -13"><span class='ocrx_word' id='word_1_202' title='bbox 109 1847 336 1914; x_wconf 85' lang='lat' dir='ltr'><strong>socium,</strong></span> <span class='ocrx_word' id='word_1_203' title='bbox 369 1844 575 1899; x_wconf 70' lang='lat' dir='ltr'><strong>haerere</strong></span> <span class='ocrx_word' id='word_1_204' title='bbox 605 1843 786 1896; x_wconf 90' lang='lat' dir='ltr'><strong>animo</strong></span> <span class='ocrx_word' id='word_1_205' title='bbox 815 1851 904 1894; x_wconf 91' lang='lat' dir='ltr'><strong>tuo</strong></span> <span class='ocrx_word' id='word_1_206' title='bbox 927 1855 1093 1908; x_wconf 89' lang='lat' dir='ltr'><strong>usque</strong></span> <span class='ocrx_word' id='word_1_207' title='bbox 1115 1838 1180 1890; x_wconf 91' lang='lat' dir='ltr'><strong>ad</strong></span> <span class='ocrx_word' id='word_1_208' title='bbox 1207 1837 1568 1905; x_wconf 88' lang='lat' dir='ltr'><strong>improborum</strong></span> <span class='ocrx_word' id='word_1_209' title='bbox 1597 1834 1690 1885; x_wconf 91' lang='lat' dir='ltr'><strong>do-</strong></span> 
     </span>
    </p>
   </div>
   <div class='ocr_carea' id='block_1_34' title="bbox 1809 1834 3372 1914">
    <p class='ocr_par' dir='ltr' id='par_1_34' title="bbox 1809 1839 3372 1913">
     <span class='ocr_line' id='line_1_34' title="bbox 1809 1839 3372 1913; baseline -0.003 -20"><span class='ocrx_word' id='word_1_210' title='bbox 1809 1845 1949 1913; x_wconf 71' lang='lat' dir='ltr'><strong>;;.bo.</strong></span> <span class='ocrx_word' id='word_1_211' title='bbox 1981 1845 2122 1900; x_wconf 80' lang='lat' dir='ltr'><strong>Satis</strong></span> <span class='ocrx_word' id='word_1_212' title='bbox 2145 1851 2228 1897; x_wconf 90' lang='lat' dir='ltr'><strong>est</strong></span> <span class='ocrx_word' id='word_1_213' title='bbox 2245 1842 2426 1911; x_wconf 78' lang='lat' dir='ltr'><strong>juveni</strong></span> <span class='ocrx_word' id='word_1_214' title='bbox 2453 1856 2572 1896; x_wconf 85' lang='lat' dir='ltr'><strong>meo</strong></span> <span class='ocrx_word' id='word_1_215' title='bbox 2594 1841 2658 1893; x_wconf 86' lang='lat' dir='ltr'><strong>ad</strong></span> <span class='ocrx_word' id='word_1_216' title='bbox 2683 1847 3050 1906; x_wconf 80' lang='lat' dir='ltr'><strong>argumentum</strong></span> <span class='ocrx_word' id='word_1_217' title='bbox 3076 1839 3208 1902; x_wconf 76' lang='lat' dir='ltr'><strong>grati</strong></span> <span class='ocrx_word' id='word_1_218' title='bbox 3231 1841 3372 1891; x_wconf 72' lang='lat' dir='ltr'><strong>circa</strong></span> 
     </span>
    </p>
   </div>
   <div class='ocr_carea' id='block_1_35' title="bbox 113 1922 1689 2004">
    <p class='ocr_par' dir='ltr' id='par_1_35' title="bbox 113 1922 1689 2004">
     <span class='ocr_line' id='line_1_35' title="bbox 113 1922 1689 2004; baseline -0.01 -14"><span class='ocrx_word' id='word_1_219' title='bbox 113 1944 303 2000; x_wconf 88' lang='lat' dir='ltr'><strong>forem,</strong></span> <span class='ocrx_word' id='word_1_220' title='bbox 335 1935 496 1990; x_wconf 89' lang='lat' dir='ltr'><strong>nimis</strong></span> <span class='ocrx_word' id='word_1_221' title='bbox 533 1933 790 2004; x_wconf 77' lang='lat' dir='ltr'><strong>gratulor.</strong></span> <span class='ocrx_word' id='word_1_222' title='bbox 839 1931 968 1984; x_wconf 82' lang='lat' dir='ltr'><strong>Nam</strong></span> <span class='ocrx_word' id='word_1_223' title='bbox 1019 1945 1162 1997; x_wconf 62' lang='grc' dir='ltr'><strong>ειερο</strong></span> <span class='ocrx_word' id='word_1_224' title='bbox 1197 1928 1336 1996; x_wconf 91' lang='lat' dir='ltr'><strong>apud</strong></span> <span class='ocrx_word' id='word_1_225' title='bbox 1371 1939 1454 1978; x_wconf 90' lang='lat' dir='ltr'><strong>me</strong></span> <span class='ocrx_word' id='word_1_226' title='bbox 1489 1924 1558 1978; x_wconf 90' lang='lat' dir='ltr'><strong>de</strong></span> <span class='ocrx_word' id='word_1_227' title='bbox 1599 1922 1689 1975; x_wconf 87' lang='lat' dir='ltr'><strong>tali</strong></span> 
     </span>
    </p>
   </div>
   <div class='ocr_carea' id='block_1_36' title="bbox 113 2023 1692 2096">
    <p class='ocr_par' dir='ltr' id='par_1_36' title="bbox 113 2023 1692 2096">
     <span class='ocr_line' id='line_1_36' title="bbox 113 2023 1692 2096; baseline -0.009 -14"><span class='ocrx_word' id='word_1_228' title='bbox 113 2029 346 2087; x_wconf 83' lang='lat' dir='ltr'><strong>amicitia</strong></span> <span class='ocrx_word' id='word_1_229' title='bbox 379 2028 637 2096; x_wconf 87' lang='lat' dir='ltr'><strong>gloriatur</strong></span> <span class='ocrx_word' id='word_1_230' title='bbox 665 2043 678 2077; x_wconf 86' lang='lat'><strong>:</strong></span> <span class='ocrx_word' id='word_1_231' title='bbox 716 2023 817 2078; x_wconf 88' lang='lat' dir='ltr'><strong>hoc</strong></span> <span class='ocrx_word' id='word_1_232' title='bbox 845 2038 946 2092; x_wconf 87' lang='lat' dir='ltr'><strong>ego</strong></span> <span class='ocrx_word' id='word_1_233' title='bbox 983 2023 1218 2074; x_wconf 86' lang='lat' dir='ltr'><strong>futurum</strong></span> <span class='ocrx_word' id='word_1_234' title='bbox 1247 2027 1372 2072; x_wconf 86' lang='lat' dir='ltr'><strong>ante</strong></span> <span class='ocrx_word' id='word_1_235' title='bbox 1403 2030 1692 2085; x_wconf 76' lang='lat' dir='ltr'><strong>prospexe-</strong></span> 
     </span>
    </p>
   </div>
   <div class='ocr_carea' id='block_1_37' title="bbox 113 2107 1693 2188">
    <p class='ocr_par' dir='ltr' id='par_1_37' title="bbox 113 2107 1693 2188">
     <span class='ocr_line' id='line_1_37' title="bbox 113 2107 1693 2188; baseline -0.011 -12"><span class='ocrx_word' id='word_1_236' title='bbox 113 2141 242 2188; x_wconf 88' lang='lat' dir='ltr'><strong>rattt,</strong></span> <span class='ocrx_word' id='word_1_237' title='bbox 275 2121 504 2175; x_wconf 87' lang='lat' dir='ltr'><strong>virtutes</strong></span> <span class='ocrx_word' id='word_1_238' title='bbox 542 2119 817 2185; x_wconf 85' lang='lat' dir='ltr'><strong>utriusque</strong></span> <span class='ocrx_word' id='word_1_239' title='bbox 846 2115 1216 2180; x_wconf 87' lang='lat' dir='ltr'><strong>considerans,</strong></span> <span class='ocrx_word' id='word_1_240' title='bbox 1250 2126 1473 2180; x_wconf 84' lang='lat' dir='ltr'><strong>quarum</strong></span> <span class='ocrx_word' id='word_1_241' title='bbox 1504 2107 1693 2161; x_wconf 76' lang='lat' dir='ltr'><strong>simili-</strong></span> 
     </span>
    </p>
   </div>
   <div class='ocr_carea' id='block_1_38' title="bbox 113 2200 1690 2273">
    <p class='ocr_par' dir='ltr' id='par_1_38' title="bbox 113 2200 1690 2273">
     <span class='ocr_line' id='line_1_38' title="bbox 113 2200 1690 2273; baseline -0.01 -6"><span class='ocrx_word' id='word_1_242' title='bbox 113 2217 231 2268; x_wconf 90' lang='lat' dir='ltr'><strong>tudo</strong></span> <span class='ocrx_word' id='word_1_243' title='bbox 262 2211 608 2268; x_wconf 85' lang='lat' dir='ltr'><strong>concordiam</strong></span> <span class='ocrx_word' id='word_1_244' title='bbox 643 2210 790 2263; x_wconf 89' lang='lat' dir='ltr'><strong>facit.</strong></span> <span class='ocrx_word' id='word_1_245' title='bbox 824 2207 888 2260; x_wconf 83' lang='lat' dir='ltr'><strong>Et</strong></span> <span class='ocrx_word' id='word_1_246' title='bbox 913 2207 1033 2259; x_wconf 92' lang='lat' dir='ltr'><strong>ideo</strong></span> <span class='ocrx_word' id='word_1_247' title='bbox 1063 2204 1180 2273; x_wconf 88' lang='lat' dir='ltr'><strong>plus</strong></span> <span class='ocrx_word' id='word_1_248' title='bbox 1207 2202 1383 2272; x_wconf 79' lang='lat' dir='ltr'><strong>gaudii</strong></span> <span class='ocrx_word' id='word_1_249' title='bbox 1408 2215 1564 2270; x_wconf 88' lang='lat' dir='ltr'><strong>quam</strong></span> <span class='ocrx_word' id='word_1_250' title='bbox 1593 2200 1690 2252; x_wconf 82' lang='lat' dir='ltr'><strong>mi-</strong></span> 
     </span>
    </p>
   </div>
   <div class='ocr_carea' id='block_1_39' title="bbox 112 2289 1692 2384">
    <p class='ocr_par' dir='ltr' id='par_1_39' title="bbox 112 2289 1692 2384">
     <span class='ocr_line' id='line_1_39' title="bbox 112 2289 1692 2384; baseline -0.011 -25"><span class='ocrx_word' id='word_1_251' title='bbox 112 2305 300 2384; x_wconf 76' lang='lat' dir='ltr'><strong>raculi,</strong></span> <span class='ocrx_word' id='word_1_252' title='bbox 328 2312 509 2371; x_wconf 86' lang='lat' dir='ltr'><strong>capto,</strong></span> <span class='ocrx_word' id='word_1_253' title='bbox 543 2312 700 2371; x_wconf 83' lang='lat' dir='ltr'><strong>teque</strong></span> <span class='ocrx_word' id='word_1_254' title='bbox 725 2314 844 2362; x_wconf 82' lang='lat' dir='ltr'><strong>oro,</strong></span> <span class='ocrx_word' id='word_1_255' title='bbox 876 2314 941 2351; x_wconf 92' lang='lat' dir='ltr'><strong>ne</strong></span> <span class='ocrx_word' id='word_1_256' title='bbox 973 2297 1098 2368; x_wconf 90' lang='lat' dir='ltr'><strong>qttid</strong></span> <span class='ocrx_word' id='word_1_257' title='bbox 1129 2297 1180 2349; x_wconf 89' lang='lat' dir='ltr'><strong>itt</strong></span> <span class='ocrx_word' id='word_1_258' title='bbox 1219 2296 1353 2348; x_wconf 92' lang='lat' dir='ltr'><strong>tales</strong></span> <span class='ocrx_word' id='word_1_259' title='bbox 1381 2293 1584 2346; x_wconf 86' lang='lat' dir='ltr'><strong>amicos</strong></span> <span class='ocrx_word' id='word_1_260' title='bbox 1617 2289 1692 2342; x_wconf 90' lang='lat' dir='ltr'><strong>fa-</strong></span> 
     </span>
    </p>
   </div>
   <div class='ocr_carea' id='block_1_40' title="bbox 113 2382 1690 2456">
    <p class='ocr_par' dir='ltr' id='par_1_40' title="bbox 113 2382 1690 2456">
     <span class='ocr_line' id='line_1_40' title="bbox 113 2382 1690 2456; baseline -0.011 -4"><span class='ocrx_word' id='word_1_261' title='bbox 113 2382 258 2452; x_wconf 78' lang='lat' dir='ltr'><strong>scino</strong></span> <span class='ocrx_word' id='word_1_262' title='bbox 292 2397 468 2450; x_wconf 90' lang='lat' dir='ltr'><strong>liceat.</strong></span> <span class='ocrx_word' id='word_1_263' title='bbox 500 2393 591 2448; x_wconf 88' lang='lat' dir='ltr'><strong>lllc</strong></span> <span class='ocrx_word' id='word_1_264' title='bbox 639 2394 780 2447; x_wconf 83' lang='lat' dir='ltr'><strong>enim</strong></span> <span class='ocrx_word' id='word_1_265' title='bbox 830 2391 956 2445; x_wconf 88' lang='lat' dir='ltr'><strong>tnilti</strong></span> <span class='ocrx_word' id='word_1_266' title='bbox 1003 2405 1109 2443; x_wconf 91' lang='lat' dir='ltr'><strong>non</strong></span> <span class='ocrx_word' id='word_1_267' title='bbox 1149 2399 1231 2442; x_wconf 90' lang='lat' dir='ltr'><strong>est</strong></span> <span class='ocrx_word' id='word_1_268' title='bbox 1273 2383 1560 2456; x_wconf 84' lang='lat' dir='ltr'><strong>rogandus,</strong></span> <span class='ocrx_word' id='word_1_269' title='bbox 1607 2382 1690 2436; x_wconf 92' lang='lat' dir='ltr'><strong>cui</strong></span> 
     </span>
    </p>
   </div>
   <div class='ocr_carea' id='block_1_41' title="bbox 109 2482 994 2548">
    <p class='ocr_par' dir='ltr' id='par_1_41' title="bbox 109 2482 994 2548">
     <span class='ocr_line' id='line_1_41' title="bbox 109 2482 994 2548; baseline -0.012 -5"><span class='ocrx_word' id='word_1_270' title='bbox 109 2489 240 2543; x_wconf 81' lang='lat' dir='ltr'><strong>aliud</strong></span> <span class='ocrx_word' id='word_1_271' title='bbox 266 2488 408 2542; x_wconf 84' lang='lat' dir='ltr'><strong>velle</strong></span> <span class='ocrx_word' id='word_1_272' title='bbox 436 2501 541 2540; x_wconf 91' lang='lat' dir='ltr'><strong>non</strong></span> <span class='ocrx_word' id='word_1_273' title='bbox 573 2484 812 2548; x_wconf 70' lang='lat' dir='ltr'><strong>espedit.</strong></span> <span class='ocrx_word' id='word_1_274' title='bbox 849 2482 994 2534; x_wconf 84' lang='lat' dir='ltr'><strong>Vale.</strong></span> 
     </span>
    </p>
   </div>
   <div class='ocr_carea' id='block_1_42' title="bbox 614 2571 1175 2630">
    <p class='ocr_par' dir='ltr' id='par_1_42' title="bbox 614 2571 1175 2630">
     <span class='ocr_line' id='line_1_42' title="bbox 614 2571 1175 2630; baseline -0.009 0"><span class='ocrx_word' id='word_1_275' title='bbox 614 2573 829 2630; x_wconf 83' lang='lat' dir='ltr'><strong>EPIST.</strong></span> <span class='ocrx_word' id='word_1_276' title='bbox 869 2571 1175 2626; x_wconf 77' lang='lat' dir='ltr'><strong>LXXXVII.</strong></span> 
     </span>
    </p>
   </div>
   <div class='ocr_carea' id='block_1_43' title="bbox 624 2678 1173 2719">
    <p class='ocr_par' dir='ltr' id='par_1_43' title="bbox 624 2678 1173 2719">
     <span class='ocr_line' id='line_1_43' title="bbox 624 2678 1173 2719; baseline -0.009 1"><span class='ocrx_word' id='word_1_277' title='bbox 624 2679 934 2719; x_wconf 67' lang='grc' dir='ltr'><strong>εἵωιειειιιλς</strong></span> <span class='ocrx_word' id='word_1_278' title='bbox 963 2678 1173 2716; x_wconf 66' lang='lat' dir='ltr'><strong>RUFINO.</strong></span> 
     </span>
    </p>
   </div>
   <div class='ocr_carea' id='block_1_44' title="bbox 173 2748 1687 2832">
    <p class='ocr_par' dir='ltr' id='par_1_44' title="bbox 173 2748 1687 2832">
     <span class='ocr_line' id='line_1_44' title="bbox 173 2748 1687 2832; baseline -0.011 -17"><span class='ocrx_word' id='word_1_279' title='bbox 173 2764 362 2832; x_wconf 84' lang='lat' dir='ltr'><strong>Longo</strong></span> <span class='ocrx_word' id='word_1_280' title='bbox 393 2759 658 2814; x_wconf 35' lang='lat' dir='ltr'><strong>orationis.</strong></span> <span class='ocrx_word' id='word_1_281' title='bbox 693 2754 893 2808; x_wconf 87' lang='lat' dir='ltr'><strong>ambitu</strong></span> <span class='ocrx_word' id='word_1_282' title='bbox 929 2752 1370 2807; x_wconf 86' lang='lat' dir='ltr'><strong>commetnlenfur</strong></span> <span class='ocrx_word' id='word_1_283' title='bbox 1415 2748 1687 2817; x_wconf 77' lang='lat' dir='ltr'><strong>incogniti.</strong></span> 
     </span>
    </p>
   </div>
   <div class='ocr_carea' id='block_1_45' title="bbox 112 2840 1688 2911">
    <p class='ocr_par' dir='ltr' id='par_1_45' title="bbox 112 2840 1688 2911">
     <span class='ocr_line' id='line_1_45' title="bbox 112 2840 1688 2911; baseline -0.013 -1"><span class='ocrx_word' id='word_1_284' title='bbox 112 2853 386 2910; x_wconf 77' lang='lat' dir='ltr'><strong>Severiani</strong></span> <span class='ocrx_word' id='word_1_285' title='bbox 407 2865 580 2906; x_wconf 88' lang='lat' dir='ltr'><strong>autem</strong></span> <span class='ocrx_word' id='word_1_286' title='bbox 602 2847 662 2901; x_wconf 85' lang='lat' dir='ltr'><strong>C.</strong></span> <span class='ocrx_word' id='word_1_287' title='bbox 694 2847 755 2900; x_wconf 84' lang='lat' dir='ltr'><strong>V.</strong></span> <span class='ocrx_word' id='word_1_288' title='bbox 781 2847 991 2911; x_wconf 85' lang='lat' dir='ltr'><strong>merita,</strong></span> <span class='ocrx_word' id='word_1_289' title='bbox 1010 2860 1226 2896; x_wconf 70' lang='lat' dir='ltr'><strong>annosm</strong></span> <span class='ocrx_word' id='word_1_290' title='bbox 1249 2841 1448 2896; x_wconf 79' lang='lat' dir='ltr'><strong>militia:</strong></span> <span class='ocrx_word' id='word_1_291' title='bbox 1471 2840 1688 2908; x_wconf 83' lang='lat' dir='ltr'><strong>probata</strong></span> 
     </span>
    </p>
   </div>
   <div class='ocr_carea' id='block_1_46' title="bbox 114 2934 1688 3008">
    <p class='ocr_par' dir='ltr' id='par_1_46' title="bbox 114 2934 1688 3008">
     <span class='ocr_line' id='line_1_46' title="bbox 114 2934 1688 3008; baseline -0.009 -8"><span class='ocrx_word' id='word_1_292' title='bbox 114 2944 467 3008; x_wconf 82' lang='lat' dir='ltr'><strong>documentis,</strong></span> <span class='ocrx_word' id='word_1_293' title='bbox 501 2941 832 2997; x_wconf 77' lang='lat' dir='ltr'><strong>elaboratum</strong></span> <span class='ocrx_word' id='word_1_294' title='bbox 859 2939 1360 2992; x_wconf 69' lang='lat' dir='ltr'><strong>testimonium-non</strong></span> <span class='ocrx_word' id='word_1_295' title='bbox 1387 2934 1688 3001; x_wconf 86' lang='lat' dir='ltr'><strong>requirnnt.</strong></span> 
     </span>
    </p>
   </div>
   <div class='ocr_carea' id='block_1_47' title="bbox 114 3026 1691 3107">
    <p class='ocr_par' dir='ltr' id='par_1_47' title="bbox 114 3026 1691 3107">
     <span class='ocr_line' id='line_1_47' title="bbox 114 3026 1691 3107; baseline -0.011 -12"><span class='ocrx_word' id='word_1_296' title='bbox 114 3030 412 3107; x_wconf 76' lang='lat' dir='ltr'><strong>l‘rincipem</strong></span> <span class='ocrx_word' id='word_1_297' title='bbox 443 3037 616 3089; x_wconf 89' lang='lat' dir='ltr'><strong>locum</strong></span> <span class='ocrx_word' id='word_1_298' title='bbox 641 3031 886 3098; x_wconf 77' lang='lat' dir='ltr'><strong>regendis</strong></span> <span class='ocrx_word' id='word_1_299' title='bbox 911 3031 1241 3099; x_wconf 64' lang='lat' dir='ltr'><strong>praefectura:</strong></span> <span class='ocrx_word' id='word_1_300' title='bbox 1266 3027 1480 3080; x_wconf 81' lang='lat' dir='ltr'><strong>urbana:</strong></span> <span class='ocrx_word' id='word_1_301' title='bbox 1503 3026 1691 3078; x_wconf 84' lang='lat' dir='ltr'><strong>cohor-</strong></span> 
     </span>
    </p>
   </div>
   <div class='ocr_carea' id='block_1_48' title="bbox 119 3117 1691 3193">
    <p class='ocr_par' dir='ltr' id='par_1_48' title="bbox 119 3117 1691 3193">
     <span class='ocr_line' id='line_1_48' title="bbox 119 3117 1691 3193; baseline -0.012 -4"><span class='ocrx_word' id='word_1_302' title='bbox 119 3137 252 3189; x_wconf 70' lang='lat' dir='ltr'><strong>tibus</strong></span> <span class='ocrx_word' id='word_1_303' title='bbox 284 3130 551 3193; x_wconf 81' lang='lat' dir='ltr'><strong>obtinuit;</strong></span> <span class='ocrx_word' id='word_1_304' title='bbox 584 3129 634 3182; x_wconf 92' lang='lat' dir='ltr'><strong>in</strong></span> <span class='ocrx_word' id='word_1_305' title='bbox 667 3126 908 3180; x_wconf 81' lang='lat' dir='ltr'><strong>ordinem</strong></span> <span class='ocrx_word' id='word_1_306' title='bbox 942 3122 1265 3178; x_wconf 84' lang='lat' dir='ltr'><strong>senatorium</strong></span> <span class='ocrx_word' id='word_1_307' title='bbox 1299 3122 1412 3189; x_wconf 88' lang='lat' dir='ltr'><strong>lege</strong></span> <span class='ocrx_word' id='word_1_308' title='bbox 1443 3117 1691 3172; x_wconf 87' lang='lat' dir='ltr'><strong>transcri-</strong></span> 
     </span>
    </p>
   </div>
   <div class='ocr_carea' id='block_1_49' title="bbox 114 3211 1698 3297">
    <p class='ocr_par' dir='ltr' id='par_1_49' title="bbox 114 3211 1698 3297">
     <span class='ocr_line' id='line_1_49' title="bbox 114 3211 1698 3297; baseline -0.011 -17"><span class='ocrx_word' id='word_1_309' title='bbox 114 3240 226 3297; x_wconf 86' lang='lat' dir='ltr'><strong>ptus</strong></span> <span class='ocrx_word' id='word_1_310' title='bbox 245 3235 355 3281; x_wconf 84' lang='lat' dir='ltr'><strong>est.</strong></span> <span class='ocrx_word' id='word_1_311' title='bbox 388 3222 592 3283; x_wconf 83' lang='lat' dir='ltr'><strong>Restat,</strong></span> <span class='ocrx_word' id='word_1_312' title='bbox 625 3231 681 3274; x_wconf 91' lang='lat' dir='ltr'><strong>ttt</strong></span> <span class='ocrx_word' id='word_1_313' title='bbox 704 3229 819 3286; x_wconf 87' lang='lat' dir='ltr'><strong>post</strong></span> <span class='ocrx_word' id='word_1_314' title='bbox 842 3217 1150 3285; x_wconf 84' lang='lat' dir='ltr'><strong>dignitatem</strong></span> <span class='ocrx_word' id='word_1_315' title='bbox 1181 3213 1366 3275; x_wconf 71' lang='lat' dir='ltr'><strong>curize,</strong></span> <span class='ocrx_word' id='word_1_316' title='bbox 1390 3228 1507 3282; x_wconf 76' lang='lat' dir='ltr'><strong>qnze</strong></span> <span class='ocrx_word' id='word_1_317' title='bbox 1530 3211 1698 3263; x_wconf 87' lang='lat' dir='ltr'><strong>Itono-</strong></span> 
     </span>
    </p>
   </div>
   <div class='ocr_carea' id='block_1_50' title="bbox 115 3303 1693 3388">
    <p class='ocr_par' dir='ltr' id='par_1_50' title="bbox 115 3303 1693 3388">
     <span class='ocr_line' id='line_1_50' title="bbox 115 3303 1693 3388; baseline -0.013 -12"><span class='ocrx_word' id='word_1_318' title='bbox 115 3324 256 3376; x_wconf 75' lang='lat' dir='ltr'><strong>ribus</strong></span> <span class='ocrx_word' id='word_1_319' title='bbox 288 3319 464 3388; x_wconf 81' lang='lat' dir='ltr'><strong>major</strong></span> <span class='ocrx_word' id='word_1_320' title='bbox 493 3325 596 3381; x_wconf 86' lang='lat' dir='ltr'><strong>cst,</strong></span> <span class='ocrx_word' id='word_1_321' title='bbox 629 3316 789 3368; x_wconf 85' lang='lat' dir='ltr'><strong>etiam</strong></span> <span class='ocrx_word' id='word_1_322' title='bbox 820 3314 952 3379; x_wconf 89' lang='lat' dir='ltr'><strong>reip.</strong></span> <span class='ocrx_word' id='word_1_323' title='bbox 983 3307 1288 3378; x_wconf 85' lang='lat' dir='ltr'><strong>provinciali</strong></span> <span class='ocrx_word' id='word_1_324' title='bbox 1320 3305 1591 3372; x_wconf 86' lang='lat' dir='ltr'><strong>specimen</strong></span> <span class='ocrx_word' id='word_1_325' title='bbox 1613 3303 1693 3357; x_wconf 91' lang='lat' dir='ltr'><strong>sui</strong></span> 
     </span>
    </p>
   </div>
   <div class='ocr_carea' id='block_1_51' title="bbox 117 3397 1692 3484">
    <p class='ocr_par' dir='ltr' id='par_1_51' title="bbox 117 3397 1692 3484">
     <span class='ocr_line' id='line_1_51' title="bbox 117 3397 1692 3484; baseline -0.013 -14"><span class='ocrx_word' id='word_1_326' title='bbox 117 3415 390 3484; x_wconf 69' lang='lat' dir='ltr'><strong>prtelteat:</strong></span> <span class='ocrx_word' id='word_1_327' title='bbox 418 3411 556 3480; x_wconf 91' lang='lat' dir='ltr'><strong>quod</strong></span> <span class='ocrx_word' id='word_1_328' title='bbox 614 3409 844 3462; x_wconf 86' lang='lat' dir='ltr'><strong>futurum</strong></span> <span class='ocrx_word' id='word_1_329' title='bbox 894 3404 1216 3462; x_wconf 79' lang='lat' dir='ltr'><strong>atb&#39;tratur,</strong></span> <span class='ocrx_word' id='word_1_330' title='bbox 1261 3401 1303 3452; x_wconf 91' lang='lat' dir='ltr'><strong>si</strong></span> <span class='ocrx_word' id='word_1_331' title='bbox 1346 3399 1546 3452; x_wconf 88' lang='lat' dir='ltr'><strong>domini</strong></span> <span class='ocrx_word' id='word_1_332' title='bbox 1589 3397 1692 3451; x_wconf 87' lang='lat' dir='ltr'><strong>mei</strong></span> 
     </span>
    </p>
   </div>
   <div class='ocr_carea' id='block_1_52' title="bbox 118 3491 1689 3572">
    <p class='ocr_par' dir='ltr' id='par_1_52' title="bbox 118 3491 1689 3572">
     <span class='ocr_line' id='line_1_52' title="bbox 118 3491 1689 3572; baseline -0.01 -12"><span class='ocrx_word' id='word_1_333' title='bbox 118 3507 348 3572; x_wconf 70' lang='lat' dir='ltr'><strong>przrfecti</strong></span> <span class='ocrx_word' id='word_1_334' title='bbox 372 3501 504 3558; x_wconf 79' lang='lat' dir='ltr'><strong>Urbi</strong></span> <span class='ocrx_word' id='word_1_335' title='bbox 537 3517 697 3570; x_wconf 77' lang='lat' dir='ltr'><strong>super</strong></span> <span class='ocrx_word' id='word_1_336' title='bbox 733 3499 834 3554; x_wconf 87' lang='lat' dir='ltr'><strong>ltoc</strong></span> <span class='ocrx_word' id='word_1_337' title='bbox 864 3498 1068 3551; x_wconf 83' lang='lat' dir='ltr'><strong>litteras</strong></span> <span class='ocrx_word' id='word_1_338' title='bbox 1105 3503 1382 3564; x_wconf 90' lang='lat' dir='ltr'><strong>promptus</strong></span> <span class='ocrx_word' id='word_1_339' title='bbox 1407 3491 1689 3560; x_wconf 85' lang='lat' dir='ltr'><strong>stipulator</strong></span> 
     </span>
    </p>
   </div>
   <div class='ocr_carea' id='block_1_53' title="bbox 117 3593 592 3666">
    <p class='ocr_par' dir='ltr' id='par_1_53' title="bbox 117 3593 592 3666">
     <span class='ocr_line' id='line_1_53' title="bbox 117 3593 592 3666; baseline -0.008 -16"><span class='ocrx_word' id='word_1_340' title='bbox 117 3597 406 3666; x_wconf 66' lang='lat' dir='ltr'><strong>adiuveris.</strong></span> <span class='ocrx_word' id='word_1_341' title='bbox 442 3593 592 3648; x_wconf 86' lang='lat' dir='ltr'><strong>Vale.</strong></span> 
     </span>
    </p>
   </div>
   <div class='ocr_carea' id='block_1_54' title="bbox 619 3677 1208 3738">
    <p class='ocr_par' dir='ltr' id='par_1_54' title="bbox 619 3677 1208 3738">
     <span class='ocr_line' id='line_1_54' title="bbox 619 3677 1208 3738; baseline -0.019 1"><span class='ocrx_word' id='word_1_342' title='bbox 619 3681 834 3738; x_wconf 76' lang='lat' dir='ltr'><strong>EPIST.</strong></span> <span class='ocrx_word' id='word_1_343' title='bbox 878 3677 1208 3734; x_wconf 74' lang='lat' dir='ltr'><strong>LXXXVIII.</strong></span> 
     </span>
    </p>
   </div>
   <div class='ocr_carea' id='block_1_55' title="bbox 638 3788 1182 3832">
    <p class='ocr_par' dir='ltr' id='par_1_55' title="bbox 638 3788 1182 3832">
     <span class='ocr_line' id='line_1_55' title="bbox 638 3788 1182 3832; baseline -0.015 0"><span class='ocrx_word' id='word_1_344' title='bbox 638 3790 941 3832; x_wconf 64' lang='grc' dir='ltr'><strong>εγωηειωε</strong></span> <span class='ocrx_word' id='word_1_345' title='bbox 969 3788 1182 3828; x_wconf 67' lang='lat' dir='ltr'><strong>RUFINO.</strong></span> 
     </span>
    </p>
   </div>
   <div class='ocr_carea' id='block_1_56' title="bbox 179 3861 1701 3941">
    <p class='ocr_par' dir='ltr' id='par_1_56' title="bbox 179 3861 1701 3941">
     <span class='ocr_line' id='line_1_56' title="bbox 179 3861 1701 3941; baseline -0.01 -12"><span class='ocrx_word' id='word_1_346' title='bbox 179 3873 468 3930; x_wconf 86' lang='lat' dir='ltr'><strong>Silentium</strong></span> <span class='ocrx_word' id='word_1_347' title='bbox 501 3885 682 3941; x_wconf 11' lang='lat' dir='ltr'><strong>meum»</strong></span> <span class='ocrx_word' id='word_1_348' title='bbox 707 3868 773 3923; x_wconf 91' lang='lat' dir='ltr'><strong>de</strong></span> <span class='ocrx_word' id='word_1_349' title='bbox 799 3879 1026 3921; x_wconf 81' lang='lat' dir='ltr'><strong>excessu</strong></span> <span class='ocrx_word' id='word_1_350' title='bbox 1055 3863 1186 3918; x_wconf 87' lang='lat' dir='ltr'><strong>civis</strong></span> <span class='ocrx_word' id='word_1_351' title='bbox 1224 3863 1445 3918; x_wconf 86' lang='lat' dir='ltr'><strong>Etneriti</strong></span> <span class='ocrx_word' id='word_1_352' title='bbox 1480 3861 1701 3930; x_wconf 84' lang='lat' dir='ltr'><strong>lep&#39;dis-</strong></span> 
     </span>
    </p>
   </div>
   <div class='ocr_carea' id='block_1_57' title="bbox 115 3956 1701 4034">
    <p class='ocr_par' dir='ltr' id='par_1_57' title="bbox 115 3956 1701 4034">
     <span class='ocr_line' id='line_1_57' title="bbox 115 3956 1701 4034; baseline -0.007 -16"><span class='ocrx_word' id='word_1_353' title='bbox 115 3969 244 4021; x_wconf 78' lang='lat' dir='ltr'><strong>timo</strong></span> <span class='ocrx_word' id='word_1_354' title='bbox 279 3970 604 4034; x_wconf 86' lang='lat' dir='ltr'><strong>argumento</strong></span> <span class='ocrx_word' id='word_1_355' title='bbox 631 3959 870 4028; x_wconf 74' lang='lat' dir='ltr'><strong>epistola:</strong></span> <span class='ocrx_word' id='word_1_356' title='bbox 898 3957 1257 4012; x_wconf 88' lang='lat' dir='ltr'><strong>motuordisti.</strong></span> <span class='ocrx_word' id='word_1_357' title='bbox 1289 3957 1416 4011; x_wconf 82' lang='lat' dir='ltr'><strong>Nam</strong></span> <span class='ocrx_word' id='word_1_358' title='bbox 1446 3956 1572 4025; x_wconf 87' lang='lat' dir='ltr'><strong>quid</strong></span> <span class='ocrx_word' id='word_1_359' title='bbox 1608 3970 1701 4008; x_wconf 73' lang='lat' dir='ltr'><strong>es-</strong></span> 
     </span>
    </p>
   </div>
   <div class='ocr_carea' id='block_1_58' title="bbox 115 4048 1700 4124">
    <p class='ocr_par' dir='ltr' id='par_1_58' title="bbox 115 4048 1700 4124">
     <span class='ocr_line' id='line_1_58' title="bbox 115 4048 1700 4124; baseline -0.009 -13"><span class='ocrx_word' id='word_1_360' title='bbox 115 4057 336 4124; x_wconf 81' lang='lat' dir='ltr'><strong>cogitari</strong></span> <span class='ocrx_word' id='word_1_361' title='bbox 368 4052 593 4109; x_wconf 74' lang='lat' dir='ltr'><strong>facetius</strong></span> <span class='ocrx_word' id='word_1_362' title='bbox 617 4050 808 4121; x_wconf 91' lang='lat' dir='ltr'><strong>potuit,</strong></span> <span class='ocrx_word' id='word_1_363' title='bbox 840 4048 1334 4117; x_wconf 83' lang='lat' dir='ltr'><strong>adcastigationem</strong></span> <span class='ocrx_word' id='word_1_364' title='bbox 1373 4048 1639 4116; x_wconf 75' lang='lat' dir='ltr'><strong>suppveSsi</strong></span> <span class='ocrx_word' id='word_1_365' title='bbox 1672 4061 1700 4097; x_wconf 91' lang='lat' dir='ltr'><strong>a</strong></span> 
     </span>
    </p>
   </div>
   <div class='ocr_carea' id='block_1_59' title="bbox 119 4139 1703 4214">
    <p class='ocr_par' dir='ltr' id='par_1_59' title="bbox 119 4139 1703 4214">
     <span class='ocr_line' id='line_1_59' title="bbox 119 4139 1703 4214; baseline -0.006 -16"><span class='ocrx_word' id='word_1_366' title='bbox 119 4165 199 4203; x_wconf 87' lang='lat' dir='ltr'><strong>me</strong></span> <span class='ocrx_word' id='word_1_367' title='bbox 219 4145 424 4210; x_wconf 79' lang='lat' dir='ltr'><strong>nuntii,</strong></span> <span class='ocrx_word' id='word_1_368' title='bbox 454 4160 614 4214; x_wconf 84' lang='lat' dir='ltr'><strong>quam</strong></span> <span class='ocrx_word' id='word_1_369' title='bbox 639 4154 696 4196; x_wconf 90' lang='lat' dir='ltr'><strong>ttt</strong></span> <span class='ocrx_word' id='word_1_370' title='bbox 715 4141 866 4198; x_wconf 61' lang='lat' dir='ltr'><strong>Caelii</strong></span> <span class='ocrx_word' id='word_1_371' title='bbox 893 4139 1091 4194; x_wconf 90' lang='lat' dir='ltr'><strong>montis</strong></span> <span class='ocrx_word' id='word_1_372' title='bbox 1117 4141 1380 4192; x_wconf 85' lang='lat' dir='ltr'><strong>habitator</strong></span> <span class='ocrx_word' id='word_1_373' title='bbox 1398 4139 1703 4192; x_wconf 78' lang='lat' dir='ltr'><strong>adventiti’ts</strong></span> 
     </span>
    </p>
   </div>
   <div class='ocr_carea' id='block_1_60' title="bbox 120 4229 1705 4302">
    <p class='ocr_par' dir='ltr' id='par_1_60' title="bbox 120 4229 1705 4302">
     <span class='ocr_line' id='line_1_60' title="bbox 120 4229 1705 4302; baseline -0.006 -11"><span class='ocrx_word' id='word_1_374' title='bbox 120 4240 309 4294; x_wconf 88' lang='lat' dir='ltr'><strong>litteris</strong></span> <span class='ocrx_word' id='word_1_375' title='bbox 335 4236 522 4290; x_wconf 73' lang='lat' dir='ltr'><strong>Roma:</strong></span> <span class='ocrx_word' id='word_1_376' title='bbox 543 4233 961 4302; x_wconf 83' lang='lat' dir='ltr'><strong>cognoscerem?</strong></span> <span class='ocrx_word' id='word_1_377' title='bbox 992 4231 1096 4287; x_wconf 89' lang='lat' dir='ltr'><strong>Sed</strong></span> <span class='ocrx_word' id='word_1_378' title='bbox 1127 4230 1253 4284; x_wconf 80' lang='lat' dir='ltr'><strong>tnilti</strong></span> <span class='ocrx_word' id='word_1_379' title='bbox 1273 4229 1455 4298; x_wconf 87' lang='lat' dir='ltr'><strong>judieii</strong></span> <span class='ocrx_word' id='word_1_380' title='bbox 1483 4231 1554 4283; x_wconf 93' lang='lat' dir='ltr'><strong>ttti</strong></span> <span class='ocrx_word' id='word_1_381' title='bbox 1583 4247 1705 4296; x_wconf 79' lang='lat' dir='ltr'><strong>spe-</strong></span> 
     </span>
    </p>
   </div>
   <div class='ocr_carea' id='block_1_61' title="bbox 118 4321 1702 4399">
    <p class='ocr_par' dir='ltr' id='par_1_61' title="bbox 118 4321 1702 4399">
     <span class='ocr_line' id='line_1_61' title="bbox 118 4321 1702 4399; baseline -0.008 -16"><span class='ocrx_word' id='word_1_382' title='bbox 118 4339 252 4384; x_wconf 87' lang='lat' dir='ltr'><strong>ctata</strong></span> <span class='ocrx_word' id='word_1_383' title='bbox 283 4327 528 4399; x_wconf 78' lang='lat' dir='ltr'><strong>gravitas</strong></span> <span class='ocrx_word' id='word_1_384' title='bbox 565 4324 773 4380; x_wconf 83' lang='lat' dir='ltr'><strong>induxit</strong></span> <span class='ocrx_word' id='word_1_385' title='bbox 807 4323 1142 4392; x_wconf 82' lang='lat' dir='ltr'><strong>religionem.</strong></span> <span class='ocrx_word' id='word_1_386' title='bbox 1182 4321 1339 4375; x_wconf 86' lang='lat' dir='ltr'><strong>Metui</strong></span> <span class='ocrx_word' id='word_1_387' title='bbox 1379 4321 1572 4390; x_wconf 85' lang='lat' dir='ltr'><strong>quippe</strong></span> <span class='ocrx_word' id='word_1_388' title='bbox 1613 4321 1702 4371; x_wconf 86' lang='lat' dir='ltr'><strong>tibi</strong></span> 
     </span>
    </p>
   </div>
   <div class='ocr_carea' id='block_1_62' title="bbox 119 4413 1706 4490">
    <p class='ocr_par' dir='ltr' id='par_1_62' title="bbox 119 4413 1706 4490">
     <span class='ocr_line' id='line_1_62' title="bbox 119 4413 1706 4490; baseline -0.005 -17"><span class='ocrx_word' id='word_1_389' title='bbox 119 4419 423 4490; x_wconf 71' lang='lat' dir='ltr'><strong>huju~modi</strong></span> <span class='ocrx_word' id='word_1_390' title='bbox 451 4416 650 4472; x_wconf 91' lang='lat' dir='ltr'><strong>iudicio</strong></span> <span class='ocrx_word' id='word_1_391' title='bbox 673 4418 826 4469; x_wconf 66' lang='lat' dir='ltr'><strong>laetus</strong></span> <span class='ocrx_word' id='word_1_392' title='bbox 849 4413 1036 4468; x_wconf 82' lang='lat' dir='ltr'><strong>videri.</strong></span> <span class='ocrx_word' id='word_1_393' title='bbox 1061 4413 1179 4468; x_wconf 90' lang='lat' dir='ltr'><strong>Scis</strong></span> <span class='ocrx_word' id='word_1_394' title='bbox 1204 4414 1547 4466; x_wconf 61' lang='lat' dir='ltr'><strong>humanitatis</strong></span> <span class='ocrx_word' id='word_1_395' title='bbox 1571 4413 1706 4465; x_wconf 86' lang='lat' dir='ltr'><strong>banc</strong></span> 
     </span>
    </p>
   </div>
   <div class='ocr_carea' id='block_1_63' title="bbox 121 4503 1706 4574">
    <p class='ocr_par' dir='ltr' id='par_1_63' title="bbox 121 4503 1706 4574">
     <span class='ocr_line' id='line_1_63' title="bbox 121 4503 1706 4574; baseline -0.007 -11"><span class='ocrx_word' id='word_1_396' title='bbox 121 4526 235 4566; x_wconf 75' lang='lat' dir='ltr'><strong>esse</strong></span> <span class='ocrx_word' id='word_1_397' title='bbox 275 4509 572 4571; x_wconf 83' lang='lat' dir='ltr'><strong>rationem,</strong></span> <span class='ocrx_word' id='word_1_398' title='bbox 607 4518 660 4559; x_wconf 94' lang='lat' dir='ltr'><strong>ut</strong></span> <span class='ocrx_word' id='word_1_399' title='bbox 697 4520 878 4574; x_wconf 86' lang='lat' dir='ltr'><strong>parum</strong></span> <span class='ocrx_word' id='word_1_400' title='bbox 913 4504 1168 4570; x_wconf 79' lang='lat' dir='ltr'><strong>probatis,</strong></span> <span class='ocrx_word' id='word_1_401' title='bbox 1198 4513 1252 4557; x_wconf 83' lang='lat' dir='ltr'><strong>et</strong></span> <span class='ocrx_word' id='word_1_402' title='bbox 1287 4513 1413 4556; x_wconf 86' lang='lat' dir='ltr'><strong>ante</strong></span> <span class='ocrx_word' id='word_1_403' title='bbox 1448 4503 1706 4555; x_wconf 74' lang='lat' dir='ltr'><strong>ili-cordi-</strong></span> 
     </span>
    </p>
   </div>
   <div class='ocr_carea' id='block_1_64' title="bbox 1774 4620 2681 4645">
    <p class='ocr_par' dir='ltr' id='par_1_64' title="bbox 1774 4620 2681 4645">
     <span class='ocr_line' id='line_1_64' title="bbox 1774 4620 2681 4645; baseline -0.011 -5"><span class='ocrx_word' id='word_1_404' title='bbox 1774 4620 2681 4645; x_wconf 82' lang='lat'><strong>___________._.__.———</strong></span> 
     </span>
    </p>
   </div>
   <div class='ocr_carea' id='block_1_65' title="bbox 1795 1926 3374 2003">
    <p class='ocr_par' dir='ltr' id='par_1_65' title="bbox 1795 1926 3374 2003">
     <span class='ocr_line' id='line_1_65' title="bbox 1795 1926 3374 2003; baseline -0.008 -15"><span class='ocrx_word' id='word_1_405' title='bbox 1795 1947 1847 1989; x_wconf 88' lang='lat' dir='ltr'><strong>te</strong></span> <span class='ocrx_word' id='word_1_406' title='bbox 1875 1936 2062 1998; x_wconf 90' lang='lat' dir='ltr'><strong>animi,</strong></span> <span class='ocrx_word' id='word_1_407' title='bbox 2087 1934 2224 2003; x_wconf 90' lang='lat' dir='ltr'><strong>quod</strong></span> <span class='ocrx_word' id='word_1_408' title='bbox 2256 1933 2322 1986; x_wconf 84' lang='lat' dir='ltr'><strong>de</strong></span> <span class='ocrx_word' id='word_1_409' title='bbox 2360 1934 2550 1986; x_wconf 89' lang='lat' dir='ltr'><strong>litteris</strong></span> <span class='ocrx_word' id='word_1_410' title='bbox 2581 1931 2816 2001; x_wconf 87' lang='lat' dir='ltr'><strong>parentis</strong></span> <span class='ocrx_word' id='word_1_411' title='bbox 2847 1945 2949 1988; x_wconf 89' lang='lat' dir='ltr'><strong>non</strong></span> <span class='ocrx_word' id='word_1_412' title='bbox 2979 1926 3200 1996; x_wconf 85' lang='lat' dir='ltr'><strong>requirit</strong></span> <span class='ocrx_word' id='word_1_413' title='bbox 3224 1937 3374 1979; x_wconf 66' lang='lat' dir='ltr'><strong>aust-</strong></span> 
     </span>
    </p>
   </div>
   <div class='ocr_carea' id='block_1_66' title="bbox 1795 2019 3374 2088">
    <p class='ocr_par' dir='ltr' id='par_1_66' title="bbox 1795 2019 3374 2088">
     <span class='ocr_line' id='line_1_66' title="bbox 1795 2019 3374 2088; baseline -0.009 -8"><span class='ocrx_word' id='word_1_414' title='bbox 1795 2027 1942 2080; x_wconf 92' lang='lat' dir='ltr'><strong>lium.</strong></span> <span class='ocrx_word' id='word_1_415' title='bbox 1987 2027 2118 2079; x_wconf 71' lang='lat' dir='ltr'><strong>l‘uto</strong></span> <span class='ocrx_word' id='word_1_416' title='bbox 2153 2021 2658 2078; x_wconf 86' lang='lat' dir='ltr'><strong>tamenconvenire</strong></span> <span class='ocrx_word' id='word_1_417' title='bbox 2701 2019 2913 2088; x_wconf 75' lang='lat' dir='ltr'><strong>pietati,</strong></span> <span class='ocrx_word' id='word_1_418' title='bbox 2947 2028 3002 2072; x_wconf 91' lang='lat' dir='ltr'><strong>ttt</strong></span> <span class='ocrx_word' id='word_1_419' title='bbox 3049 2032 3134 2071; x_wconf 89' lang='lat' dir='ltr'><strong>tne</strong></span> <span class='ocrx_word' id='word_1_420' title='bbox 3163 2029 3374 2084; x_wconf 88' lang='lat' dir='ltr'><strong>quoque</strong></span> 
     </span>
    </p>
   </div>
   <div class='ocr_carea' id='block_1_67' title="bbox 1792 2110 3270 2189">
    <p class='ocr_par' dir='ltr' id='par_1_67' title="bbox 1792 2110 3270 2189">
     <span class='ocr_line' id='line_1_67' title="bbox 1792 2110 3270 2189; baseline -0.007 -17"><span class='ocrx_word' id='word_1_421' title='bbox 1792 2121 1908 2189; x_wconf 82' lang='lat' dir='ltr'><strong>ejus</strong></span> <span class='ocrx_word' id='word_1_422' title='bbox 1949 2121 2163 2174; x_wconf 91' lang='lat' dir='ltr'><strong>nomine</strong></span> <span class='ocrx_word' id='word_1_423' title='bbox 2195 2119 2285 2172; x_wconf 92' lang='lat' dir='ltr'><strong>tibi</strong></span> <span class='ocrx_word' id='word_1_424' title='bbox 2320 2119 2483 2171; x_wconf 78' lang='lat' dir='ltr'><strong>fatear</strong></span> <span class='ocrx_word' id='word_1_425' title='bbox 2523 2115 2838 2184; x_wconf 84' lang='lat' dir='ltr'><strong>obligatum.</strong></span> <span class='ocrx_word' id='word_1_426' title='bbox 2888 2113 2964 2167; x_wconf 69' lang='lat' dir='ltr'><strong>Es</strong></span> <span class='ocrx_word' id='word_1_427' title='bbox 3010 2126 3118 2181; x_wconf 88' lang='lat' dir='ltr'><strong>quo</strong></span> <span class='ocrx_word' id='word_1_428' title='bbox 3159 2110 3270 2172; x_wconf 88' lang='lat' dir='ltr'><strong>fiet,</strong></span> 
     </span>
    </p>
   </div>
   <div class='ocr_carea' id='block_1_68' title="bbox 1795 2197 3371 2282">
    <p class='ocr_par' dir='ltr' id='par_1_68' title="bbox 1795 2197 3371 2282">
     <span class='ocr_line' id='line_1_68' title="bbox 1795 2197 3371 2282; baseline -0.009 -19"><span class='ocrx_word' id='word_1_429' title='bbox 1795 2214 1940 2282; x_wconf 80' lang='lat' dir='ltr'><strong>plura</strong></span> <span class='ocrx_word' id='word_1_430' title='bbox 1965 2213 2018 2266; x_wconf 91' lang='lat' dir='ltr'><strong>in</strong></span> <span class='ocrx_word' id='word_1_431' title='bbox 2041 2227 2162 2266; x_wconf 89' lang='lat' dir='ltr'><strong>cum</strong></span> <span class='ocrx_word' id='word_1_432' title='bbox 2191 2225 2449 2279; x_wconf 83' lang='lat' dir='ltr'><strong>congeras</strong></span> <span class='ocrx_word' id='word_1_433' title='bbox 2475 2207 2634 2261; x_wconf 91' lang='lat' dir='ltr'><strong>studii</strong></span> <span class='ocrx_word' id='word_1_434' title='bbox 2660 2207 2732 2259; x_wconf 88' lang='lat' dir='ltr'><strong>tui</strong></span> <span class='ocrx_word' id='word_1_435' title='bbox 2758 2219 3000 2270; x_wconf 86' lang='lat' dir='ltr'><strong>munera,</strong></span> <span class='ocrx_word' id='word_1_436' title='bbox 3028 2217 3126 2272; x_wconf 90' lang='lat' dir='ltr'><strong>pro</strong></span> <span class='ocrx_word' id='word_1_437' title='bbox 3149 2215 3253 2268; x_wconf 82' lang='lat' dir='ltr'><strong>quo</strong></span> <span class='ocrx_word' id='word_1_438' title='bbox 3279 2197 3371 2252; x_wconf 89' lang='lat' dir='ltr'><strong>tibi</strong></span> 
     </span>
    </p>
   </div>
   <div class='ocr_carea' id='block_1_69' title="bbox 1794 2297 2674 2359">
    <p class='ocr_par' dir='ltr' id='par_1_69' title="bbox 1794 2297 2674 2359">
     <span class='ocr_line' id='line_1_69' title="bbox 1794 2297 2674 2359; baseline -0.013 0"><span class='ocrx_word' id='word_1_439' title='bbox 1794 2321 1898 2359; x_wconf 82' lang='lat' dir='ltr'><strong>non</strong></span> <span class='ocrx_word' id='word_1_440' title='bbox 1925 2317 2062 2358; x_wconf 90' lang='lat' dir='ltr'><strong>unus</strong></span> <span class='ocrx_word' id='word_1_441' title='bbox 2089 2301 2353 2356; x_wconf 63' lang='lat' dir='ltr'><strong>obnodus</strong></span> <span class='ocrx_word' id='word_1_442' title='bbox 2387 2309 2488 2352; x_wconf 82' lang='lat' dir='ltr'><strong>est.</strong></span> <span class='ocrx_word' id='word_1_443' title='bbox 2527 2297 2674 2350; x_wconf 90' lang='lat' dir='ltr'><strong>Vale.</strong></span> 
     </span>
    </p>
   </div>
   <div class='ocr_carea' id='block_1_70' title="bbox 2403 2408 2770 2465">
    <p class='ocr_par' dir='ltr' id='par_1_70' title="bbox 2403 2408 2770 2465">
     <span class='ocr_line' id='line_1_70' title="bbox 2403 2408 2770 2465; baseline -0.019 0"><span class='ocrx_word' id='word_1_444' title='bbox 2403 2409 2618 2465; x_wconf 66' lang='lat' dir='ltr'><strong>l&#39;lI’IS&#39;I‘.</strong></span> <span class='ocrx_word' id='word_1_445' title='bbox 2662 2408 2770 2462; x_wconf 84' lang='lat' dir='ltr'><strong>XC.</strong></span> 
     </span>
    </p>
   </div>
   <div class='ocr_carea' id='block_1_71' title="bbox 2317 2514 2860 2557">
    <p class='ocr_par' dir='ltr' id='par_1_71' title="bbox 2317 2514 2860 2557">
     <span class='ocr_line' id='line_1_71' title="bbox 2317 2514 2860 2557; baseline -0.013 0"><span class='ocrx_word' id='word_1_446' title='bbox 2317 2515 2622 2557; x_wconf 69' lang='lat' dir='ltr'><strong>svumcucs</strong></span> <span class='ocrx_word' id='word_1_447' title='bbox 2649 2514 2860 2554; x_wconf 71' lang='lat' dir='ltr'><strong>RUFINO.</strong></span> 
     </span>
    </p>
   </div>
   <div class='ocr_carea' id='block_1_72' title="bbox 1864 2585 3369 2669">
    <p class='ocr_par' dir='ltr' id='par_1_72' title="bbox 1864 2585 3369 2669">
     <span class='ocr_line' id='line_1_72' title="bbox 1864 2585 3369 2669; baseline -0.014 -12"><span class='ocrx_word' id='word_1_448' title='bbox 1864 2602 2021 2669; x_wconf 71' lang='lat' dir='ltr'><strong>Stepe</strong></span> <span class='ocrx_word' id='word_1_449' title='bbox 2049 2599 2179 2653; x_wconf 80' lang='lat' dir='ltr'><strong>milii</strong></span> <span class='ocrx_word' id='word_1_450' title='bbox 2219 2606 2406 2650; x_wconf 83' lang='lat' dir='ltr'><strong>auctor</strong></span> <span class='ocrx_word' id='word_1_451' title='bbox 2450 2594 2670 2657; x_wconf 57' lang='lat' dir='ltr'><strong>laetitiae,</strong></span> <span class='ocrx_word' id='word_1_452' title='bbox 2714 2602 2804 2644; x_wconf 88' lang='lat' dir='ltr'><strong>aut</strong></span> <span class='ocrx_word' id='word_1_453' title='bbox 2833 2589 3056 2659; x_wconf 81' lang='lat' dir='ltr'><strong>primos,</strong></span> <span class='ocrx_word' id='word_1_454' title='bbox 3099 2595 3191 2639; x_wconf 86' lang='lat' dir='ltr'><strong>aut</strong></span> <span class='ocrx_word' id='word_1_455' title='bbox 3223 2585 3369 2636; x_wconf 87' lang='lat' dir='ltr'><strong>solus</strong></span> 
     </span>
    </p>
   </div>
   <div class='ocr_carea' id='block_1_73' title="bbox 1791 2688 3370 2764">
    <p class='ocr_par' dir='ltr' id='par_1_73' title="bbox 1791 2688 3370 2764">
     <span class='ocr_line' id='line_1_73' title="bbox 1791 2688 3370 2764; baseline -0.016 -12"><span class='ocrx_word' id='word_1_456' title='bbox 1791 2713 1888 2760; x_wconf 87' lang='lat' dir='ltr'><strong>es;</strong></span> <span class='ocrx_word' id='word_1_457' title='bbox 1916 2704 2238 2764; x_wconf 63' lang='lat' dir='ltr'><strong>quiestorem</strong></span> <span class='ocrx_word' id='word_1_458' title='bbox 2261 2689 2486 2745; x_wconf 83' lang='lat' dir='ltr'><strong>antehac</strong></span> <span class='ocrx_word' id='word_1_459' title='bbox 2510 2688 2749 2747; x_wconf 82' lang='lat' dir='ltr'><strong>fratrem,</strong></span> <span class='ocrx_word' id='word_1_460' title='bbox 2780 2698 2921 2736; x_wconf 89' lang='lat' dir='ltr'><strong>nunc</strong></span> <span class='ocrx_word' id='word_1_461' title='bbox 2943 2692 3205 2735; x_wconf 84' lang='lat' dir='ltr'><strong>rectorem</strong></span> <span class='ocrx_word' id='word_1_462' title='bbox 3235 2693 3370 2743; x_wconf 68' lang='lat' dir='ltr'><strong>prie-</strong></span> 
     </span>
    </p>
   </div>
   <div class='ocr_carea' id='block_1_74' title="bbox 1795 2766 3370 2843">
    <p class='ocr_par' dir='ltr' id='par_1_74' title="bbox 1795 2766 3370 2843">
     <span class='ocr_line' id='line_1_74' title="bbox 1795 2766 3370 2843; baseline -0.016 0"><span class='ocrx_word' id='word_1_463' title='bbox 1795 2787 2063 2843; x_wconf 87' lang='lat' dir='ltr'><strong>turiauum</strong></span> <span class='ocrx_word' id='word_1_464' title='bbox 2097 2783 2292 2838; x_wconf 83' lang='lat' dir='ltr'><strong>litteris</strong></span> <span class='ocrx_word' id='word_1_465' title='bbox 2322 2778 2598 2835; x_wconf 88' lang='lat' dir='ltr'><strong>nuntiasti.</strong></span> <span class='ocrx_word' id='word_1_466' title='bbox 2631 2778 2684 2830; x_wconf 94' lang='lat' dir='ltr'><strong>Iu</strong></span> <span class='ocrx_word' id='word_1_467' title='bbox 2725 2775 2974 2829; x_wconf 84' lang='lat' dir='ltr'><strong>omnibus</strong></span> <span class='ocrx_word' id='word_1_468' title='bbox 3011 2785 3140 2838; x_wconf 76' lang='lat' dir='ltr'><strong>ergo</strong></span> <span class='ocrx_word' id='word_1_469' title='bbox 3178 2766 3370 2822; x_wconf 88' lang='lat' dir='ltr'><strong>litteris</strong></span> 
     </span>
    </p>
   </div>
   <div class='ocr_carea' id='block_1_75' title="bbox 1798 2858 3368 2946">
    <p class='ocr_par' dir='ltr' id='par_1_75' title="bbox 1798 2858 3368 2946">
     <span class='ocr_line' id='line_1_75' title="bbox 1798 2858 3368 2946; baseline -0.017 -13"><span class='ocrx_word' id='word_1_470' title='bbox 1798 2882 1900 2935; x_wconf 90' lang='lat' dir='ltr'><strong>tnis</strong></span> <span class='ocrx_word' id='word_1_471' title='bbox 1927 2893 2116 2946; x_wconf 80' lang='lat' dir='ltr'><strong>magna</strong></span> <span class='ocrx_word' id='word_1_472' title='bbox 2154 2876 2329 2942; x_wconf 86' lang='lat' dir='ltr'><strong>aliqua</strong></span> <span class='ocrx_word' id='word_1_473' title='bbox 2359 2871 2464 2926; x_wconf 87' lang='lat' dir='ltr'><strong>mei</strong></span> <span class='ocrx_word' id='word_1_474' title='bbox 2493 2871 2668 2937; x_wconf 82' lang='lat' dir='ltr'><strong>gaudii</strong></span> <span class='ocrx_word' id='word_1_475' title='bbox 2697 2881 2855 2921; x_wconf 71' lang='lat' dir='ltr'><strong>causa</strong></span> <span class='ocrx_word' id='word_1_476' title='bbox 2887 2875 2988 2917; x_wconf 82' lang='lat' dir='ltr'><strong>est.</strong></span> <span class='ocrx_word' id='word_1_477' title='bbox 3036 2862 3195 2926; x_wconf 84' lang='lat' dir='ltr'><strong>Quid,</strong></span> <span class='ocrx_word' id='word_1_478' title='bbox 3229 2858 3368 2925; x_wconf 88' lang='lat' dir='ltr'><strong>quod</strong></span> 
     </span>
    </p>
   </div>
   <div class='ocr_carea' id='block_1_76' title="bbox 1797 2949 3370 3043">
    <p class='ocr_par' dir='ltr' id='par_1_76' title="bbox 1797 2949 3370 3043">
     <span class='ocr_line' id='line_1_76' title="bbox 1797 2949 3370 3043; baseline -0.02 -13"><span class='ocrx_word' id='word_1_479' title='bbox 1797 2987 1850 3030; x_wconf 89' lang='lat' dir='ltr'><strong>ct</strong></span> <span class='ocrx_word' id='word_1_480' title='bbox 1874 2977 1984 3043; x_wconf 87' lang='lat' dir='ltr'><strong>ipsa</strong></span> <span class='ocrx_word' id='word_1_481' title='bbox 2016 2972 2174 3026; x_wconf 86' lang='lat' dir='ltr'><strong>verba</strong></span> <span class='ocrx_word' id='word_1_482' title='bbox 2199 2967 2492 3027; x_wconf 82' lang='lat' dir='ltr'><strong>luxuriant,</strong></span> <span class='ocrx_word' id='word_1_483' title='bbox 2516 2974 2570 3017; x_wconf 91' lang='lat' dir='ltr'><strong>et</strong></span> <span class='ocrx_word' id='word_1_484' title='bbox 2593 2962 2756 3016; x_wconf 87' lang='lat' dir='ltr'><strong>animi</strong></span> <span class='ocrx_word' id='word_1_485' title='bbox 2779 2961 2860 3013; x_wconf 91' lang='lat' dir='ltr'><strong>sui</strong></span> <span class='ocrx_word' id='word_1_486' title='bbox 2894 2956 3222 3011; x_wconf 71' lang='lat' dir='ltr'><strong>alacritati-tn</strong></span> <span class='ocrx_word' id='word_1_487' title='bbox 3248 2949 3370 3018; x_wconf 80' lang='lat' dir='ltr'><strong>styli</strong></span> 
     </span>
    </p>
   </div>
   <div class='ocr_carea' id='block_1_77' title="bbox 1797 3053 3375 3120">
    <p class='ocr_par' dir='ltr' id='par_1_77' title="bbox 1797 3053 3375 3120">
     <span class='ocr_line' id='line_1_77' title="bbox 1797 3053 3375 3120; baseline -0.019 0"><span class='ocrx_word' id='word_1_488' title='bbox 1797 3067 1971 3120; x_wconf 88' lang='lat' dir='ltr'><strong>nitore</strong></span> <span class='ocrx_word' id='word_1_489' title='bbox 1999 3059 2294 3118; x_wconf 79' lang='lat' dir='ltr'><strong>testantur?</strong></span> <span class='ocrx_word' id='word_1_490' title='bbox 2321 3057 2445 3110; x_wconf 57' lang='lat' dir='ltr'><strong>Haec</strong></span> <span class='ocrx_word' id='word_1_491' title='bbox 2472 3065 2593 3108; x_wconf 83' lang='lat' dir='ltr'><strong>cum</strong></span> <span class='ocrx_word' id='word_1_492' title='bbox 2626 3053 2842 3120; x_wconf 86' lang='lat' dir='ltr'><strong>paribus</strong></span> <span class='ocrx_word' id='word_1_493' title='bbox 2869 3060 3081 3112; x_wconf 70' lang='grc' dir='ltr'><strong>ωιιιιειτο</strong></span> <span class='ocrx_word' id='word_1_494' title='bbox 3113 3059 3215 3096; x_wconf 93' lang='lat' dir='ltr'><strong>non</strong></span> <span class='ocrx_word' id='word_1_495' title='bbox 3251 3057 3375 3107; x_wconf 86' lang='lat' dir='ltr'><strong>pos-</strong></span> 
     </span>
    </p>
   </div>
   <div class='ocr_carea' id='block_1_78' title="bbox 1801 3132 3372 3218">
    <p class='ocr_par' dir='ltr' id='par_1_78' title="bbox 1801 3132 3372 3218">
     <span class='ocr_line' id='line_1_78' title="bbox 1801 3132 3372 3218; baseline -0.017 -8"><span class='ocrx_word' id='word_1_496' title='bbox 1801 3158 1926 3218; x_wconf 90' lang='lat' dir='ltr'><strong>sim,</strong></span> <span class='ocrx_word' id='word_1_497' title='bbox 1951 3164 2076 3205; x_wconf 87' lang='lat' dir='ltr'><strong>voto</strong></span> <span class='ocrx_word' id='word_1_498' title='bbox 2101 3150 2280 3204; x_wconf 82' lang='lat' dir='ltr'><strong>divina</strong></span> <span class='ocrx_word' id='word_1_499' title='bbox 2303 3145 2584 3206; x_wconf 86' lang='lat' dir='ltr'><strong>convenio,</strong></span> <span class='ocrx_word' id='word_1_500' title='bbox 2615 3151 2673 3195; x_wconf 87' lang='lat' dir='ltr'><strong>ul.</strong></span> <span class='ocrx_word' id='word_1_501' title='bbox 2701 3143 2912 3194; x_wconf 79' lang='lat' dir='ltr'><strong>fortuna</strong></span> <span class='ocrx_word' id='word_1_502' title='bbox 2937 3137 3262 3206; x_wconf 86' lang='lat' dir='ltr'><strong>optimorum</strong></span> <span class='ocrx_word' id='word_1_503' title='bbox 3291 3132 3372 3185; x_wconf 77' lang='lat' dir='ltr'><strong>vi-</strong></span> 
     </span>
    </p>
   </div>
   <div class='ocr_carea' id='block_1_79' title="bbox 1803 3227 3090 3311">
    <p class='ocr_par' dir='ltr' id='par_1_79' title="bbox 1803 3227 3090 3311">
     <span class='ocr_line' id='line_1_79' title="bbox 1803 3227 3090 3311; baseline -0.017 -8"><span class='ocrx_word' id='word_1_504' title='bbox 1803 3261 1982 3303; x_wconf 89' lang='lat' dir='ltr'><strong>rorum</strong></span> <span class='ocrx_word' id='word_1_505' title='bbox 2005 3257 2217 3311; x_wconf 83' lang='lat' dir='ltr'><strong>semper</strong></span> <span class='ocrx_word' id='word_1_506' title='bbox 2247 3249 2350 3293; x_wconf 73' lang='lat' dir='ltr'><strong>tua:</strong></span> <span class='ocrx_word' id='word_1_507' title='bbox 2377 3236 2615 3290; x_wconf 85' lang='lat' dir='ltr'><strong>felicitati</strong></span> <span class='ocrx_word' id='word_1_508' title='bbox 2643 3243 2789 3302; x_wconf 71' lang='lat' dir='ltr'><strong>grata</strong></span> <span class='ocrx_word' id='word_1_509' title='bbox 2823 3229 2910 3284; x_wconf 89' lang='lat' dir='ltr'><strong>sit.</strong></span> <span class='ocrx_word' id='word_1_510' title='bbox 2945 3227 3090 3281; x_wconf 86' lang='lat' dir='ltr'><strong>Vale.</strong></span> 
     </span>
    </p>
   </div>
   <div class='ocr_carea' id='block_1_80' title="bbox 2382 3365 2772 3424">
    <p class='ocr_par' dir='ltr' id='par_1_80' title="bbox 2382 3365 2772 3424">
     <span class='ocr_line' id='line_1_80' title="bbox 2382 3365 2772 3424; baseline -0.015 0"><span class='ocrx_word' id='word_1_511' title='bbox 2382 3368 2597 3424; x_wconf 77' lang='lat' dir='ltr'><strong>EPIST.</strong></span> <span class='ocrx_word' id='word_1_512' title='bbox 2640 3365 2772 3421; x_wconf 83' lang='lat' dir='ltr'><strong>XCI.</strong></span> 
     </span>
    </p>
   </div>
   <div class='ocr_carea' id='block_1_81' title="bbox 2320 3471 2861 3516">
    <p class='ocr_par' dir='ltr' id='par_1_81' title="bbox 2320 3471 2861 3516">
     <span class='ocr_line' id='line_1_81' title="bbox 2320 3471 2861 3516; baseline -0.015 0"><span class='ocrx_word' id='word_1_513' title='bbox 2320 3474 2625 3516; x_wconf 67' lang='grc' dir='ltr'><strong>εγωιλοιιυε</strong></span> <span class='ocrx_word' id='word_1_514' title='bbox 2655 3471 2861 3511; x_wconf 62' lang='grc' dir='ltr'><strong>ιιυΗδο.</strong></span> 
     </span>
    </p>
   </div>
   <div class='ocr_carea' id='block_1_82' title="bbox 1872 3560 3379 3643">
    <p class='ocr_par' dir='ltr' id='par_1_82' title="bbox 1872 3560 3379 3643">
     <span class='ocr_line' id='line_1_82' title="bbox 1872 3560 3379 3643; baseline -0.02 -2"><span class='ocrx_word' id='word_1_515' title='bbox 1872 3585 2140 3641; x_wconf 83' lang='lat' dir='ltr'><strong>Probitate</strong></span> <span class='ocrx_word' id='word_1_516' title='bbox 2169 3577 2231 3636; x_wconf 68' lang='lat' dir='ltr'><strong>et</strong></span> <span class='ocrx_word' id='word_1_517' title='bbox 2260 3578 2462 3632; x_wconf 91' lang='lat' dir='ltr'><strong>ltonore</strong></span> <span class='ocrx_word' id='word_1_518' title='bbox 2511 3571 2834 3643; x_wconf 88' lang='lat' dir='ltr'><strong>pollentibus</strong></span> <span class='ocrx_word' id='word_1_519' title='bbox 2883 3567 3010 3622; x_wconf 88' lang='lat' dir='ltr'><strong>viris</strong></span> <span class='ocrx_word' id='word_1_520' title='bbox 3056 3564 3185 3618; x_wconf 84' lang='lat' dir='ltr'><strong>nihil</strong></span> <span class='ocrx_word' id='word_1_521' title='bbox 3236 3560 3379 3614; x_wconf 88' lang='lat' dir='ltr'><strong>addit</strong></span> 
     </span>
    </p>
   </div>
   <div class='ocr_carea' id='block_1_83' title="bbox 1802 3654 3380 3733">
    <p class='ocr_par' dir='ltr' id='par_1_83' title="bbox 1802 3654 3380 3733">
     <span class='ocr_line' id='line_1_83' title="bbox 1802 3654 3380 3733; baseline -0.018 0"><span class='ocrx_word' id='word_1_522' title='bbox 1802 3678 1978 3733; x_wconf 87' lang='lat' dir='ltr'><strong>aliena</strong></span> <span class='ocrx_word' id='word_1_523' title='bbox 2008 3675 2200 3729; x_wconf 89' lang='lat' dir='ltr'><strong>oratio.</strong></span> <span class='ocrx_word' id='word_1_524' title='bbox 2245 3670 2350 3725; x_wconf 91' lang='lat' dir='ltr'><strong>Sua</strong></span> <span class='ocrx_word' id='word_1_525' title='bbox 2382 3670 2524 3722; x_wconf 90' lang='lat' dir='ltr'><strong>enim</strong></span> <span class='ocrx_word' id='word_1_526' title='bbox 2555 3666 2670 3719; x_wconf 91' lang='lat' dir='ltr'><strong>luce</strong></span> <span class='ocrx_word' id='word_1_527' title='bbox 2699 3659 2976 3730; x_wconf 85' lang='lat' dir='ltr'><strong>conspicui</strong></span> <span class='ocrx_word' id='word_1_528' title='bbox 3011 3654 3266 3728; x_wconf 79' lang='lat' dir='ltr'><strong>precariis</strong></span> <span class='ocrx_word' id='word_1_529' title='bbox 3299 3663 3380 3706; x_wconf 87' lang='lat' dir='ltr'><strong>te-</strong></span> 
     </span>
    </p>
   </div>
   <div class='ocr_carea' id='block_1_84' title="bbox 1802 3745 3383 3832">
    <p class='ocr_par' dir='ltr' id='par_1_84' title="bbox 1802 3745 3383 3832">
     <span class='ocr_line' id='line_1_84' title="bbox 1802 3745 3383 3832; baseline -0.017 -10"><span class='ocrx_word' id='word_1_530' title='bbox 1802 3767 2064 3824; x_wconf 73' lang='lat' dir='ltr'><strong>stimoniis</strong></span> <span class='ocrx_word' id='word_1_531' title='bbox 2099 3780 2202 3819; x_wconf 86' lang='lat' dir='ltr'><strong>non</strong></span> <span class='ocrx_word' id='word_1_532' title='bbox 2230 3764 2522 3832; x_wconf 33' lang='lat' dir='ltr'><strong>juvantura</strong></span> <span class='ocrx_word' id='word_1_533' title='bbox 2538 3756 2722 3826; x_wconf 87' lang='lat' dir='ltr'><strong>Qualis</strong></span> <span class='ocrx_word' id='word_1_534' title='bbox 2761 3755 2920 3823; x_wconf 84' lang='lat' dir='ltr'><strong>igitur</strong></span> <span class='ocrx_word' id='word_1_535' title='bbox 2950 3760 3284 3819; x_wconf 84' lang='lat' dir='ltr'><strong>quantusque</strong></span> <span class='ocrx_word' id='word_1_536' title='bbox 3313 3745 3383 3798; x_wconf 85' lang='lat' dir='ltr'><strong>sit</strong></span> 
     </span>
    </p>
   </div>
   <div class='ocr_carea' id='block_1_85' title="bbox 1803 3835 3390 3916">
    <p class='ocr_par' dir='ltr' id='par_1_85' title="bbox 1803 3835 3390 3916">
     <span class='ocr_line' id='line_1_85' title="bbox 1803 3835 3390 3916; baseline -0.018 -2"><span class='ocrx_word' id='word_1_537' title='bbox 1803 3863 1927 3915; x_wconf 92' lang='lat' dir='ltr'><strong>dom</strong></span> <span class='ocrx_word' id='word_1_538' title='bbox 1956 3873 2054 3912; x_wconf 89' lang='lat' dir='ltr'><strong>nus</strong></span> <span class='ocrx_word' id='word_1_539' title='bbox 2101 3866 2154 3910; x_wconf 85' lang='lat' dir='ltr'><strong>et</strong></span> <span class='ocrx_word' id='word_1_540' title='bbox 2199 3855 2368 3909; x_wconf 84' lang='lat' dir='ltr'><strong>frater</strong></span> <span class='ocrx_word' id='word_1_541' title='bbox 2396 3865 2568 3916; x_wconf 90' lang='lat' dir='ltr'><strong>meus,</strong></span> <span class='ocrx_word' id='word_1_542' title='bbox 2602 3849 2654 3902; x_wconf 87' lang='lat' dir='ltr'><strong>itt</strong></span> <span class='ocrx_word' id='word_1_543' title='bbox 2686 3855 2872 3916; x_wconf 85' lang='lat' dir='ltr'><strong>aperto</strong></span> <span class='ocrx_word' id='word_1_544' title='bbox 2899 3851 3002 3898; x_wconf 88' lang='lat' dir='ltr'><strong>est.</strong></span> <span class='ocrx_word' id='word_1_545' title='bbox 3045 3839 3233 3894; x_wconf 84' lang='lat' dir='ltr'><strong>Merito</strong></span> <span class='ocrx_word' id='word_1_546' title='bbox 3270 3835 3390 3904; x_wconf 84' lang='lat' dir='ltr'><strong>ejus</strong></span> 
     </span>
    </p>
   </div>
   <div class='ocr_carea' id='block_1_86' title="bbox 1805 3935 3380 4010">
    <p class='ocr_par' dir='ltr' id='par_1_86' title="bbox 1805 3935 3380 4010">
     <span class='ocr_line' id='line_1_86' title="bbox 1805 3935 3380 4010; baseline -0.018 -4"><span class='ocrx_word' id='word_1_547' title='bbox 1805 3953 2050 4006; x_wconf 89' lang='lat' dir='ltr'><strong>laudibus</strong></span> <span class='ocrx_word' id='word_1_548' title='bbox 2080 3956 2320 4003; x_wconf 90' lang='lat' dir='ltr'><strong>nostrum</strong></span> <span class='ocrx_word' id='word_1_549' title='bbox 2362 3943 2502 3998; x_wconf 83' lang='lat' dir='ltr'><strong>cedit</strong></span> <span class='ocrx_word' id='word_1_550' title='bbox 2541 3941 2831 4010; x_wconf 81' lang='lat' dir='ltr'><strong>ingenium.</strong></span> <span class='ocrx_word' id='word_1_551' title='bbox 2865 3935 2974 3989; x_wconf 91' lang='lat' dir='ltr'><strong>Iloc</strong></span> <span class='ocrx_word' id='word_1_552' title='bbox 3005 3946 3166 3986; x_wconf 89' lang='lat' dir='ltr'><strong>unum</strong></span> <span class='ocrx_word' id='word_1_553' title='bbox 3199 3941 3380 3982; x_wconf 91' lang='lat' dir='ltr'><strong>tamen</strong></span> 
     </span>
    </p>
   </div>
   <div class='ocr_carea' id='block_1_87' title="bbox 1807 4023 3391 4117">
    <p class='ocr_par' dir='ltr' id='par_1_87' title="bbox 1807 4023 3391 4117">
     <span class='ocr_line' id='line_1_87' title="bbox 1807 4023 3391 4117; baseline -0.018 -17"><span class='ocrx_word' id='word_1_554' title='bbox 1807 4043 2232 4117; x_wconf 71' lang='lat' dir='ltr'><strong>prmterettndtnn</strong></span> <span class='ocrx_word' id='word_1_555' title='bbox 2261 4055 2366 4093; x_wconf 91' lang='lat' dir='ltr'><strong>non</strong></span> <span class='ocrx_word' id='word_1_556' title='bbox 2394 4046 2542 4107; x_wconf 87' lang='lat' dir='ltr'><strong>puto,</strong></span> <span class='ocrx_word' id='word_1_557' title='bbox 2571 4047 2832 4088; x_wconf 86' lang='lat' dir='ltr'><strong>summam</strong></span> <span class='ocrx_word' id='word_1_558' title='bbox 2855 4029 2982 4083; x_wconf 86' lang='lat' dir='ltr'><strong>milti</strong></span> <span class='ocrx_word' id='word_1_559' title='bbox 3010 4035 3129 4080; x_wconf 84' lang='lat' dir='ltr'><strong>c’utn</strong></span> <span class='ocrx_word' id='word_1_560' title='bbox 3154 4023 3245 4077; x_wconf 92' lang='lat' dir='ltr'><strong>illo</strong></span> <span class='ocrx_word' id='word_1_561' title='bbox 3267 4035 3391 4074; x_wconf 84' lang='lat' dir='ltr'><strong>esse</strong></span> 
     </span>
    </p>
   </div>
   <div class='ocr_carea' id='block_1_88' title="bbox 1807 4113 3389 4190">
    <p class='ocr_par' dir='ltr' id='par_1_88' title="bbox 1807 4113 3389 4190">
     <span class='ocr_line' id='line_1_88' title="bbox 1807 4113 3389 4190; baseline -0.02 1"><span class='ocrx_word' id='word_1_562' title='bbox 1807 4137 2103 4190; x_wconf 85' lang='lat' dir='ltr'><strong>officiorum</strong></span> <span class='ocrx_word' id='word_1_563' title='bbox 2154 4130 2489 4184; x_wconf 84' lang='lat' dir='ltr'><strong>familiarium</strong></span> <span class='ocrx_word' id='word_1_564' title='bbox 2534 4125 2844 4178; x_wconf 69' lang='lat' dir='ltr'><strong>societatem</strong></span> <span class='ocrx_word' id='word_1_565' title='bbox 2890 4132 3050 4185; x_wconf 68' lang='lat' dir='ltr'><strong>:qna:</strong></span> <span class='ocrx_word' id='word_1_566' title='bbox 3091 4129 3178 4167; x_wconf 83' lang='lat' dir='ltr'><strong>res</strong></span> <span class='ocrx_word' id='word_1_567' title='bbox 3223 4113 3389 4165; x_wconf 86' lang='lat' dir='ltr'><strong>etiam</strong></span> 
     </span>
    </p>
   </div>
   <div class='ocr_carea' id='block_1_89' title="bbox 1809 4201 3376 4284">
    <p class='ocr_par' dir='ltr' id='par_1_89' title="bbox 1809 4201 3376 4284">
     <span class='ocr_line' id='line_1_89' title="bbox 1809 4201 3376 4284; baseline -0.019 -3"><span class='ocrx_word' id='word_1_568' title='bbox 1809 4229 1900 4281; x_wconf 85' lang='lat' dir='ltr'><strong>tibi</strong></span> <span class='ocrx_word' id='word_1_569' title='bbox 1931 4227 2134 4278; x_wconf 89' lang='lat' dir='ltr'><strong>minora</strong></span> <span class='ocrx_word' id='word_1_570' title='bbox 2166 4221 2351 4274; x_wconf 85' lang='lat' dir='ltr'><strong>merita</strong></span> <span class='ocrx_word' id='word_1_571' title='bbox 2385 4219 2695 4284; x_wconf 82' lang='lat' dir='ltr'><strong>plerumque</strong></span> <span class='ocrx_word' id='word_1_572' title='bbox 2723 4207 3081 4265; x_wconf 86' lang='lat' dir='ltr'><strong>commendat.</strong></span> <span class='ocrx_word' id='word_1_573' title='bbox 3115 4201 3268 4258; x_wconf 87' lang='lat' dir='ltr'><strong>Unde</strong></span> <span class='ocrx_word' id='word_1_574' title='bbox 3290 4216 3376 4252; x_wconf 86' lang='lat' dir='ltr'><strong>ar-</strong></span> 
     </span>
    </p>
   </div>
   <div class='ocr_carea' id='block_1_90' title="bbox 1810 4291 3390 4374">
    <p class='ocr_par' dir='ltr' id='par_1_90' title="bbox 1810 4291 3390 4374">
     <span class='ocr_line' id='line_1_90' title="bbox 1810 4291 3390 4374; baseline -0.017 -5"><span class='ocrx_word' id='word_1_575' title='bbox 1810 4319 1976 4370; x_wconf 86' lang='lat' dir='ltr'><strong>bitror</strong></span> <span class='ocrx_word' id='word_1_576' title='bbox 1995 4331 2056 4368; x_wconf 76' lang='lat' dir='ltr'><strong>es</strong></span> <span class='ocrx_word' id='word_1_577' title='bbox 2090 4311 2374 4366; x_wconf 83' lang='lat' dir='ltr'><strong>abundanti</strong></span> <span class='ocrx_word' id='word_1_578' title='bbox 2404 4315 2699 4374; x_wconf 82' lang='lat' dir='ltr'><strong>promptam</strong></span> <span class='ocrx_word' id='word_1_579' title='bbox 2731 4300 2846 4353; x_wconf 84' lang='lat' dir='ltr'><strong>fore</strong></span> <span class='ocrx_word' id='word_1_580' title='bbox 2874 4300 2924 4350; x_wconf 93' lang='lat' dir='ltr'><strong>in</strong></span> <span class='ocrx_word' id='word_1_581' title='bbox 2954 4310 3075 4349; x_wconf 91' lang='lat' dir='ltr'><strong>eum</strong></span> <span class='ocrx_word' id='word_1_582' title='bbox 3106 4291 3390 4363; x_wconf 62' lang='lat' dir='ltr'><strong>prmclarar</strong></span> 
     </span>
    </p>
   </div>
   <div class='ocr_carea' id='block_1_91' title="bbox 1809 4383 3391 4465">
    <p class='ocr_par' dir='ltr' id='par_1_91' title="bbox 1809 4383 3391 4465">
     <span class='ocr_line' id='line_1_91' title="bbox 1809 4383 3391 4465; baseline -0.018 -4"><span class='ocrx_word' id='word_1_583' title='bbox 1809 4423 1913 4462; x_wconf 72' lang='lat' dir='ltr'><strong>tute</strong></span> <span class='ocrx_word' id='word_1_584' title='bbox 1940 4407 2132 4462; x_wconf 88' lang='lat' dir='ltr'><strong>mentis</strong></span> <span class='ocrx_word' id='word_1_585' title='bbox 2152 4402 2508 4462; x_wconf 86' lang='lat' dir='ltr'><strong>affectionem,</strong></span> <span class='ocrx_word' id='word_1_586' title='bbox 2533 4411 2689 4465; x_wconf 89' lang='lat' dir='ltr'><strong>quam</strong></span> <span class='ocrx_word' id='word_1_587' title='bbox 2717 4393 2792 4446; x_wconf 92' lang='lat' dir='ltr'><strong>illi</strong></span> <span class='ocrx_word' id='word_1_588' title='bbox 2815 4399 2868 4446; x_wconf 90' lang='lat' dir='ltr'><strong>et</strong></span> <span class='ocrx_word' id='word_1_589' title='bbox 2889 4389 3054 4443; x_wconf 89' lang='lat' dir='ltr'><strong>decus</strong></span> <span class='ocrx_word' id='word_1_590' title='bbox 3077 4383 3391 4454; x_wconf 64' lang='lat' dir='ltr'><strong>proprium,</strong></span> 
     </span>
    </p>
   </div>
   <div class='ocr_carea' id='block_1_92' title="bbox 1810 4479 3155 4564">
    <p class='ocr_par' dir='ltr' id='par_1_92' title="bbox 1810 4479 3155 4564">
     <span class='ocr_line' id='line_1_92' title="bbox 1810 4479 3155 4564; baseline -0.019 -10"><span class='ocrx_word' id='word_1_591' title='bbox 1810 4511 1864 4555; x_wconf 84' lang='lat' dir='ltr'><strong>et</strong></span> <span class='ocrx_word' id='word_1_592' title='bbox 1893 4515 2026 4564; x_wconf 76' lang='lat' dir='ltr'><strong>mete</strong></span> <span class='ocrx_word' id='word_1_593' title='bbox 2052 4494 2300 4550; x_wconf 77' lang='lat' dir='ltr'><strong>amicitia:</strong></span> <span class='ocrx_word' id='word_1_594' title='bbox 2331 4489 2677 4559; x_wconf 73' lang='lat' dir='ltr'><strong>prmrogativa</strong></span> <span class='ocrx_word' id='word_1_595' title='bbox 2702 4483 2970 4538; x_wconf 77' lang='lat' dir='ltr'><strong>conciliat.</strong></span> <span class='ocrx_word' id='word_1_596' title='bbox 3009 4479 3155 4532; x_wconf 88' lang='lat' dir='ltr'><strong>Vale.</strong></span> 
     </span>
    </p>
   </div>
   <div class='ocr_carea' id='block_1_93' title="bbox 1078 4714 2450 4850">
    <p class='ocr_par' dir='ltr' id='par_1_93' title="bbox 1078 4714 2450 4850">
     <span class='ocr_line' id='line_1_93' title="bbox 1078 4714 2450 4850; baseline -0.012 -17"><span class='ocrx_word' id='word_1_597' title='bbox 1078 4725 1553 4834; x_wconf 83' lang='lat' dir='ltr'><strong>LIBER</strong></span> <span class='ocrx_word' id='word_1_598' title='bbox 1645 4714 2450 4850; x_wconf 71' lang='lat' dir='ltr'><strong>QUARTUS.</strong></span> 
     </span>
    </p>
   </div>
   <div class='ocr_carea' id='block_1_94' title="bbox 620 4885 1226 4951">
    <p class='ocr_par' dir='ltr' id='par_1_94' title="bbox 620 4885 1226 4951">
     <span class='ocr_line' id='line_1_94' title="bbox 620 4885 1226 4951; baseline -0.018 0"><span class='ocrx_word' id='word_1_599' title='bbox 620 4885 953 4951; x_wconf 75' lang='lat' dir='ltr'><strong>EPISTOLA</strong></span> <span class='ocrx_word' id='word_1_600' title='bbox 995 4890 1226 4945; x_wconf 71' lang='lat' dir='ltr'><strong>PRIMA.</strong></span> 
     </span>
    </p>
   </div>
   <div class='ocr_carea' id='block_1_95' title="bbox 619 4997 1232 5043">
    <p class='ocr_par' dir='ltr' id='par_1_95' title="bbox 619 4997 1232 5043">
     <span class='ocr_line' id='line_1_95' title="bbox 619 4997 1232 5043; baseline -0.018 0"><span class='ocrx_word' id='word_1_601' title='bbox 619 5000 928 5043; x_wconf 65' lang='lat' dir='ltr'><strong>SYDIHMZIIUS</strong></span> <span class='ocrx_word' id='word_1_602' title='bbox 955 4997 1232 5037; x_wconf 74' lang='lat' dir='ltr'><strong>STILICONI.</strong></span> 
     </span>
    </p>
   </div>
   <div class='ocr_carea' id='block_1_96' title="bbox 198 5069 1716 5139">
    <p class='ocr_par' dir='ltr' id='par_1_96' title="bbox 198 5069 1716 5139">
     <span class='ocr_line' id='line_1_96' title="bbox 198 5069 1716 5139; baseline -0.013 0"><span class='ocrx_word' id='word_1_603' title='bbox 198 5085 298 5139; x_wconf 82' lang='lat' dir='ltr'><strong>Diu</strong></span> <span class='ocrx_word' id='word_1_604' title='bbox 326 5083 549 5138; x_wconf 80' lang='lat' dir='ltr'><strong>siluisse</strong></span> <span class='ocrx_word' id='word_1_605' title='bbox 570 5096 655 5134; x_wconf 88' lang='lat' dir='ltr'><strong>ttte</strong></span> <span class='ocrx_word' id='word_1_606' title='bbox 685 5079 878 5139; x_wconf 82' lang='lat' dir='ltr'><strong>fateor,</strong></span> <span class='ocrx_word' id='word_1_607' title='bbox 911 5086 968 5129; x_wconf 92' lang='lat' dir='ltr'><strong>ut</strong></span> <span class='ocrx_word' id='word_1_608' title='bbox 997 5073 1244 5128; x_wconf 82' lang='lat' dir='ltr'><strong>fiduciam</strong></span> <span class='ocrx_word' id='word_1_609' title='bbox 1277 5069 1548 5125; x_wconf 88' lang='lat' dir='ltr'><strong>scribendi</strong></span> <span class='ocrx_word' id='word_1_610' title='bbox 1595 5079 1716 5122; x_wconf 91' lang='lat' dir='ltr'><strong>tuus</strong></span> 
     </span>
    </p>
   </div>
   <div class='ocr_carea' id='block_1_97' title="bbox 131 5161 1714 5244">
    <p class='ocr_par' dir='ltr' id='par_1_97' title="bbox 131 5161 1714 5244">
     <span class='ocr_line' id='line_1_97' title="bbox 131 5161 1714 5244; baseline -0.011 -13"><span class='ocrx_word' id='word_1_611' title='bbox 131 5192 312 5231; x_wconf 83' lang='lat' dir='ltr'><strong>sermo</strong></span> <span class='ocrx_word' id='word_1_612' title='bbox 339 5182 658 5244; x_wconf 68' lang='lat' dir='ltr'><strong>praestaret.</strong></span> <span class='ocrx_word' id='word_1_613' title='bbox 691 5169 796 5225; x_wconf 87' lang='lat' dir='ltr'><strong>Sed</strong></span> <span class='ocrx_word' id='word_1_614' title='bbox 837 5183 956 5221; x_wconf 91' lang='lat' dir='ltr'><strong>cunt</strong></span> <span class='ocrx_word' id='word_1_615' title='bbox 998 5166 1392 5236; x_wconf 78' lang='lat' dir='ltr'><strong>perspicerem,</strong></span> <span class='ocrx_word' id='word_1_616' title='bbox 1446 5177 1545 5216; x_wconf 87' lang='lat' dir='ltr'><strong>nec</strong></span> <span class='ocrx_word' id='word_1_617' title='bbox 1589 5161 1714 5214; x_wconf 90' lang='lat' dir='ltr'><strong>dum</strong></span> 
     </span>
    </p>
   </div>
   <div class='ocr_carea' id='block_1_98' title="bbox 134 5253 1717 5330">
    <p class='ocr_par' dir='ltr' id='par_1_98' title="bbox 134 5253 1717 5330">
     <span class='ocr_line' id='line_1_98' title="bbox 134 5253 1717 5330; baseline -0.01 -10"><span class='ocrx_word' id='word_1_618' title='bbox 134 5271 241 5324; x_wconf 84' lang='lat' dir='ltr'><strong>ullo</strong></span> <span class='ocrx_word' id='word_1_619' title='bbox 269 5268 623 5322; x_wconf 82' lang='lat' dir='ltr'><strong>invitamento</strong></span> <span class='ocrx_word' id='word_1_620' title='bbox 651 5261 812 5316; x_wconf 85' lang='lat' dir='ltr'><strong>officii</strong></span> <span class='ocrx_word' id='word_1_621' title='bbox 841 5259 1121 5330; x_wconf 85' lang='lat' dir='ltr'><strong>provocari</strong></span> <span class='ocrx_word' id='word_1_622' title='bbox 1145 5273 1160 5321; x_wconf 85' lang='lat'><strong>;</strong></span> <span class='ocrx_word' id='word_1_623' title='bbox 1196 5256 1343 5325; x_wconf 89' lang='lat' dir='ltr'><strong>prior</strong></span> <span class='ocrx_word' id='word_1_624' title='bbox 1370 5255 1422 5307; x_wconf 91' lang='lat' dir='ltr'><strong>in</strong></span> <span class='ocrx_word' id='word_1_625' title='bbox 1448 5253 1609 5306; x_wconf 87' lang='lat' dir='ltr'><strong>verba</strong></span> <span class='ocrx_word' id='word_1_626' title='bbox 1632 5267 1717 5304; x_wconf 59' lang='lat' dir='ltr'><strong>sa-</strong></span> 
     </span>
    </p>
   </div>
   <div class='ocr_carea' id='block_1_99' title="bbox 136 5344 1719 5426">
    <p class='ocr_par' dir='ltr' id='par_1_99' title="bbox 136 5344 1719 5426">
     <span class='ocr_line' id='line_1_99' title="bbox 136 5344 1719 5426; baseline -0.013 -11"><span class='ocrx_word' id='word_1_627' title='bbox 136 5358 410 5414; x_wconf 86' lang='lat' dir='ltr'><strong>Iutationis</strong></span> <span class='ocrx_word' id='word_1_628' title='bbox 430 5357 604 5426; x_wconf 88' lang='lat' dir='ltr'><strong>erupi,</strong></span> <span class='ocrx_word' id='word_1_629' title='bbox 636 5355 920 5425; x_wconf 89' lang='lat' dir='ltr'><strong>plurimum</strong></span> <span class='ocrx_word' id='word_1_630' title='bbox 964 5363 1180 5420; x_wconf 88' lang='lat' dir='ltr'><strong>rogans,</strong></span> <span class='ocrx_word' id='word_1_631' title='bbox 1212 5357 1270 5400; x_wconf 87' lang='lat' dir='ltr'><strong>ut</strong></span> <span class='ocrx_word' id='word_1_632' title='bbox 1294 5345 1522 5414; x_wconf 80' lang='lat' dir='ltr'><strong>exempli</strong></span> <span class='ocrx_word' id='word_1_633' title='bbox 1568 5344 1719 5397; x_wconf 90' lang='lat' dir='ltr'><strong>istius</strong></span> 
     </span>
    </p>
   </div>
   <div class='ocr_carea' id='block_1_100' title="bbox 138 5442 988 5516">
    <p class='ocr_par' dir='ltr' id='par_1_100' title="bbox 138 5442 988 5516">
     <span class='ocr_line' id='line_1_100' title="bbox 138 5442 988 5516; baseline -0.014 -11"><span class='ocrx_word' id='word_1_634' title='bbox 138 5445 379 5506; x_wconf 84' lang='lat' dir='ltr'><strong>imitator</strong></span> <span class='ocrx_word' id='word_1_635' title='bbox 405 5462 522 5504; x_wconf 88' lang='lat' dir='ltr'><strong>esse</strong></span> <span class='ocrx_word' id='word_1_636' title='bbox 552 5445 807 5516; x_wconf 85' lang='lat' dir='ltr'><strong>digneris.</strong></span> <span class='ocrx_word' id='word_1_637' title='bbox 838 5442 988 5496; x_wconf 73' lang='lat' dir='ltr'><strong>Vale.</strong></span> 
     </span>
    </p>
   </div>
   <div class='ocr_carea' id='block_1_101' title="bbox 625 5529 1232 5592">
    <p class='ocr_par' dir='ltr' id='par_1_101' title="bbox 625 5529 1232 5592">
     <span class='ocr_line' id='line_1_101' title="bbox 625 5529 1232 5592; baseline -0.015 0"><span class='ocrx_word' id='word_1_638' title='bbox 625 5535 844 5592; x_wconf 83' lang='lat' dir='ltr'><strong>EPIST.</strong></span> <span class='ocrx_word' id='word_1_639' title='bbox 884 5533 948 5587; x_wconf 93' lang='lat' dir='ltr'><strong>ll.</strong></span> <span class='ocrx_word' id='word_1_640' title='bbox 990 5532 1090 5587; x_wconf 80' lang='lat' dir='ltr'><strong>CS.</strong></span> <span class='ocrx_word' id='word_1_641' title='bbox 1133 5529 1232 5585; x_wconf 84' lang='lat' dir='ltr'><strong>CS.</strong></span> 
     </span>
    </p>
   </div>
   <div class='ocr_carea' id='block_1_102' title="bbox 211 5615 1718 5692">
    <p class='ocr_par' dir='ltr' id='par_1_102' title="bbox 211 5615 1718 5692">
     <span class='ocr_line' id='line_1_102' title="bbox 211 5615 1718 5692; baseline -0.015 -1"><span class='ocrx_word' id='word_1_642' title='bbox 211 5633 468 5692; x_wconf 79' lang='lat' dir='ltr'><strong>Abundat</strong></span> <span class='ocrx_word' id='word_1_643' title='bbox 502 5632 786 5687; x_wconf 86' lang='lat' dir='ltr'><strong>Flavianus</strong></span> <span class='ocrx_word' id='word_1_644' title='bbox 827 5626 969 5681; x_wconf 88' lang='lat' dir='ltr'><strong>filius</strong></span> <span class='ocrx_word' id='word_1_645' title='bbox 1000 5639 1171 5688; x_wconf 88' lang='lat' dir='ltr'><strong>meus,</strong></span> <span class='ocrx_word' id='word_1_646' title='bbox 1213 5622 1277 5675; x_wconf 89' lang='lat' dir='ltr'><strong>ad</strong></span> <span class='ocrx_word' id='word_1_647' title='bbox 1314 5615 1718 5690; x_wconf 64' lang='lat' dir='ltr'><strong>promerendam</strong></span> 
     </span>
    </p>
   </div>
   <div class='ocr_carea' id='block_1_103' title="bbox 60 5711 1717 5801">
    <p class='ocr_par' dir='ltr' id='par_1_103' title="bbox 60 5711 1717 5801">
     <span class='ocr_line' id='line_1_103' title="bbox 60 5711 1717 5801; baseline -0.016 -16"><span class='ocrx_word' id='word_1_648' title='bbox 60 5795 76 5801; x_wconf 89' lang='lat'>_</span> <span class='ocrx_word' id='word_1_649' title='bbox 145 5727 572 5783; x_wconf 82' lang='lat' dir='ltr'><strong>conciliationem</strong></span> <span class='ocrx_word' id='word_1_650' title='bbox 604 5726 884 5784; x_wconf 89' lang='lat' dir='ltr'><strong>bonorum,</strong></span> <span class='ocrx_word' id='word_1_651' title='bbox 915 5721 1026 5774; x_wconf 90' lang='lat' dir='ltr'><strong>suis</strong></span> <span class='ocrx_word' id='word_1_652' title='bbox 1055 5717 1289 5786; x_wconf 87' lang='lat' dir='ltr'><strong>paternis</strong></span> <span class='ocrx_word' id='word_1_653' title='bbox 1312 5730 1395 5783; x_wconf 70' lang='grc' dir='ltr'><strong>ιιιιε</strong></span> <span class='ocrx_word' id='word_1_654' title='bbox 1434 5711 1645 5780; x_wconf 70' lang='lat' dir='ltr'><strong>suffragi</strong></span> <span class='ocrx_word' id='word_1_655' title='bbox 1673 5725 1717 5762; x_wconf 91' lang='lat' dir='ltr'><strong>s.</strong></span> 
     </span>
    </p>
   </div>
   <div class='ocr_carea' id='block_1_104' title="bbox 148 5804 1722 5883">
    <p class='ocr_par' dir='ltr' id='par_1_104' title="bbox 148 5804 1722 5883">
     <span class='ocr_line' id='line_1_104' title="bbox 148 5804 1722 5883; baseline -0.013 -9"><span class='ocrx_word' id='word_1_656' title='bbox 148 5821 248 5876; x_wconf 80' lang='lat' dir='ltr'><strong>Sed</strong></span> <span class='ocrx_word' id='word_1_657' title='bbox 281 5820 501 5874; x_wconf 88' lang='lat' dir='ltr'><strong>interest</strong></span> <span class='ocrx_word' id='word_1_658' title='bbox 533 5815 750 5883; x_wconf 85' lang='lat' dir='ltr'><strong>amoris,</strong></span> <span class='ocrx_word' id='word_1_659' title='bbox 788 5827 942 5881; x_wconf 86' lang='lat' dir='ltr'><strong>quem</strong></span> <span class='ocrx_word' id='word_1_660' title='bbox 975 5828 1095 5866; x_wconf 65' lang='lat' dir='ltr'><strong>vere</strong></span> <span class='ocrx_word' id='word_1_661' title='bbox 1137 5806 1342 5877; x_wconf 65' lang='lat' dir='ltr'><strong>pigttnri</strong></span> <span class='ocrx_word' id='word_1_662' title='bbox 1377 5819 1494 5858; x_wconf 88' lang='lat' dir='ltr'><strong>meo</strong></span> <span class='ocrx_word' id='word_1_663' title='bbox 1520 5804 1722 5864; x_wconf 86' lang='lat' dir='ltr'><strong>debeo;</strong></span> 
     </span>
    </p>
   </div>
   <div class='ocr_carea' id='block_1_105' title="bbox 1671 4858 3400 4952">
    <p class='ocr_par' dir='ltr' id='par_1_105' title="bbox 1671 4858 3400 4952">
     <span class='ocr_line' id='line_1_105' title="bbox 1671 4858 3400 4952; baseline -0.019 -11"><span class='ocrx_word' id='word_1_664' title='bbox 1671 4937 1692 4952; x_wconf 81' lang='lat'><strong>,</strong></span> <span class='ocrx_word' id='word_1_665' title='bbox 1755 4889 1800 4947; x_wconf 91' lang='lat' dir='ltr'><strong>D</strong></span> <span class='ocrx_word' id='word_1_666' title='bbox 1830 4901 1894 4938; x_wconf 88' lang='lat' dir='ltr'><strong>tte</strong></span> <span class='ocrx_word' id='word_1_667' title='bbox 1934 4885 2060 4936; x_wconf 83' lang='lat' dir='ltr'><strong>dunt</strong></span> <span class='ocrx_word' id='word_1_668' title='bbox 2091 4879 2292 4934; x_wconf 69' lang='lat' dir='ltr'><strong>tttcrtlis</strong></span> <span class='ocrx_word' id='word_1_669' title='bbox 2329 4877 2469 4929; x_wconf 92' lang='lat' dir='ltr'><strong>illius</strong></span> <span class='ocrx_word' id='word_1_670' title='bbox 2508 4871 2640 4927; x_wconf 80' lang='lat' dir='ltr'><strong>ntlnl</strong></span> <span class='ocrx_word' id='word_1_671' title='bbox 2675 4871 2864 4924; x_wconf 89' lang='lat' dir='ltr'><strong>deesse</strong></span> <span class='ocrx_word' id='word_1_672' title='bbox 2891 4863 3248 4931; x_wconf 83' lang='lat' dir='ltr'><strong>contemplor,</strong></span> <span class='ocrx_word' id='word_1_673' title='bbox 3281 4858 3400 4910; x_wconf 80' lang='lat' dir='ltr'><strong>offi-</strong></span> 
     </span>
    </p>
   </div>
   <div class='ocr_carea' id='block_1_106' title="bbox 1817 4951 3400 5042">
    <p class='ocr_par' dir='ltr' id='par_1_106' title="bbox 1817 4951 3400 5042">
     <span class='ocr_line' id='line_1_106' title="bbox 1817 4951 3400 5042; baseline -0.018 -12"><span class='ocrx_word' id='word_1_674' title='bbox 1817 4979 1956 5031; x_wconf 85' lang='lat' dir='ltr'><strong>cium</strong></span> <span class='ocrx_word' id='word_1_675' title='bbox 1988 4971 2223 5042; x_wconf 84' lang='lat' dir='ltr'><strong>parentis</strong></span> <span class='ocrx_word' id='word_1_676' title='bbox 2254 4969 2520 5032; x_wconf 62' lang='lat' dir='ltr'><strong>omittam.</strong></span> <span class='ocrx_word' id='word_1_677' title='bbox 2550 4963 2710 5016; x_wconf 81' lang='lat' dir='ltr'><strong>Facio</strong></span> <span class='ocrx_word' id='word_1_678' title='bbox 2730 4963 2908 5030; x_wconf 81' lang='lat' dir='ltr'><strong>igitur,</strong></span> <span class='ocrx_word' id='word_1_679' title='bbox 2941 4955 3081 5026; x_wconf 88' lang='lat' dir='ltr'><strong>quod</strong></span> <span class='ocrx_word' id='word_1_680' title='bbox 3112 4951 3400 5012; x_wconf 72' lang='lat' dir='ltr'><strong>redundet,</strong></span> 
     </span>
    </p>
   </div>
   <div class='ocr_carea' id='block_1_107' title="bbox 1819 5046 3404 5128">
    <p class='ocr_par' dir='ltr' id='par_1_107' title="bbox 1819 5046 3404 5128">
     <span class='ocr_line' id='line_1_107' title="bbox 1819 5046 3404 5128; baseline -0.019 -6"><span class='ocrx_word' id='word_1_681' title='bbox 1819 5077 1874 5122; x_wconf 89' lang='lat' dir='ltr'><strong>et</strong></span> <span class='ocrx_word' id='word_1_682' title='bbox 1900 5067 2168 5119; x_wconf 81' lang='lat' dir='ltr'><strong>cumulum</strong></span> <span class='ocrx_word' id='word_1_683' title='bbox 2199 5064 2414 5128; x_wconf 82' lang='lat' dir='ltr'><strong>impono</strong></span> <span class='ocrx_word' id='word_1_684' title='bbox 2446 5055 2712 5124; x_wconf 80' lang='lat' dir='ltr'><strong>perfectis.</strong></span> <span class='ocrx_word' id='word_1_685' title='bbox 2747 5055 2814 5104; x_wconf 76' lang='lat' dir='ltr'><strong>Et</strong></span> <span class='ocrx_word' id='word_1_686' title='bbox 2842 5052 2940 5103; x_wconf 84' lang='lat' dir='ltr'><strong>ltoc</strong></span> <span class='ocrx_word' id='word_1_687' title='bbox 2967 5048 3030 5100; x_wconf 88' lang='lat' dir='ltr'><strong>ad</strong></span> <span class='ocrx_word' id='word_1_688' title='bbox 3069 5046 3404 5110; x_wconf 76' lang='lat' dir='ltr'><strong>con-jungen-</strong></span> 
     </span>
    </p>
   </div>
   <div class='ocr_carea' id='block_1_108' title="bbox 1821 5134 3403 5217">
    <p class='ocr_par' dir='ltr' id='par_1_108' title="bbox 1821 5134 3403 5217">
     <span class='ocr_line' id='line_1_108' title="bbox 1821 5134 3403 5217; baseline -0.02 -6"><span class='ocrx_word' id='word_1_689' title='bbox 1821 5159 1944 5211; x_wconf 88' lang='lat' dir='ltr'><strong>dum</strong></span> <span class='ocrx_word' id='word_1_690' title='bbox 1977 5155 2225 5210; x_wconf 79' lang='lat' dir='ltr'><strong>Flaviano</strong></span> <span class='ocrx_word' id='word_1_691' title='bbox 2253 5165 2372 5204; x_wconf 90' lang='lat' dir='ltr'><strong>tneo</strong></span> <span class='ocrx_word' id='word_1_692' title='bbox 2411 5146 2734 5217; x_wconf 72' lang='lat' dir='ltr'><strong>praestantia:</strong></span> <span class='ocrx_word' id='word_1_693' title='bbox 2765 5153 2866 5195; x_wconf 70' lang='lat' dir='ltr'><strong>tum</strong></span> <span class='ocrx_word' id='word_1_694' title='bbox 2898 5139 3133 5193; x_wconf 76' lang='lat' dir='ltr'><strong>animum</strong></span> <span class='ocrx_word' id='word_1_695' title='bbox 3177 5134 3403 5186; x_wconf 85' lang='lat' dir='ltr'><strong>multum</strong></span> 
     </span>
    </p>
   </div>
   <div class='ocr_carea' id='block_1_109' title="bbox 1823 5225 3407 5307">
    <p class='ocr_par' dir='ltr' id='par_1_109' title="bbox 1823 5225 3407 5307">
     <span class='ocr_line' id='line_1_109' title="bbox 1823 5225 3407 5307; baseline -0.018 -3"><span class='ocrx_word' id='word_1_696' title='bbox 1823 5249 1983 5304; x_wconf 85' lang='lat' dir='ltr'><strong>credo</strong></span> <span class='ocrx_word' id='word_1_697' title='bbox 2024 5246 2308 5298; x_wconf 86' lang='lat' dir='ltr'><strong>valiturum</strong></span> <span class='ocrx_word' id='word_1_698' title='bbox 2339 5240 2497 5307; x_wconf 85' lang='lat' dir='ltr'><strong>:qnia</strong></span> <span class='ocrx_word' id='word_1_699' title='bbox 2543 5236 2672 5290; x_wconf 81' lang='lat' dir='ltr'><strong>mibi</strong></span> <span class='ocrx_word' id='word_1_700' title='bbox 2715 5250 2810 5303; x_wconf 89' lang='lat' dir='ltr'><strong>pro</strong></span> <span class='ocrx_word' id='word_1_701' title='bbox 2851 5230 3112 5285; x_wconf 83' lang='lat' dir='ltr'><strong>benefit-io</strong></span> <span class='ocrx_word' id='word_1_702' title='bbox 3154 5225 3407 5293; x_wconf 60' lang='lat' dir='ltr'><strong>intelligis</strong></span> 
     </span>
    </p>
   </div>
   <div class='ocr_carea' id='block_1_110' title="bbox 1827 5317 3364 5410">
    <p class='ocr_par' dir='ltr' id='par_1_110' title="bbox 1827 5317 3364 5410">
     <span class='ocr_line' id='line_1_110' title="bbox 1827 5317 3364 5410; baseline -0.018 -16"><span class='ocrx_word' id='word_1_703' title='bbox 1827 5339 2214 5410; x_wconf 85' lang='lat' dir='ltr'><strong>imputandum,</strong></span> <span class='ocrx_word' id='word_1_704' title='bbox 2242 5333 2380 5402; x_wconf 81' lang='lat' dir='ltr'><strong>quod</strong></span> <span class='ocrx_word' id='word_1_705' title='bbox 2415 5331 2488 5383; x_wconf 88' lang='lat' dir='ltr'><strong>illi</strong></span> <span class='ocrx_word' id='word_1_706' title='bbox 2517 5330 2636 5383; x_wconf 89' lang='lat' dir='ltr'><strong>solo</strong></span> <span class='ocrx_word' id='word_1_707' title='bbox 2657 5325 2857 5394; x_wconf 84' lang='lat' dir='ltr'><strong>judicio</strong></span> <span class='ocrx_word' id='word_1_708' title='bbox 2886 5320 3192 5374; x_wconf 68' lang='lat' dir='ltr'><strong>detulisses.</strong></span> <span class='ocrx_word' id='word_1_709' title='bbox 3220 5317 3364 5368; x_wconf 80' lang='lat' dir='ltr'><strong>Vale.</strong></span> 
     </span>
    </p>
   </div>
   <div class='ocr_carea' id='block_1_111' title="bbox 2303 5413 2923 5478">
    <p class='ocr_par' dir='ltr' id='par_1_111' title="bbox 2303 5413 2923 5478">
     <span class='ocr_line' id='line_1_111' title="bbox 2303 5413 2923 5478; baseline -0.023 -1"><span class='ocrx_word' id='word_1_710' title='bbox 2303 5421 2513 5478; x_wconf 69' lang='lat' dir='ltr'><strong>l‘ZPIST.</strong></span> <span class='ocrx_word' id='word_1_711' title='bbox 2559 5420 2643 5472; x_wconf 94' lang='lat' dir='ltr'><strong>Ill.</strong></span> <span class='ocrx_word' id='word_1_712' title='bbox 2683 5416 2780 5468; x_wconf 68' lang='lat' dir='ltr'><strong>(IS.</strong></span> <span class='ocrx_word' id='word_1_713' title='bbox 2821 5413 2923 5466; x_wconf 74' lang='lat' dir='ltr'><strong>CS.</strong></span> 
     </span>
    </p>
   </div>
   <div class='ocr_carea' id='block_1_112' title="bbox 1814 5502 3407 5587">
    <p class='ocr_par' dir='ltr' id='par_1_112' title="bbox 1814 5502 3407 5587">
     <span class='ocr_line' id='line_1_112' title="bbox 1814 5502 3407 5587; baseline -0.018 -10"><span class='ocrx_word' id='word_1_714' title='bbox 1814 5515 1815 5520; x_wconf 38' lang='grc'><em>“</em></span> <span class='ocrx_word' id='word_1_715' title='bbox 1901 5523 1993 5576; x_wconf 91' lang='lat' dir='ltr'><strong>Vir</strong></span> <span class='ocrx_word' id='word_1_716' title='bbox 2021 5516 2327 5587; x_wconf 79' lang='lat' dir='ltr'><strong>spot-labilis</strong></span> <span class='ocrx_word' id='word_1_717' title='bbox 2357 5515 2598 5573; x_wconf 72' lang='lat' dir='ltr'><strong>Rufinus,</strong></span> <span class='ocrx_word' id='word_1_718' title='bbox 2630 5519 2681 5562; x_wconf 90' lang='lat' dir='ltr'><strong>ct</strong></span> <span class='ocrx_word' id='word_1_719' title='bbox 2727 5509 2777 5559; x_wconf 92' lang='lat' dir='ltr'><strong>itt</strong></span> <span class='ocrx_word' id='word_1_720' title='bbox 2805 5503 3007 5556; x_wconf 82' lang='lat' dir='ltr'><strong>ordinis</strong></span> <span class='ocrx_word' id='word_1_721' title='bbox 3037 5502 3202 5554; x_wconf 90' lang='lat' dir='ltr'><strong>nostri</strong></span> <span class='ocrx_word' id='word_1_722' title='bbox 3233 5502 3407 5553; x_wconf 81' lang='lat' dir='ltr'><strong>lectis-</strong></span> 
     </span>
    </p>
   </div>
   <div class='ocr_carea' id='block_1_113' title="bbox 1829 5593 3414 5683">
    <p class='ocr_par' dir='ltr' id='par_1_113' title="bbox 1829 5593 3414 5683">
     <span class='ocr_line' id='line_1_113' title="bbox 1829 5593 3414 5683; baseline -0.017 -12"><span class='ocrx_word' id='word_1_723' title='bbox 1829 5618 1960 5671; x_wconf 89' lang='lat' dir='ltr'><strong>sima</strong></span> <span class='ocrx_word' id='word_1_724' title='bbox 1994 5626 2143 5683; x_wconf 87' lang='lat' dir='ltr'><strong>parte</strong></span> <span class='ocrx_word' id='word_1_725' title='bbox 2172 5609 2500 5670; x_wconf 74' lang='lat' dir='ltr'><strong>cett~Cntltt~,</strong></span> <span class='ocrx_word' id='word_1_726' title='bbox 2546 5620 2664 5656; x_wconf 86' lang='lat' dir='ltr'><strong>cum</strong></span> <span class='ocrx_word' id='word_1_727' title='bbox 2710 5603 2759 5653; x_wconf 94' lang='lat' dir='ltr'><strong>in</strong></span> <span class='ocrx_word' id='word_1_728' title='bbox 2801 5595 3055 5665; x_wconf 67' lang='lat' dir='ltr'><strong>obsequia</strong></span> <span class='ocrx_word' id='word_1_729' title='bbox 3099 5595 3191 5648; x_wconf 88' lang='lat' dir='ltr'><strong>tibi</strong></span> <span class='ocrx_word' id='word_1_730' title='bbox 3232 5593 3414 5668; x_wconf 53' lang='lat' dir='ltr'><strong>ila-bim</strong></span> 
     </span>
    </p>
   </div>
   <div class='ocr_carea' id='block_1_114' title="bbox 1834 5684 3414 5778">
    <p class='ocr_par' dir='ltr' id='par_1_114' title="bbox 1834 5684 3414 5778">
     <span class='ocr_line' id='line_1_114' title="bbox 1834 5684 3414 5778; baseline -0.016 -19"><span class='ocrx_word' id='word_1_731' title='bbox 1834 5719 2095 5778; x_wconf 80' lang='lat' dir='ltr'><strong>pergeret.</strong></span> <span class='ocrx_word' id='word_1_732' title='bbox 2132 5703 2367 5757; x_wconf 81' lang='lat' dir='ltr'><strong>invidere</strong></span> <span class='ocrx_word' id='word_1_733' title='bbox 2397 5715 2455 5751; x_wconf 82' lang='lat' dir='ltr'><strong>se</strong></span> <span class='ocrx_word' id='word_1_734' title='bbox 2481 5697 2606 5750; x_wconf 87' lang='lat' dir='ltr'><strong>tuilti</strong></span> <span class='ocrx_word' id='word_1_735' title='bbox 2634 5692 2870 5752; x_wconf 80' lang='lat' dir='ltr'><strong>credidit,</strong></span> <span class='ocrx_word' id='word_1_736' title='bbox 2903 5691 3001 5743; x_wconf 82' lang='lat' dir='ltr'><strong>uisi</strong></span> <span class='ocrx_word' id='word_1_737' title='bbox 3037 5697 3216 5742; x_wconf 85' lang='lat' dir='ltr'><strong>nostra</strong></span> <span class='ocrx_word' id='word_1_738' title='bbox 3242 5684 3414 5736; x_wconf 70' lang='lat' dir='ltr'><strong>sust-i—</strong></span> 
     </span>
    </p>
   </div>
   <div class='ocr_carea' id='block_1_115' title="bbox 1833 5782 3406 5870">
    <p class='ocr_par' dir='ltr' id='par_1_115' title="bbox 1833 5782 3406 5870">
     <span class='ocr_line' id='line_1_115' title="bbox 1833 5782 3406 5870; baseline -0.018 -15"><span class='ocrx_word' id='word_1_739' title='bbox 1833 5810 2002 5870; x_wconf 81' lang='lat' dir='ltr'><strong>perct.</strong></span> <span class='ocrx_word' id='word_1_740' title='bbox 2052 5799 2210 5865; x_wconf 80' lang='lat' dir='ltr'><strong>Igitur</strong></span> <span class='ocrx_word' id='word_1_741' title='bbox 2241 5813 2266 5846; x_wconf 91' lang='lat' dir='ltr'><strong>a</strong></span> <span class='ocrx_word' id='word_1_742' title='bbox 2302 5809 2382 5846; x_wconf 84' lang='lat' dir='ltr'><strong>me</strong></span> <span class='ocrx_word' id='word_1_743' title='bbox 2421 5787 2756 5845; x_wconf 74' lang='lat' dir='ltr'><strong>reddendam.</strong></span> <span class='ocrx_word' id='word_1_744' title='bbox 2788 5783 2958 5837; x_wconf 81' lang='lat' dir='ltr'><strong>defert</strong></span> <span class='ocrx_word' id='word_1_745' title='bbox 3002 5782 3172 5833; x_wconf 70' lang='lat' dir='ltr'><strong>saluta</strong></span> <span class='ocrx_word' id='word_1_746' title='bbox 3201 5782 3406 5831; x_wconf 83' lang='lat' dir='ltr'><strong>ionctn.</strong></span> 
     </span>
    </p>
   </div>
  </div>
