3932 6442
552 367 658 424 325

1691 369 1756 437 o.
1801 362 2143 424 AURELIUS
2185 361 2623 424 SYMMAClll‘S.
3685 337 3763 427 ω

557 500 713 554 quam
743 487 836 542 libi
867 501 1008 558 saepe
1037 488 1320 552 deferrem,
1343 486 1387 540 si
1408 493 1549 541 esset
1586 484 1737 538 facile
1757 481 1961 538 similes
1991 481 2133 532 inve-
2160 478 2205 535 Α
2236 478 2374 543 quod
2417 494 2538 533 cum
2584 480 2677 533 illo
2721 479 2893 534 honor
2930 483 3157 536 amissus
3206 482 3428 537 revertit
3473 483 3521 537 in
3559 485 3762 553 gratiam.

558 589 695 632 mre.
727 577 899 634 Rarus
933 579 1091 650 igitur
1115 589 1198 635 est
1230 594 1436 644 sermo,
1468 579 1591 648 quia
1632 591 1750 630 rara
1780 587 1860 630 est
1896 573 2016 629 talis
2044 587 2135 626 oc—

559 670 726 724 casio.
758 671 832 726 De
853 671 968 740 ipso
996 672 1126 726 nihil
1152 672 1400 726 dicimus.
1427 669 1596 725 Meriti
1619 668 1760 724 enim
1782 665 1981 736 proprii
2003 680 2135 720 con-

561 760 725 825 scius,
757 761 1087 830 suspiciones
1115 764 1297 830 gratia:
1344 761 1501 832 fugit,
1545 769 1598 814 et
1637 760 1690 813 in
1722 773 1945 814 examen
1989 765 2135 809 tuum

563 850 780 905 veniens
825 870 928 906 non
970 855 1083 907 vult
1117 854 1198 908 sui
1237 852 1761 909 commendationem
1811 851 1932 905 testi
1967 848 2138 918 magis

565 939 762 998 debere
792 958 948 1014 quam
969 945 1158 1014 judici.
1192 946 1339 1001 Vale.

1185 1039 1398 1094 EPIST.
1445 1037 1530 1092 IV.

1050 1145 1354 1186 εγιιιιιιοιιυς
1382 1145 1657 1186 δτιιιεοκι.

637 1219 776 1285 Quid
824 1220 892 1275 de
935 1220 1186 1276 Afrorum
1233 1222 1418 1276 dolore
1456 1231 1512 1276 et
1553 1221 1859 1274 militarium
1906 1220 2141 1272 virorum

565 1313 798 1379 querelis
824 1313 1097 1368 consultus
1134 1325 1399 1383 praecepto
1429 1326 1584 1366 sacro
1615 1311 1976 1380 amplissimus
2011 1308 2144 1362 ordo

567 1404 860 1468 censuerit,
892 1403 1045 1472 plane
1067 1417 1224 1474 atque
1245 1415 1428 1475 aperte
1455 1415 1730 1473 gestorum
1754 1403 2036 1458 curialium
2062 1403 2142 1454 in-

569 1493 840 1559 spectione
867 1508 1177 1562 cognosces.
1200 1494 1304 1548 Sed
1327 1494 1448 1564 quia
1472 1510 1556 1548 me
1573 1508 1784 1563 qttoque
1815 1492 2147 1545 familiariter

570 1581 796 1635 indicem
824 1593 987 1650 gestae
1026 1585 1100 1638 rei
1129 1599 1250 1639 esse
1285 1584 1510 1652 jussisti,
1544 1583 1849 1637 summatim
1894 1598 2011 1651 qua:
2056 1581 2146 1635 de-

567 1681 712 1728 creta
743 1685 866 1729 sunt
896 1690 999 1730 non
1033 1677 1239 1732 tacebo.
1273 1675 1452 1730 Lectis
1494 1675 1696 1728 domini
1726 1673 1892 1727 nostri
1927 1673 2146 1726 Honorii

568 1769 704 1836 Aug.
747 1767 937 1821 litteris
971 1778 1130 1836 atque
1167 1767 1469 1834 sententiis,
1513 1765 1858 1834 decursisque
1899 1765 2148 1818 omnibus

2237 570 2463 626 Senatus
2512 571 2741 642 bonique
2783 588 2989 637 omnes,
3039 573 3174 629 hanc
3214 576 3356 630 inter
3395 591 3453 630 se
3492 576 3761 644 partiuntur.

2237 661 2493 728 Quocirca
2533 663 2756 716 arduunt
2797 671 2900 728 est,
2942 675 2990 717 ut
3033 665 3192 719 unius
3239 680 3424 719 sermo
3461 675 3763 734 contpenset,

2239 753 2378 822 quod
2405 764 2669 808 tantorum
2692 754 2902 809 affectio
2923 759 3209 811 contraxit.
3241 757 3402 812 Dabis
3425 759 3574 827 igitur
3593 763 3763 812 veniant

2239 859 2335 912 pro
2360 851 2412 897 te
2453 859 2618 913 pauca
2667 845 2883 899 dicenti.
2929 846 3098 915 Majas
3127 848 3386 917 quiddam
3431 859 3512 902 est
3552 849 3765 904 honorem

2241 934 2523 988 restituere
2552 951 2708 1003 quam
2737 936 2967 993 dedisse.
3003 938 3125 991 Ihec
3154 939 3300 994 enim
3327 941 3437 993 lieri
3463 938 3652 994 fortuna
3672 957 3768 995 cou-

2240 1025 2397 1079 sentit
2421 1043 2433 1078 :
2455 1026 2579 1080 illud
2603 1035 2785 1081 contra
2810 1028 2976 1093 ipsam
3002 1041 3220 1099 prznstat
3250 1032 3565 1085 humanitas.
3597 1032 3769 1086 Ριῖιειιιὶ·

2242 1125 2386 1170 serat
2411 1117 2508 1170 alia
2549 1121 2791 1186 exempla
2836 1120 3133 1176 clementia;
3162 1132 3416 1189 receptus
3452 1123 3585 1178 cmlo
3615 1126 3766 1191 princi-

2246 1225 2367 1277 pum
2401 1225 2614 1276 parens,
2638 1220 2689 1264 et
2722 1211 2974 1267 Flaviano
3005 1230 3123 1268 meo
3151 1216 3317 1268 multa
3345 1215 3555 1269 casibus
3580 1216 3771 1272 detracta
3870 1261 3871 1282 ἢ

2247 1301 2566 1356 reddiderat.
2601 1303 2919 1358 Reservatns
2947 1317 3029 1359 est
3057 1322 3196 1359 unus
3227 1318 3283 1361 et
3326 1309 3624 1375 potissimus
3661 1309 3774 1362 boni.
3870 1381 3871 1384 η

2250 1397 2371 1448 tatis
2399 1396 2581 1449 titulus
2615 1395 2836 1465 heredi,
2869 1415 3024 1468 quem
3063 1401 3451 1470 magnitudinis
3483 1410 3580 1455 tua:
3612 1405 3773 1457 monitu

2252 1488 2488 1556 paternis
2518 1489 2789 1544 beneliciis
2819 1490 3067 1544 dominus
3098 1492 3374 1547 Honorius
3412 1493 3618 1562 adjecit,
3645 1493 3774 1548 inter-

2252 1585 2489 1643 pretatus
2518 1580 2724 1634 scilicet
2754 1581 2880 1634 divo
2923 1581 3148 1651 principi
3181 1593 3417 1652 tempus,
3449 1600 3548 1638 non
3590 1585 3776 1638 animum

2250 1669 2504 1726 defuisse.
2545 1671 2695 1725 Nunc
2736 1673 2970 1739 perfecta
3001 1681 3126 1726 sunt
3156 1691 3182 1726 a
3213 1690 3529 1729 successore
3564 1677 3776 1729 consimili

2253 1760 2546 1829 interrupta
2581 1760 2687 1814 fato
2709 1777 2870 1828 Opera
2901 1763 3222 1818 clementiae.
3257 1765 3543 1834 Fastigium
3567 1765 3777 1834 quoddam

569 1832 808 1927 paginis,
845 1874 964 1929 quae
995 1832 1236 1914 Gildonis
1265 1832 1492 1913 crimina
1527 1832 1896 1920 continebant,
1929 1870 2025 1923 par
2052 1855 2152 1909 bo-
2188 1832 2231 1891 Β
2259 1851 2562 1904 lenissimus
2582 1861 2631 1904 et
2659 1855 3067 1920 augustissimus
3089 1855 3342 1924 princeps
3364 1856 3550 1918 cm.»tis
3573 1855 3779 1925 genituris

573 1965 763 2003 norum
795 1959 972 2004 motus
1003 1951 1199 2019 erupit.
1229 1950 1468 2006 Consulti
1511 1951 1669 2020 igitur
1702 1951 1753 2003 in
1786 1957 1974 2002 senatu
2006 1943 2155 2001 more

573 2039 840 2108 majorum
871 2041 1080 2111 (neque
1107 2042 1250 2096 enim
1278 2041 1515 2110 legitimo
1538 2041 1725 2096 ordine
1751 2039 1937 2110 judicii
1967 2047 2154 2092 aucto-

576 2133 705 2185 ritas
735 2141 877 2186 stare
905 2133 1214 2201 potuisset),
1249 2132 1449 2203 ingenti
1489 2148 1666 2187 causae
1695 2130 1902 2186 devotis
1941 2137 2157 2184 senten-

578 2221 666 2276 tiis
706 2221 1082 2278 satisfecimns.
1125 2225 1344 2294 Adjecta
1377 2236 1452 2278 ρει
1483 2232 1604 2294 post
1638 2223 1716 2279 rei
1760 2221 2154 2276 damnationem

582 2331 676 2384 pro
703 2315 972 2372 alimentis
1003 2319 1180 2388 populi
1207 2318 1362 2372 Rom.
1390 2318 1726 2389 supplicatio.
1759 2317 1816 2372 In
1846 2325 1986 2370 metu
2014 2315 2155 2368 enim

581 2423 789 2477 sumus,
823 2425 889 2463 ne
919 2409 1060 2464 obsit
1081 2410 1466 2464 commeatibus
1497 2407 1808 2464 annonariis
1834 2407 1993 2462 medii
2024 2416 2159 2461 tem-

581 2499 722 2566 poris
765 2513 934 2562 ntora,
968 2508 1022 2553 et
1053 2498 1379 2568 perturbatio
1412 2499 1582 2568 plebis
1621 2500 1845 2552 oriatur.
1895 2497 2083 2551 Veniet
2105 2495 2156 2550 in

580 2606 774 2647 manus
799 2601 934 2654 tuas,
969 2591 1095 2660 quid
1124 2593 1598 2663 pronuntiaverim.
1643 2591 1900 2659 Reperies
1938 2599 1993 2644 et
2035 2589 2158 2646 facti

582 2679 742 2748 hujus
776 2697 862 2736 me
901 2683 1200 2738 asseruisse
1237 2683 1522 2753 justitiam,
1563 2693 1616 2739 et
1649 2683 1790 2752 apud
1817 2682 1882 2736 Ι).
1917 2691 2158 2736 nostrum

583 2769 871 2826 Arcadium
902 2786 1116 2826 causam
1155 2773 1380 2842 publicae
1408 2775 1585 2844 egisse
1613 2772 1937 2828 concordiae.
1975 2771 2121 2826 Vale.

1215 2864 1426 2922 EPIST.
1474 2865 1536 2919 V.

1063 2973 1372 3014 SVIIIIACHUS
1399 2974 1677 3015 STIIJCONI.

653 3046 1183 3105 Co‘mt'nC-ndationem
1230 3065 1335 3105 non
1375 3050 1675 3116 desiderat,
1715 3052 1802 3122 qui
1834 3051 1898 3104 ad
1929 3049 2163 3121 agendas

582 3141 780 3209 gratias
811 3143 1000 3210 pergit.
1043 3143 1109 3195 Et
1138 3141 1258 3197 ideo
1299 3141 1586 3197 Flavianus
1627 3143 1764 3196 filius
1807 3157 1959 3197 meus
1998 3144 2161 3197 fretus

582 3229 829 3286 culminis
858 3231 932 3284 tui
967 3232 1239 3285 beneficiis
1275 3231 1414 3287 levat
1439 3231 1736 3286 istiusmodi
1763 3231 1946 3287 labore
1967 3247 2152 3287 curato

583 3323 838 3392 parentis.
876 3321 1077 3384 Restat,
1112 3331 1168 3377 ut
1196 3325 1447 3390 scribam,
1479 3324 1619 3394 quod
1649 3323 1793 3380 illius
1826 3339 2007 3380 coram
2039 3341 2162 3396 gra-

583 3414 769 3469 tulatio
797 3428 1081 3482 sequetur,
1115 3414 1246 3470 nihil
1290 3430 1410 3470 esse
1438 3417 1503 3469 ad
1548 3417 1890 3485 integrandas
1923 3416 2165 3472 fortunas

582 3506 857 3561 hominum
883 3505 1161 3560 virtutibus
1183 3507 1289 3561 tuis
1312 3507 1624 3576 promptius.
1657 3508 1988 3582 Reddideras
2012 3509 2166 3564 incli-

583 3603 766 3651 natum
796 3597 1074 3665 pristinum
1113 3606 1344 3666 statum,
1377 3607 1432 3653 et
1461 3599 1733 3667 putabaris
1763 3604 2165 3671 consumpsisse

585 3687 905 3756 praestanda.
931 3687 1080 3743 Nunc
1107 3687 1310 3758 adjecta
1340 3701 1421 3744 est
1451 3691 1497 3744 ei
1525 3689 1856 3745 honorabilis
1895 3693 2161 3746 evocatio.

583 3791 740 3846 quam
783 3778 1070 3833 testimonii
1105 3780 1177 3834 tui
1216 3779 1350 3848 juvit
1377 3782 1690 3838 auctoritas.
1735 3782 1918 3838 Novos
1964 3783 2166 3838 benefi-

582 3869 789 3923 ciorum
821 3868 1014 3938 gradus
1052 3871 1276 3936 invenis,
1311 3879 1364 3926 et
1388 3871 1782 3927 inconstantem
1827 3885 1983 3942 putas
2010 3890 2164 3928 amo-

585 3973 722 4025 rem,
763 3960 851 4029 qui
893 3958 1219 4015 incrementa
1250 3977 1356 4016 non
1387 3963 1611 4032 accepit.
1655 3963 1700 4018 Ο
1744 3963 1916 4019 felicis
1961 3965 2166 4033 ingenii

585 4051 998 4121 benignitatem!
1031 4053 1168 4121 Quid
1195 4054 1451 4111 Flaviano
1483 4073 1604 4112 meo
1624 4060 1856 4129 amplius
1885 4061 2046 4116 velim
2071 4077 2167 4115 ne-

583 4142 716 4210 scio,
747 4159 868 4200 cum
901 4155 954 4200 ιιι
983 4156 1174 4215 sponte
1202 4163 1536 4216 praecurrens
1578 4150 1915 4220 impudentes
1955 4168 2052 4207 nos
2086 4153 2164 4207 fa-

584 4235 696 4292 cias
725 4237 999 4305 mstitnari,
1028 4237 1073 4293 si
1100 4237 1275 4295 adhuc
1294 4242 1494 4312 aliquid
1524 4251 1792 4312 optamus.
1824 4243 1972 4300 Vale.

1153 4325 1160 4334 ’
1208 4333 1424 4390 EPIST.
1463 4334 1552 4388 VI.

1071 4438 1377 4479 BVMMACIIUS
1404 4440 1684 4481 STILICONI.

665 4508 983 4566 Evectiones
1013 4512 1331 4580 impetrasse
1358 4531 1444 4570 me
1476 4516 1705 4586 gaudeo,
1741 4517 1932 4586 quibus
1969 4527 2168 4586 praetu-

594 4615 709 4655 ram
738 4600 830 4655 filii
859 4603 986 4669 mei,
1021 4604 1220 4659 virtute
1243 4620 1344 4674 qua
1376 4607 1564 4675 polles,
1587 4607 1776 4678 juvare
1807 4609 2054 4679 dignatus
2084 4625 2164 4665 es.

595 4690 782 4746 Restat
811 4702 866 4747 ut
893 4694 1135 4748 cumules
1159 4710 1277 4765 qua!
1303 4696 1568 4767 magniﬁci
1594 4698 1756 4755 animi
1778 4703 2168 4760 consuetudine

591 4782 907 4854 prtestitisti,
931 4795 986 4840 et
1011 4784 1298 4843 familiares
1320 4803 1469 4842 meos
1496 4790 1546 4844 in
1578 4789 1852 4861 Hispania,
1883 4795 2075 4850 missos
2096 4796 2165 4849 ob

590 4887 849 4942 equorum
877 4875 1144 4929 curulium
1182 4882 1609 4947 coemptionem,
1639 4892 2004 4939 transcurrere
2044 4901 2168 4953 pro-

590 4967 735 5019 tinus
752 4965 963 5035 jubeas,
982 4968 1107 5039 quia
1140 4979 1379 5041 tempore
1408 4972 1600 5028 futurze
1624 4975 1874 5030 editionis
1895 4992 2164 5046 urgemur.

589 5055 722 5109 Illud
749 5067 926 5111 autem
967 5059 1034 5113 de
1063 5068 1115 5115 te
1141 5070 1324 5129 petere
1362 5079 1467 5117 non
1503 5065 1696 5131 audeo,
1728 5066 1824 5122 sed
1864 5076 1956 5122 tuo
1997 5069 2166 5122 relin-

589 5162 697 5216 quo
729 5147 961 5218 judieio,
995 5161 1062 5204 an
1093 5151 1339 5208 elféctutn
1369 5154 1619 5209 desiderii
1651 5158 1752 5211 mei
1784 5158 1921 5213 datis
1947 5159 2010 5212 ad
2039 5159 2172 5214 ami-

587 5253 681 5294 cos
705 5239 903 5295 litteris
934 5243 1212 5312 praecipias
1241 5245 1505 5313 adjuvari.
1541 5248 1690 5303 Vale.

1189 5335 1404 5392 EPIST.
1453 5337 1562 5391 VII.

1069 5444 1383 5484 εγιιιιιιοιιυθ
1412 5446 1686 5485 ετιιιοοιιι.

659 5517 891 5587 Agendis
914 5520 1007 5577 tibi
1035 5523 1221 5592 gratiis
1250 5537 1347 5590 pro
1375 5522 1763 5598 Flavianolilio
1793 5539 1936 5593 meo,
1973 5541 2168 5595 usque-

583 5625 792 5679 quaque
815 5613 1070 5682 imparem
1094 5629 1181 5669 me
1203 5615 1398 5670 sentio.
1436 5614 1640 5669 Etcum
1675 5616 1782 5670 sint
1811 5617 1976 5672 verba
2003 5620 2164 5673 rebus

588 5702 848 5769 faciliora,
890 5703 1132 5759 beneﬁcii
1180 5706 1252 5759 ttti
1300 5706 1717 5776 magnitudinem
1749 5708 1906 5763 dictis
1955 5725 2166 5778 aequare

587 5807 689 5848 non
718 5810 956 5863 possum.
993 5795 1172 5862 Neque
1202 5797 1345 5852 enim
1371 5811 1484 5854 mea
1516 5806 1715 5853 tantum
1745 5799 2027 5868 gratula'io
2060 5811 2163 5866 est,

2257 1940 2535 2009 imposuit;
2570 1944 2652 1997 cui
2680 1943 2746 1997 ad
2775 1945 2947 1998 vicem
2979 1947 3163 2014 gratia:
3196 1957 3248 2000 te
3279 1962 3344 2001 ac
3376 1948 3449 2000 ttti
3489 1947 3674 2001 similes
3689 1957 3780 2015 Opto

2257 2037 2569 2090 monitores.
2613 2037 2742 2090 Nam
2786 2040 3009 2092 summis
3040 2039 3248 2105 imperii
3297 2038 3698 2093 moderatmibns
3723 2040 3780 2106 pia

2257 2136 2311 2181 et
2341 2127 2532 2181 decora
2565 2128 2854 2183 suadentes
2878 2171 2892 2194 ,
2925 2129 3280 2183 instrumenta
3312 2139 3438 2182 sunt
3479 2129 3599 2184 boni
3625 2127 3781 2184 szccnli.

2263 2217 2353 2272 Est
2380 2217 2594 2286 quidem
2621 2220 2816 2273 rectori
2851 2229 3035 2273 nostro
3067 2220 3230 2274 divini
3267 2221 3429 2274 fontis
3461 2219 3721 2290 ingenium,
3747 2230 3782 2272 et

2259 2311 2324 2364 ad
2356 2312 2594 2364 omnium
2626 2311 2879 2366 virtutum
2908 2328 3126 2366 cursum
3159 2325 3411 2384 prompta
3443 2325 3636 2368 natura.
3674 2312 3782 2373 Sed,

2262 2413 2316 2455 ut
2364 2401 2596 2470 imagine
2643 2402 2774 2457 mihi
2818 2404 2889 2458 uti
2934 2404 3122 2468 liceat,
3175 2407 3413 2474 Optimos
3463 2393 3783 2475 gubernatum

2263 2493 2399 2547 haud
2438 2494 2779 2551 mediocriter
2816 2496 2975 2549 etiam
3023 2498 3286 2566 remigum
3334 2512 3524 2551 manus
3553 2498 3700 2563 juvat.
3732 2495 3784 2547 Te
3870 2529 3871 2532 η

2262 2601 2389 2640 vero
2425 2585 2579 2640 fama:
2605 2586 2722 2655 ejus
2760 2587 3110 2643 amicitiorcut
3143 2603 3266 2643 cum
3304 2588 3436 2644 lides
3475 2588 3677 2651 militia,
3707 2595 3785 2638 tttnt
3870 2603 3871 2656 ξ

2264 2678 2670 2733 necessitudinis
2697 2678 2905 2733 affectio
2933 2680 3127 2735 reddit.
3161 2681 3300 2736 Hinc
3321 2691 3426 2745 est,
3457 2682 3588 2748 quod
3615 2679 3675 2732 i:|i
3696 2691 3785 2742 ι)ιο⁴
3870 2673 3871 2712 l

2265 2769 2504 2825 merendi
2540 2769 2772 2838 undique
2798 2773 2997 2826 amoris
3039 2774 3152 2827 vias
3193 2772 3437 2838 invenis;
3470 2784 3522 2827 et
3550 2768 3784 2836 majoribus
3870 2768 3871 2824 ἲ

2263 2873 2578 2930 occupatum
2633 2879 2818 2918 mones
2872 2865 3073 2932 privata
3123 2865 3231 2921 fata
3281 2867 3563 2937 respicere.
3610 2859 3784 2918 llutnani

2264 2967 2422 3006 casus
2444 2953 2495 3006 in
2520 2951 2694 3023 fugam
2728 2954 2863 3008 versi
2887 2968 3032 3022 sunt,
3054 2956 3296 3028 nihilque
3319 2959 3368 3012 in
3389 2966 3570 3012 senatu
3592 2962 3786 3008 nuestum

2268 3045 2484 3100 resedit.
2509 3047 2646 3101 Aliis
2670 3047 2921 3114 tributus,
2946 3051 3062 3104 aliis
3095 3052 3394 3121 integratus
3416 3063 3495 3107 est
3525 3052 3692 3104 honor.
3717 3046 3786 3099 t'ni

2268 3139 2483 3193 familia:
2531 3139 2775 3204 debetur,
2819 3141 3073 3210 quidquid
3107 3142 3306 3213 singuli
3354 3159 3556 3197 sumus.
3589 3139 3679 3196 Sed
3707 3138 3786 3206 jam

2266 3233 2494 3288 servabo
2521 3234 2761 3304 epistola:
2785 3236 3040 3290 lertuinos
3067 3253 3078 3288 :
3105 3252 3298 3293 vereor
3321 3239 3462 3294 etim
3494 3253 3556 3291 ne
3585 3236 3684 3289 haec
3707 3233 3787 3300 ipsa

2268 3323 2493 3379 aderant
2541 3325 2808 3380 fastidium
2855 3328 3126 3395 praeclara:
3163 3331 3500 3386 verecundia:
3548 3340 3658 3392 tute,
3695 3339 3786 3378 cum

2267 3429 2482 3486 aequare
2509 3427 2612 3470 inll
2651 3418 2853 3482 possint
2881 3419 3053 3473 vicem
3085 3424 3295 3487 gratim.
3332 3423 3421 3476 Illa
3453 3421 3620 3492 potius
3643 3413 3788 3487 gaudia

2270 3523 2323 3565 te
2353 3521 2722 3578 munercntur,
2751 3528 2868 3583 qu:e
2892 3516 3205 3571 meritorum
3234 3518 3496 3572 securitas
3524 3515 3664 3584 parit.
3692 3507 3788 3564 Nolo

2267 3619 2331 3658 ex
2371 3605 2550 3660 verbis
2576 3605 2888 3676 cujusquam
2927 3624 3112 3678 speres
3155 3612 3288 3664 tanti
3325 3607 3564 3663 beneficii
3607 3601 3785 3659 ευιιιιὶοο

2269 3711 2412 3752 nem.
2459 3691 2821 3755 Prte‘caateris
2853 3701 3036 3766 nosti,
3082 3701 3258 3757 solum
3288 3693 3632 3758 conscientia:
3674 3697 3790 3749 bona

2269 3788 2544 3856 praemium
2611 3792 2919 3848 satisfacere
2975 3797 3132 3863 posse
3199 3810 3392 3865 magna
3451 3785 3788 3863 praestantibus.

2271 3879 2445 3936 Unum
2471 3891 2644 3938 tamen
2671 3892 2918 3954 tanquam
2938 3885 3324 3942 iinmoderatns
3341 3885 3549 3956 adjicio,
3575 3891 3625 3934 ut
3640 3876 3789 3950 jugilcl‘

2267 3972 2322 4026 in
2353 3972 2606 4028 Flaviano
2632 3989 2754 4029 meo
2786 3976 3044 4032 beneficia
3075 3987 3163 4031 tua
3195 3977 3412 4049 diligas.
3449 3975 3586 4030 Vale.

2861 4068 3079 4126 EPIST.
3127 4070 3260 4126 VIII.

2773 4175 3083 4218 SYIHIACIIUS
3112 4177 3399 4220 STILICONI.

2341 4251 2582 4323 Intelligo
2618 4267 2684 4308 ex
2725 4268 2874 4309 mora
2903 4265 2956 4310 et
2984 4256 3329 4313 cunctatione
3371 4251 3602 4324 rescripti
3636 4242 3788 4304 divini.

2271 4344 2466 4414 aliquid
2491 4345 2542 4400 in
2567 4344 2671 4411 his,
2694 4362 2815 4416 qua:
2837 4348 3085 4417 pra-toria
3115 4348 3203 4402 filii
3230 4350 3333 4404 mei
3357 4342 3654 4416 supplicatio
3673 4351 3789 4392 com-

2276 4436 2584 4505 prehendit,
2617 4437 2968 4506 incongruum
2993 4439 3077 4494 vel
3117 4438 3339 4494 dubium
3381 4432 3619 4508 judicari.
3660 4430 3792 4491 ΔιίΙυθ

2277 4527 2398 4582 ideo
2425 4527 2602 4582 denuo
2633 4526 2726 4581 tibi
2757 4528 3070 4597 petitionum
3103 4545 3343 4584 mearum
3386 4527 3550 4582 debeo
3587 4524 3790 4612 pra-stare

2275 4617 2557 4674 rationem.
2591 4619 2664 4673 De
2684 4618 2836 4688 equis
2856 4619 2926 4674 oh
2947 4621 3173 4675 natalem
3198 4619 3402 4676 domini
3430 4615 3588 4672 nostri
3614 4611 3790 4666 Honor"

2273 4720 2326 4762 et
2371 4709 2702 4763 invictissimi
2744 4710 2998 4779 principis
3039 4711 3348 4781 largiendis,
3392 4710 3513 4764 licet
3552 4706 3642 4758 hoc
3677 4709 3784 4751 amt"

2275 4799 2518 4869 obsequii
2540 4801 2694 4854 istius
2716 4810 2924 4870 tempus
2944 4801 3231 4870 efﬂuxerit,
3255 4806 3446 4872 Opinor
3469 4807 3632 4856 votum
3653 4796 3790 4844 meum

2273 4904 2381 4944 non
2408 4891 2645 4959 potuisse
2671 4892 3008 4961 reprehendi.
3039 4893 3207 4960 Aqua:
3227 4910 3354 4949 vero
3385 4886 3641 4945 theatralis
3655 4889 3700 4934 et
3718 4877 3788 4928 lto'

2273 4980 2620 5036 Iosericarum
2659 4985 2884 5037 vestium
2914 4984 3236 5053 impetratio,
3266 4986 3425 5041 etiam
3453 4977 3566 5036 aliis
3597 4983 3703 5029 ante
3727 4977 3790 5019 me

2275 5071 2588 5142 plerumque
2613 5073 2787 5128 delata
2819 5082 2903 5129 est
2922 5092 2937 5130 :
2955 5087 3008 5130 et
3031 5076 3150 5131 ideo
3171 5077 3390 5146 juvatur
3417 5067 3672 5137 exemplis.
3693 5061 3790 5148 Am:

2280 5163 2691 5233 phitheatricum
2729 5165 3119 5233 spectaculum,
3164 5167 3307 5237 quod
3344 5160 3558 5222 editioni
3599 5151 3792 5242 ﬁlii-lltfl

2280 5265 2497 5324 propter
2535 5257 2882 5324 capacitatem
2922 5256 3021 5310 loci
3052 5234 3454 5323 Optovconccdi;
3503 5250 3650 5305 etiam
3687 5234 3792 5333 Iud.“

2278 5345 2384 5399 eris
2427 5355 2751 5416 qumstorum
2793 5347 3202 5415 prtelusionibus
3233 5364 3334 5404 non
3366 5352 3629 5414 negatum,
3669 5334 3789 5383 test!-

2278 5439 2460 5493 monio
2482 5448 2608 5493 sunt
2638 5443 2923 5507 rescripta;
2955 5457 3124 5510 neque
3154 5441 3423 5510 privilegio
3452 5434 3572 5491 solis
3601 5439 3689 5483 non
3717 5431 3787 5485 Ili“

2279 5541 2390 5584 tere
2417 5531 2746 5585 consulibus.
2774 5531 2925 5586 Scias
2947 5548 2974 5585 a
2999 5548 3082 5587 me
3112 5534 3309 5588 dudum
3341 5531 3413 5587 rei
3446 5526 3590 5581 iSIius
3614 5520 3788 5587 Proces'

2279 5622 2414 5675 sisse
2462 5621 2774 5690 principium
2812 5640 2825 5676 :
2861 5639 2963 5678 non
3014 5636 3066 5677 ιιι
3114 5625 3322 5696 fastigio
3365 5610 3640 5676 consulari,
3667 5591 3786 5704 ἰιιηξιί

2277 5714 2514 5778 [πυκτιηο
2543 5711 2614 5765 ιιιὶ
2644 5712 2891 5767 culminis
2928 5714 3072 5776 felix,
3101 5725 3156 5769 ct
3178 5715 3302 5770 olim
3332 5712 3531 5767 debitus
3560 5698 3787 5787 magiSlfa'

2275 5815 2357 5859 “'5
2398 5803 2634 5871 οτηίιῖῖί,
2674 5819 2739 5861 ex
2771 5805 2871 5861 hoc
2902 5806 3097 5876 aliquid
3147 5803 3642 5867 adderetnrfncqttc
3675 5787 3785 5837 90""
