3932 6432
117 374 217 429 215

1244 364 1758 425 ~EPISTOLARUM
1800 365 2005 423 LIBER
2047 367 2134 423 IV.

3265 374 3373 428 220

118 483 413 553 praecipuus
452 483 624 538 honor
654 498 830 539 rerum
872 491 1053 537 tanttm
1085 482 1307 551 requirit
1339 477 1670 547 augmenta),
1700 479 1747 533 Α
1780 479 2015 533 omnium
2062 488 2243 549 potes,
2274 493 2364 547 qui
2407 487 2529 533 ante
2571 489 2813 537 ocnettcn
2839 489 3025 538 auctor
3052 494 3215 540 mtstt.
3245 485 3359 556 Ego

118 574 205 628 sed
227 588 294 626 ne
321 573 548 641 populus
577 572 846 626 Romanus
864 572 1196 640 appetentior
1212 567 1509 622 istiusmodi
1537 566 1687 619 volu-

117 663 304 731 ptatis,
354 662 576 715 minoris
625 662 726 714 loci
776 669 1027 729 urgeatur
1079 658 1362 727 angustiis.
1414 657 1681 709 Caeterum

114 753 239 822 quid
268 751 624 822 praerogativae
652 751 845 805 habeat
873 766 976 804 non
1004 750 1179 811 video,
1212 762 1331 802 cum
1367 746 1529 800 etiam
1557 758 1689 799 cen-

113 847 290 900 suales
317 844 614 899 absentium
647 857 864 896 munera
885 841 993 894 illic
1014 840 1221 894 soleant
1242 836 1528 897 exhibere;
1552 847 1686 903 quo-

116 953 229 989 rum
254 936 673 990 mediocritatem
700 933 941 988 volumus
963 930 1223 985 aemulari.
1250 928 1372 982 llaec
1394 940 1459 981 eo
1480 924 1681 987 scribo,

114 1042 175 1079 ne
213 1029 396 1081 videar
425 1025 737 1093 iniquitatis,
762 1032 852 1076 aut
881 1020 1176 1075 insolentiae
1202 1017 1374 1087 argui,
1401 1018 1443 1070 si
1477 1013 1680 1082 aliquid

111 1120 423 1188 denegetur.
450 1118 554 1172 Sed
585 1115 1039 1191 eminentissimm,
1065 1120 1120 1167 et
1141 1124 1353 1179 semper
1377 1107 1506 1161 mihi
1530 1119 1685 1161 reve-

114 1210 289 1263 renda:
324 1208 632 1261 sublimitati
672 1216 775 1260 tua:
805 1201 1217 1273 expendendutn
1255 1200 1521 1267 relinquo,
1548 1195 1675 1264 quid

112 1300 306 1355 merito
326 1298 598 1354 existimes
620 1297 927 1351 convenire.
969 1295 1191 1347 Temere
1213 1288 1355 1344 enim
1381 1287 1561 1357 opinio
1588 1285 1684 1338 ho-

113 1393 308 1446 minum
337 1390 621 1460 judicabit,
654 1389 697 1441 si
723 1388 865 1456 justa
908 1402 1013 1440 non
1056 1387 1367 1452 impetrem,
1409 1393 1532 1433 cum
1575 1388 1682 1430 tua!

111 1498 348 1536 censura;
379 1482 588 1534 animus
616 1479 786 1532 soleat
813 1491 1001 1546 magna
1026 1484 1300 1543 prmstare.
1337 1469 1485 1524 Vale.

726 1588 937 1644 EI’IST.
987 1585 1081 1642 IX.

593 1697 896 1738 SYIIACBUS
919 1693 1198 1735 STILICONI.

172 1780 310 1833 Cum
335 1776 550 1831 sublimi
572 1774 890 1829 excellentia
924 1780 1009 1825 tua
1041 1769 1362 1838 legationem
1394 1764 1524 1818 mihi
1566 1777 1683 1819 am-

109 1869 384 1939 plissimus
434 1866 568 1920 ordo
616 1864 907 1927 mandavit,
949 1875 1107 1929 quam
1159 1855 1580 1924 suscipiendam,
1628 1864 1683 1909 et

108 1962 399 2014 necessitas
423 1957 628 2025 impulit
659 1956 862 2023 patriae,
896 1962 950 2007 et
993 1951 1068 2004 tui
1098 1948 1345 2004 culminis
1374 1946 1682 2016 provocavit

108 2052 388 2104 auxilium.
423 2050 707 2102 Pervectus
744 2047 904 2113 igitur
947 2044 1012 2097 ad
1058 2040 1369 2097 comitatum
1404 2039 1607 2092 domini
1628 2047 1682 2093 et

111 2142 364 2209 principis
388 2140 555 2192 uestri
590 2137 804 2191 HonOrii
833 2136 1097 2197 notitiam,
1136 2130 1544 2200 magnificentia:
1576 2138 1680 2182 tua:

108 2234 317 2287 deferre
341 2246 447 2284 non
477 2230 656 2284 distuli
685 2229 944 2283 adventus
974 2227 1078 2279 inci
1108 2238 1346 2279 causam.
1388 2223 1465 2277 De
1489 2237 1682 2277 censit-

108 2340 177 2378 ra:
201 2324 352 2378 enim
386 2331 487 2376 tua:
533 2320 729 2391 pendet
771 2319 995 2374 arbitrio
1023 2331 1147 2385 spes
1171 2314 1469 2371 communis
1495 2313 1678 2367 officii.

107 2416 302 2480 Qua-so
330 2412 514 2482 igitur,
542 2422 596 2465 ut
631 2410 783 2466 lectis
810 2408 1128 2476 amplissimi
1168 2405 1374 2460 ordinis
1417 2404 1681 2473 petitioni-

111 2506 220 2568 bus,
259 2516 492 2570 quarum
538 2501 787 2569 exempla
824 2498 1121 2567 conjunxi;
1174 2495 1312 2550 inter
1354 2494 1538 2549 felices
1572 2510 1681 2548 ma-

106 2597 399 2667 gnitudinis
426 2605 530 2649 tuie
553 2605 725 2657 actus,
763 2608 925 2662 super
954 2592 1052 2645 bac
1079 2604 1291 2661 quoque
1313 2599 1461 2658 parte
1490 2603 1681 2659 exspe-

108 2682 395 2743 ctationem
422 2701 593 2740 meam
624 2684 814 2740 litteris
842 2681 1076 2753 digneris
1107 2684 1390 2735 instruere.
1420 2678 1573 2734 Vale.

603 2802 816 2857 EPIST.
848 2801 914 2856 Χ.
955 2800 1056 2858 CS.
1085 2799 1185 2854 CS.

174 2897 327 2950 Itane
366 2894 648 2950 sublimem
697 2894 932 2947 an’mum
977 2902 1124 2946 tuum
1157 2891 1259 2947 mei
1289 2890 1431 2959 cepit
1461 2889 1678 2952 oblivio,

109 2995 163 3039 nt
187 2986 373 3040 tandiu
401 2992 666 3041 exsortem
690 2982 944 3053 colloquii
967 2985 1039 3036 tui
1072 2997 1157 3036 me
1177 2996 1299 3036 esse
1327 2981 1580 3049 patiaris?
1600 2980 1681 3034 An

108 3078 384 3132 existimas
412 3076 712 3144 neglectum
744 3074 1023 3127 familiaris
1047 3072 1206 3127 officii
1246 3072 1615 3142 aequanimiter
1650 3088 1681 3127 a

109 3184 192 3223 tne
240 3182 407 3238 posse
448 3165 708 3221 tolerari?
750 3165 886 3232 Quin
916 3178 1032 3233 age,
1068 3175 1124 3217 ut
1147 3178 1262 3218 mos
1290 3173 1372 3218 est
1400 3163 1683 3218 virtutibus
1710 3185 1756 3249 ρ

113 3261 245 3324 tuis,
291 3266 351 3313 et
404 3257 690 3311 amicitiam
740 3256 1057 3325 scriptorum
1117 3254 1372 3319 celebra,
1421 3253 1687 3322 simulque

112 3352 337 3411 :estima,
369 3362 528 3418 quam
552 3345 770 3401 uberior
797 3360 859 3398 ac
887 3346 1182 3417 promptior
1206 3342 1397 3398 litteris
1426 3343 1528 3397 luis
1552 3358 1580 3396 a
1602 3357 1688 3397 tne

110 3454 231 3491 cura
262 3431 554 3493 referenda
586 3438 677 3504 sil,
707 3450 826 3506 qua:
849 3432 1015 3492 ctiam
1061 3434 1259 3491 tacenti
1308 3433 1509 3504 juglter
1535 3433 1688 3488 exhi-

109 3529 277 3585 betur.
310 3528 464 3583 Vale.

711 3597 926 3655 EPIST.
984 3597 1078 3653 XI.

572 3706 742 3745 SYIIIIA
752 3706 877 3745 IIIIIS
929 3703 1207 3746 STILICONI.

172 3786 335 3853 Saepe
361 3783 428 3838 ad
461 3794 512 3837 te
544 3784 750 3837 litteras
773 3782 916 3848 dedi,
950 3796 1084 3851 quas
1115 3779 1335 3851 quidem
1368 3778 1532 3835 credo
1556 3794 1685 3848 sup-

107 3892 350 3945 pressas.
381 3875 610 3943 Quando
634 3875 775 3929 enim
818 3874 901 3927 vir
943 3870 1374 3927 servantissimus
1413 3870 1683 3934 amicitiae,

109 3971 406 4040 multisque
434 3968 598 4022 animi
642 3967 796 4022 bonis
840 3965 1117 4035 prteditus,
1155 3964 1514 4033 dignationem
1558 3962 1687 4016 mibi

113 4063 274 4117 officii
302 4061 769 4130 tuidenegasses?
814 4058 996 4113 Fuerit
1039 4060 1139 4111 lioc
1182 4055 1607 4124 eorum,qnibns
1635 4055 1688 4109 in

108 4154 399 4209 reddendis
426 4154 633 4222 paginis
656 4151 785 4206 fides
807 4150 995 4205 defuit.
1021 4148 1173 4203 Nunc
1199 4161 1420 4201 eventus
1442 4146 1689 4215 optabilis

106 4257 351 4302 veternm
383 4261 593 4299 tnorum
619 4253 949 4311 sequestrem
995 4239 1210 4308 scriptis
1254 4239 1386 4292 meis
1418 4238 1685 4305 priestitit.

108 4339 271 4407 Igitur
292 4338 601 4405 diligentia,
630 4351 787 4405 quam
814 4332 1197 4403 proficiscentis
1221 4329 1445 4383 fidelitas
1475 4328 1690 4397 pollice-

110 4442 213 4497 tur,
240 4446 373 4499 erga
400 4440 452 4483 te
491 4428 695 4482 cultum
731 4424 1067 4481 Salutationis
1113 4425 1375 4478 instauro.
1416 4422 1691 4491 Responsa

110 4533 194 4577 tua
242 4523 469 4585 facient,
498 4530 557 4574 ιιι
587 4534 739 4574 usum
779 4520 899 4589 styli
924 4532 1020 4586 per
1052 4512 1425 4570 verecundiam
1460 4528 1581 4567 sero
1609 4526 1694 4565 re-
1719 4553 1771 4612 Β

111 4615 361 4682 petitum,
416 4610 784 4666 vicissitudine
831 4617 1150 4678 provocatus
1193 4605 1499 4675 frequenter
1539 4616 1693 4658 exer-

112 4718 280 4758 ceam.
316 4702 473 4757 Vale.

694 4768 912 4824 EPIST.
972 4767 1089 4821 XII.

605 4876 910 4915 SYIIMACIIUS
935 4873 1210 4913 STILICONI.

181 4953 541 5011 Consulatum
593 4968 774 5007 meum
815 4952 1133 5006 liberalitate
1172 4951 1474 5008 continuas.
1521 4955 1595 5012 et,
1642 4956 1700 5000 ut

116 5050 617 5116 pnblicusparens,
651 5044 702 5098 in
733 5045 942 5098 futuros
972 5043 1129 5096 eiam
1164 5042 1504 5110 magistratus
1533 5039 1701 5106 impev

115 5143 305 5196 rialem
336 5152 596 5208 provoCas
620 5137 941 5206 largitatem.
984 5135 1100 5202 Quo
1122 5149 1249 5202 ergo
1278 5132 1407 5186 mihi
1447 5145 1540 5185 ore
1562 5129 1702 5184 cele-

118 5233 363 5288 brandus
394 5246 476 5295 es,
518 5230 609 5299 qui
654 5228 864 5297 fastigio
908 5227 1170 5280 bonorum
1206 5224 1326 5293 jure
1360 5221 1699 5290 conspicuus,

119 5325 409 5395 pmtorios
447 5336 659 5391 quoque
701 5321 922 5375 instruis
960 5318 1277 5389 apparatus?
1315 5315 1516 5386 cogitas
1559 5313 1700 5369 enim

121 5419 339 5474 ceteris
368 5416 577 5471 smculis
600 5414 761 5470 etiam
795 5415 1119 5483 privatorum
1154 5412 1331 5465 munia
1353 5409 1548 5463 debere
1574 5421 1703 5460 con-

122 5527 344 5582 gruere.
376 5509 555 5577 Itaque
585 5506 806 5560 domino
835 5515 1020 5559 nostro
1042 5501 1279 5557 llonorio
1302 5500 1493 5553 divina:
1523 5497 1704 5564 stirpis

126 5611 358 5671 angusto
385 5596 745 5653 benefaciendi
770 5611 984 5663 semper
1023 5594 1174 5648 addis
1217 5591 1473 5654 calorem,
1520 5587 1707 5643 doces-

126 5711 229 5762 qne
272 5690 535 5747 invictum
590 5688 881 5756 principem
927 5684 1250 5740 senatoriam
1285 5679 1703 5736 mediocritatem

130 5784 449 5842 n.uueribus
473 5783 714 5838 incitare.
763 5780 855 5833 Cui
886 5795 983 5846 pro
1008 5795 1090 5833 me
1134 5791 1290 5844 agere
1336 5774 1532 5842 gratias
1564 5771 1706 5825 solns

1793 567 1845 622 in
1876 570 1969 623 filii
2002 569 2105 624 mei
2127 567 2365 623 editione
2387 571 2644 638 testabor,
2675 587 2796 626 cum
2822 572 3115 629 Romanam
3144 589 3359 631 caveam

1791 660 2163 728 leopardorutn
2189 675 2377 716 cursus
2409 662 2729 731 impleverit,
2760 664 2844 719 cui
2883 664 3078 733 justior
3119 668 3359 735 plausus,
3407 698 3410 703 -

1788 757 1842 803 et
1862 749 1981 803 laeta
2004 750 2451 818 vocumsnll'ragia
2466 751 2779 807 debeantur.
2799 752 3029 823 Longius
3051 770 3355 826 pergerem,
3404 774 3410 796 ι

1789 840 1890 893 nisi
1924 850 2043 893 tuus
2083 840 2279 894 nobilis
2318 839 2490 909 pudor
2532 856 2627 909 par
2665 843 2953 899 virtutibus
2987 847 3217 909 caeteris,
3249 847 3363 901 lau-

1787 926 1870 981 dis
1919 942 2082 981 onera
2136 929 2346 983 vitaret.
2407 929 2511 983 Ero
2560 931 2719 999 igitur
2768 935 3053 990 verborum
3096 936 3359 1000 modicus.

1785 1017 1911 1071 dum
1935 1018 2186 1087 singulari
2217 1019 2554 1074 verecundia:
2586 1031 2688 1075 tua:
2728 1023 3016 1095 obsequor.
3069 1027 3175 1083 Sed
3220 1044 3365 1098 pra:-

1786 1109 1927 1165 celsa
1976 1112 2276 1168 sublimitas
2306 1120 2393 1167 tua
2443 1122 2621 1169 teneat
2658 1114 2974 1187 definitum,
3027 1135 3198 1175 meam
3241 1138 3361 1192 gra-

1787 1203 1935 1269 tiam,
1961 1219 2080 1275 qua
2102 1220 2259 1276 parca
2302 1207 2565 1261 sermonis
2588 1216 2689 1274 est,
2743 1210 2795 1263 in
2818 1211 2997 1266 animo
3038 1213 3359 1271 redundare.

1786 1293 1935 1350 Vale.

2367 1367 2584 1425 EPIST.
2616 1370 2754 1426 XIII.

2254 1472 2554 1515 SVHNACHUS
2590 1476 2845 1518 STILICONI
2856 1502 2868 1518 .

1855 1566 1933 1621 Ad
1961 1568 2179 1635 patriam
2206 1568 2424 1625 rediisse
2457 1586 2542 1626 me
2563 1574 2772 1639 nuntio,
2798 1574 3022 1631 necdum
3043 1586 3347 1646 compotem

1784 1658 2049 1713 sanitatis.
2095 1658 2199 1713 Sed
2242 1659 2287 1713 si
2331 1668 2454 1714 tuus
2496 1662 2759 1718 adventus
2802 1666 3084 1731 arriserit,
3113 1681 3272 1736 spero
3304 1667 3356 1721 in

1784 1749 2010 1818 gratiam
2049 1764 2258 1804 mecum
2288 1750 2483 1806 bonam
2512 1752 2873 1811 valetudinem
2902 1771 3025 1811 mox
3067 1771 3187 1813 esse
3215 1757 3357 1813 redi-

1716 1820 1759 1881 B
1789 1851 1984 1898 turam.
2018 1842 2169 1897 Vale.

2365 1935 2579 1992 EPIST.
2623 1936 2763 1994 XIV.

2266 2042 2567 2083 εγιιιιλοιωε
2608 2042 2885 2085 ετιιιοοΜ.

1851 2141 1984 2195 Cum
2015 2140 2152 2194 filios
2186 2150 2399 2194 nostros
2419 2139 2583 2210 jugali
2611 2139 2811 2196 findere
2841 2141 3049 2197 sociare
3071 2139 3353 2210 vellemus,

1783 2233 2009 2302 primam
2062 2247 2225 2299 super
2266 2232 2367 2286 boc
2402 2233 2851 2301 magnificentiam
2902 2241 3045 2288 tuam
3080 2235 3356 2289 meditatio

1784 2331 1962 2377 nostra
1987 2324 2276 2389 consuluit,
2309 2332 2366 2377 ιιι
2391 2324 2552 2391 empti
2581 2322 2749 2378 felicis
2772 2325 3064 2394 auspicium
3085 2340 3114 2379 a
3139 2338 3358 2395 parente

1784 2414 1993 2483 publico
2024 2424 2344 2469 sumeretur.
2400 2414 2657 2469 Effectum
2700 2415 3022 2482 nuptialibus
3047 2417 3185 2469 votis
3216 2415 3355 2469 Deus

1784 2508 2048 2577 priestitit.
2078 2507 2227 2561 Nunc
2251 2506 2421 2561 honor
2441 2507 2694 2573 sportulae
2740 2506 3095 2576 suscipienda:
3134 2506 3357 2561 culmini

1785 2609 1874 2652 tuo
1897 2608 1951 2654 et
1976 2616 2141 2663 more,
2168 2610 2222 2655 et
2246 2614 2431 2655 amere
2458 2599 2748 2655 solvendus
2789 2610 2891 2654 est.
2923 2599 3240 2666 Quaesumus
3270 2615 3359 2655 rc-

1781 2691 2027 2757 cipiendo
2064 2690 2322 2760 obsequio
2364 2706 2579 2745 manum
2624 2700 2785 2760 atque
2812 2690 3047 2743 animum
3089 2690 3353 2759 benignus

1784 2780 2093 2834 admoveas.
2138 2780 2289 2834 llunc
2316 2782 2459 2835 enim
2507 2779 2706 2834 laetitia:
2750 2779 2924 2834 adhuc
2970 2781 3177 2848 apicem
3223 2780 3356 2833 festa

1785 2881 1965 2925 nostra
1991 2871 2294 2925 desiderant
2318 2888 2332 2935 ;
2384 2879 2442 2924 nt
2471 2869 2539 2935 is,
2566 2869 2658 2939 qui
2690 2867 2844 2924 nobis
2869 2877 3058 2923 auctor
3086 2878 3210 2923 ante
3249 2884 3359 2922 om-

1787 2977 1882 3016 nes
1903 2975 2023 3015 esse
2042 2960 2289 3029 dignatus
2316 2976 2377 3017 es
2394 2960 2680 3030 jungenda:
2715 2974 2812 3029 per
2836 2961 2973 3016 filios
3003 2959 3357 3015 necessitudi-

1787 3052 1889 3115 nis,
1920 3066 2072 3121 atque
2095 3065 2313 3106 maneas
2334 3050 2680 3121 approbator.
2716 3050 2864 3105 Vale.

2382 3184 2593 3241 EPIST.
2639 3184 2755 3240 xv.
2886 3260 2890 3265 ἱ

2284 3294 2588 3335 διιιιιιΑοιιυε
2612 3292 2861 3333 ΒΑΤΠΟΜ.

1856 3396 1973 3453 Non
2002 3395 2144 3452 cadit
2167 3396 2220 3451 in
2252 3404 2305 3451 te
2327 3395 2427 3450 ista
2455 3394 2717 3463 suspicio,
2752 3401 2811 3447 ut
2830 3392 3079 3448 consulto
3114 3394 3363 3449 amicitia

1787 3489 2060 3558 negligens
2083 3487 2249 3541 fuisse
2270 3485 2527 3541 eredaris.
2555 3486 2650 3540 Est
2672 3484 2767 3538 tibi
2799 3484 3012 3539 animus
3035 3494 3190 3539 tenax
3214 3484 3360 3549 fidei,

1787 3591 1842 3636 et
1880 3590 1939 3635 ιιι
1995 3581 2046 3633 in
2098 3578 2424 3649 recipiendis
2469 3578 2928 3632 familiaritatibus
2974 3577 3361 3646 circumspecta

1787 3671 2016 3736 cautela,
2035 3670 2106 3724 ita
2131 3670 2186 3723 in
2209 3668 2499 3723 retinendis
2521 3668 2673 3722 firma
2693 3667 3011 3723 constantia.
3029 3666 3364 3736 Quapropter

1789 3779 1889 3819 nec
1926 3772 2049 3817 ante
2078 3766 2323 3830 opinatus
2349 3775 2468 3815 sum
2490 3770 2796 3827 exemptum
2823 3773 2910 3813 me
2944 3772 3167 3812 numero
3195 3766 3365 3812 cante-

1790 3871 1994 3919 rorum,
2025 3854 2217 3923 quibus
2253 3852 2509 3922 principio
2553 3852 2676 3905 anni
2723 3866 2917 3904 munus
2957 3850 3240 3903 consulare
3272 3850 3366 3902 tri-

1790 3947 1947 4002 buisti
1974 3962 1988 4011 ;
2021 3954 2073 3999 et
2093 3959 2233 3999 nunc
2253 3944 2478 4012 amplius
2504 3957 2661 4012 quam
2692 3941 2913 4009 reliquis
2935 3940 3063 3994 milii
3090 3940 3252 3994 credo
3273 3938 3368 3993 de-

1791 4040 1982 4094 latum.
2023 4038 2155 4093 Nam
2182 4038 2330 4106 quod
2369 4037 2475 4090 illis
2494 4034 2760 4105 generalis
2784 4034 2986 4088 oblatio
3010 4033 3181 4095 dedit,
3212 4033 3364 4087 nobis

1792 4131 2040 4200 specialis
2063 4144 2188 4183 cura
2220 4127 2475 4182 restituit.
2508 4127 2623 4194 Qua
2650 4126 2700 4178 in
2734 4140 2790 4179 re
2813 4124 2895 4179 Itis
2915 4139 3125 4193 quoque
3146 4138 3368 4178 succen-

1793 4237 1910 4277 sere
1939 4236 2043 4274 non
2074 4220 2265 4280 debeo,
2307 4218 2395 4285 qni
2446 4232 2532 4271 me
2570 4224 2837 4269 exsortem
2878 4215 3069 4283 prioris
3107 4214 3365 4267 honorifi-

1793 4313 1981 4367 centia:
2002 4325 2123 4364 esse
2152 4308 2453 4361 voluerunt.
2478 4304 2661 4373 Neque
2687 4305 2828 4358 enim
2855 4305 3011 4358 aliter
3029 4304 3245 4359 evenire
3274 4318 3366 4371 po-

1797 4406 2002 4467 tuisset,
2031 4410 2086 4454 ut
2105 4400 2245 4468 quod
2274 4399 2418 4452 fraus
2438 4398 2607 4452 aliena
2630 4395 2986 4458 subtraxerat,
3012 4394 3090 4448 llis
3113 4409 3365 4448 mererer.

1795 4494 1967 4550 Stabit
1994 4493 2155 4563 igitur
2180 4490 2319 4559 apud
2349 4488 2583 4543 animttm
2619 4502 2795 4540 meum
2813 4485 2955 4555 jngis
2987 4495 3073 4539 tna
3101 4484 3290 4553 gratia,
3314 4492 3373 4538 et

1796 4586 2051 4644 memoria
2078 4584 2370 4639 constantis
2395 4581 2555 4636 officii
2584 4580 2723 4634 nulla
2749 4578 3018 4633 oblivione
3040 4576 3368 4641 tenuabitur,

1799 4683 1914 4735 sive
1945 4693 2096 4734 error
2126 4675 2286 4739 istud,
2337 4689 2431 4729 seu
2462 4673 2616 4727 dolus
2654 4671 2862 4726 fecerit.
2908 4670 3143 4724 Docuisti
3183 4682 3373 4722 omnes

1803 4772 1933 4827 nihil
1963 4770 2189 4824 ulterius
2218 4767 2283 4821 ad
2311 4762 2663 4821 destruendas
2691 4762 2954 4817 amicitias
2996 4759 3248 4815 callidum
3283 4773 3375 4813 co-

1801 4867 1988 4936 gitare,
2018 4877 2152 4933 quas
2182 4860 2364 4916 vident
2391 4856 2597 4913 insidiis
2625 4856 2734 4910 suis
2773 4868 3039 4911 crescere.
3071 4853 3217 4908 Vale.

2390 4990 2603 5047 EPIST.
2646 4988 2786 5043 XVI.

2302 5095 2606 5137 εῖιιιιλοιιυε
2634 5093 2877 5133 BA'I'IIONI.

1882 5205 2024 5260 Inter
2059 5199 2324 5271 prmcipua
2367 5195 2678 5266 gaudiorum
2732 5204 2956 5246 numero
3006 5189 3213 5244 litteras
3263 5194 3382 5239 tuas

1808 5298 2014 5357 scilicet
2042 5291 2259 5346 fraterni
2286 5288 2449 5343 attimi
2475 5297 2636 5341 testes
2664 5294 2718 5339 et
2742 5298 2883 5338 vera:
2919 5279 3195 5347 religionis
3216 5278 3384 5333 inter-

1812 5404 2009 5460 pretes.
2043 5389 2147 5442 Eas
2184 5393 2383 5455 quanto
2430 5382 2626 5448 saepius
2675 5391 2857 5440 sumo,
2906 5381 3053 5427 tanto
3097 5371 3386 5441 impensius

1814 5481 2135 5548 uberiusque
2161 5476 2429 5531 desidero.
2452 5469 2694 5525 Difficilis
2715 5474 2798 5521 est
2822 5463 2962 5519 enim
2983 5461 3202 5516 satietas
3226 5460 3391 5515 bona-

1815 5590 1930 5630 rum
1964 5587 2139 5627 rerum
2172 5586 2185 5621 :
2217 5578 2271 5623 et
2299 5576 2422 5621 tunc
2443 5563 2669 5617 maxime
2691 5559 2896 5613 animos
2913 5554 3146 5625 jucunda
3169 5571 3393 5626 quaeque

1814 5664 2132 5725 sollicitant,
2180 5674 2299 5715 cum
2335 5656 2579 5710 videntur
2622 5651 2862 5720 explere.
2897 5646 3087 5702 Scribe
3118 5646 3298 5715 igitur,
3339 5654 3395 5698 ut

1817 5761 1961 5825 facis,
1996 5756 2211 5825 saepius,
2250 5764 2350 5805 nec
2399 5756 2603 5800 metuas
2651 5758 2716 5795 ne
2762 5739 3055 5807 experiaris
3101 5728 3369 5798 ingratum
