3932 6434
579 360 674 416 251

1738 360 1803 426 Q.
1845 357 2186 415 AURELIUS
2221 358 2657 415 svnuscuus.
3374 341 3379 345 ’
3675 363 3757 418 ts:

578 483 859 524 commune
882 468 1086 538 imperii
1107 478 1261 538 caput
1285 467 1513 539 undique
1535 478 1770 535 gentium
1792 470 2135 524 convenitur:
2170 473 2219 529 Α
2246 484 2366 522 nem
2394 469 2685 538 diligentia:
2722 468 2775 522 in
2814 483 2899 523 me
2935 479 3038 523 Illzl:
3078 468 3265 524 factam
3297 469 3485 537 putavi.
3530 470 3673 527 Tanta
3695 486 3756 530 est

578 570 689 614 tum
714 559 855 629 quod
893 559 1364 614 clementissimum
1405 542 1697 629 principem
1744 561 1797 614 in
1844 559 1945 614 bac
1991 568 2142 628 parte

578 652 882 720 degentem,
911 650 1055 704 varia
1083 650 1321 704 omnium
1351 650 1636 713 desideria,
1669 649 1752 704 vel
1798 651 2144 704 necessitates

576 749 893 810 sequuntur.
935 739 1004 794 Et
1036 740 1225 811 :tamen
1282 755 1405 795 cum
1449 740 1759 795 tabellarios
1806 740 1899 794 tibi
1959 741 2143 811 plures

579 842 755 883 causa:
784 828 1029 894 oderant,
1078 844 1228 898 teque
1256 843 1286 883 a
1325 830 1466 900 slon
1510 839 1797 899 temperas,
1828 844 1929 885 nec
1977 830 2082 883 ulla
2112 843 2142 883 a

581 918 735 972 nobis
783 920 1211 987 expostulatione
1255 921 1645 989 perstringerls.
1696 920 1847 973 Facit
1878 920 2021 974 enim
2060 935 2145 976 se-

581 1011 781 1063 curitas
804 1025 941 1073 mea,
974 1017 1033 1063 ut
1053 1009 1200 1079 diligi
1229 1024 1313 1065 me
1338 1013 1496 1065 etiam
1522 1026 1552 1063 a
1584 1018 1794 1066 tacente
1840 1027 1945 1065 non
1974 1011 2145 1065 ambi-

580 1114 721 1168 gam.
752 1099 890 1167 Ergo
918 1099 1166 1153 amicitia:
1215 1109 1411 1154 nostra:
1455 1099 1644 1153 fiducia
1688 1117 1792 1154 non
1834 1116 1903 1156 ex
1953 1101 2145 1156 litteris

574 1191 832 1255 pendeat.
882 1190 1096 1244 Illarum
1148 1192 1422 1245 intervalla
1454 1191 1563 1245 fors
1600 1192 1742 1247 facit.
1778 1192 1937 1247 Fides
1963 1203 2142 1248 autem

580 1292 781 1336 mutua:
802 1282 1089 1351 diligentia:
1110 1281 1411 1352 indignatur
1437 1284 1629 1352 lingua:
1659 1285 2031 1340 assertionem.
2064 1285 2143 1339 Ad

575 1373 685 1427 hoc
711 1374 871 1427 etiam
902 1372 1135 1441 prolixae
1158 1373 1413 1441 epistolas
1440 1375 1599 1441 petis,
1633 1381 1881 1443 tanquam
1911 1375 2146 1428 facturus

583 1460 901 1531 periculum,
929 1472 1182 1530 quantum
1213 1463 1265 1515 in
1300 1462 1585 1517 scribendo
1608 1477 1739 1516 cana
1770 1472 1927 1517 :etate
1970 1463 2148 1532 profe-

580 1551 769 1606 cerim.
821 1552 1044 1620 Semper
1095 1550 1308 1619 quidem
1356 1551 1546 1606 similis
1598 1552 1871 1606 arentibus
1923 1552 2142 1617 rivulis,

578 1642 814 1695 laxiores
843 1641 991 1709 ripas
1022 1640 1211 1710 refugi,
1236 1652 1295 1694 ut
1321 1641 1552 1710 in0piam
1582 1643 1815 1696 brevitas
1838 1642 2026 1697 all‘ecta
2058 1658 2148 1698 ce-

582 1733 737 1786 laret.
765 1724 915 1787 Nunc
953 1748 1146 1800 graves
1174 1748 1387 1802 quoque
1416 1734 1560 1797 anni,
1604 1734 1648 1788 si
1678 1735 1803 1803 quid
1832 1735 1902 1789 de
1931 1744 2146 1804 pectore

2245 559 2387 613 enim
2428 560 2688 614 securitas
2714 573 2855 613 vera:
2894 559 3163 627 amicilitr,
3206 571 3260 614 ut
3306 560 3373 615 de
3408 575 3497 614 sua
3535 562 3626 617 lide
3649 567 3756 618 asti-

2245 649 2529 703 mationcm
2581 650 2746 702 mutui
2805 649 3004 703 amoris
3060 659 3315 704 assumat.
3373 648 3525 703 Plura
3569 652 3614 705 iu
3650 652 3758 708 hunc

2246 736 2458 791 modutn
2480 737 2658 793 dicere
2683 738 2843 806 piget.
2868 738 3044 804 Quare
3069 748 3281 793 transeo
3310 739 3375 794 ad
3400 755 3514 795 eam
3544 742 3757 795 sermonis

2245 829 2321 883 tui
2369 839 2572 897 partem
2613 845 2734 898 qua:
2763 831 3062 883 orationum
3109 846 3346 885 mearum
3371 832 3667 888 desiderium
3700 833 3759 887 vi-

2246 918 2401 973 detur
2442 920 2722 989 attingere.
2775 920 2869 974 Ais
2919 920 2974 973 in
3020 935 3207 975 manus
3243 932 3363 977 tuas
3396 922 3593 991 scripta'
3620 934 3758 979 nostra

2245 1010 2476 1076 venisse,
2503 1010 2670 1065 fratre
2700 1020 2884 1065 nostro
2905 1012 3163 1067 Minervio
3190 1014 3476 1082 proditore.
3501 1015 3583 1083 qui
3603 1013 3761 1068 frivolis

2248 1100 2381 1154 meis
2412 1100 2643 1153 litterata
2672 1100 2847 1169 potius
2874 1101 3206 1168 curiositate,
3234 1118 3389 1171 quam
3414 1102 3551 1170 iusta
3578 1104 3762 1159 delecta-

2246 1191 2393 1243 tione
2436 1180 2539 1242 non
2583 1189 2837 1243 abstinet.
2883 1191 2937 1243 Si
2989 1190 3081 1244 tibi
3128 1199 3329 1245 tantum
3370 1191 3462 1246 otii
3490 1202 3587 1256 est,
3630 1202 3678 1246 ut
3713 1193 3760 1245 ad

2248 1278 2514 1332 fastidium
2546 1278 2928 1347 detergendum
2976 1282 3231 1335 nonnulla
3266 1284 3424 1336 etiam
3455 1283 3635 1339 insulsa
3668 1298 3764 1338 con-

2249 1371 2451 1438 qttiras,
2494 1370 2749 1440 quidquid
2781 1371 2918 1441 stylu
2946 1371 3357 1434 elaboravimus.
3396 1372 3670 1436 exhibebo;
3704 1387 3765 1426 se-

2248 1473 2405 1511 curus
2447 1458 2636 1522 venia,
2668 1473 2824 1524 quam
2858 1458 2984 1512 mihi
3033 1459 3258 1528 spondet
3295 1461 3455 1514 animi
3495 1462 3563 1514 tui
3592 1462 3763 1514 caritas.

2251 1549 2394 1603 l‘ene
2446 1549 2711 1617 prmtcrii,
2763 1550 2904 1618 quod
2956 1550 3074 1605 loco
3122 1552 3363 1620 principe
3418 1565 3652 1605 accusare
3698 1551 3767 1605 de-

2251 1636 2487 1692 bueram.
2539 1637 2682 1692 Itane
2712 1639 3059 1707 epistolarnm
3102 1653 3405 1695 nostrarum
3427 1641 3636 1710 simplex
3669 1656 3766 1695 usus

2250 1731 2469 1793 interiit,
2504 1739 2556 1783 ut
2590 1730 2796 1800 paginis
2827 1731 2933 1785 tuis
2960 1732 3222 1786 lenocinia
3250 1735 3348 1787 τενὶ
3370 1735 3633 1802 ρι-τεεεηιίε
3652 1741 3767 1786 ante-

581 1837 703 1876 tneo
727 1822 982 1885 stillabat,
1023 1821 1324 1875 ebiberunt.
1373 1821 1636 1877 Prteterea
1670 1823 1800 1876 nihil
1841 1826 2140 1893 argumenti
2177 1832 2220 1891 Β
2248 1821 2424 1875 feras?
2454 1821 2749 1876 Redeamus
2790 1822 2919 1890 quin
2960 1836 3088 1891 ergo
3129 1822 3193 1876 ad
3237 1823 3499 1878 infucatns
3542 1821 3765 1878 nominum

579 1912 814 1980 suppetit
882 1912 949 1964 ad
1029 1911 1362 1980 propaganda
1425 1929 1543 1982 qua:
1615 1914 1920 1968 scribimus.
1998 1916 2144 1969 Nosti

580 2004 747 2053 otium
779 2016 978 2065 meum,
1002 2002 1069 2053 de
1091 2016 1197 2070 quo
1221 2002 1361 2070 apud
1393 2012 1444 2055 te
1466 2002 1681 2070 largiter
1710 2004 1848 2071 loqui
1874 2005 2147 2074 utriusque

580 2092 851 2147 fastidium
883 2102 983 2147 est.
1018 2093 1219 2161 Magnis
1268 2092 1499 2161 negotiis
1540 2095 1689 2162 plttra
1737 2094 1899 2149 verba
1952 2110 2147 2150 conve-

580 2183 754 2239 niunt.
778 2184 940 2239 Nobis
968 2184 1104 2239 idetn
1127 2186 1196 2238 sit
1228 2185 1420 2255 lingua:
1443 2185 1653 2251 modus,
1671 2189 1756 2255 qui
1786 2186 2013 2240 fortuna:
2040 2196 2145 2241 est.

579 2276 812 2341 Mallem,
839 2277 1179 2345 Aboriginum
1202 2291 1372 2339 more,
1403 2276 1691 2330 dictionem
1724 2277 1913 2331 salutis
1930 2288 2147 2332 aeterna:

579 2367 721 2436 ligno
742 2378 834 2420 aut
863 2366 1147 2421 corticibus
1175 2367 1432 2421 scribere.
1470 2366 1735 2439 Egyptus
1766 2370 1951 2440 papyri
2000 2370 2143 2423 volu-

578 2460 722 2513 mina
766 2458 1109 2512 bibliothecis
1152 2457 1373 2527 foroque
1432 2463 1687 2515 texuerit.
1752 2461 1993 2515 Sufficiat
2046 2463 2147 2517 ali-

578 2547 792 2615 quando
843 2547 1177 2601 ce‘lebranda:
1229 2548 1510 2613 amicitiae;
1557 2549 1600 2603 si
1644 2550 1810 2614 vales,
1866 2550 2002 2605 bene
2044 2562 2144 2606 est.

579 2639 719 2708 Opto
742 2639 844 2692 has
887 2640 1051 2708 ipsas,
1101 2654 1232 2708 quas
1281 2648 1336 2693 tu
1366 2640 1555 2695 breves
1583 2641 1841 2710 quereris,
1874 2642 2151 2697 salutatio-

581 2745 707 2784 num
738 2730 905 2795 vices,
937 2728 1063 2784 dum
1112 2730 1387 2796 absumus,
1443 2731 1582 2787 inter
1636 2746 1735 2787 nos
1780 2733 1995 2802 longum
2037 2749 2149 2788 ma-

581 2836 729 2878 nere.
753 2819 906 2877 Vale.

1144 2892 1360 2948 Εριςτ.
1403 2894 1593 2950 XXIX.

1045 2997 1354 3040 SYIIACIIUS
1392 3001 1672 3041 PROTADIO.

650 3076 820 3145 Spero
862 3084 944 3140 te,
984 3082 1043 3128 ut
1085 3076 1240 3130 fando
1278 3076 1474 3143 didici,
1513 3077 1579 3132 ad
1626 3080 1795 3133 vicina
1842 3089 2146 3136 venturum.

2250 1913 2464 1975 titulus;
2502 1923 2555 1966 et
2580 1927 2698 1965 cum
2730 1911 2924 1965 dicitur
2951 1921 3043 1966 aut
3074 1913 3313 1967 redditur
3338 1916 3503 1976 salus,
3533 1913 3647 1967 nihil
3672 1913 3768 1981 ipsis

2250 2002 2518 2055 vocabulis
2559 2003 2757 2055 nostris
2785 2000 3099 2057 honoratius
3127 2018 3190 2057 ac
3226 2004 3473 2057 blandius
3507 2018 3618 2058 esse
3647 2002 3768 2056 duca-

2248 2106 2388 2145 mus.
2459 2090 2722 2157 Exemplo
2765 2100 2913 2145 certe
2958 2091 3051 2145 tibi
3093 2102 3161 2146 st
3200 2093 3427 2161 epistola
3473 2107 3767 2162 meazquam

2248 2196 2291 2235 si
2316 2181 2554 2235 aemulari
2582 2182 2870 2248 spreveris.
2904 2192 2959 2236 et
2986 2183 3310 2252 arrogantia:
3340 2192 3550 2238 notatus
3572 2182 3768 2244 videbor.

2246 2280 2301 2326 et
2328 2274 2538 2327 caneris
2563 2282 2898 2343 aggregatus,
2925 2289 3149 2342 quorum
3186 2290 3415 2344 magnus
3447 2262 3699 2345 suspectus
3730 2275 3766 2327 in

2248 2364 2424 2420 verbis
2449 2374 2552 2432 est,
2583 2366 2762 2419 nullus
2794 2366 2970 2419 cultus
3003 2367 3053 2420 in
3084 2368 3352 2423 sensibus.
3385 2367 3530 2424 Vale.

2813 2455 3029 2511 EPIST.
3070 2456 3261 2511 XXXI.

2732 2563 2971 2605 SYIIMCII
2980 2567 3039 2606 US
3065 2567 3345 2609 PROTADIO.

2320 2640 2674 2695 Mediolanum
2730 2652 2782 2697 te
2826 2643 2965 2697 idem
3017 2645 3106 2714 qui
3161 2661 3247 2700 me
3295 2647 3484 2702 consul
3537 2646 3771 2702 acciverat.

2246 2731 2465 2802 Speravi
2495 2734 2634 2800 quod
2665 2750 2762 2799 nos
2791 2736 2844 2789 in
2877 2752 3037 2789 ttntun
3068 2738 3243 2792 votiva
3281 2755 3443 2794 causa
3484 2739 3772 2794 conduceret.

2249 2822 2352 2877 Sco
2386 2824 2469 2877 ubi
2511 2841 2603 2894 per
2642 2825 2997 2881 valetudinem
3039 2827 3276 2893 defuisti,
3320 2831 3594 2900 a-gcrrime
3630 2842 3774 2897 exspe-

2248 2922 2371 2966 ctitt
2420 2914 2594 2983 gaudii
2638 2914 2973 2985 dispendium
3025 2918 3137 2971 tuli.
3187 2919 3338 2974 Nunc
3396 2921 3614 2987 peractis
3653 2932 3774 2987 supra

2248 3007 2485 3057 omnium
2511 3007 2993 3075 magnanimitatem
3019 3010 3390 3064 consularibus
3412 3011 3577 3075 festis,
3598 3010 3775 3063 Romam

2250 3106 2516 3159 revertor;
2548 3114 2654 3168 quo
2693 3114 2751 3154 se
2780 3100 3142 3168 amplissimus
3173 3104 3514 3171 magistratus
3544 3114 3776 3159 venturum

582 3165 715 3219 Fors
760 3166 907 3230 fuat,
950 3179 1017 3218 an
1057 3180 1178 3219 vera
1226 3168 1602 3234 compererim.
1659 3168 1769 3237 Ego
1812 3178 2010 3235 tamen,
2063 3171 2145 3225 vel

2254 3189 2491 3257 protinus
2521 3205 2718 3259 genero
2748 3192 3067 3259 astipulante
3099 3193 3365 3260 promisit.
3416 3194 3577 3263 Quam
3606 3193 3777 3250 vellent.

584 3256 867 3309 tradendas
907 3270 1085 3309 coram
1133 3255 1224 3309 tibi
1262 3272 1289 3308 a
1323 3256 1485 3312 fratre
1513 3267 1696 3311 nostro
1730 3259 1984 3314 Minervio
2019 3260 2153 3315 duas

581 3348 941 3403 oratiunculas
967 3363 1134 3412 meas,
1158 3348 1241 3402 vel
1270 3349 1557 3403 mittendas
1584 3350 1634 3402 in
1664 3352 1888 3418 patriam
1916 3352 2153 3408 fidelitati

581 3438 698 3507 ejus
726 3438 939 3508 ingessi.
975 3440 1173 3493 Parcus
1202 3454 1322 3494 esse
1353 3439 1405 3492 in
1447 3440 1545 3493 hac
1572 3441 1793 3508 cpistola
1823 3442 2012 3496 debeo.
2049 3444 2155 3499 Illis

582 3529 743 3593 enim,
767 3545 886 3598 qua:
908 3530 1125 3599 legenda
1150 3530 1428 3597 suscipies,
1456 3545 1604 3583 amor
1625 3545 1814 3584 avarus
1833 3533 2151 3601 explebitur.

582 3619 907 3699 Coqtmoneo
936 3628 1137 3684 tamen,
1171 3635 1237 3673 ue
1266 3618 1524 3674 orationis
1553 3621 1708 3675 unius
1739 3622 1891 3675 titulo
1921 3631 2155 3678 mutetur

582 3709 650 3763 de
671 3723 755 3763 me
781 3709 1105 3763 existimatio
1131 3719 1237 3764 tua.
1264 3710 1393 3763 Nam
1425 3711 1696 3779 repudiata
1724 3728 1945 3766 censura
1972 3723 2155 3781 gravat

583 3813 683 3854 nos
712 3800 995 3870 principio,
1034 3796 1149 3854 sola
1186 3802 1483 3870 argumenti
1526 3803 1872 3869 inspectione.
1919 3803 2024 3857 Sed
2066 3805 2152 3858 ubi

582 3892 720 3946 dicta
752 3892 964 3961 legeris,
995 3906 1113 3947 cum
1140 3892 1402 3947 sententia
1436 3907 1550 3946 mea
1588 3892 1638 3945 in
1666 3894 1887 3965 gratiam
1917 3903 2149 3949 reverte-

583 3985 677 4039 ris.
707 3984 854 4039 Ilanc
883 3993 1114 4051 partem,
1142 3998 1261 4051 quae
1292 3991 1606 4050 tvtnpestate
1636 3986 1830 4050 rejects
1862 3992 1965 4047 est,
1994 3984 2155 4039 totius

582 4073 785 4128 ordinis
832 4075 999 4127 nostri
1039 4074 1278 4128 antetulit
1312 4074 1633 4138 auctoritas;
1667 4088 1734 4127 ne
1773 4075 1873 4127 sttb
1911 4076 2154 4143 specioso

582 4166 796 4220 nomine
825 4164 967 4220 fores
989 4165 1313 4234 impotentia:
1339 4166 1543 4219 ambire
1567 4165 1738 4219 solitis
1766 4166 2148 4233 paudereutur.

582 4258 768 4312 Plures
814 4258 1059 4310 utilitatis
1116 4266 1171 4311 et
1219 4257 1515 4312 honestatis
1567 4259 1891 4313 assertioncs
1938 4260 1989 4313 in
2038 4261 2154 4329 ipso

581 4362 803 4416 corpore
822 4347 1074 4401 orationis
1095 4347 1354 4403 invenies.
1379 4349 1450 4401 De
1472 4357 1696 4419 utroque
1715 4364 1879 4418 Opere
1897 4348 2150 4418 judicium

585 4446 729 4489 tuutn
757 4450 882 4490 cura
914 4446 1092 4490 nostra
1114 4437 1400 4491 desiderat.
1430 4436 1581 4492 Vale.

1161 4546 1373 4601 EPIST.
1416 4547 1586 4603 XXX.

1058 4650 1363 4689 εγιιιιλειιυε
1403 4652 1682 4690 ΡιιοτΑυιο.

653 4726 860 4782 Silentii
893 4726 1031 4780 inter
1060 4743 1156 4781 nos
1185 4729 1359 4783 simile
1384 4730 1489 4782 scis
1516 4744 1636 4783 esse
1665 4730 1913 4787 delictum
1948 4751 1962 4787 :
1993 4745 2152 4805 atque

583 4817 705 4871 ideo
727 4816 919 4885 injuste
941 4816 1068 4870 mihi
1090 4818 1259 4887 culpa:
1278 4817 1455 4884 datur,
1479 4818 1618 4887 quod
1643 4820 1851 4890 utrique
1871 4839 2151 4877 commune

582 4917 686 4962 est.
720 4907 779 4960 Et
811 4918 983 4961 tamen
1009 4906 1247 4962 defensio
1274 4911 1400 4960 mihi
1429 4912 1664 4978 suppetit
1696 4928 1708 4963 :
1736 4913 1855 4980 quia
1901 4928 1999 4968 nec
2030 4930 2150 4981 pru-

583 5000 841 5054 fcctiones
868 5001 1277 5054 commeantium
1320 5011 1626 5068 notescunt;
1658 5012 1712 5056 et
1741 5017 1794 5058 tu
1826 5022 1929 5059 non
1962 5007 2148 5059 iisdem

583 5088 799 5144 sedibus
839 5090 1141 5143 immoraiis
1184 5106 1198 5142 :
1249 5091 1373 5144 dum
1420 5106 1509 5145 aut
1536 5092 1784 5149 Tteviros
1822 5096 1985 5150 cit-ica
2024 5098 2148 5149 reli-

582 5180 759 5248 gione,
787 5190 879 5234 aut
907 5182 1136 5250 quinque
1166 5182 1461 5249 provincias
1489 5185 1583 5237 otii
1613 5188 1882 5253 voluptate
1908 5200 2147 5239 commu-

583 5281 686 5326 tas.
715 5272 836 5325 Mihi
867 5283 948 5326 est
969 5271 1150 5326 Roma:
1174 5273 1317 5344 jugis
1340 5277 1524 5339 statio;
1553 5287 1605 5330 et
1630 5281 1801 5346 [περοτ
1826 5292 1962 5332 nunc
1988 5292 2145 5332 causa

584 5361 875 5429 residendi,
898 5378 962 5417 ex
986 5378 1091 5433 quo
1118 5380 1201 5418 me
1224 5364 1318 5418 \iri
1345 5367 1537 5419 excelsi
1565 5369 1797 5436 germani
1821 5370 1891 5421 tui
1919 5384 2009 5438 pra
2029 5383 2151 5422 sen-

586 5452 654 5505 tis
696 5462 749 5505 et
789 5468 915 5507 cura
958 5456 1176 5519 retinet,
1220 5466 1272 5509 et
1310 5456 1458 5524 juvat
1493 5459 1680 5526 g'oria.
1714 5458 1824 5512 Una
1868 5460 2027 5527 ig‘tur
2064 5461 2148 5513 via

496 5532 500 5536 ’
586 5544 792 5599 sociare
826 5548 1017 5615 scripta
1050 5548 1288 5617 potuisti,
1326 5564 1444 5614 qua:
1475 5549 1637 5604 frater
1666 5561 1719 5604 et
1751 5550 1895 5604 fratri
1927 5567 2146 5621 aaquan-

585 5632 688 5687 dus
714 5634 1031 5703 acciperent.
1062 5636 1212 5702 Quod
1243 5652 1271 5689 a
1305 5647 1354 5691 te
1378 5639 1581 5705 gaudeo
1610 5641 1687 5692 vel
1725 5656 1847 5694 sero
1879 5652 2143 5695 curatum.

586 5722 696 5779 Nec
718 5732 891 5779 tamen
920 5740 1037 5779 cum
1069 5744 1095 5778 a
1126 5729 1310 5783 litteris
1330 5739 1670 5799 temperares,
1692 5732 1850 5786 ullam
1878 5734 2116 5789 decessio

2256 3280 2300 3332 si
2339 3280 2501 3333 etiam
2538 3281 2589 3333 in
2628 3280 2856 3334 solidum
2899 3282 3037 3336 tedit
3070 3283 3290 3351 sanitas,
3333 3299 3687 3352 cumpensares
3709 3281 3780 3334 ad-

2256 3382 2417 3422 ventu
2450 3370 2655 3423 veniam
2694 3372 3058 3438 superiorem,
3102 3382 3263 3443 atque
3295 3391 3399 3429 una
3430 3376 3511 3429 ilia
3538 3384 3587 3430 et
3614 3371 3780 3428 senatui

2255 3459 2494 3513 deferrcs
2539 3461 2768 3515 ofﬁcium
2820 3464 3194 3531 voluntarium,
3243 3475 3299 3520 et
3345 3468 3547 3521 consuli
3589 3465 3781 3521 debitqu

2255 3553 2511 3606 solvi-res.
2542 3551 2649 3607 Sed
2681 3553 2819 3607 unde
2851 3556 2977 3608 tnihi
3009 3565 3193 3625 optare
3223 3566 3454 3626 tantum,
3485 3574 3599 3613 cum
3628 3556 3782 3611 frustra

2256 3643 2414 3698 fuerit
2468 3660 2713 3713 sperasse
2770 3646 3017 3702 leviora?
3085 3649 3327 3715 Quanditt
3384 3650 3591 3706 venatui
3646 3659 3782 3715 togam

2254 3737 2549 3805 prmfcrcs?
2600 3737 2747 3793 Vale.

2812 3830 3028 3886 EPIST.
3071 3831 3284 3887 XXXII.

2725 3938 2749 3973 ὃ
2759 3934 3035 3978 γηκλειιυε
3073 3939 3359 3979 νηοτωιο.

2326 4009 2587 4065 Crescere
2620 4011 2759 4065 inter
2791 4028 2887 4066 nos
2915 4015 3153 4083 quotidie
3180 4016 3382 4071 amoris
3417 4017 3642 4073 debitum
3675 4012 3785 4068 volo.

2253 4102 2358 4158 Sed
2395 4104 2635 4172 epistolis
2665 4104 2770 4158 tuis
2800 4105 2929 4161 nihil
2967 4118 3094 4176 Opto
3123 4109 3340 4178 debere,
3383 4126 3505 4179 qua:
3544 4109 3660 4166 mihi
3696 4106 3787 4175 ple-

2255 4212 2479 4263 rumque
2507 4198 2890 4265 exprobantur,
2919 4209 2974 4254 ut
2997 4200 3187 4256 desidi.
3223 4202 3363 4272 Ergo
3388 4204 3608 4274 geminis
3635 4197 3787 4254 litteris

2256 4286 2360 4339 tuis
2387 4301 2491 4339 non
2521 4286 2680 4339 simul
2717 4287 2845 4341 tnihi
2876 4290 3117 4353 redditis,
3149 4294 3260 4360 pari
3292 4309 3537 4358 numero,
3579 4290 3665 4347 sed
3688 4303 3788 4343 con-

2251 4376 2431 4445 juncta
2461 4376 2748 4430 emissione
2770 4380 3085 4445 rcspoudeo.
3122 4381 3392 4449 Valetnns,
3416 4392 3660 4453 quantum
3687 4386 3788 4432 ξειιί

2253 4466 2484 4519 admittit
2506 4466 2722 4520 declivis
2754 4466 2804 4520 in
2836 4464 3063 4523 senium.
3099 4470 3239 4524 Raro
3270 4472 3422 4526 nobis
3463 4487 3585 4542 ager
3611 4469 3782 4523 visitur.

2179 4539 2346 4611 Dsed
2388 4557 2553 4609 multo
2593 4556 2758 4609 r‘lior
2788 4568 2869 4611 est
2907 4574 3033 4614 usus
3076 4560 3307 4630 legendi.
3350 4562 3467 4617 Tibi
3498 4539 3550 4618 et
3574 4560 3789 4615 rusticam

2251 4657 2305 4701 et
2343 4648 2539 4702 erudiri
2583 4649 2866 4716 plurimum
2917 4652 3055 4705 licet.
3104 4652 3231 4706 lmle
3268 4666 3371 4721 est,
3410 4657 3549 4728 quod
3590 4667 3676 4708 nos
3707 4648 3788 4701 fre-

2249 4748 2477 4806 quenter
2503 4739 2787 4809 alloqueris
2818 4758 2829 4791 :
2857 4742 2976 4809 quia
3016 4758 3175 4796 omne
3205 4753 3436 4814 tempus,
3470 4760 3526 4800 ιιι
3554 4749 3788 4816 quzeralnr

2250 4830 2484 4899 ingenio,
2519 4831 2630 4885 otio
2676 4832 2990 4887 vindicatur.
3061 4835 3165 4890 Sed
3210 4837 3419 4893 liducia:
3462 4850 3563 4892 tua:
3599 4834 3781 4889 audacia

2252 4932 2431 4976 "Osll'ﬂ
2474 4940 2579 4978 non
2617 4928 2860 4981 cesserit.
2915 4929 3134 4983 llaurias
3166 4931 3289 4985 licet
3332 4942 3663 4988 monumenta
3699 4927 3788 4997 pri'

2255 5030 2492 5083 scorum,
2525 5030 2575 5072 et
2624 5021 2737 5089 ipse
2766 5023 2968 5090 paginis
2997 5023 3277 5079 ediscenda
3306 5028 3624 5081 committas.
3664 5018 3790 5077 Solli-

2255 5104 2430 5157 citabo
2470 5116 2642 5161 tamen
2680 5112 2951 5166 arentibus
2990 5114 3168 5168 verbis
3211 5116 3405 5186 scripta
3448 5117 3618 5183 istius,
3659 5124 3788 5179 quem

2253 5212 2434 5253 amore
2463 5211 2514 5254 et
2539 5200 2739 5270 judicio
2769 5220 2853 5258 mc
2883 5204 3059 5273 legere
3101 5223 3319 5263 necesse
3347 5220 3447 5275 est,
3480 5219 3536 5265 ut
3569 5219 3790 5275 compen-

2254 5301 2365 5341 seat
2396 5288 2606 5343 illorum
2637 5292 2825 5345 damna
2855 5309 2974 5361 quae
3006 5297 3233 5365 negligat.
3270 5298 3415 5354 Vale.

2793 5383 3006 5439 EI’IST.
3048 5382 3289 5442 XXXI-ll.

2727 5488 3030 5530 SHIMMJIIIIS
3070 5493 3351 5533 ΡιιοτΑιηο.

2324 5560 2612 5616 Delectaris
2660 5563 2898 5632 epistolis
2950 5566 3106 5621 meis.
3152 5568 3349 5623 Credo.
3386 5569 3517 5624 llinc
3546 5578 3641 5635 est,
3670 5559 3788 5633 (ιυυά

2250 5664 2340 5703 eas
2387 5666 2528 5721 smpe
2575 5664 2628 5707 et
2680 5656 2926 5712 ardenter
2976 5658 3253 5729 e'llagitas.
3330 5662 3434 5717 Sed
3488 5677 3588 5715 non
3634 5656 3787 5713 statim

2253 5755 2459 5795 mereor
2501 5742 2697 5797 dcstis
2735 5756 2934 5810 notum,
2978 5748 3021 5802 si
3067 5765 3273 5817 nequeo
3298 5750 3371 5806 tui
3417 5751 3608 5807 amoris
3640 5749 3685 5802 in
3720 5757 3787 5796 me
