3932 6476
203 394 289 452 ια
1397 380 1760 437 EPISTULA“

1915 377 2119 434 LIBER
2161 375 2244 430 IV.
3324 381 3430 441 251

198 505 409 562 avaritia:
429 500 749 557 satisfacere.
778 499 859 550 An
885 494 1130 550 interlabi
1154 494 1405 549 amicitia:
1425 494 1740 548 memoriam
1771 497 1824 555 Α
1849 493 2010 546 etiam
2043 505 2139 559 pro
2169 498 2316 558 parte
2347 489 2578 558 legitima
2604 497 2839 558 paternte
2867 489 2917 542 in
2946 504 3030 544 me
3057 489 3432 549 familiaritatis
3467 482 3473 491 ’

197 613 284 668 per
306 594 558 650 silentium
601 589 794 659 putas?
832 588 972 643 Cave
1003 588 1125 642 laiia
1165 588 1233 642 de
1272 586 1466 640 animis
1501 585 1734 656 opinari,
1852 584 2247 638 successionem
2275 623 2292 647 ,
2350 581 2478 637 licet
2536 582 2761 650 singulis
2814 581 2968 636 vobis
3025 581 3268 637 soliditas
3327 586 3432 640 mei

199 702 398 760 quorum
437 693 629 739 aeterna
655 681 853 750 judicia
890 690 1034 734 sunt.
1069 679 1239 734 liabet
1274 679 1418 734 enim
1457 678 1744 757 plurimum
1851 675 2048 730 amoris
2087 675 2378 730 acces~erit
2411 691 2424 726 :
2454 675 2573 742 quia
2622 674 2757 726 bona
2799 673 2960 727 animi
3012 673 3114 729 etsi
3153 676 3332 744 spargi
3384 679 3435 730 in

199 775 424 848 ponderis
448 775 592 841 lides,
617 783 668 828 et
691 773 899 842 alligata
931 771 1227 824 voluntario
1253 778 1590 824 sacramento
1618 767 1738 834 styli
1853 769 2034 837 plures
2063 777 2332 836 putantur,
2377 765 2665 834 unicuique
2710 776 2886 820 tamen
2931 767 3083 834 plena
3122 777 3174 822 et
3211 769 3436 825 indivisa

201 871 531 928 admonitione
578 883 683 922 non
743 866 964 934 indiget.
1014 864 1139 918 llmc
1185 881 1212 915 a
1260 878 1345 917 me
1391 863 1483 915 tibi
1528 877 1593 914 an
1639 877 1744 914 non
1853 860 2162 928 proficiunt.
2205 860 2467 914 Prmterea
2509 859 2913 914 cumPalatium
2940 860 3267 930 eloquentia:
3298 862 3437 915 mili-

198 977 388 1032 umper
411 960 601 1029 scripta
631 957 794 1012 sunt?
821 956 929 1010 Nec
961 967 1136 1010 tamen
1164 954 1366 1008 deseris
1396 955 1744 1007 int'ett-ratam
1856 965 2016 1014 tares,
2069 949 2280 1019 porrexi
2322 949 2572 1004 amicitia:
2621 959 2725 1004 tum
2768 949 3065 1006 dexteram.
3137 953 3317 1019 Quare
3362 964 3441 1007 tut

195 1055 461 1126 querelam.
487 1050 622 1117 Quid
647 1051 691 1104 si
724 1059 940 1119 prmstat
963 1049 1176 1116 longum
1205 1046 1418 1101 tacere?
1451 1044 1566 1099 Non
1601 1044 1748 1097 \‘ides
1855 1043 2118 1112 tantisque
2151 1044 2458 1113 pignoribus
2486 1043 2702 1109 annexi,
2737 1059 2841 1097 non
2871 1043 3197 1108 mstimemtts
3229 1046 3295 1100 de
3328 1047 3440 1114 cpi-

193 1145 388 1202 oracula
423 1145 549 1198 olim
586 1143 760 1196 locuta
793 1139 1042 1204 desiisse,
1071 1153 1170 1194 ncc
1198 1137 1334 1191 ullas
1374 1139 1424 1191 in
1465 1148 1619 1190 antro
1642 1135 1748 1191 Cu-
1851 1137 2037 1189 Stolari
2080 1137 2324 1190 t‘rocinin
2362 1137 2600 1191 caritatis
2652 1145 2885 1191 a-t-tcm.
2936 1137 3067 1192 Nam
3122 1148 3180 1190 ιιι
3231 1139 3442 1202 animus

194 1253 336 1294 mane
361 1237 566 1301 litteras
611 1234 745 1304 legi,
792 1232 1067 1287 Dodonam
1113 1232 1254 1300 loqui
1299 1229 1600 1293 frondibus,
1644 1237 1747 1282 nec
1851 1227 2078 1282 celerior
2115 1237 2198 1283 est
2228 1229 2452 1296 litteris,
2487 1230 2558 1282 ita
2597 1229 2742 1298 prius
2781 1228 2878 1284 fuit
2907 1245 3089 1287 amare
3118 1246 3276 1300 quam
3308 1230 3441 1286 scri—

193 1327 250 1383 de
279 1326 550 1397 spiraculis
581 1325 845 1393 Delphicis
873 1323 1038 1377 ullum
1077 1336 1294 1377 carmen
1319 1321 1527 1374 audiri?
1559 1321 1748 1374 Patere
1851 1317 1999 1373 bere.
2043 1317 2190 1374 Vale.

194 1421 358 1490 igitur.
399 1430 454 1476 ut
484 1419 752 1474 bomullus
780 1416 1082 1472 Promethei
1115 1432 1271 1470 manu
1305 1415 1458 1470 fictus
1489 1415 1748 1470 mandare

192 1525 376 1565 cessem
415 1524 640 1581 papyro,
678 1523 799 1580 qua:
828 1510 1028 1564 dudum
1060 1508 1114 1562 in
1146 1519 1322 1563 vatum
1359 1506 1498 1562 foliis
1529 1521 1634 1561 non
1672 1507 1749 1561 le-

191 1611 385 1673 guutur.
417 1603 556 1658 Nolo
587 1612 764 1658 tamen
785 1603 1154 1658 denuntiatum
1182 1602 1281 1656 tibi
1306 1618 1334 1655 a
1360 1617 1446 1656 me
1474 1600 1747 1656 silentium

191 1696 471 1766 suspiceris.
517 1695 736 1752 Tenebo
778 1697 831 1752 in
871 1697 1158 1752 scribendo
1200 1706 1396 1750 tantam
1444 1709 1748 1750 mensuram

193 1790 444 1858 temporis,
468 1798 728 1860 quantum
755 1789 896 1844 inter
917 1804 1016 1844 nos
1044 1789 1178 1844 lecis
1205 1790 1483 1844 absumus.
1511 1788 1590 1843 Tu
1620 1804 1752 1854 quu-

2395 1386 2611 1466 EPIST.
2654 1409 2895 1466 xxxvr.

2337 1515 2647 1557 εῑωίδοιιυς
2683 1517 2955 1558 ΠΙΝΕΙΠΙΟ.

1949 1609 2234 1680 Postquam
2308 1621 2359 1666 te
2419 1613 2777 1668 Mediolanum
2845 1616 3059 1670 venisse
3113 1617 3442 1672 asseveratio

1855 1704 2272 1756 commeantium
2307 1704 2477 1772 palam
2512 1706 2658 1773 fecit,
2693 1707 2906 1775 speravi
2933 1705 3000 1761 de
3026 1710 3274 1775 proximo
3305 1711 3444 1764 litte-

1858 1807 1946 1846 ras
1989 1805 2136 1857 tuas;
2185 1793 2278 1847 sed
2329 1795 2418 1848 ubi
2466 1795 2614 1850 elusa
2658 1806 2743 1850 est
2785 1798 3124 1865 exspectatio
3171 1813 3307 1864 mea,
3345 1815 3445 1853 nec

194 1895 284 1942 que
322 1881 707 1950 impatientiam
746 1879 902 1936 vince
958 1881 1164 1936 ratione
1212 1895 1332 1950 qua:
1373 1896 1483 1935 non
1521 1880 1648 1935 sinit
1691 1890 1747 1936 ut
1779 1877 1826 1936 Β
1853 1888 2112 1942 successit
2169 1888 2334 1942 ullum
2381 1889 2492 1957 spei
2544 1888 2809 1958 pretium,
2847 1902 3231 1959 praesumptum
3279 1892 3347 1945 de
3393 1901 3445 1945 to

191 1969 272 2022 tibi
307 1970 483 2038 quotid
510 1986 543 2024 e
590 1972 784 2027 litterae
830 1987 963 2026 mea:
1008 1972 1060 2026 in
1105 1972 1293 2027 vicinia
1317 1972 1486 2027 Rhein
1521 1972 1694 2042 posito
1719 1987 1751 2027 a

191 2070 355 2115 nostro
382 2061 574 2116 Albula
603 2061 930 2118 deferantur.
964 2063 1112 2118 Vale.

725 2153 937 2209 EPIST.
983 2153 1220 2208 XXXIV.

646 2260 956 2302 δηηιλεῐιυς
995 2262 1278 2302 νηοτΑυιο.

252 2336 412 2407 Magni
451 2348 582 2392 sunt
625 2339 840 2409 quidem
883 2339 1088 2394 fructus
1129 2354 1264 2409 quos
1306 2338 1372 2394 de
1414 2338 1604 2392 litteris
1652 2337 1755 2392 tuis

191 2429 342 2499 rapio.
391 2430 493 2485 Sed
547 2432 682 2488 fiunt
728 2431 1036 2497 uberiores,
1079 2433 1206 2486 dum
1249 2446 1343 2500 per
1387 2431 1752 2485 communium

190 2518 388 2575 fratrum
416 2535 609 2577 manus
639 2533 938 2578 transeunt.
995 2525 1199 2594 Singuli
1229 2526 1372 2579 enini
1404 2523 1614 2592 scriptis
1655 2524 1756 2578 tuis

191 2610 248 2665 de
277 2627 370 2667 suo
398 2614 601 2683 aliquid
631 2624 928 2684 apponunt.
963 2613 1080 2668 Τ.ὺί
1128 2617 1284 2683 igitur
1319 2625 1596 2684 acceptum
1642 2612 1757 2668 fero

187 2704 420 2773 quidquid
457 2719 524 2760 ex
565 2708 807 2762 omnium
847 2721 942 2761 ore
967 2706 1247 2788 conquiro.
1286 2706 1392 2761 S-d
1434 2719 1623 2760 rursus
1655 2720 1756 2760 ex-

189 2793 345 2861 pende
385 2804 588 2866 quanto
639 2797 824 2854 labore
871 2798 1228 2869 respondetur
1289 2807 1366 2853 tot
1419 2798 1755 2867 ingeniorum

189 2885 475 2943 sublimium
507 2888 777 2945 varietati.
808 2889 942 2945 Nam
975 2905 1128 2958 pares
1155 2890 1307 2958 estis,
1341 2906 1442 2945 nrc
1474 2901 1650 2945 tamen
1680 2892 1758 2945 si-

190 2976 348 3032 miles.
374 2979 514 3050 Ergo
542 2996 648 3036 non
681 2982 941 3037 minorem
971 2981 1102 3036 milii
1146 2982 1488 3052 rependenda
1529 2984 1759 3038 alTerunt

188 3064 564 3139 difficultatem,
583 3086 744 3142 quam
772 3084 992 3142 accc-pta
1017 3073 1384 3129 dulcedinem.
1411 3075 1558 3128 lianc
1584 3074 1760 3128 omni-

191 3157 280 3214 bus
318 3160 564 3219 bumanis
604 3164 816 3234 gaudiis
855 3166 1024 3234 legem
1074 3176 1264 3221 natura
1309 3166 1474 3234 dixit,
1521 3175 1579 3221 ut
1613 3182 1757 3222 curre

1857 1980 2090 2033 ollicium
2132 1983 2279 2049 aperi
2319 1995 2442 2035 meo
2480 1980 2766 2036 vindicavi.
2800 1984 2967 2037 Auxit
3017 1976 3275 2051 preterca
3311 1986 3444 2038 scri-

1859 2070 2016 2124 bendi
2045 2086 2261 2126 causam
2293 2074 2374 2126 vir
2403 2073 2711 2142 spectabilis
2743 2074 2909 2130 frater
2938 2092 3088 2131 nteus
3112 2077 3330 2143 Bassus,
3355 2079 3446 2145 qui

1860 2162 2128 2231 paulisper
2161 2165 2379 2218 avulsus
2419 2180 2447 2217 a
2477 2165 2652 2230 nobis,
2682 2169 2954 2234 transponi
2985 2183 3011 2222 a
3054 2183 3138 2224 me
3174 2166 3226 2223 in
3264 2177 3449 2237 pertus

1861 2261 2008 2306 tuum
2056 2255 2260 2310 debuit.
2311 2255 2496 2325 Adjeci
2551 2259 2775 2313 alteram
2824 2262 3069 2329 paginam
3119 2261 3445 2316 reddendam

1858 2358 2117 2411 germano
2154 2355 2266 2411 tuo,
2299 2364 2420 2403 cum
2467 2349 2558 2403 tibi
2595 2354 2701 2404 l'ors
2746 2351 2798 2404 in
2837 2354 3062 2422 patriam
3102 2353 3332 2408 reditum
3362 2369 3448 2410 se-

1859 2437 2191 2492 cundavcrit.
2237 2441 2554 2508 Asperserat
2581 2458 2683 2498 nos
2712 2444 2798 2498 ille
2822 2445 2930 2512 jam
2963 2445 3160 2500 dudum
3187 2446 3448 2501 facundia]:
3487 2509 3494 2514 ἡ

1859 2541 1970 2581 suae
2014 2527 2272 2597 ﬂoribus,
2317 2541 2370 2586 et
2407 2532 2698 2588 Galliarum
2744 2538 2920 2603 prisca
2974 2547 3316 2592 monumenta
3357 2539 3447 2608 ju-

1858 2618 2035 2672 cundo
2070 2622 2182 2675 otio
2215 2624 2566 2678 exscribenda
2599 2626 2968 2682 mandaverat.
3021 2629 3214 2698 Optato
3254 2631 3450 2685 accidit

1861 2719 1920 2762 ut
1966 2714 2014 2764 ei
2060 2725 2156 2780 per
2206 2720 2260 2768 te
2306 2725 2591 2784 utrumque
2636 2718 2921 2785 reddatur,
2975 2720 3148 2776 honor
3193 2722 3441 2792 epistula:

1863 2815 2020 2869 meat,
2055 2811 2110 2856 t-t
2139 2805 2387 2873 expetita:
2414 2805 2616 2862 fructus
2650 2809 2906 2864 historiae.
2943 2809 3089 2866 Vale.

2392 2960 2605 3016 EPIST.
2653 2962 2741 3016 XX
2756 2964 2912 3022 XVII.

2343 3067 2653 3110 SYIIIIACIIUS
2691 3072 2963 3112 διιΝιιιινιο.

1937 3159 2131 3216 Paulus
2170 3162 2372 3218 amicus
2411 3181 2562 3220 meus
2588 3167 2791 3235 jamdiu
2826 3169 3019 3224 aerario
3048 3185 3203 3227 sacro
3233 3174 3445 3241 militat,

190 3257 499 3326 voluptatem
530 3231 851 3326 sequantur.
878 3231 1021 3313 an”:
1050 3260 1256 3314 subolis
1283 3231 1484 3330 primus
1511 3269 1761 3334 parentes
1787 3231 1833 3294 Ο
1865 3255 1958 3308 Sed
2007 3269 2114 3308 "0"
2163 3270 2258 3323 Ι)το
2301 3256 2470 3325 gradu
2512 3231 2714 3313 mimi”
2761 3261 3084 3328 ευθείδηάυε
3129 3263 3244 3319 “hic
3315 3231 3449 3322 Nulli

191 3347 291 3404 dies
316 3351 534 3418 hilarat;
570 3366 694 3406 mox
736 3352 805 3421 pii
835 3364 1007 3408 metus
1039 3355 1254 3409 brevem
1295 3357 1518 3424 gratiam
1560 3355 1760 3424 fugant.

189 3439 355 3497 Honor
393 3443 446 3498 in
477 3444 716 3498 exordiis
746 3446 900 3499 limus
928 3455 1030 3510 est,
1061 3446 1256 3500 deliine
1283 3446 1492 3501 animos
1522 3447 1762 3502 laborum

189 3544 338 3589 aestus
378 3535 700 3608 ingreditur.
748 3537 986 3608 Longum
1042 3541 1160 3604 tiat,
1211 3537 1254 3592 si
1305 3553 1518 3608 pergam
1569 3539 1763 3593 simi'ia

189 3636 482 3682 contexere.
521 3627 700 3683 Etiam
745 3644 805 3682 ea
845 3629 975 3692 nubi
1005 3631 1392 3685 advertendum
1421 3640 1503 3685 est
1532 3647 1653 3701 qua:
1683 3629 1763 3685 fas

188 3715 249 3768 sit
284 3716 349 3770 de
394 3727 550 3772 tanto
594 3719 707 3772 viro
753 3719 950 3776 dicere.
1003 3721 1228 3776 Temere
1262 3722 1474 3789 jurasti.
1525 3723 1762 3778 Mandari

186 3824 314 3865 enim
362 3813 624 3882 peritura:
675 3813 879 3869 charta:
917 3816 1172 3883 epistolas
1222 3817 1492 3886 quereris,
1534 3817 1763 3888 alligasti

187 3913 515 3961 sacramento
556 3921 776 3963 enorme
806 3907 901 3977 jud
925 3909 1087 3963 cium.
1135 3910 1279 3964 Itane
1317 3925 1403 3965 me
1428 3909 1580 3965 ludus
1607 3911 1762 3978 facis,

186 4000 366 4064 utqua:
394 3997 544 4068 apud
576 4007 629 4053 te
659 3999 983 4054 incuriosius
1015 4002 1222 4071 loquor,
1255 4003 1304 4056 in
1337 4004 1461 4072 styli
1489 4002 1761 4071 caudices,

186 4096 265 4168 aut
302 4089 432 4144 tilia:
460 4091 754 4162 pugillares
793 4107 1018 4149 censeas
1049 4097 1443 4173 transferenda,
1484 4113 1552 4153 ne
1592 4097 1764 4155 facilis

184 4192 420 4239 senectus
467 4185 660 4256 papyri
705 4188 906 4256 scripta
951 4194 1300 4260 corrumpat?
1343 4192 1409 4245 Et
1454 4190 1765 4248 Martiarum

185 4273 382 4339 quidem
413 4285 606 4347 vatum
635 4275 895 4332 divinatio
925 4278 1143 4334 caducis
1173 4281 1460 4336 eorticibus
1501 4281 1762 4338 inculcata

183 4373 274 4415 est.
315 4365 557 4420 Mouitus
583 4363 852 4422 Cumanos
895 4367 1057 4424 lintea
1102 4377 1245 4424 texta
1286 4384 1646 4440 sumpserunt.
1686 4373 1762 4427 Tu

185 4453 330 4509 etiam
369 4457 570 4513 sericis
609 4457 971 4516 voluminibus
1007 4462 1337 4518 Aeliemenio
1380 4481 1528 4521 more
1558 4466 1763 4520 infundi

183 4543 375 4604 litteras
412 4563 571 4605 meas
601 4551 864 4621 przecipis.
899 4552 1084 4624 Magna
1124 4565 1254 4610 sunt
1287 4558 1623 4612 auctoritatis
1659 4568 1762 4614 tua:

183 4636 437 4705 pondera,
494 4655 600 4694 nec
650 4655 870 4710 possum
919 4645 1215 4713 gratiosum
1277 4659 1462 4717 putare
1510 4649 1651 4720 quod
1709 4662 1764 4705 tu

182 4724 610 4801 juratusallegas
635 4750 648 4785 :
675 4733 769 4788 sed
792 4735 920 4790 dum
947 4752 1033 4791 me
1055 4753 1239 4793 rur-us
1270 4739 1514 4809 inspicio,
1545 4743 1765 4798 labascit

185 4815 325 4884 fides,
353 4833 410 4877 et
437 4823 743 4894 refragatur
777 4828 1084 4885 testimonio
1123 4833 1468 4889 conscientia.
1518 4836 1590 4890 lta
1622 4835 1766 4906 quod

185 4908 428 4977 credibile
476 4930 711 4983 persona
767 4920 964 4988 judicis
1011 4921 1167 4990 facit,
1217 4925 1514 4982 diffidentia
1562 4931 1772 4999 respuit

186 5000 464 5058 audientis.
499 5002 664 5074 Igitur
691 5011 839 5064 solus
863 5014 1110 5085 ambigua
1138 5018 1507 5086 submovebis,
1540 5023 1582 5075 si
1614 5037 1766 5077 amo-

184 5103 288 5146 rem
331 5103 483 5149 tuum
532 5094 758 5163 posthac
807 5099 1021 5168 parcius
1059 5107 1205 5174 loqui
1252 5109 1321 5162 de
1349 5111 1596 5166 laudibus
1636 5113 1771 5167 meis

184 5179 424 5250 iusseris.
459 5183 618 5241 Vale.

744 5277 963 5336 EPIST.
1007 5281 1220 5339 XXXV.

667 5381 979 5426 SYIIACHUS
1015 5388 1285 5432 IINSBVIO.

245 5453 553 5526 Obrepsisti
595 5461 940 5516 verecundiae
981 5480 1115 5520 meae
1158 5479 1213 5521 ut
1263 5471 1405 5538 prior
1445 5474 1710 5534 scriberes
1755 5496 1768 5532 :

183 5545 424 5602 vadatum
457 5563 550 5604 me
588 5549 684 5606 tibi
714 5549 818 5608 hoc
846 5569 1070 5612 munere
1097 5560 1256 5615 velim
1288 5564 1497 5619 credas.
1529 5567 1636 5622 Sed
1666 5585 1772 5626 non

181 5637 291 5696 fero
317 5653 377 5699 ut
415 5643 565 5700 :edes
593 5645 993 5714 quodammodo
1032 5654 1282 5710 amicitiae
1310 5672 1483 5713 novus
1510 5662 1772 5720 salutator

181 5732 368 5791 adesse
403 5735 660 5792 videaris.
692 5737 1016 5797 Jamdudum
1055 5742 1280 5803 virtutes
1311 5757 1430 5805 tuas
1465 5765 1625 5820 pares
1666 5755 1771 5808 fra-

186 5825 344 5882 ternis
374 5826 432 5882 in
462 5827 697 5896 pectoris
724 5830 845 5884 mei
858 5835 1254 5908 possessionem
1287 5843 1482 5911 rect-pi.
1535 5843 1767 5903 Crevisti

464 5922 731 5983 Parant.
783 5925 1014 5986 XVIII.

1867 3344 2131 3415 probitate
2152 3362 2359 3401 morutn
2381 3363 2601 3403 suorum
2627 3350 3052 3408 mediocritatem
3079 3354 3245 3410 vincit
3263 3356 3322 3410 of
3323 3360 3422 3412 licii
3432 3397 3447 3412 .

1865 3437 1975 3494 Nec
2002 3439 2314 3508 despexeris
2355 3441 2650 3508 hominem,
2690 3443 2735 3498 si
2768 3460 3048 3500 numerum
3088 3449 3206 3516 ejus
3249 3451 3451 3517 stipen-

1865 3529 2075 3584 diorum
2119 3533 2416 3586 examines.
2455 3533 2742 3590 Tardiores
2777 3535 2936 3590 liabet
2971 3552 3254 3607 processus
3293 3557 3450 3596 vete-

1865 3624 2078 3688 cutnlia,
2102 3639 2224 3694 qua:
2251 3623 2378 3678 facit
2401 3634 2458 3678 ut
2485 3626 2626 3679 intra
2659 3629 2849 3681 merita
2877 3629 2960 3683 sui
2989 3628 3206 3686 honoris
3226 3631 3449 3688 haereat.

1865 3715 1975 3770 Nec
2009 3725 2184 3771 tamen
2215 3719 2441 3788 paenitet
2467 3718 2684 3789 longum
2724 3722 2960 3776 st-tisse.
2999 3721 3114 3777 Tuo
3140 3725 3282 3778 enim
3309 3723 3452 3792 judi-

1865 3811 1949 3864 cio
1973 3823 2273 3865 reservatus
2296 3819 2400 3878 est,
2425 3810 2524 3864 sub
2543 3827 2649 3881 quo
2671 3828 2949 3883 emergere
2971 3813 3260 3870 maximum
3286 3831 3452 3870 morm

1871 3904 2124 3971 pretium.
2165 3901 2300 3956 Cum
2330 3904 2489 3970 igitur
2514 3902 2589 3957 illi
2620 3904 2744 3960 vitae
2773 3903 3068 3974 integritas,
3093 3907 3294 3962 militia:
3317 3917 3448 3962 tetas

1865 3996 2178 4065 sulfragium
2211 3995 2380 4065 ft-rat,
2421 3998 2642 4068 dignum
2682 4008 2766 4054 est
2792 4011 2853 4054 ut
2877 4001 2944 4054 ad
2969 4051 2974 4054 .
3003 4001 3211 4058 debitos
3248 4002 3450 4058 fructus

1868 4103 1954 4144 me
1983 4098 2284 4160 precatore,
2311 4099 2362 4147 te
2389 4103 2610 4149 auctore
2638 4096 2932 4162 perveniat.
2985 4095 3132 4151 Vale.

2384 4244 2603 4301 EPIST.
2642 4247 2936 4303 XXXVIII.

2350 4351 2662 4393 SYMMACBUS
2702 4356 2973 4396 MISERVIO.

1943 4449 2272 4506 Gaudentius
2311 4451 2517 4506 amicus
2563 4467 2715 4508 meus
2775 4455 2829 4509 in
2872 4456 3134 4524 gremium
3175 4460 3454 4526 patrocinii
3497 4493 3500 4497 -

1873 4545 1946 4597 tui
1980 4544 2246 4613 confugit,
2276 4545 2357 4598 vir
2385 4545 2635 4600 omnibus
2657 4547 2818 4601 rebus
2842 4548 3012 4603 amari
3035 4549 3245 4620 dignus.
3277 4551 3458 4608 Genus

1873 4637 1920 4690 ei
1951 4637 2275 4692 senatorium
2305 4647 2409 4702 est,
2441 4653 2592 4692 mens
2631 4647 2689 4694 et
2727 4640 2988 4696 modestia
3031 4644 3235 4715 origine
3274 4663 3370 4702 sua
3397 4664 3461 4703 ac

1873 4730 2043 4798 stirpe
2070 4731 2320 4784 nobilior.
2355 4731 2411 4785 Si
2441 4732 2562 4786 fuco
2591 4734 2778 4802 gratia:
2811 4736 3061 4792 infectum
3095 4740 3458 4796 testimonium
3497 4777 3500 4779 λ

1851 4838 2051 4890 ,ηιθυηι
2081 4839 2186 4877 non
2219 4834 2395 4893 putas,
2432 4825 2646 4894 suscipe
2686 4828 3035 4898 diligendum.
3085 4831 3263 4902 Longa
3307 4835 3462 4890 obse-

1873 4916 2120 4983 quiorum
2152 4916 2270 4983 ejus
2307 4917 2570 4987 inspectio
2606 4917 2766 4975 faciet
2797 4927 2855 4975 ut
2891 4937 2978 4978 me
3011 4922 3217 4993 judices
3252 4925 3461 4981 minora

1873 5004 2092 5061 dixisse.
2146 5005 2296 5061 Vale.

2429 5101 2641 5158 EPIST.
2687 5103 2926 5160 XXXIX.

2343 5207 2650 5248 SYMHACBUS
2699 5210 2973 5250 IINERVIO.

1953 5299 2085 5352 Ama
2127 5297 2435 5354 Flavianum
2463 5301 2737 5358 dominum
2779 5311 2832 5358 et
2871 5304 3036 5359 lilium
3077 5320 3252 5360 meum
3293 5321 3464 5378 quan-

1885 5399 1993 5444 tum
2024 5406 2108 5444 me
2139 5390 2275 5446 velle
2299 5392 2667 5462 interpretaris
2694 5414 2706 5448 :
2741 5405 2795 5450 ct
2821 5395 2866 5449 si
2907 5395 3020 5452 fieri
3054 5407 3256 5467 potest,
3287 5411 3464 5458 certa-

1884 5494 2009 5533 men
2037 5495 2250 5543 .mecum
2289 5481 2356 5537 de
2402 5498 2587 5539 amore
2629 5485 2746 5555 ejus
2785 5485 3091 5554 ingredere.
3125 5487 3381 5548 Gaudebo
3417 5497 3462 5550 si

1879 5570 2090 5652 viceris.
2115 5572 2220 5625 Sed
2253 5574 2355 5627 hoc
2385 5573 2514 5628 mihi
2540 5585 2663 5638 tunc
2693 5575 2952 5644 probetur
2974 5617 2988 5642 ,
3019 5592 3143 5634 cum
3174 5591 3228 5636 et
3254 5584 3368 5653 ipse
3408 5593 3462 5642 te

1875 5660 2054 5716 colere
2074 5675 2234 5732 supra
2258 5679 2561 5719 mensuram
2583 5663 2873 5733 diligentia:
2896 5685 3029 5724 mea:
3053 5687 3196 5742 ρων(
3216 5675 3306 5732 rit.
3329 5677 3462 5730 Nam

1875 5752 1922 5806 si
1949 5754 2180 5809 amicitia
2216 5755 2284 5810 de
2326 5759 2523 5812 mutuis
2549 5765 2763 5812 constat
2799 5759 3026 5832 olficiis,
3072 5765 3228 5822 facile
3267 5766 3370 5822 crit
3403 5777 3464 5822 ut
3553 5825 3557 5828 λ

1875 5861 1940 5905 ex
1968 5849 2108 5907 illius
2138 5854 2317 5909 animo
2346 5861 2492 5908 tuum
2522 5853 2733 5918 metiar.
2769 5853 2922 5912 Vale.

3143 5951 3185 6014 8
