3932 6456
1119 475 1330 533 EPiST.
1383 477 1489 531 XL.

993 581 1302 623 ειιιιιιειιυε
1342 584 1621 624 NINERVIO.

586 657 644 714 Si
668 660 982 716 consideres
1008 674 1209 731 quanta
1238 665 1304 718 sit
1326 665 1687 718 innocentium
1719 659 1931 728 raritas,
1955 674 2102 712 ama-

513 753 594 807 bis
630 752 960 808 Desiderium
991 753 1155 808 filium
1187 770 1366 810 meum
1393 796 1407 817 ,
1438 755 1489 808 in
1515 769 1804 823 paucorum
1837 752 2102 806 electione

515 846 929 901 numerandum.
971 847 1046 903 De
1084 863 1321 917 quonon
1374 849 1480 903 l'alli
1502 849 1761 918 judicium
1795 862 1970 902 memn
1996 824 2103 900 sta.-

515 948 658 1004 tues,
705 946 826 995 cum
856 942 909 994 in
949 956 1175 996 examen
1211 950 1355 997 tuum
1389 946 1619 998 venerit.
1660 941 1878 995 Inteiim
1921 953 2104 1007 quaeso

516 1040 573 1086 ut
607 1033 680 1087 illi
714 1048 808 1102 per
827 1049 917 1090 me
946 1037 1332 1109 amicitiictuic
1355 1034 1648 1090 sacrarium
1681 1035 2017 1096 recludatur,
2051 1041 2106 1086 et

517 1137 744 1195 praestes
757 1143 938 1183 aurem
966 1128 1246 1199 benignam
1273 1143 1554 1184 causarum
1580 1144 1606 1181 s
1630 1143 1795 1181 arum
1819 1128 1958 1192 ,‘usta
1983 1139 2104 1178 nar-

517 1220 680 1273 ranti.
723 1219 782 1275 Si
808 1219 934 1288 quid
971 1221 1021 1274 in
1050 1236 1170 1275 eum
1215 1221 1352 1276 bene
1393 1219 1760 1281 consulueris,
1801 1217 2108 1270 absolvetur

519 1311 654 1366 fides
697 1327 850 1379 mea,
882 1329 1003 1384 qua:
1032 1313 1171 1381 apud
1213 1311 1358 1368 illum
1405 1329 1554 1382 spem
1592 1312 1958 1366 beneficentiae
2003 1318 2108 1364 tua:

521 1404 750 1461 fideliter
779 1406 1064 1475 persolvit.
1103 1405 1252 1459 Vale.
1739 1393 1744 1398 ’

756 1503 762 1511 ’
1115 1494 1331 1551 EPIST.
1376 1494 1510 1548 XLI.

1013 1603 1328 1645 ειιιιιιαιιιις
1358 1602 1632 1642 ιιιΝειιι-ιο.

591 1682 648 1737 In
698 1680 1028 1738 absolvendo
1058 1681 1280 1737 Rustico
1323 1689 1506 1734 nostro
1540 1689 1721 1732 votum
1765 1678 1857 1732 tibi
1895 1675 2061 1732 detuli
2092 1693 2106 1732 :

521 1791 677 1844 upetn
712 1775 854 1830 filius
885 1790 1036 1830 meus
1055 1772 1374 1829 Caecilianus
1399 1772 1661 1826 exhibuit.
1695 1771 1808 1824 Non
1841 1780 1923 1823 est
1952 1765 2112 1838 igitur

1687 367 1752 436 ρ.
1800 364 2142 424 Αυκιιιιιυε
2179 364 2614 426 διιιιιιιειιυε.

2118 480 2172 535 Ἀ
2202 475 2270 530 de
2308 478 2420 531 otio
2443 491 2596 542 meo,
2633 493 2752 547 quze
2798 481 2931 537 velis
2969 490 3128 541 nosse
3158 483 3420 551 narrabit,
3445 497 3559 539 nam
3584 499 3658 539 tne
3690 489 3732 541 ia

3643 375 3732 433 ιιι

2203 569 2354 623 silvis
2385 569 2738 626 Laurentibus
2773 576 3116 628 continuatus
3163 584 3247 629 est
3291 575 3452 629 rurali
3500 575 3645 645 quieti
3671 577 3734 632 in-

2209 657 2523 714 hmremem.
2555 659 2693 727 Quid
2721 663 2863 716 enim
2895 669 3062 732 magis
3104 665 3470 720 assectaudum
3497 673 3574 719 est
3599 666 3731 729 mihi,

2205 752 2495 820 collapsam
2515 754 2872 809 valetudinem
2895 771 3274 825 nonnunquam
3307 757 3568 823 sarcienti,
3585 758 3736 813 turba

2208 858 2352 912 stepe
2375 845 2664 900 declinanti
2693 886 2709 913 ,
2743 847 3038 902 litterarum
3073 851 3424 904 innocentiam
3452 864 3648 921 semper
3671 851 3737 905 di-

2210 935 2410 1004 ligenti.
2429 935 2580 993 Vale.
2785 1009 2978 1064 EPHT
3042 1008 3179 1063 XLV

2683 1116 2994 1156 SHIIACIIUS
3031 1117 3306 1158 IISEBVIO.

2283 1190 2499 1247 Fiducia
2532 1191 2660 1246 mihi
2684 1193 2806 1264 styli
2828 1203 2987 1264 atque
3017 1197 3212 1264 ingenii
3243 1197 3384 1250 nulla
3411 1204 3513 1252 est.
3557 1195 3650 1252 S-d
3677 1208 3742 1251 tua

2210 1287 2513 1355 benignitas
2552 1303 2715 1341 ausus
2743 1302 2890 1343 meos
2920 1297 3194 1357 provocat.
3232 1290 3346 1344 Misi
3379 1290 3535 1358 igitur
3560 1291 3619 1344 ad
3645 1306 3742 1344 eruo

2209 1384 2467 1438 ditionem
2517 1392 2660 1436 tuam
2701 1382 2835 1436 duas
2864 1384 3225 1438 oratiunculas
3270 1394 3480 1440 nostras
3514 1401 3744 1455 :quarum

2212 1493 2314 1530 uua
2364 1478 2430 1530 ad
2477 1477 2681 1548 Polybii
2714 1477 2879 1531 filium
2909 1478 3182 1547 pertinens
3206 1519 3220 1543 ,
3247 1494 3314 1533 ex
3343 1480 3541 1534 recenti
3571 1480 3745 1550 negotia

2213 1581 2335 1625 nata
2359 1584 2470 1634 est,
2513 1575 2679 1626 altera
2708 1571 2930 1634 dudum,
2953 1588 3074 1626 cum
3116 1588 3202 1626 res
3231 1573 3452 1626 incuria
3475 1574 3744 1642 agitaretur,

2211 1678 2240 1716 a
2283 1678 2369 1718 me
2415 1674 2596 1731 parata
2624 1703 2640 1729 ,
2670 1678 2810 1717 nunc
2839 1678 3002 1732 opere
3030 1664 3263 1733 largiore
3293 1673 3451 1718 aucta
3480 1664 3711 1733 processit
3735 1678 3746 1715 :

2217 1757 2340 1812 huic
2367 1765 2737 1826 argumentum
2769 1768 2853 1812 est
2883 1757 3156 1826 repudiata
3186 1771 3412 1812 censura
3434 1799 3448 1822 ,
3480 1773 3628 1828 quam
3653 1765 3748 1810 tunc

521 1883 656 1923 mea:
683 1867 1019 1921 verecundia
1059 1880 1249 1934 rapere
1278 1864 1501 1933 gratiam
1535 1862 1732 1916 laboris
1768 1862 1950 1914 alieni,
1982 1863 2106 1913 Am-
2142 1858 2189 1918 Β
2217 1852 2380 1906 totius
2393 1863 2610 1906 senatus
2633 1850 2830 1919 fugavit
2850 1851 3160 1906 auctoritas.
3193 1849 3328 1904 Nolo
3353 1851 3566 1905 mireris
3586 1849 3749 1919 gravis-

522 1961 591 2016 bo
615 1951 717 2031 ipsi
738 1971 1016 2029 acceptum
1041 1957 1446 2027 feramus,quud
1470 1956 1552 2026 agi
1575 1972 1702 2010 cura
1730 1965 1814 2008 tua
1835 1953 2108 2022 praecpit,

523 2051 742 2122 exsequi
772 2066 891 2106 mea
922 2049 1170 2106 valetudo
1207 2064 1310 2102 non
1343 2048 1534 2118 potuit.
1573 2046 1719 2100 Vale.

1114 2140 1329 2197 EI’IST.
1375 2139 1531 2194 XLII.

1003 2245 1311 2286 ειιιιιΑειιυε
1353 2245 1626 2285 IINEBVIO.

593 2327 720 2383 Scio
757 2327 882 2397 quid
917 2326 984 2380 de
1013 2341 1099 2380 me
1127 2325 1331 2380 sentias
1379 2341 1393 2378 ι
1445 2323 1541 2378 sed
1589 2332 1770 2378 certus
1814 2306 1995 2392 iudicii
2039 2321 2112 2375 mi

527 2437 670 2477 nunc
698 2435 890 2476 recuso
931 2417 1156 2473 laudari.
1189 2415 1461 2470 [Emularc
1489 2426 1637 2471 certe
1667 2415 1808 2483 quod
1838 2426 1889 2468 te
1923 2412 2116 2468 tacitus

526 2514 765 2568 admiror
788 2556 803 2580 ,
835 2513 956 2583 quia
987 2511 1103 2582 plus
1147 2509 1310 2564 habet
1351 2509 1605 2576 ponderis
1646 2517 1788 2562 recta
1818 2506 2112 2560 veneratin.

524 2606 908 2676 Relinquamus
925 2607 1212 2659 verborum
1237 2601 1523 2657 blanditias
1553 2599 1705 2654 novis
1733 2601 1870 2652 inter
1897 2611 1956 2651 se
1981 2596 2118 2649 ami-

522 2701 625 2756 cis.
655 2699 780 2754 Illos
802 2699 992 2767 juvent
1017 2697 1220 2750 alterna
1247 2694 1511 2764 prazconia
1537 2707 1705 2761 usque
1731 2691 1796 2744 ad
1825 2689 1982 2744 fidem
2011 2687 2114 2742 fte-

522 2791 689 2846 deris.
715 2789 904 2845 Nostra
928 2791 1124 2842 caritas
1150 2787 1312 2858 adyto
1343 2794 1616 2854 pectorum
1646 2782 1982 2838 recondatur.
1999 2783 2115 2851 lpsa

525 2882 785 2939 habitatio
810 2881 988 2936 cordis
1027 2881 1078 2934 in
1112 2887 1301 2949 operto
1323 2886 1424 2934 est.
1462 2876 1591 2932 Inde
1622 2891 1707 2931 tne
1749 2885 1836 2929 tua
1871 2890 1996 2928 cura
2029 2888 2117 2928 reI-

521 2974 732 3045 apiciat.
757 2973 862 3029 Sed
885 2986 991 3026 non
1020 2980 1103 3026 est
1128 2985 1305 3025 meum
1337 2969 1559 3023 formam
1591 2966 1888 3022 scribendis
1918 2965 2120 3035 cpisto-

520 3067 588 3120 lis
609 3065 758 3132 dare,
775 3063 905 3118 illud
935 3071 1139 3116 tantum
1169 3061 1374 3130 cogites
1405 3060 1530 3114 volo
1556 3074 1710 3113 :cum
1735 3057 1810 3112 sis
1835 3056 1900 3111 ad
1919 3056 2116 3126 praedi-

501 3159 750 3214 candum
803 3156 1240 3222 liberalissimus,
1288 3169 1470 3224 parum
1531 3154 1661 3208 mihi
1725 3152 1894 3208 videri
1957 3167 2115 3222 posse

520 3249 663 3320 quod
694 3249 1018 3313 atclaudor,
1051 3248 1150 3302 nisi
1176 3247 1404 3315 amplius
1424 3245 1648 3315 obliger.
1685 3245 1953 3299 Praeterea
1975 3244 2082 3297 scir

500 3341 736 3410 postulo
774 3354 870 3394 cur
901 3349 1112 3394 servata
1161 3339 1212 3391 in
1247 3337 1540 3406 praemissis
1581 3335 1884 3390 nominibus
1915 3334 2113 3388 nostris

511 3442 762 3504 vetustas
792 3429 1026 3485 defuerit
1064 3429 1363 3484 litterarum
1405 3427 1757 3482 contextioni.
1799 3425 1955 3480 Juvet
1983 3426 2116 3479 alios

529 3524 687 3581 titulo
713 3522 1059 3578 sublimitatis
1080 3521 1274 3574 attolli.
1302 3519 1414 3590 Ego
1445 3517 1856 3588 magnificentia:
1884 3518 2117 3587 appelln-

523 3618 724 3673 tionem
757 3628 984 3679 recuso,
1011 3613 1112 3667 nisi
1146 3611 1282 3666 forte
1313 3625 1398 3665 me
1435 3610 1738 3680 improbum
1770 3619 1950 3680 putas,
1973 3609 2115 3679 quod

527 3709 716 3763 honori
737 3716 828 3760 tuo
845 3704 1030 3760 eadem
1047 3703 1392 3758 deliuimenta
1420 3716 1524 3757 non
1551 3701 1757 3756 defero.
1777 3701 1942 3755 Amor
1963 3700 2117 3754 fictus

525 3802 580 3854 in
605 3799 691 3854 illa
705 3798 865 3853 verba
889 3795 1238 3851 submittitur.
1259 3794 1523 3849 Amicitia:
1545 3777 1718 3848 cultus
1737 3795 1994 3862 ingenuus
2010 3800 2113 3846 est.

525 3893 658 3950 Alba
675 3891 960 3953 velamina,
977 3903 1083 3943 non
1105 3888 1420 3958 segmentnti
1442 3887 1668 3940 amictus
1690 3885 1846 3938 fidem
1865 3883 2111 3938 vestiam.

525 3987 641 4053 Quo
679 3983 811 4038 mihi
857 3981 995 4037 altus
1034 3981 1354 4037 reverentiae
1390 3978 1624 4050 gradus?
1667 3976 1851 4032 Amari
1894 3991 1922 4028 a
1951 3975 2115 4030 fratre

526 4079 667 4135 malo
694 4091 860 4147 quam
889 4074 1113 4146 suspici.
1149 4073 1302 4128 Vale.

1101 4165 1315 4222 EI’IS'I‘.
1358 4163 1538 4220 XLIII.

1018 4273 1328 4314 SVMIACIIUS
1367 4271 1648 4312 HINERVIO.

602 4355 863 4410 Eusebius
903 4353 1350 4408 familiarissimus
1394 4366 1578 4414 meus,
1612 4350 1753 4404 idem
1777 4359 1930 4404 vetus
1960 4347 2115 4403 miles

527 4447 718 4516 privati
759 4444 934 4498 aerarii
977 4444 1067 4497 diu
1115 4443 1304 4496 morbo
1334 4441 1584 4496 obstante
1613 4441 1869 4510 obsequio
1901 4451 1990 4494 tuo
2019 4440 2115 4494 de-

525 4536 644 4592 fuit.
676 4535 920 4590 Orandus
943 4548 1001 4588 es
1028 4533 1158 4587 mihi
1184 4549 1251 4588 nc
1285 4532 1424 4587 inter
1445 4533 1648 4586 resides
1674 4541 1976 4587 annotetur.
2005 4531 2109 4587 Sed

527 4628 830 4696 itnpetratio
849 4626 1021 4680 venite
1049 4639 1152 4678 non
1185 4625 1441 4687 manebit,
1469 4624 1569 4677 nisi
1603 4624 1675 4677 illi
1708 4625 1904 4693 aliquid
1936 4627 2071 4679 bene

529 4718 634 4774 ficii
662 4717 976 4788 propitiatus
995 4715 1276 4784 adjeccris.
1293 4716 1484 4780 Quaeso
1501 4716 1659 4783 igitur
1687 4713 1984 4785 tlagitaudis
2014 4729 2108 4784 per

529 4809 800 4863 Etruriam
825 4806 1049 4875 publicis
1067 4804 1261 4858 debitis
1273 4804 1683 4858 sollicitudinem
1709 4819 1904 4858 navare
1925 4805 2108 4871 jubeao

497 4912 650 4967 .tur,
681 4908 741 4953 ut
775 4898 944 4967 longa:
972 4896 1230 4950 absentia:
1269 4897 1479 4965 culpam
1515 4896 1978 4951 commendatione
2012 4895 2111 4948 ali-

524 5006 630 5062 qua
660 4990 858 5046 laboris
878 4998 1144 5042 amove'it.
1180 4987 1326 5040 Vale.

1097 5078 1308 5133 EI’IST.
1353 5077 1537 5131 XLIV.

1004 5184 1311 5223 ειιιιιιιςιιυε
1349 5185 1542 5222 ιιιιιειιν
1554 5183 1625 5221 Ιύ.

594 5267 821 5334 Semper
856 5259 1073 5332 quidem
1113 5259 1243 5313 mihi
1285 5261 1536 5313 salutatio
1565 5276 1593 5311 a
1624 5269 1676 5312 te
1705 5257 1941 5327 profecta
1977 5273 2101 5326 gau-

521 5360 667 5413 dium
695 5363 863 5418 creat,
890 5351 986 5409 sed
1006 5367 1067 5407 ea
1098 5351 1362 5420 praecipue
1388 5367 1508 5420 qua:
1541 5350 1890 5404 familiaribus
1912 5366 2106 5419 appor-

525 5447 683 5504 tanda
716 5443 1088 5500 committitur.
1127 5443 1324 5510 Adjicit
1353 5440 1495 5494 enim
1525 5441 1740 5508 scriptis
1769 5442 1928 5510 digna
1958 5456 2104 5510 qua»

520 5540 661 5604 situ,
696 5536 846 5594 etde
873 5545 926 5591 te
955 5535 1118 5591 tradit
1139 5531 1340 5587 auditui
1367 5572 1383 5597 ,
1415 5532 1458 5585 si
1489 5531 1613 5600 quid
1653 5531 1822 5584 defuit
1867 5533 2104 5587 lectioni.

523 5629 682 5685 Velut
727 5643 869 5684 nunc
913 5625 1190 5684 Sebastius
1239 5633 1441 5685 vester,
1487 5632 1604 5690 post
1649 5624 1929 5690 epistolam
1963 5634 2106 5680 tuam

521 5723 803 5790 redditam,
821 5720 1108 5793 quamdam
1141 5715 1268 5773 mihi
1289 5713 1513 5770 Satin‘ex
1529 5725 1656 5769 voto
1679 5730 1892 5785 ageres,
1921 5717 2106 5773 scisci-
2153 5719 2166 5729 ‘

521 5817 681 5884 tanti,
715 5815 998 5884 imaginem
1020 5808 1324 5880 presenti»
1339 5817 1464 5876 _tu:e
1488 5807 1746 5871 exhibuit.
1777 5807 1919 5867 Idem
1957 5827 2097 5868 nunc

2214 1944 2407 1997 simum
2449 1942 2692 1997 ordinem
2721 1941 3082 2010 magisterium
3114 1944 3409 2011 respuisse.
3444 1941 3496 1996 lu
3548 1941 3750 1997 oratione

2215 2043 2398 2088 nostra
2448 2050 2554 2088 non
2595 2034 2740 2088 leves
2767 2048 2956 2088 causas
2987 2036 3195 2089 evitatas
3221 2033 3379 2104 hujus
3409 2035 3668 2104 potestatis
3689 2035 3750 2086 in-

2217 2127 2418 2181 venies.
2445 2125 2593 2180 Vale.

2786 2196 2997 2253 EPIST.
3049 2196 3231 2252 XLVI.

2698 2305 3002 2344 SYIIIACIIUS
3040 2305 3165 2345 IINE
3175 2305 3315 2346 ιινιο.

2286 2381 2550 2451 Spectata:
2586 2379 2754 2451 frugis
2784 2383 2927 2436 viros
2949 2383 3088 2450 apud
3117 2391 3170 2436 te
3197 2379 3754 2450 debeovcnmmendare.

2215 2475 2340 2545 quia
2370 2475 2692 2543 prmcipuum
2725 2490 2917 2529 munus
2945 2487 3024 2529 est
3061 2483 3116 2527 ut
3145 2474 3249 2528 tuis
3278 2474 3529 2530 amicitiis
3559 2474 3756 2527 inseran-

2218 2576 2323 2622 tur.
2357 2567 2581 2636 Suscipe
2608 2568 2788 2636 igitur,
2821 2581 3026 2637 qmeso,
3059 2568 3126 2622 de
3155 2575 3275 2621 ortu
3305 2577 3354 2621 et
3390 2566 3620 2622 moribus
3637 2564 3758 2618 facile

2217 2671 2547 2726 summates,
2599 2675 2800 2730 eosque
2841 2661 2891 2715 in
2934 2661 3168 2730 primore
3206 2675 3499 2730 congressu
3540 2655 3758 2730 penetrali

2217 2745 2582 2809 familiaritate
2606 2755 2846 2823 dignare.
2879 2754 3224 2825 Legationem
3266 2754 3371 2820 illis
3408 2755 3758 2823 Campanon

2219 2846 2623 2917 provincialium
2655 2861 2940 2902 commune
2971 2847 3261 2902 mandavit.
3302 2845 3552 2901 Abundat
3591 2842 3758 2914 justiti:

2219 2933 2527 3007 negotium;
2559 2952 2817 3006 personas
2864 2952 2982 2992 mea
3012 2953 3140 2992 cura
3165 2939 3528 2994 commendat.
3551 2933 3758 2992 Advertit

2218 3030 2353 3085 duas
2379 3045 2499 3085 esse
2519 3044 2708 3084 causas
2729 3029 3046 3084 exercenda:
3072 3030 3124 3083 iu
3155 3044 3250 3084 eos
3283 3028 3648 3101 benignitatis,
3684 3039 3758 3096 pro

2219 3126 2412 3196 quibus
2443 3123 2650 3193 publice
2673 3123 2895 3192 arquitas
2919 3123 3256 3192 petitionum,
3281 3124 3532 3194 privatim
3553 3137 3649 3178 non
3665 3133 3760 3190 gra-

2085 3258 2114 3297 θ
2143 3229 2186 3288 C
2221 3219 2387 3273 tiosus
2418 3216 2662 3270 laudatur
2691 3216 2998 3270 intervenit.
3031 3213 3183 3270 Vale.

2777 3347 2992 3402 EPIST.
3032 3347 3239 3403 XLVII.

2698 3455 3005 3495 ειιιιιιειιυε
3039 3455 3288 3495 IIINERVIO

2291 3534 2406 3588 Vidi
2446 3534 2627 3589 Roma:
2658 3531 2851 3588 PIOIad
2876 3549 2965 3587 um
2995 3533 3156 3588 filium
3181 3543 3448 3601 nostrum,
3479 3535 3626 3606 cujus
3645 3546 3763 3589 com-

2218 3627 2542 3680 mendatiuni
2563 3626 2691 3680 n.hil
2713 3641 2776 3681 et
2797 3625 3009 3680 familiae
3031 3637 3221 3681 vestra:
3248 3629 3578 3682 ornamentis
3604 3637 3765 3697 praeter

2219 3719 2422 3773 litteras
2448 3730 2564 3774 tuas
2585 3718 2772 3774 defuit.
2802 3719 2945 3786 Quas
2975 3733 3094 3774 cum
3113 3719 3530 3788 desiderassem,
3549 3719 3765 3775 citeriore

2215 3812 2384 3867 Gallia
2415 3813 2732 3882 imperatum
2760 3813 2859 3867 sibi
2883 3829 2912 3866 a
2942 3827 3130 3868 socero
3158 3814 3280 3880 iter,
3308 3824 3361 3867 tu
3397 3814 3581 3883 procul
3610 3822 3767 3882 agente

2219 3903 2514 3973 respondit.
2540 3903 3177 3974 Excusationemjuvenis
3206 3922 3314 3960 non
3331 3907 3561 3963 libenter
3584 3903 3764 3971 accepi;

2217 4010 2412 4058 caatera
2446 4016 2651 4054 morum
2685 4001 2924 4070 probavi.
2955 4001 3098 4057 Satis
3124 4011 3209 4056 est
3236 4003 3337 4056 hoc
3356 3977 3579 4057 autgbus
3609 4010 3765 4070 patris.

2215 4092 2303 4149 cui
2348 4093 2474 4148 nolo
2501 4094 2556 4147 in
2579 4109 2664 4148 me
2703 4095 2996 4164 gratiosum
3029 4094 3194 4148 videri
3227 4094 3588 4150 testimonium
3616 4089 3768 4146 brevis

2215 4189 2591 4260 experimemi.
2637 4189 2801 4245 Simul
2833 4205 3026 4244 vereor
3056 4206 3124 4244 ne
3158 4190 3284 4257 quid
3315 4189 3486 4244 amori
3521 4197 3610 4243 tuo
3635 4185 3682 4242 in
3708 4185 3769 4236 ft-

2216 4281 2342 4336 lium
2380 4281 2661 4351 derogent;
2695 4297 2851 4350 quem
2885 4297 2990 4336 non
3031 4281 3188 4337 decet
3219 4282 3393 4352 juvari
3439 4281 3578 4351 ιι,υά
3625 4290 3671 4333 te
3694 4288 3769 4346 per

2215 4375 2524 4446 suffragium
2554 4373 2946 4429 conciliationis
2975 4374 3185 4430 alienie.
3215 4371 3369 4432 Vale.

2763 4507 2980 4566 EPIST.
3021 4508 3250 4564 XLVIII.

2703 4615 3010 4656 ειιιιιιιοιιυε
3047 4616 3318 4656 ΜΙΝΕΙΠῚΟ.
3399 4655 3401 4657 ,

2286 4714 2512 4768 Litteras
2541 4713 2813 4767 nonnullis
2840 4713 3170 4766 humanitate
3203 4722 3542 4781 prirstamus.
3568 4710 3668 4766 Has
3698 4723 3770 4760 au-

2214 4815 2318 4860 tem
2343 4804 2558 4859 domino
2581 4816 2633 4860 et
2660 4805 2805 4859 fratri
2835 4820 2953 4859 meo
2983 4804 3170 4869 Basso,
3203 4805 3288 4873 qui
3318 4806 3522 4859 sororis
3551 4803 3771 4873 aequitate

2216 4911 2320 4950 non
2352 4898 2652 4966 discrepat;
2699 4897 2828 4966 quin
2872 4897 3048 4966 potius
3087 4897 3223 4965 juris
3269 4895 3488 4948 auxiliis
3536 4890 3766 4944 munitur.

2215 4991 2345 5044 Nam
2398 4990 2653 5046 rebellem
2683 5004 2898 5044 servum
2939 4988 3042 5042 sibi
3075 4988 3243 5051 poscit
3273 4983 3498 5050 adduci,
3546 4983 3610 5037 ad
3639 4979 3770 5046 cujus

2218 5082 2680 5151 inveszigationem
2708 5093 2810 5130 nec
2824 5075 3073 5143 pnccepti
3104 5073 3340 5128 celestis
3363 5075 3666 5135 auctoritas,
3689 5081 3770 5122 nec

2215 5167 2451 5222 Africani
2490 5167 2712 5244 comitis
2751 5167 2902 5234 vigor
2932 5164 3102 5234 potuit
3141 5165 3422 5233 pervenire
3465 5182 3476 5216 :
3531 5161 3767 5233 quuidein

2217 5261 2469 5316 facinoris
2507 5258 2723 5312 audacis
2750 5255 2993 5312 conscius
3020 5257 3385 5311 imminentem
3418 5269 3630 5326 pinnam
3659 5252 3771 5304 late-

2217 5353 2430 5408 brarum
2479 5351 2662 5405 vitavit
2703 5350 2920 5420 effugio.
2960 5351 3090 5404 (lum
3125 5352 3284 5420 igitur
3319 5365 3482 5417 super
3509 5349 3625 5418 ejus
3649 5347 3770 5400 facto

2215 5455 2375 5513 atque
2426 5442 2657 5511 nequitia
2707 5440 2773 5495 ad
2826 5450 2877 5495 te
2917 5442 3003 5495 vir
3045 5441 3328 5495 laudabilis
3367 5440 3564 5496 Africa:
3611 5445 3770 5492 comes

2209 5539 2466 5605 scriptum
2487 5534 2977 5604 publicumdedsse
3000 5535 3230 5599 dicatur,
3258 5534 3357 5589 erit
3381 5531 3605 5603 justi.i:e
3623 5539 3674 5585 et
3693 5528 3772 5581 bc-

2211 5624 2486 5698 nignitatis
2527 5634 2637 5681 tuae
2673 5626 2725 5680 in
2772 5635 3008 5681 nostrum
3040 5625 3276 5681 favorem
3305 5625 3553 5680 divinum
3596 5633 3770 5693 provo-

2209 5736 2332 5776 care
2351 5719 2629 5789 judicium,
2646 5732 2713 5774 ne
2734 5719 2955 5774 ulterius
2984 5719 3240 5774 innocens
3262 5719 3450 5774 domus
3468 5708 3770 5773 commentis

2211 5813 2482 5870 ferialibus
2511 5813 2630 5869 vilis
2656 5813 2904 5874 mancipii
2943 5820 3227 5869 terreatur.
3257 5811 3404 5868 Vale.
