  <div class='ocr_page' id='page_1' title='image "/cluster/home/n/w/nwhite01/storage/ocr_20150623/18/hvd.32044015471337/126.png"; bbox 0 0 3932 6494; ppageno 0'>
   <div class='ocr_carea' id='block_1_1' title="bbox 239 391 3438 486">
    <p class='ocr_par' dir='ltr' id='par_1_1' title="bbox 239 391 3438 486">
     <span class='ocr_line' id='line_1_1' title="bbox 239 391 3438 486; baseline -0.003 -4"><span class='ocrx_word' id='word_1_1' title='bbox 239 427 323 486; x_wconf 64' lang='grc' dir='ltr'><strong>ξιτ</strong></span> <span class='ocrx_word' id='word_1_2' title='bbox 1408 391 1883 483; x_wconf 70' lang='lat' dir='ltr'><strong>Ettsroranuu</strong></span> <span class='ocrx_word' id='word_1_3' title='bbox 1925 420 2122 474; x_wconf 74' lang='lat' dir='ltr'><strong>LIBER</strong></span> <span class='ocrx_word' id='word_1_4' title='bbox 2165 421 2243 476; x_wconf 86' lang='lat' dir='ltr'><strong>tv.</strong></span> <span class='ocrx_word' id='word_1_5' title='bbox 2697 451 2700 453; x_wconf 20' lang='grc' dir='ltr'><strong>Α</strong></span> <span class='ocrx_word' id='word_1_6' title='bbox 3331 418 3438 475; x_wconf 74' lang='grc'><strong>258</strong></span> 
     </span>
    </p>
   </div>
   <div class='ocr_carea' id='block_1_2' title="bbox 751 534 1182 593">
    <p class='ocr_par' dir='ltr' id='par_1_2' title="bbox 751 534 1182 593">
     <span class='ocr_line' id='line_1_2' title="bbox 751 534 1182 593; baseline 0.005 -3"><span class='ocrx_word' id='word_1_7' title='bbox 751 534 963 592; x_wconf 79' lang='lat' dir='ltr'><strong>EPIST.</strong></span> <span class='ocrx_word' id='word_1_8' title='bbox 1003 538 1182 593; x_wconf 78' lang='lat' dir='ltr'><strong>XLIX.</strong></span> 
     </span>
    </p>
   </div>
   <div class='ocr_carea' id='block_1_3' title="bbox 634 621 1314 691">
    <p class='ocr_par' dir='ltr' id='par_1_3' title="bbox 634 621 1314 691">
     <span class='ocr_line' id='line_1_3' title="bbox 634 621 1314 691; baseline 0.004 -11"><span class='ocrx_word' id='word_1_9' title='bbox 634 621 958 681; x_wconf 63' lang='lat' dir='ltr'><strong>&#39;sruuacuus</strong></span> <span class='ocrx_word' id='word_1_10' title='bbox 998 645 1273 683; x_wconf 68' lang='lat' dir='ltr'><strong>lllNl-ZRVIO.</strong></span> <span class='ocrx_word' id='word_1_11' title='bbox 1306 681 1314 691; x_wconf 85' lang='grc'><em>,</em></span> 
     </span>
    </p>
   </div>
   <div class='ocr_carea' id='block_1_4' title="bbox 296 709 1758 786">
    <p class='ocr_par' dir='ltr' id='par_1_4' title="bbox 296 709 1758 786">
     <span class='ocr_line' id='line_1_4' title="bbox 296 709 1758 786; baseline -0.002 -14"><span class='ocrx_word' id='word_1_12' title='bbox 296 717 350 772; x_wconf 87' lang='lat' dir='ltr'><strong>Et</strong></span> <span class='ocrx_word' id='word_1_13' title='bbox 371 729 516 784; x_wconf 84' lang='lat' dir='ltr'><strong>quum</strong></span> <span class='ocrx_word' id='word_1_14' title='bbox 545 714 824 770; x_wconf 78' lang='lat' dir='ltr'><strong>Mediolani</strong></span> <span class='ocrx_word' id='word_1_15' title='bbox 857 718 1104 786; x_wconf 79' lang='lat' dir='ltr'><strong>degerem</strong></span> <span class='ocrx_word' id='word_1_16' title='bbox 1138 709 1337 773; x_wconf 83' lang='lat' dir='ltr'><strong>cultum</strong></span> <span class='ocrx_word' id='word_1_17' title='bbox 1369 719 1505 773; x_wconf 86' lang='lat' dir='ltr'><strong>circa</strong></span> <span class='ocrx_word' id='word_1_18' title='bbox 1531 727 1582 771; x_wconf 92' lang='lat' dir='ltr'><strong>te</strong></span> <span class='ocrx_word' id='word_1_19' title='bbox 1613 717 1758 770; x_wconf 83' lang='lat' dir='ltr'><strong>salu-</strong></span> 
     </span>
    </p>
   </div>
   <div class='ocr_carea' id='block_1_5' title="bbox 233 808 1760 878">
    <p class='ocr_par' dir='ltr' id='par_1_5' title="bbox 233 808 1760 878">
     <span class='ocr_line' id='line_1_5' title="bbox 233 808 1760 878; baseline -0.001 -14"><span class='ocrx_word' id='word_1_20' title='bbox 233 809 412 864; x_wconf 74' lang='lat' dir='ltr'><strong>talionis</strong></span> <span class='ocrx_word' id='word_1_21' title='bbox 429 808 666 871; x_wconf 77' lang='lat' dir='ltr'><strong>exercui;</strong></span> <span class='ocrx_word' id='word_1_22' title='bbox 695 817 750 862; x_wconf 87' lang='lat' dir='ltr'><strong>et</strong></span> <span class='ocrx_word' id='word_1_23' title='bbox 770 825 909 864; x_wconf 88' lang='lat' dir='ltr'><strong>nunc</strong></span> <span class='ocrx_word' id='word_1_24' title='bbox 931 827 1177 866; x_wconf 81' lang='lat' dir='ltr'><strong>remenso</strong></span> <span class='ocrx_word' id='word_1_25' title='bbox 1208 812 1400 866; x_wconf 70' lang='lat' dir='ltr'><strong>itinere</strong></span> <span class='ocrx_word' id='word_1_26' title='bbox 1429 826 1643 878; x_wconf 66' lang='lat' dir='ltr'><strong>opevam</strong></span> <span class='ocrx_word' id='word_1_27' title='bbox 1670 824 1760 863; x_wconf 89' lang='lat' dir='ltr'><strong>se-</strong></span> 
     </span>
    </p>
   </div>
   <div class='ocr_carea' id='block_1_6' title="bbox 233 901 1760 972">
    <p class='ocr_par' dir='ltr' id='par_1_6' title="bbox 233 901 1760 972">
     <span class='ocr_line' id='line_1_6' title="bbox 233 901 1760 972; baseline -0.001 -19"><span class='ocrx_word' id='word_1_28' title='bbox 233 902 380 954; x_wconf 81' lang='lat' dir='ltr'><strong>dulam</strong></span> <span class='ocrx_word' id='word_1_29' title='bbox 408 901 658 955; x_wconf 87' lang='lat' dir='ltr'><strong>litterario</strong></span> <span class='ocrx_word' id='word_1_30' title='bbox 679 902 884 956; x_wconf 84' lang='lat' dir='ltr'><strong>muneri</strong></span> <span class='ocrx_word' id='word_1_31' title='bbox 910 918 1011 955; x_wconf 81' lang='lat' dir='ltr'><strong>non</strong></span> <span class='ocrx_word' id='word_1_32' title='bbox 1045 905 1255 972; x_wconf 76' lang='lat' dir='ltr'><strong>negavi.</strong></span> <span class='ocrx_word' id='word_1_33' title='bbox 1289 904 1575 972; x_wconf 80' lang='lat' dir='ltr'><strong>Exspectas</strong></span> <span class='ocrx_word' id='word_1_34' title='bbox 1600 903 1760 955; x_wconf 87' lang='lat' dir='ltr'><strong>credo</strong></span> 
     </span>
    </p>
   </div>
   <div class='ocr_carea' id='block_1_7' title="bbox 231 993 1759 1063">
    <p class='ocr_par' dir='ltr' id='par_1_7' title="bbox 231 993 1759 1063">
     <span class='ocr_line' id='line_1_7' title="bbox 231 993 1759 1063; baseline 0 -17"><span class='ocrx_word' id='word_1_35' title='bbox 231 1003 276 1046; x_wconf 84' lang='lat' dir='ltr'><strong>ut</strong></span> <span class='ocrx_word' id='word_1_36' title='bbox 325 993 526 1063; x_wconf 72' lang='lat' dir='ltr'><strong>gratiam</strong></span> <span class='ocrx_word' id='word_1_37' title='bbox 573 1004 812 1062; x_wconf 86' lang='lat' dir='ltr'><strong>repetam</strong></span> <span class='ocrx_word' id='word_1_38' title='bbox 862 995 1189 1063; x_wconf 80' lang='lat' dir='ltr'><strong>scriptionis.</strong></span> <span class='ocrx_word' id='word_1_39' title='bbox 1247 997 1394 1049; x_wconf 82' lang='lat' dir='ltr'><strong>Illam</strong></span> <span class='ocrx_word' id='word_1_40' title='bbox 1458 995 1609 1061; x_wconf 62' lang='lat' dir='ltr'><strong>[Iane</strong></span> <span class='ocrx_word' id='word_1_41' title='bbox 1655 1011 1759 1046; x_wconf 76' lang='lat' dir='ltr'><strong>non</strong></span> 
     </span>
    </p>
   </div>
   <div class='ocr_carea' id='block_1_8' title="bbox 231 1081 1761 1154">
    <p class='ocr_par' dir='ltr' id='par_1_8' title="bbox 231 1081 1761 1154">
     <span class='ocr_line' id='line_1_8' title="bbox 231 1081 1761 1154; baseline 0 -18"><span class='ocrx_word' id='word_1_42' title='bbox 231 1095 330 1136; x_wconf 81' lang='lat' dir='ltr'><strong>mea</strong></span> <span class='ocrx_word' id='word_1_43' title='bbox 349 1081 664 1150; x_wconf 64' lang='lat' dir='ltr'><strong>efﬂagitatio,</strong></span> <span class='ocrx_word' id='word_1_44' title='bbox 698 1081 791 1136; x_wconf 89' lang='lat' dir='ltr'><strong>sed</strong></span> <span class='ocrx_word' id='word_1_45' title='bbox 832 1093 919 1137; x_wconf 89' lang='lat' dir='ltr'><strong>tua</strong></span> <span class='ocrx_word' id='word_1_46' title='bbox 963 1083 1172 1139; x_wconf 73' lang='lat' dir='ltr'><strong>affectio</strong></span> <span class='ocrx_word' id='word_1_47' title='bbox 1203 1085 1503 1154; x_wconf 83' lang='lat' dir='ltr'><strong>pollicetur.</strong></span> <span class='ocrx_word' id='word_1_48' title='bbox 1538 1085 1761 1153; x_wconf 73' lang='lat' dir='ltr'><strong>Exigant</strong></span> 
     </span>
    </p>
   </div>
   <div class='ocr_carea' id='block_1_9' title="bbox 227 1173 1472 1244">
    <p class='ocr_par' dir='ltr' id='par_1_9' title="bbox 227 1173 1472 1244">
     <span class='ocr_line' id='line_1_9' title="bbox 227 1173 1472 1244; baseline 0.005 -19"><span class='ocrx_word' id='word_1_49' title='bbox 227 1173 327 1243; x_wconf 73' lang='lat' dir='ltr'><strong>styli</strong></span> <span class='ocrx_word' id='word_1_50' title='bbox 349 1174 524 1241; x_wconf 80' lang='lat' dir='ltr'><strong>vicem,</strong></span> <span class='ocrx_word' id='word_1_51' title='bbox 555 1174 646 1244; x_wconf 88' lang='lat' dir='ltr'><strong>qui</strong></span> <span class='ocrx_word' id='word_1_52' title='bbox 673 1175 833 1228; x_wconf 80' lang='lat' dir='ltr'><strong>animi</strong></span> <span class='ocrx_word' id='word_1_53' title='bbox 866 1185 968 1228; x_wconf 87' lang='lat' dir='ltr'><strong>n&#39;on</strong></span> <span class='ocrx_word' id='word_1_54' title='bbox 1002 1185 1294 1231; x_wconf 88' lang='lat' dir='ltr'><strong>merentur.</strong></span> <span class='ocrx_word' id='word_1_55' title='bbox 1325 1175 1472 1231; x_wconf 90' lang='lat' dir='ltr'><strong>Vale.</strong></span> 
     </span>
    </p>
   </div>
   <div class='ocr_carea' id='block_1_10' title="bbox 804 1266 1116 1322">
    <p class='ocr_par' dir='ltr' id='par_1_10' title="bbox 804 1266 1116 1322">
     <span class='ocr_line' id='line_1_10' title="bbox 804 1266 1116 1322; baseline 0.003 -2"><span class='ocrx_word' id='word_1_56' title='bbox 804 1266 1012 1322; x_wconf 82' lang='lat' dir='ltr'><strong>EPIST.</strong></span> <span class='ocrx_word' id='word_1_57' title='bbox 1056 1267 1116 1321; x_wconf 87' lang='lat' dir='ltr'><strong>L.</strong></span> 
     </span>
    </p>
   </div>
   <div class='ocr_carea' id='block_1_11' title="bbox 621 1373 1317 1414">
    <p class='ocr_par' dir='ltr' id='par_1_11' title="bbox 621 1373 1317 1414">
     <span class='ocr_line' id='line_1_11' title="bbox 621 1373 1317 1414; baseline 0.001 -1"><span class='ocrx_word' id='word_1_58' title='bbox 621 1373 928 1413; x_wconf 69' lang='lat' dir='ltr'><strong>SYIIIACIIUS</strong></span> <span class='ocrx_word' id='word_1_59' title='bbox 967 1375 1317 1414; x_wconf 71' lang='lat' dir='ltr'><strong>fLOBENTth).</strong></span> 
     </span>
    </p>
   </div>
   <div class='ocr_carea' id='block_1_12' title="bbox 281 1447 1759 1521">
    <p class='ocr_par' dir='ltr' id='par_1_12' title="bbox 281 1447 1759 1521">
     <span class='ocr_line' id='line_1_12' title="bbox 281 1447 1759 1521; baseline 0 -19"><span class='ocrx_word' id='word_1_60' title='bbox 281 1447 366 1503; x_wconf 86' lang='lat' dir='ltr'><strong>Diti</strong></span> <span class='ocrx_word' id='word_1_61' title='bbox 391 1463 544 1517; x_wconf 85' lang='lat' dir='ltr'><strong>super</strong></span> <span class='ocrx_word' id='word_1_62' title='bbox 591 1451 822 1504; x_wconf 82' lang='lat' dir='ltr'><strong>adventu</strong></span> <span class='ocrx_word' id='word_1_63' title='bbox 871 1452 1048 1506; x_wconf 89' lang='lat' dir='ltr'><strong>fratris</strong></span> <span class='ocrx_word' id='word_1_64' title='bbox 1076 1455 1396 1521; x_wconf 86' lang='lat' dir='ltr'><strong>postulatum</strong></span> <span class='ocrx_word' id='word_1_65' title='bbox 1440 1468 1466 1504; x_wconf 89' lang='lat' dir='ltr'><strong>a</strong></span> <span class='ocrx_word' id='word_1_66' title='bbox 1511 1467 1595 1505; x_wconf 91' lang='lat' dir='ltr'><strong>mc</strong></span> <span class='ocrx_word' id='word_1_67' title='bbox 1622 1451 1759 1505; x_wconf 80' lang='lat' dir='ltr'><strong>iridi-</strong></span> 
     </span>
    </p>
   </div>
   <div class='ocr_carea' id='block_1_13' title="bbox 221 1539 1758 1609">
    <p class='ocr_par' dir='ltr' id='par_1_13' title="bbox 221 1539 1758 1609">
     <span class='ocr_line' id='line_1_13' title="bbox 221 1539 1758 1609; baseline 0.001 -15"><span class='ocrx_word' id='word_1_68' title='bbox 221 1540 340 1595; x_wconf 88' lang='lat' dir='ltr'><strong>cium</strong></span> <span class='ocrx_word' id='word_1_69' title='bbox 364 1539 637 1607; x_wconf 67' lang='lat' dir='ltr'><strong>distulisti;</strong></span> <span class='ocrx_word' id='word_1_70' title='bbox 670 1544 856 1609; x_wconf 80' lang='lat' dir='ltr'><strong>credo,</strong></span> <span class='ocrx_word' id='word_1_71' title='bbox 895 1552 952 1598; x_wconf 89' lang='lat' dir='ltr'><strong>ut</strong></span> <span class='ocrx_word' id='word_1_72' title='bbox 990 1545 1327 1598; x_wconf 80' lang='lat' dir='ltr'><strong>salutationis</strong></span> <span class='ocrx_word' id='word_1_73' title='bbox 1358 1542 1758 1596; x_wconf 71' lang='lat' dir='ltr'><strong>lnnurificcntia</strong></span> 
     </span>
    </p>
   </div>
   <div class='ocr_carea' id='block_1_14' title="bbox 224 1633 1758 1704">
    <p class='ocr_par' dir='ltr' id='par_1_14' title="bbox 224 1633 1758 1704">
     <span class='ocr_line' id='line_1_14' title="bbox 224 1633 1758 1704; baseline 0.001 -19"><span class='ocrx_word' id='word_1_74' title='bbox 224 1633 525 1699; x_wconf 54' lang='lat' dir='ltr'><strong>praeveniret.</strong></span> <span class='ocrx_word' id='word_1_75' title='bbox 569 1635 815 1703; x_wconf 78' lang='lat' dir='ltr'><strong>Agnosco</strong></span> <span class='ocrx_word' id='word_1_76' title='bbox 863 1635 1111 1704; x_wconf 84' lang='lat' dir='ltr'><strong>religiosa</strong></span> <span class='ocrx_word' id='word_1_77' title='bbox 1157 1636 1380 1689; x_wconf 88' lang='lat' dir='ltr'><strong>colludia</strong></span> <span class='ocrx_word' id='word_1_78' title='bbox 1409 1676 1422 1699; x_wconf 90' lang='lat'><strong>,</strong></span> <span class='ocrx_word' id='word_1_79' title='bbox 1455 1650 1552 1688; x_wconf 91' lang='lat' dir='ltr'><strong>nec</strong></span> <span class='ocrx_word' id='word_1_80' title='bbox 1585 1645 1758 1686; x_wconf 85' lang='lat' dir='ltr'><strong>tamen</strong></span> 
     </span>
    </p>
   </div>
   <div class='ocr_carea' id='block_1_15' title="bbox 219 1720 1759 1790">
    <p class='ocr_par' dir='ltr' id='par_1_15' title="bbox 219 1720 1759 1790">
     <span class='ocr_line' id='line_1_15' title="bbox 219 1720 1759 1790; baseline 0.001 -16"><span class='ocrx_word' id='word_1_81' title='bbox 219 1720 356 1775; x_wconf 81' lang='lat' dir='ltr'><strong>credo</strong></span> <span class='ocrx_word' id='word_1_82' title='bbox 377 1761 391 1786; x_wconf 91' lang='lat'><strong>,</strong></span> <span class='ocrx_word' id='word_1_83' title='bbox 428 1731 479 1776; x_wconf 90' lang='lat' dir='ltr'><strong>et</strong></span> <span class='ocrx_word' id='word_1_84' title='bbox 515 1723 657 1777; x_wconf 90' lang='lat' dir='ltr'><strong>ultro</strong></span> <span class='ocrx_word' id='word_1_85' title='bbox 688 1725 739 1777; x_wconf 94' lang='lat' dir='ltr'><strong>in</strong></span> <span class='ocrx_word' id='word_1_86' title='bbox 771 1733 1044 1780; x_wconf 80' lang='lat' dir='ltr'><strong>certamen</strong></span> <span class='ocrx_word' id='word_1_87' title='bbox 1075 1730 1391 1790; x_wconf 86' lang='lat' dir='ltr'><strong>scriptorum</strong></span> <span class='ocrx_word' id='word_1_88' title='bbox 1425 1723 1759 1779; x_wconf 80' lang='lat' dir='ltr'><strong>familiarium</strong></span> 
     </span>
    </p>
   </div>
   <div class='ocr_carea' id='block_1_16' title="bbox 216 1810 1757 1884">
    <p class='ocr_par' dir='ltr' id='par_1_16' title="bbox 216 1810 1757 1884">
     <span class='ocr_line' id='line_1_16' title="bbox 216 1810 1757 1884; baseline 0.003 -22"><span class='ocrx_word' id='word_1_89' title='bbox 216 1810 339 1865; x_wconf 80' lang='lat' dir='ltr'><strong>solus</strong></span> <span class='ocrx_word' id='word_1_90' title='bbox 361 1811 484 1866; x_wconf 83' lang='lat' dir='ltr'><strong>duos</strong></span> <span class='ocrx_word' id='word_1_91' title='bbox 511 1815 740 1869; x_wconf 83' lang='lat' dir='ltr'><strong>advoco.</strong></span> <span class='ocrx_word' id='word_1_92' title='bbox 767 1813 946 1869; x_wconf 56' lang='lat' dir='ltr'><strong>Ott-um</strong></span> <span class='ocrx_word' id='word_1_93' title='bbox 985 1815 1113 1884; x_wconf 91' lang='lat' dir='ltr'><strong>tibi,</strong></span> <span class='ocrx_word' id='word_1_94' title='bbox 1143 1816 1368 1884; x_wconf 85' lang='lat' dir='ltr'><strong>inquies,</strong></span> <span class='ocrx_word' id='word_1_95' title='bbox 1399 1817 1534 1868; x_wconf 77' lang='lat' dir='ltr'><strong>lianc</strong></span> <span class='ocrx_word' id='word_1_96' title='bbox 1555 1815 1757 1868; x_wconf 80' lang='lat' dir='ltr'><strong>officio-</strong></span> 
     </span>
    </p>
   </div>
   <div class='ocr_carea' id='block_1_17' title="bbox 215 1902 1836 1976">
    <p class='ocr_par' dir='ltr' id='par_1_17' title="bbox 215 1902 1836 1976">
     <span class='ocr_line' id='line_1_17' title="bbox 215 1902 1836 1976; baseline 0.004 -20"><span class='ocrx_word' id='word_1_97' title='bbox 215 1917 311 1957; x_wconf 81' lang='lat' dir='ltr'><strong>rtt</strong></span> <span class='ocrx_word' id='word_1_98' title='bbox 338 1902 572 1959; x_wconf 85' lang='lat' dir='ltr'><strong>fiduciam</strong></span> <span class='ocrx_word' id='word_1_99' title='bbox 601 1916 839 1974; x_wconf 64' lang='lat' dir='ltr'><strong>praestat.</strong></span> <span class='ocrx_word' id='word_1_100' title='bbox 857 1908 1017 1975; x_wconf 85' lang='lat' dir='ltr'><strong>Quid.</strong></span> <span class='ocrx_word' id='word_1_101' title='bbox 1043 1908 1182 1976; x_wconf 91' lang='lat' dir='ltr'><strong>quod</strong></span> <span class='ocrx_word' id='word_1_102' title='bbox 1209 1917 1260 1961; x_wconf 90' lang='lat' dir='ltr'><strong>te</strong></span> <span class='ocrx_word' id='word_1_103' title='bbox 1279 1907 1447 1976; x_wconf 79' lang='lat' dir='ltr'><strong>magis</strong></span> <span class='ocrx_word' id='word_1_104' title='bbox 1474 1912 1756 1976; x_wconf 70' lang='lat' dir='ltr'><strong>Qua-sturae</strong></span> <span class='ocrx_word' id='word_1_105' title='bbox 1794 1905 1836 1963; x_wconf 85' lang='grc' dir='ltr'><strong>Β</strong></span> 
     </span>
    </p>
   </div>
   <div class='ocr_carea' id='block_1_18' title="bbox 215 1993 1758 2060">
    <p class='ocr_par' dir='ltr' id='par_1_18' title="bbox 215 1993 1758 2060">
     <span class='ocr_line' id='line_1_18' title="bbox 215 1993 1758 2060; baseline 0.001 -12"><span class='ocrx_word' id='word_1_106' title='bbox 215 1993 360 2048; x_wconf 71' lang='lat' dir='ltr'><strong>laeuos</strong></span> <span class='ocrx_word' id='word_1_107' title='bbox 382 2035 397 2060; x_wconf 91' lang='lat'><strong>,</strong></span> <span class='ocrx_word' id='word_1_108' title='bbox 423 2007 475 2050; x_wconf 89' lang='lat' dir='ltr'><strong>et</strong></span> <span class='ocrx_word' id='word_1_109' title='bbox 509 1996 913 2053; x_wconf 82' lang='lat' dir='ltr'><strong>condendarum</strong></span> <span class='ocrx_word' id='word_1_110' title='bbox 957 2009 1292 2054; x_wconf 83' lang='lat' dir='ltr'><strong>sanet-onum</strong></span> <span class='ocrx_word' id='word_1_111' title='bbox 1325 2015 1452 2053; x_wconf 90' lang='lat' dir='ltr'><strong>usus</strong></span> <span class='ocrx_word' id='word_1_112' title='bbox 1481 1999 1758 2052; x_wconf 75' lang='lat' dir='ltr'><strong>excoluit?</strong></span> 
     </span>
    </p>
   </div>
   <div class='ocr_carea' id='block_1_19' title="bbox 215 2082 1756 2161">
    <p class='ocr_par' dir='ltr' id='par_1_19' title="bbox 215 2082 1756 2161">
     <span class='ocr_line' id='line_1_19' title="bbox 215 2082 1756 2161; baseline 0.005 -22"><span class='ocrx_word' id='word_1_113' title='bbox 215 2082 327 2140; x_wconf 83' lang='lat' dir='ltr'><strong>Cum</strong></span> <span class='ocrx_word' id='word_1_114' title='bbox 360 2087 443 2143; x_wconf 91' lang='lat' dir='ltr'><strong>illo</strong></span> <span class='ocrx_word' id='word_1_115' title='bbox 469 2100 665 2145; x_wconf 70' lang='lat' dir='ltr'><strong>atatem</strong></span> <span class='ocrx_word' id='word_1_116' title='bbox 685 2091 814 2147; x_wconf 87' lang='lat' dir='ltr'><strong>mibi</strong></span> <span class='ocrx_word' id='word_1_117' title='bbox 843 2094 1062 2161; x_wconf 71' lang='lat' dir='ltr'><strong>privatae</strong></span> <span class='ocrx_word' id='word_1_118' title='bbox 1089 2096 1212 2146; x_wconf 72' lang='lat' dir='ltr'><strong>vita:</strong></span> <span class='ocrx_word' id='word_1_119' title='bbox 1253 2093 1488 2146; x_wconf 82' lang='lat' dir='ltr'><strong>caaditio</strong></span> <span class='ocrx_word' id='word_1_120' title='bbox 1514 2107 1756 2146; x_wconf 85' lang='lat' dir='ltr'><strong>commu-</strong></span> 
     </span>
    </p>
   </div>
   <div class='ocr_carea' id='block_1_20' title="bbox 212 2177 1754 2252">
    <p class='ocr_par' dir='ltr' id='par_1_20' title="bbox 212 2177 1754 2252">
     <span class='ocr_line' id='line_1_20' title="bbox 212 2177 1754 2252; baseline 0.006 -24"><span class='ocrx_word' id='word_1_121' title='bbox 212 2177 283 2231; x_wconf 83' lang='lat' dir='ltr'><strong>ttia</strong></span> <span class='ocrx_word' id='word_1_122' title='bbox 303 2187 397 2234; x_wconf 83' lang='lat' dir='ltr'><strong>est.</strong></span> <span class='ocrx_word' id='word_1_123' title='bbox 437 2179 616 2250; x_wconf 79' lang='lat' dir='ltr'><strong>Atque</strong></span> <span class='ocrx_word' id='word_1_124' title='bbox 644 2182 847 2237; x_wconf 84' lang='lat' dir='ltr'><strong>utinam</strong></span> <span class='ocrx_word' id='word_1_125' title='bbox 878 2183 1001 2239; x_wconf 87' lang='lat' dir='ltr'><strong>boni</strong></span> <span class='ocrx_word' id='word_1_126' title='bbox 1037 2183 1290 2252; x_wconf 73' lang='lat' dir='ltr'><strong>principis</strong></span> <span class='ocrx_word' id='word_1_127' title='bbox 1319 2185 1754 2252; x_wconf 85' lang='lat' dir='ltr'><strong>circumspectio,</strong></span> 
     </span>
    </p>
   </div>
   <div class='ocr_carea' id='block_1_21' title="bbox 213 2266 1759 2343">
    <p class='ocr_par' dir='ltr' id='par_1_21' title="bbox 213 2266 1759 2343">
     <span class='ocr_line' id='line_1_21' title="bbox 213 2266 1759 2343; baseline 0.005 -22"><span class='ocrx_word' id='word_1_128' title='bbox 213 2266 356 2334; x_wconf 72' lang='lat' dir='ltr'><strong>ipsius</strong></span> <span class='ocrx_word' id='word_1_129' title='bbox 374 2286 582 2342; x_wconf 82' lang='lat' dir='ltr'><strong>quoque</strong></span> <span class='ocrx_word' id='word_1_130' title='bbox 602 2288 819 2343; x_wconf 88' lang='lat' dir='ltr'><strong>operam</strong></span> <span class='ocrx_word' id='word_1_131' title='bbox 841 2273 940 2329; x_wconf 83' lang='lat' dir='ltr'><strong>sibi</strong></span> <span class='ocrx_word' id='word_1_132' title='bbox 973 2275 1223 2328; x_wconf 89' lang='lat' dir='ltr'><strong>vindicet.</strong></span> <span class='ocrx_word' id='word_1_133' title='bbox 1248 2273 1575 2328; x_wconf 86' lang='lat' dir='ltr'><strong>Ferendum:</strong></span> <span class='ocrx_word' id='word_1_134' title='bbox 1600 2275 1759 2328; x_wconf 87' lang='lat' dir='ltr'><strong>ambo</strong></span> 
     </span>
    </p>
   </div>
   <div class='ocr_carea' id='block_1_22' title="bbox 207 2357 1754 2433">
    <p class='ocr_par' dir='ltr' id='par_1_22' title="bbox 207 2357 1754 2433">
     <span class='ocr_line' id='line_1_22' title="bbox 207 2357 1754 2433; baseline 0.006 -24"><span class='ocrx_word' id='word_1_135' title='bbox 207 2357 466 2418; x_wconf 74' lang='lat' dir='ltr'><strong>devotione</strong></span> <span class='ocrx_word' id='word_1_136' title='bbox 491 2363 770 2433; x_wconf 84' lang='lat' dir='ltr'><strong>placeatis,</strong></span> <span class='ocrx_word' id='word_1_137' title='bbox 793 2366 838 2419; x_wconf 97' lang='lat' dir='ltr'><strong>si</strong></span> <span class='ocrx_word' id='word_1_138' title='bbox 857 2365 995 2420; x_wconf 86' lang='lat' dir='ltr'><strong>circa</strong></span> <span class='ocrx_word' id='word_1_139' title='bbox 1010 2381 1097 2420; x_wconf 88' lang='lat' dir='ltr'><strong>me</strong></span> <span class='ocrx_word' id='word_1_140' title='bbox 1123 2365 1313 2421; x_wconf 77' lang='lat' dir='ltr'><strong>litteris</strong></span> <span class='ocrx_word' id='word_1_141' title='bbox 1337 2366 1495 2421; x_wconf 89' lang='lat' dir='ltr'><strong>ambo</strong></span> <span class='ocrx_word' id='word_1_142' title='bbox 1512 2365 1754 2421; x_wconf 88' lang='lat' dir='ltr'><strong>cessetis.</strong></span> 
     </span>
    </p>
   </div>
   <div class='ocr_carea' id='block_1_23' title="bbox 213 2448 1158 2583">
    <p class='ocr_par' dir='ltr' id='par_1_23' title="bbox 213 2448 1158 2583">
     <span class='ocr_line' id='line_1_23' title="bbox 213 2448 338 2506; baseline 0.024 -5"><span class='ocrx_word' id='word_1_143' title='bbox 213 2448 338 2506; x_wconf 79' lang='lat' dir='ltr'><strong>Vale.</strong></span> 
     </span>
     <span class='ocr_line' id='line_1_24' title="bbox 819 2527 1158 2583; baseline 0.003 -1"><span class='ocrx_word' id='word_1_144' title='bbox 819 2527 1032 2583; x_wconf 73' lang='lat' dir='ltr'><strong>EPIST.</strong></span> <span class='ocrx_word' id='word_1_145' title='bbox 1071 2527 1158 2583; x_wconf 84' lang='lat' dir='ltr'><strong>Ll.</strong></span> 
     </span>
    </p>
   </div>
   <div class='ocr_carea' id='block_1_24' title="bbox 625 2633 1326 2676">
    <p class='ocr_par' dir='ltr' id='par_1_24' title="bbox 625 2633 1326 2676">
     <span class='ocr_line' id='line_1_25' title="bbox 625 2633 1326 2676; baseline 0.001 -3"><span class='ocrx_word' id='word_1_146' title='bbox 625 2633 817 2673; x_wconf 72' lang='lat' dir='ltr'><strong>SYIIIIM</strong></span> <span class='ocrx_word' id='word_1_147' title='bbox 838 2634 937 2674; x_wconf 82' lang='lat' dir='ltr'><strong>nes</strong></span> <span class='ocrx_word' id='word_1_148' title='bbox 977 2635 1326 2676; x_wconf 68' lang='lat' dir='ltr'><strong>FLOBEN&#39;I‘INO.</strong></span> 
     </span>
    </p>
   </div>
   <div class='ocr_carea' id='block_1_25' title="bbox 263 2725 1759 2798">
    <p class='ocr_par' dir='ltr' id='par_1_25' title="bbox 263 2725 1759 2798">
     <span class='ocr_line' id='line_1_26' title="bbox 263 2725 1759 2798; baseline 0.005 -17"><span class='ocrx_word' id='word_1_149' title='bbox 263 2725 438 2784; x_wconf 83' lang='lat' dir='ltr'><strong>Omnia</strong></span> <span class='ocrx_word' id='word_1_150' title='bbox 469 2739 520 2785; x_wconf 89' lang='lat' dir='ltr'><strong>te</strong></span> <span class='ocrx_word' id='word_1_151' title='bbox 555 2730 731 2786; x_wconf 89' lang='lat' dir='ltr'><strong>facere</strong></span> <span class='ocrx_word' id='word_1_152' title='bbox 757 2733 823 2786; x_wconf 88' lang='lat' dir='ltr'><strong>ad</strong></span> <span class='ocrx_word' id='word_1_153' title='bbox 853 2733 1080 2786; x_wconf 87' lang='lat' dir='ltr'><strong>salutem</strong></span> <span class='ocrx_word' id='word_1_154' title='bbox 1111 2732 1372 2798; x_wconf 76' lang='lat' dir='ltr'><strong>Flaviani,</strong></span> <span class='ocrx_word' id='word_1_155' title='bbox 1403 2733 1500 2788; x_wconf 91' lang='lat' dir='ltr'><strong>viri</strong></span> <span class='ocrx_word' id='word_1_156' title='bbox 1532 2732 1759 2788; x_wconf 82' lang='lat' dir='ltr'><strong>ornatis-</strong></span> 
     </span>
    </p>
   </div>
   <div class='ocr_carea' id='block_1_26' title="bbox 208 2819 1760 2897">
    <p class='ocr_par' dir='ltr' id='par_1_26' title="bbox 208 2819 1760 2897">
     <span class='ocr_line' id='line_1_27' title="bbox 208 2819 1760 2897; baseline 0.008 -27"><span class='ocrx_word' id='word_1_157' title='bbox 208 2819 342 2880; x_wconf 84' lang='lat' dir='ltr'><strong>simi.</strong></span> <span class='ocrx_word' id='word_1_158' title='bbox 373 2826 609 2894; x_wconf 77' lang='lat' dir='ltr'><strong>pignoris</strong></span> <span class='ocrx_word' id='word_1_159' title='bbox 637 2825 776 2893; x_wconf 89' lang='lat' dir='ltr'><strong>mei,</strong></span> <span class='ocrx_word' id='word_1_160' title='bbox 805 2826 965 2881; x_wconf 84' lang='lat' dir='ltr'><strong>rebus</strong></span> <span class='ocrx_word' id='word_1_161' title='bbox 995 2829 1262 2897; x_wconf 81' lang='lat' dir='ltr'><strong>experior.</strong></span> <span class='ocrx_word' id='word_1_162' title='bbox 1299 2828 1432 2882; x_wconf 87' lang='lat' dir='ltr'><strong>llinc</strong></span> <span class='ocrx_word' id='word_1_163' title='bbox 1467 2828 1598 2882; x_wconf 87' lang='lat' dir='ltr'><strong>mihi</strong></span> <span class='ocrx_word' id='word_1_164' title='bbox 1637 2843 1760 2896; x_wconf 84' lang='lat' dir='ltr'><strong>spes</strong></span> 
     </span>
    </p>
   </div>
   <div class='ocr_carea' id='block_1_27' title="bbox 203 2913 1760 2989">
    <p class='ocr_par' dir='ltr' id='par_1_27' title="bbox 203 2913 1760 2989">
     <span class='ocr_line' id='line_1_28' title="bbox 203 2913 1760 2989; baseline 0.007 -26"><span class='ocrx_word' id='word_1_165' title='bbox 203 2913 376 2980; x_wconf 83' lang='lat' dir='ltr'><strong>oritur,</strong></span> <span class='ocrx_word' id='word_1_166' title='bbox 405 2931 566 2986; x_wconf 57' lang='lat' dir='ltr'><strong>atque</strong></span> <span class='ocrx_word' id='word_1_167' title='bbox 596 2923 804 2972; x_wconf 70' lang='lat' dir='ltr'><strong>an‘mus</strong></span> <span class='ocrx_word' id='word_1_168' title='bbox 834 2921 1098 2989; x_wconf 80' lang='lat' dir='ltr'><strong>assurgit,</strong></span> <span class='ocrx_word' id='word_1_169' title='bbox 1133 2934 1286 2988; x_wconf 91' lang='lat' dir='ltr'><strong>posse</strong></span> <span class='ocrx_word' id='word_1_170' title='bbox 1311 2923 1428 2989; x_wconf 87' lang='lat' dir='ltr'><strong>ejus</strong></span> <span class='ocrx_word' id='word_1_171' title='bbox 1458 2933 1649 2974; x_wconf 61' lang='lat' dir='ltr'><strong>extera</strong></span> <span class='ocrx_word' id='word_1_172' title='bbox 1682 2921 1760 2974; x_wconf 88' lang='lat' dir='ltr'><strong>in-</strong></span> 
     </span>
    </p>
   </div>
   <div class='ocr_carea' id='block_1_28' title="bbox 203 3009 1760 3082">
    <p class='ocr_par' dir='ltr' id='par_1_28' title="bbox 203 3009 1760 3082">
     <span class='ocr_line' id='line_1_29' title="bbox 203 3009 1760 3082; baseline 0.004 -24"><span class='ocrx_word' id='word_1_173' title='bbox 203 3009 459 3063; x_wconf 81' lang='lat' dir='ltr'><strong>commoda</strong></span> <span class='ocrx_word' id='word_1_174' title='bbox 488 3021 542 3067; x_wconf 91' lang='lat' dir='ltr'><strong>te</strong></span> <span class='ocrx_word' id='word_1_175' title='bbox 575 3011 783 3066; x_wconf 90' lang='lat' dir='ltr'><strong>medico</strong></span> <span class='ocrx_word' id='word_1_176' title='bbox 813 3013 1012 3066; x_wconf 76' lang='lat' dir='ltr'><strong>Sauari.</strong></span> <span class='ocrx_word' id='word_1_177' title='bbox 1045 3012 1281 3082; x_wconf 83' lang='lat' dir='ltr'><strong>Adeptus</strong></span> <span class='ocrx_word' id='word_1_178' title='bbox 1310 3013 1450 3068; x_wconf 89' lang='lat' dir='ltr'><strong>enim</strong></span> <span class='ocrx_word' id='word_1_179' title='bbox 1485 3013 1590 3066; x_wconf 90' lang='lat' dir='ltr'><strong>divi</strong></span> <span class='ocrx_word' id='word_1_180' title='bbox 1620 3012 1760 3081; x_wconf 82' lang='lat' dir='ltr'><strong>priu-</strong></span> 
     </span>
    </p>
   </div>
   <div class='ocr_carea' id='block_1_29' title="bbox 203 3098 1761 3175">
    <p class='ocr_par' dir='ltr' id='par_1_29' title="bbox 203 3098 1761 3175">
     <span class='ocr_line' id='line_1_30' title="bbox 203 3098 1761 3175; baseline 0.006 -25"><span class='ocrx_word' id='word_1_181' title='bbox 203 3098 320 3167; x_wconf 80' lang='lat' dir='ltr'><strong>cipis</strong></span> <span class='ocrx_word' id='word_1_182' title='bbox 344 3101 561 3158; x_wconf 78' lang='lat' dir='ltr'><strong>leuitate</strong></span> <span class='ocrx_word' id='word_1_183' title='bbox 587 3145 601 3168; x_wconf 89' lang='lat'><strong>,</strong></span> <span class='ocrx_word' id='word_1_184' title='bbox 631 3119 750 3175; x_wconf 78' lang='lat' dir='ltr'><strong>quze</strong></span> <span class='ocrx_word' id='word_1_185' title='bbox 794 3120 983 3174; x_wconf 80' lang='lat' dir='ltr'><strong>magna</strong></span> <span class='ocrx_word' id='word_1_186' title='bbox 1028 3118 1184 3170; x_wconf 87' lang='lat' dir='ltr'><strong>sunt;</strong></span> <span class='ocrx_word' id='word_1_187' title='bbox 1231 3120 1335 3159; x_wconf 91' lang='lat' dir='ltr'><strong>uno</strong></span> <span class='ocrx_word' id='word_1_188' title='bbox 1365 3105 1537 3160; x_wconf 87' lang='lat' dir='ltr'><strong>adhuc</strong></span> <span class='ocrx_word' id='word_1_189' title='bbox 1557 3148 1571 3174; x_wconf 91' lang='lat'><strong>,</strong></span> <span class='ocrx_word' id='word_1_190' title='bbox 1606 3115 1662 3158; x_wconf 90' lang='lat' dir='ltr'><strong>ut</strong></span> <span class='ocrx_word' id='word_1_191' title='bbox 1689 3104 1761 3160; x_wconf 90' lang='lat' dir='ltr'><strong>ita</strong></span> 
     </span>
    </p>
   </div>
   <div class='ocr_carea' id='block_1_30' title="bbox 205 3190 1762 3270">
    <p class='ocr_par' dir='ltr' id='par_1_30' title="bbox 205 3190 1762 3270">
     <span class='ocr_line' id='line_1_31' title="bbox 205 3190 1762 3270; baseline 0.008 -26"><span class='ocrx_word' id='word_1_192' title='bbox 205 3190 442 3259; x_wconf 73' lang='lat' dir='ltr'><strong>dixerim,</strong></span> <span class='ocrx_word' id='word_1_193' title='bbox 483 3198 764 3254; x_wconf 89' lang='lat' dir='ltr'><strong>infortunii</strong></span> <span class='ocrx_word' id='word_1_194' title='bbox 807 3197 947 3254; x_wconf 77' lang='lat' dir='ltr'><strong>nodo</strong></span> <span class='ocrx_word' id='word_1_195' title='bbox 989 3201 1379 3270; x_wconf 83' lang='lat' dir='ltr'><strong>strangulatur;</strong></span> <span class='ocrx_word' id='word_1_196' title='bbox 1430 3202 1569 3270; x_wconf 85' lang='lat' dir='ltr'><strong>quod</strong></span> <span class='ocrx_word' id='word_1_197' title='bbox 1604 3202 1762 3258; x_wconf 83' lang='lat' dir='ltr'><strong>homo</strong></span> 
     </span>
    </p>
   </div>
   <div class='ocr_carea' id='block_1_31' title="bbox 1789 535 3438 608">
    <p class='ocr_par' dir='ltr' id='par_1_31' title="bbox 1789 535 3438 608">
     <span class='ocr_line' id='line_1_32' title="bbox 1789 535 3438 608; baseline -0.008 -12"><span class='ocrx_word' id='word_1_198' title='bbox 1789 543 1836 596; x_wconf 78' lang='grc' dir='ltr'><strong>Δ</strong></span> <span class='ocrx_word' id='word_1_199' title='bbox 1863 535 2075 604; x_wconf 84' lang='lat' dir='ltr'><strong>adjuvet</strong></span> <span class='ocrx_word' id='word_1_200' title='bbox 2103 536 2365 590; x_wconf 89' lang='lat' dir='ltr'><strong>destinata</strong></span> <span class='ocrx_word' id='word_1_201' title='bbox 2387 577 2402 601; x_wconf 90' lang='lat'><strong>,</strong></span> <span class='ocrx_word' id='word_1_202' title='bbox 2430 552 2709 592; x_wconf 88' lang='lat' dir='ltr'><strong>recurrere</strong></span> <span class='ocrx_word' id='word_1_203' title='bbox 2733 536 2797 591; x_wconf 90' lang='lat' dir='ltr'><strong>ad</strong></span> <span class='ocrx_word' id='word_1_204' title='bbox 2831 545 3172 603; x_wconf 81' lang='lat' dir='ltr'><strong>conspectum</strong></span> <span class='ocrx_word' id='word_1_205' title='bbox 3205 540 3438 608; x_wconf 81' lang='lat' dir='ltr'><strong>vesti-tun</strong></span> 
     </span>
    </p>
   </div>
   <div class='ocr_carea' id='block_1_32' title="bbox 1869 621 3440 694">
    <p class='ocr_par' dir='ltr' id='par_1_32' title="bbox 1869 621 3440 694">
     <span class='ocr_line' id='line_1_33' title="bbox 1869 621 3440 694; baseline 0 -21"><span class='ocrx_word' id='word_1_206' title='bbox 1869 640 2137 691; x_wconf 86' lang='lat' dir='ltr'><strong>paramus.</strong></span> <span class='ocrx_word' id='word_1_207' title='bbox 2178 625 2232 679; x_wconf 88' lang='lat' dir='ltr'><strong>Si</strong></span> <span class='ocrx_word' id='word_1_208' title='bbox 2273 625 2521 694; x_wconf 83' lang='lat' dir='ltr'><strong>promissi</strong></span> <span class='ocrx_word' id='word_1_209' title='bbox 2572 627 2687 680; x_wconf 89' lang='lat' dir='ltr'><strong>dies</strong></span> <span class='ocrx_word' id='word_1_210' title='bbox 2733 640 2886 680; x_wconf 89' lang='lat' dir='ltr'><strong>serus</strong></span> <span class='ocrx_word' id='word_1_211' title='bbox 2934 624 3172 687; x_wconf 75' lang='lat' dir='ltr'><strong>videtur,</strong></span> <span class='ocrx_word' id='word_1_212' title='bbox 3215 621 3440 691; x_wconf 63' lang='lat' dir='ltr'><strong>legatio-</strong></span> 
     </span>
    </p>
   </div>
   <div class='ocr_carea' id='block_1_33' title="bbox 1867 713 3440 785">
    <p class='ocr_par' dir='ltr' id='par_1_33' title="bbox 1867 713 3440 785">
     <span class='ocr_line' id='line_1_34' title="bbox 1867 713 3440 785; baseline -0.001 -17"><span class='ocrx_word' id='word_1_213' title='bbox 1867 733 1986 768; x_wconf 86' lang='lat' dir='ltr'><strong>nem</strong></span> <span class='ocrx_word' id='word_1_214' title='bbox 2018 725 2234 770; x_wconf 80' lang='lat' dir='ltr'><strong>Senatus</strong></span> <span class='ocrx_word' id='word_1_215' title='bbox 2277 733 2371 783; x_wconf 88' lang='lat' dir='ltr'><strong>per</strong></span> <span class='ocrx_word' id='word_1_216' title='bbox 2409 733 2494 770; x_wconf 92' lang='lat' dir='ltr'><strong>me</strong></span> <span class='ocrx_word' id='word_1_217' title='bbox 2525 717 2650 771; x_wconf 77' lang='lat' dir='ltr'><strong>nolo</strong></span> <span class='ocrx_word' id='word_1_218' title='bbox 2689 716 2888 778; x_wconf 65' lang='lat' dir='ltr'><strong>differri</strong></span> <span class='ocrx_word' id='word_1_219' title='bbox 2929 730 3048 785; x_wconf 78' lang='lat' dir='ltr'><strong>quze</strong></span> <span class='ocrx_word' id='word_1_220' title='bbox 3075 714 3271 769; x_wconf 88' lang='lat' dir='ltr'><strong>dudum</strong></span> <span class='ocrx_word' id='word_1_221' title='bbox 3314 713 3440 767; x_wconf 85' lang='lat' dir='ltr'><strong>viris</strong></span> 
     </span>
    </p>
   </div>
   <div class='ocr_carea' id='block_1_34' title="bbox 1866 805 3440 875">
    <p class='ocr_par' dir='ltr' id='par_1_34' title="bbox 1866 805 3440 875">
     <span class='ocr_line' id='line_1_35' title="bbox 1866 805 3440 875; baseline 0.001 -18"><span class='ocrx_word' id='word_1_222' title='bbox 1866 805 2162 861; x_wconf 87' lang='lat' dir='ltr'><strong>illustribus</strong></span> <span class='ocrx_word' id='word_1_223' title='bbox 2190 808 2386 861; x_wconf 87' lang='lat' dir='ltr'><strong>credita</strong></span> <span class='ocrx_word' id='word_1_224' title='bbox 2418 817 2473 862; x_wconf 90' lang='lat' dir='ltr'><strong>et</strong></span> <span class='ocrx_word' id='word_1_225' title='bbox 2501 807 2762 862; x_wconf 63' lang='lat' dir='ltr'><strong>instructa</strong></span> <span class='ocrx_word' id='word_1_226' title='bbox 2793 807 3078 870; x_wconf 87' lang='lat' dir='ltr'><strong>mandatis,</strong></span> <span class='ocrx_word' id='word_1_227' title='bbox 3113 820 3282 875; x_wconf 88' lang='lat' dir='ltr'><strong>neque</strong></span> <span class='ocrx_word' id='word_1_228' title='bbox 3313 821 3440 874; x_wconf 87' lang='lat' dir='ltr'><strong>per-</strong></span> 
     </span>
    </p>
   </div>
   <div class='ocr_carea' id='block_1_35' title="bbox 1863 897 3437 968">
    <p class='ocr_par' dir='ltr' id='par_1_35' title="bbox 1863 897 3437 968">
     <span class='ocr_line' id='line_1_36' title="bbox 1863 897 3437 968; baseline -0.001 -19"><span class='ocrx_word' id='word_1_229' title='bbox 1863 911 2159 963; x_wconf 88' lang='lat' dir='ltr'><strong>sonarum,</strong></span> <span class='ocrx_word' id='word_1_230' title='bbox 2203 914 2373 968; x_wconf 87' lang='lat' dir='ltr'><strong>neque</strong></span> <span class='ocrx_word' id='word_1_231' title='bbox 2423 900 2738 968; x_wconf 82' lang='lat' dir='ltr'><strong>petitionum</strong></span> <span class='ocrx_word' id='word_1_232' title='bbox 2788 899 3013 968; x_wconf 77' lang='lat' dir='ltr'><strong>requirit</strong></span> <span class='ocrx_word' id='word_1_233' title='bbox 3062 897 3437 966; x_wconf 71' lang='lat' dir='ltr'><strong>aljectionem.</strong></span> 
     </span>
    </p>
   </div>
   <div class='ocr_carea' id='block_1_36' title="bbox 1866 987 3442 1059">
    <p class='ocr_par' dir='ltr' id='par_1_36' title="bbox 1866 987 3442 1059">
     <span class='ocr_line' id='line_1_37' title="bbox 1866 987 3442 1059; baseline -0.003 -17"><span class='ocrx_word' id='word_1_234' title='bbox 1866 987 2030 1042; x_wconf 80' lang='lat' dir='ltr'><strong>Det-et</strong></span> <span class='ocrx_word' id='word_1_235' title='bbox 2079 989 2239 1059; x_wconf 80' lang='lat' dir='ltr'><strong>igitur</strong></span> <span class='ocrx_word' id='word_1_236' title='bbox 2267 999 2409 1044; x_wconf 75' lang='lat' dir='ltr'><strong>stare</strong></span> <span class='ocrx_word' id='word_1_237' title='bbox 2453 991 2749 1058; x_wconf 73' lang='grc' dir='ltr'><strong>όὶειιοεὶιὶε,</strong></span> <span class='ocrx_word' id='word_1_238' title='bbox 2795 1006 2894 1045; x_wconf 87' lang='lat' dir='ltr'><strong>nec</strong></span> <span class='ocrx_word' id='word_1_239' title='bbox 2941 990 3018 1044; x_wconf 88' lang='lat' dir='ltr'><strong>fas</strong></span> <span class='ocrx_word' id='word_1_240' title='bbox 3063 1001 3146 1045; x_wconf 90' lang='lat' dir='ltr'><strong>est</strong></span> <span class='ocrx_word' id='word_1_241' title='bbox 3191 991 3442 1056; x_wconf 58' lang='lat' dir='ltr'><strong>exemplo</strong></span> 
     </span>
    </p>
   </div>
   <div class='ocr_carea' id='block_1_37' title="bbox 1867 1082 3438 1152">
    <p class='ocr_par' dir='ltr' id='par_1_37' title="bbox 1867 1082 3438 1152">
     <span class='ocr_line' id='line_1_38' title="bbox 1867 1082 3438 1152; baseline 0.002 -24"><span class='ocrx_word' id='word_1_242' title='bbox 1867 1097 2119 1146; x_wconf 70' lang='lat' dir='ltr'><strong>prtIX&#39;mm</strong></span> <span class='ocrx_word' id='word_1_243' title='bbox 2147 1082 2498 1138; x_wconf 62' lang='lat' dir='ltr'><strong>dissensionis</strong></span> <span class='ocrx_word' id='word_1_244' title='bbox 2529 1100 2619 1152; x_wconf 88' lang='lat' dir='ltr'><strong>per</strong></span> <span class='ocrx_word' id='word_1_245' title='bbox 2647 1100 2818 1138; x_wconf 89' lang='lat' dir='ltr'><strong>novos</strong></span> <span class='ocrx_word' id='word_1_246' title='bbox 2853 1094 3106 1139; x_wconf 85' lang='lat' dir='ltr'><strong>tractatus</strong></span> <span class='ocrx_word' id='word_1_247' title='bbox 3127 1085 3438 1136; x_wconf 81' lang='lat' dir='ltr'><strong>Confirmata</strong></span> 
     </span>
    </p>
   </div>
   <div class='ocr_carea' id='block_1_38' title="bbox 1865 1173 3440 1246">
    <p class='ocr_par' dir='ltr' id='par_1_38' title="bbox 1865 1173 3440 1246">
     <span class='ocr_line' id='line_1_39' title="bbox 1865 1173 3440 1246; baseline -0.001 -21"><span class='ocrx_word' id='word_1_248' title='bbox 1865 1173 2120 1226; x_wconf 79' lang='lat' dir='ltr'><strong>subverti.</strong></span> <span class='ocrx_word' id='word_1_249' title='bbox 2153 1174 2276 1228; x_wconf 62' lang='lat' dir='ltr'><strong>llaec</strong></span> <span class='ocrx_word' id='word_1_250' title='bbox 2306 1186 2431 1229; x_wconf 88' lang='lat' dir='ltr'><strong>ante</strong></span> <span class='ocrx_word' id='word_1_251' title='bbox 2461 1193 2562 1240; x_wconf 87' lang='lat' dir='ltr'><strong>me,</strong></span> <span class='ocrx_word' id='word_1_252' title='bbox 2595 1189 2650 1231; x_wconf 91' lang='lat' dir='ltr'><strong>ut</strong></span> <span class='ocrx_word' id='word_1_253' title='bbox 2678 1177 2890 1245; x_wconf 83' lang='lat' dir='ltr'><strong>scribis,</strong></span> <span class='ocrx_word' id='word_1_254' title='bbox 2921 1179 3079 1232; x_wconf 88' lang='lat' dir='ltr'><strong>etiam</strong></span> <span class='ocrx_word' id='word_1_255' title='bbox 3113 1175 3440 1246; x_wconf 86' lang='lat' dir='ltr'><strong>ipscvidisti,</strong></span> 
     </span>
    </p>
   </div>
   <div class='ocr_carea' id='block_1_39' title="bbox 1862 1259 3442 1339">
    <p class='ocr_par' dir='ltr' id='par_1_39' title="bbox 1862 1259 3442 1339">
     <span class='ocr_line' id='line_1_40' title="bbox 1862 1259 3442 1339; baseline 0.003 -25"><span class='ocrx_word' id='word_1_256' title='bbox 1862 1280 1967 1332; x_wconf 90' lang='lat' dir='ltr'><strong>quo</strong></span> <span class='ocrx_word' id='word_1_257' title='bbox 1999 1266 2165 1329; x_wconf 56' lang='lat' dir='ltr'><strong>magis</strong></span> <span class='ocrx_word' id='word_1_258' title='bbox 2207 1267 2410 1335; x_wconf 73' lang='lat' dir='ltr'><strong>placitis</strong></span> <span class='ocrx_word' id='word_1_259' title='bbox 2439 1267 2802 1322; x_wconf 81' lang='lat' dir='ltr'><strong>inhaerendum</strong></span> <span class='ocrx_word' id='word_1_260' title='bbox 2830 1279 2910 1323; x_wconf 75' lang='lat' dir='ltr'><strong>est</strong></span> <span class='ocrx_word' id='word_1_261' title='bbox 2933 1309 2949 1337; x_wconf 92' lang='lat'><strong>,</strong></span> <span class='ocrx_word' id='word_1_262' title='bbox 2979 1259 3094 1339; x_wconf 72' lang='lat' dir='ltr'><strong>qua:</strong></span> <span class='ocrx_word' id='word_1_263' title='bbox 3134 1267 3261 1322; x_wconf 81' lang='lat' dir='ltr'><strong>mihi</strong></span> <span class='ocrx_word' id='word_1_264' title='bbox 3303 1281 3442 1319; x_wconf 83' lang='lat' dir='ltr'><strong>eont-</strong></span> 
     </span>
    </p>
   </div>
   <div class='ocr_carea' id='block_1_40' title="bbox 1864 1354 3437 1422">
    <p class='ocr_par' dir='ltr' id='par_1_40' title="bbox 1864 1354 3437 1422">
     <span class='ocr_line' id='line_1_41' title="bbox 1864 1354 3437 1422; baseline 0.003 -16"><span class='ocrx_word' id='word_1_265' title='bbox 1864 1354 2079 1409; x_wconf 82' lang='lat' dir='ltr'><strong>mendat</strong></span> <span class='ocrx_word' id='word_1_266' title='bbox 2105 1357 2396 1412; x_wconf 84' lang='lat' dir='ltr'><strong>auctoritas</strong></span> <span class='ocrx_word' id='word_1_267' title='bbox 2429 1369 2513 1412; x_wconf 93' lang='lat' dir='ltr'><strong>tua</strong></span> <span class='ocrx_word' id='word_1_268' title='bbox 2536 1400 2549 1422; x_wconf 87' lang='lat'><strong>,</strong></span> <span class='ocrx_word' id='word_1_269' title='bbox 2582 1369 2634 1413; x_wconf 91' lang='lat' dir='ltr'><strong>et</strong></span> <span class='ocrx_word' id='word_1_270' title='bbox 2663 1359 2753 1413; x_wconf 91' lang='lat' dir='ltr'><strong>tibi</strong></span> <span class='ocrx_word' id='word_1_271' title='bbox 2778 1369 2960 1414; x_wconf 85' lang='lat' dir='ltr'><strong>noster</strong></span> <span class='ocrx_word' id='word_1_272' title='bbox 2991 1374 3265 1414; x_wconf 88' lang='lat' dir='ltr'><strong>assensus.</strong></span> <span class='ocrx_word' id='word_1_273' title='bbox 3287 1357 3437 1412; x_wconf 86' lang='lat' dir='ltr'><strong>Vale.</strong></span> 
     </span>
    </p>
   </div>
   <div class='ocr_carea' id='block_1_41' title="bbox 2460 1475 2844 1532">
    <p class='ocr_par' dir='ltr' id='par_1_41' title="bbox 2460 1475 2844 1532">
     <span class='ocr_line' id='line_1_42' title="bbox 2460 1475 2844 1532; baseline 0.003 -2"><span class='ocrx_word' id='word_1_274' title='bbox 2460 1475 2670 1532; x_wconf 80' lang='lat' dir='ltr'><strong>EPIST.</strong></span> <span class='ocrx_word' id='word_1_275' title='bbox 2715 1475 2844 1531; x_wconf 87' lang='lat' dir='ltr'><strong>Llll.</strong></span> 
     </span>
    </p>
   </div>
   <div class='ocr_carea' id='block_1_42' title="bbox 2302 1583 2978 1625">
    <p class='ocr_par' dir='ltr' id='par_1_42' title="bbox 2302 1583 2978 1625">
     <span class='ocr_line' id='line_1_43' title="bbox 2302 1583 2978 1625; baseline 0.004 -3"><span class='ocrx_word' id='word_1_276' title='bbox 2302 1583 2609 1624; x_wconf 67' lang='lat' dir='ltr'><strong>SYIBACIIUS</strong></span> <span class='ocrx_word' id='word_1_277' title='bbox 2647 1586 2978 1625; x_wconf 65' lang='lat' dir='ltr'><strong>I‘LORENTIXO</strong></span> 
     </span>
    </p>
   </div>
   <div class='ocr_carea' id='block_1_43' title="bbox 1934 1679 3438 1751">
    <p class='ocr_par' dir='ltr' id='par_1_43' title="bbox 1934 1679 3438 1751">
     <span class='ocr_line' id='line_1_44' title="bbox 1934 1679 3438 1751; baseline 0.002 -20"><span class='ocrx_word' id='word_1_278' title='bbox 1934 1679 1990 1732; x_wconf 88' lang='lat' dir='ltr'><strong>In</strong></span> <span class='ocrx_word' id='word_1_279' title='bbox 2014 1694 2134 1734; x_wconf 90' lang='lat' dir='ltr'><strong>eum</strong></span> <span class='ocrx_word' id='word_1_280' title='bbox 2162 1681 2362 1735; x_wconf 68' lang='lat' dir='ltr'><strong>militia:</strong></span> <span class='ocrx_word' id='word_1_281' title='bbox 2386 1683 2607 1751; x_wconf 75' lang='lat' dir='ltr'><strong>gradum</strong></span> <span class='ocrx_word' id='word_1_282' title='bbox 2632 1683 2815 1738; x_wconf 88' lang='lat' dir='ltr'><strong>labore</strong></span> <span class='ocrx_word' id='word_1_283' title='bbox 2839 1682 3050 1747; x_wconf 88' lang='lat' dir='ltr'><strong>venisti,</strong></span> <span class='ocrx_word' id='word_1_284' title='bbox 3078 1691 3135 1735; x_wconf 94' lang='lat' dir='ltr'><strong>ut</strong></span> <span class='ocrx_word' id='word_1_285' title='bbox 3167 1679 3438 1734; x_wconf 78' lang='lat' dir='ltr'><strong>Benedicti</strong></span> 
     </span>
    </p>
   </div>
   <div class='ocr_carea' id='block_1_44' title="bbox 1862 1769 3440 1841">
    <p class='ocr_par' dir='ltr' id='par_1_44' title="bbox 1862 1769 3440 1841">
     <span class='ocr_line' id='line_1_45' title="bbox 1862 1769 3440 1841; baseline 0.003 -20"><span class='ocrx_word' id='word_1_286' title='bbox 1862 1770 2019 1824; x_wconf 83' lang='lat' dir='ltr'><strong>amici</strong></span> <span class='ocrx_word' id='word_1_287' title='bbox 2063 1771 2166 1824; x_wconf 85' lang='lat' dir='ltr'><strong>mei</strong></span> <span class='ocrx_word' id='word_1_288' title='bbox 2220 1770 2485 1826; x_wconf 87' lang='lat' dir='ltr'><strong>fortunam</strong></span> <span class='ocrx_word' id='word_1_289' title='bbox 2534 1773 2732 1826; x_wconf 84' lang='lat' dir='ltr'><strong>debeas</strong></span> <span class='ocrx_word' id='word_1_290' title='bbox 2783 1773 3056 1841; x_wconf 85' lang='lat' dir='ltr'><strong>adjuvare,</strong></span> <span class='ocrx_word' id='word_1_291' title='bbox 3098 1788 3254 1841; x_wconf 88' lang='lat' dir='ltr'><strong>quem</strong></span> <span class='ocrx_word' id='word_1_292' title='bbox 3306 1769 3440 1825; x_wconf 91' lang='lat' dir='ltr'><strong>nulli</strong></span> 
     </span>
    </p>
   </div>
   <div class='ocr_carea' id='block_1_45' title="bbox 1865 1862 3442 1934">
    <p class='ocr_par' dir='ltr' id='par_1_45' title="bbox 1865 1862 3442 1934">
     <span class='ocr_line' id='line_1_46' title="bbox 1865 1862 3442 1934; baseline 0.005 -24"><span class='ocrx_word' id='word_1_293' title='bbox 1865 1862 2160 1916; x_wconf 73' lang='lat' dir='ltr'><strong>obnoxium</strong></span> <span class='ocrx_word' id='word_1_294' title='bbox 2206 1863 2418 1917; x_wconf 77' lang='lat' dir='ltr'><strong>crimini</strong></span> <span class='ocrx_word' id='word_1_295' title='bbox 2460 1864 2683 1918; x_wconf 75' lang='lat' dir='ltr'><strong>fortuna:</strong></span> <span class='ocrx_word' id='word_1_296' title='bbox 2712 1865 2961 1934; x_wconf 77' lang='lat' dir='ltr'><strong>iniquitas</strong></span> <span class='ocrx_word' id='word_1_297' title='bbox 2988 1865 3107 1919; x_wconf 90' lang='lat' dir='ltr'><strong>loco</strong></span> <span class='ocrx_word' id='word_1_298' title='bbox 3135 1865 3356 1932; x_wconf 78' lang='lat' dir='ltr'><strong>depulit,</strong></span> <span class='ocrx_word' id='word_1_299' title='bbox 3387 1876 3442 1918; x_wconf 90' lang='lat' dir='ltr'><strong>et</strong></span> 
     </span>
    </p>
   </div>
   <div class='ocr_carea' id='block_1_46' title="bbox 1865 1953 3439 2023">
    <p class='ocr_par' dir='ltr' id='par_1_46' title="bbox 1865 1953 3439 2023">
     <span class='ocr_line' id='line_1_47' title="bbox 1865 1953 3439 2023; baseline 0.004 -19"><span class='ocrx_word' id='word_1_300' title='bbox 1865 1953 2070 2008; x_wconf 85' lang='lat' dir='ltr'><strong>honore</strong></span> <span class='ocrx_word' id='word_1_301' title='bbox 2092 1953 2334 2022; x_wconf 80' lang='lat' dir='ltr'><strong>privavit.</strong></span> <span class='ocrx_word' id='word_1_302' title='bbox 2358 1955 2489 2008; x_wconf 88' lang='lat' dir='ltr'><strong>lluic</strong></span> <span class='ocrx_word' id='word_1_303' title='bbox 2511 1955 2573 2007; x_wconf 90' lang='lat' dir='ltr'><strong>ad</strong></span> <span class='ocrx_word' id='word_1_304' title='bbox 2603 1956 3008 2023; x_wconf 70' lang='lat' dir='ltr'><strong>promerendam:</strong></span> <span class='ocrx_word' id='word_1_305' title='bbox 3041 1959 3271 2010; x_wconf 82' lang='lat' dir='ltr'><strong>favorem</strong></span> <span class='ocrx_word' id='word_1_306' title='bbox 3290 1967 3439 2010; x_wconf 85' lang='lat' dir='ltr'><strong>tuum</strong></span> 
     </span>
    </p>
   </div>
   <div class='ocr_carea' id='block_1_47' title="bbox 1862 2045 3442 2116">
    <p class='ocr_par' dir='ltr' id='par_1_47' title="bbox 1862 2045 3442 2116">
     <span class='ocr_line' id='line_1_48' title="bbox 1862 2045 3442 2116; baseline 0.001 -18"><span class='ocrx_word' id='word_1_307' title='bbox 1862 2060 1965 2098; x_wconf 92' lang='lat' dir='ltr'><strong>non</strong></span> <span class='ocrx_word' id='word_1_308' title='bbox 1995 2045 2170 2101; x_wconf 88' lang='lat' dir='ltr'><strong>solum</strong></span> <span class='ocrx_word' id='word_1_309' title='bbox 2205 2048 2368 2116; x_wconf 69' lang='lat' dir='ltr'><strong>ipsius</strong></span> <span class='ocrx_word' id='word_1_310' title='bbox 2412 2049 2680 2115; x_wconf 77' lang='lat' dir='ltr'><strong>probitas,</strong></span> <span class='ocrx_word' id='word_1_311' title='bbox 2715 2048 2810 2102; x_wconf 89' lang='lat' dir='ltr'><strong>sed</strong></span> <span class='ocrx_word' id='word_1_312' title='bbox 2837 2049 2996 2103; x_wconf 87' lang='lat' dir='ltr'><strong>etiam</strong></span> <span class='ocrx_word' id='word_1_313' title='bbox 3045 2050 3442 2102; x_wconf 80' lang='lat' dir='ltr'><strong>commendatio</strong></span> 
     </span>
    </p>
   </div>
   <div class='ocr_carea' id='block_1_48' title="bbox 1863 2139 3441 2210">
    <p class='ocr_par' dir='ltr' id='par_1_48' title="bbox 1863 2139 3441 2210">
     <span class='ocr_line' id='line_1_49' title="bbox 1863 2139 3441 2210; baseline 0.002 -18"><span class='ocrx_word' id='word_1_314' title='bbox 1863 2153 1982 2209; x_wconf 71' lang='lat' dir='ltr'><strong>mea</strong></span> <span class='ocrx_word' id='word_1_315' title='bbox 2012 2139 2211 2193; x_wconf 79' lang='lat' dir='ltr'><strong>aditum</strong></span> <span class='ocrx_word' id='word_1_316' title='bbox 2241 2139 2400 2194; x_wconf 81' lang='lat' dir='ltr'><strong>debet</strong></span> <span class='ocrx_word' id='word_1_317' title='bbox 2420 2140 2652 2210; x_wconf 90' lang='lat' dir='ltr'><strong>aperire.</strong></span> <span class='ocrx_word' id='word_1_318' title='bbox 2681 2141 2856 2194; x_wconf 66' lang='lat' dir='ltr'><strong>Credo</strong></span> <span class='ocrx_word' id='word_1_319' title='bbox 2881 2143 3024 2195; x_wconf 75' lang='lat' dir='ltr'><strong>enim</strong></span> <span class='ocrx_word' id='word_1_320' title='bbox 3058 2143 3186 2196; x_wconf 80' lang='lat' dir='ltr'><strong>tanti</strong></span> <span class='ocrx_word' id='word_1_321' title='bbox 3219 2142 3358 2209; x_wconf 84' lang='lat' dir='ltr'><strong>apud</strong></span> <span class='ocrx_word' id='word_1_322' title='bbox 3389 2152 3441 2195; x_wconf 86' lang='lat' dir='ltr'><strong>te</strong></span> 
     </span>
    </p>
   </div>
   <div class='ocr_carea' id='block_1_49' title="bbox 1863 2217 3441 2306">
    <p class='ocr_par' dir='ltr' id='par_1_49' title="bbox 1863 2217 3441 2306">
     <span class='ocr_line' id='line_1_50' title="bbox 1863 2217 3441 2306; baseline 0.004 -22"><span class='ocrx_word' id='word_1_323' title='bbox 1863 2217 2071 2286; x_wconf 79' lang='lat' dir='ltr'><strong>litteras</strong></span> <span class='ocrx_word' id='word_1_324' title='bbox 2107 2248 2253 2288; x_wconf 79' lang='lat' dir='ltr'><strong>meas</strong></span> <span class='ocrx_word' id='word_1_325' title='bbox 2281 2249 2402 2289; x_wconf 84' lang='lat' dir='ltr'><strong>esse</strong></span> <span class='ocrx_word' id='word_1_326' title='bbox 2431 2235 2682 2289; x_wconf 77' lang='lat' dir='ltr'><strong>morm-nti</strong></span> <span class='ocrx_word' id='word_1_327' title='bbox 2710 2277 2724 2300; x_wconf 90' lang='lat'><strong>,</strong></span> <span class='ocrx_word' id='word_1_328' title='bbox 2755 2246 2811 2291; x_wconf 92' lang='lat' dir='ltr'><strong>ut</strong></span> <span class='ocrx_word' id='word_1_329' title='bbox 2841 2237 3087 2291; x_wconf 72' lang='lat' dir='ltr'><strong>eﬂectum</strong></span> <span class='ocrx_word' id='word_1_330' title='bbox 3117 2245 3338 2306; x_wconf 79' lang='lat' dir='ltr'><strong>sperare</strong></span> <span class='ocrx_word' id='word_1_331' title='bbox 3363 2237 3441 2291; x_wconf 88' lang='lat' dir='ltr'><strong>fas</strong></span> 
     </span>
    </p>
   </div>
   <div class='ocr_carea' id='block_1_50' title="bbox 1862 2323 3440 2396">
    <p class='ocr_par' dir='ltr' id='par_1_50' title="bbox 1862 2323 3440 2396">
     <span class='ocr_line' id='line_1_51' title="bbox 1862 2323 3440 2396; baseline 0.001 -18"><span class='ocrx_word' id='word_1_332' title='bbox 1862 2323 2060 2393; x_wconf 83' lang='lat' dir='ltr'><strong>fuerit,</strong></span> <span class='ocrx_word' id='word_1_333' title='bbox 2085 2326 2291 2380; x_wconf 85' lang='lat' dir='ltr'><strong>etiamsi</strong></span> <span class='ocrx_word' id='word_1_334' title='bbox 2324 2326 2489 2381; x_wconf 87' lang='lat' dir='ltr'><strong>ardua</strong></span> <span class='ocrx_word' id='word_1_335' title='bbox 2508 2327 2854 2396; x_wconf 79' lang='lat' dir='ltr'><strong>postularem.</strong></span> <span class='ocrx_word' id='word_1_336' title='bbox 2885 2329 3033 2395; x_wconf 82' lang='lat' dir='ltr'><strong>Quod</strong></span> <span class='ocrx_word' id='word_1_337' title='bbox 3062 2329 3187 2384; x_wconf 83' lang='lat' dir='ltr'><strong>ideo</strong></span> <span class='ocrx_word' id='word_1_338' title='bbox 3203 2344 3440 2382; x_wconf 72' lang='lat' dir='ltr'><strong>comme—</strong></span> 
     </span>
    </p>
   </div>
   <div class='ocr_carea' id='block_1_51' title="bbox 1862 2415 3440 2487">
    <p class='ocr_par' dir='ltr' id='par_1_51' title="bbox 1862 2415 3440 2487">
     <span class='ocr_line' id='line_1_52' title="bbox 1862 2415 3440 2487; baseline -0.001 -16"><span class='ocrx_word' id='word_1_339' title='bbox 1862 2415 2178 2471; x_wconf 84' lang='lat' dir='ltr'><strong>morandum</strong></span> <span class='ocrx_word' id='word_1_340' title='bbox 2206 2416 2387 2484; x_wconf 84' lang='lat' dir='ltr'><strong>putavi</strong></span> <span class='ocrx_word' id='word_1_341' title='bbox 2409 2456 2423 2479; x_wconf 87' lang='lat'><strong>.</strong></span> <span class='ocrx_word' id='word_1_342' title='bbox 2465 2427 2521 2470; x_wconf 90' lang='lat' dir='ltr'><strong>ut</strong></span> <span class='ocrx_word' id='word_1_343' title='bbox 2556 2415 2850 2487; x_wconf 81' lang='lat' dir='ltr'><strong>intelligas,</strong></span> <span class='ocrx_word' id='word_1_344' title='bbox 2885 2418 3010 2487; x_wconf 88' lang='lat' dir='ltr'><strong>quid</strong></span> <span class='ocrx_word' id='word_1_345' title='bbox 3043 2419 3110 2473; x_wconf 86' lang='lat' dir='ltr'><strong>de</strong></span> <span class='ocrx_word' id='word_1_346' title='bbox 3144 2418 3320 2472; x_wconf 89' lang='lat' dir='ltr'><strong>animo</strong></span> <span class='ocrx_word' id='word_1_347' title='bbox 3350 2427 3440 2471; x_wconf 89' lang='lat' dir='ltr'><strong>tuo</strong></span> 
     </span>
    </p>
   </div>
   <div class='ocr_carea' id='block_1_52' title="bbox 1863 2508 3440 2582">
    <p class='ocr_par' dir='ltr' id='par_1_52' title="bbox 1863 2508 3440 2582">
     <span class='ocr_line' id='line_1_53' title="bbox 1863 2508 3440 2582; baseline 0.003 -20"><span class='ocrx_word' id='word_1_348' title='bbox 1863 2518 2019 2578; x_wconf 89' lang='lat' dir='ltr'><strong>atque</strong></span> <span class='ocrx_word' id='word_1_349' title='bbox 2041 2508 2274 2563; x_wconf 87' lang='lat' dir='ltr'><strong>amicitia</strong></span> <span class='ocrx_word' id='word_1_350' title='bbox 2300 2509 2615 2578; x_wconf 74' lang='lat' dir='ltr'><strong>sentiamus,</strong></span> <span class='ocrx_word' id='word_1_351' title='bbox 2649 2510 2731 2564; x_wconf 89' lang='lat' dir='ltr'><strong>vel</strong></span> <span class='ocrx_word' id='word_1_352' title='bbox 2758 2519 3012 2581; x_wconf 85' lang='lat' dir='ltr'><strong>quantum</strong></span> <span class='ocrx_word' id='word_1_353' title='bbox 3037 2511 3291 2582; x_wconf 85' lang='lat' dir='ltr'><strong>prodesse</strong></span> <span class='ocrx_word' id='word_1_354' title='bbox 3317 2511 3440 2566; x_wconf 80' lang='lat' dir='ltr'><strong>huic</strong></span> 
     </span>
    </p>
   </div>
   <div class='ocr_carea' id='block_1_53' title="bbox 1869 2598 2806 2669">
    <p class='ocr_par' dir='ltr' id='par_1_53' title="bbox 1869 2598 2806 2669">
     <span class='ocr_line' id='line_1_54' title="bbox 1869 2598 2806 2669; baseline 0 -15"><span class='ocrx_word' id='word_1_355' title='bbox 1869 2598 2062 2654; x_wconf 84' lang='lat' dir='ltr'><strong>debeat</strong></span> <span class='ocrx_word' id='word_1_356' title='bbox 2080 2598 2163 2654; x_wconf 95' lang='lat' dir='ltr'><strong>vel</strong></span> <span class='ocrx_word' id='word_1_357' title='bbox 2193 2599 2383 2655; x_wconf 88' lang='lat' dir='ltr'><strong>adesse</strong></span> <span class='ocrx_word' id='word_1_358' title='bbox 2397 2599 2624 2669; x_wconf 88' lang='lat' dir='ltr'><strong>justitia.</strong></span> <span class='ocrx_word' id='word_1_359' title='bbox 2654 2600 2806 2655; x_wconf 79' lang='lat' dir='ltr'><strong>Vale.</strong></span> 
     </span>
    </p>
   </div>
   <div class='ocr_carea' id='block_1_54' title="bbox 2467 2712 2850 2769">
    <p class='ocr_par' dir='ltr' id='par_1_54' title="bbox 2467 2712 2850 2769">
     <span class='ocr_line' id='line_1_55' title="bbox 2467 2712 2850 2769; baseline 0 -2"><span class='ocrx_word' id='word_1_360' title='bbox 2467 2712 2678 2769; x_wconf 83' lang='lat' dir='ltr'><strong>EPIST.</strong></span> <span class='ocrx_word' id='word_1_361' title='bbox 2718 2712 2850 2768; x_wconf 76' lang='grc' dir='ltr'><strong>ων.</strong></span> 
     </span>
    </p>
   </div>
   <div class='ocr_carea' id='block_1_55' title="bbox 2301 2818 2996 2861">
    <p class='ocr_par' dir='ltr' id='par_1_55' title="bbox 2301 2818 2996 2861">
     <span class='ocr_line' id='line_1_56' title="bbox 2301 2818 2996 2861; baseline 0.001 -3"><span class='ocrx_word' id='word_1_362' title='bbox 2301 2818 2607 2860; x_wconf 64' lang='grc' dir='ltr'><strong>εγιιιιλριωε</strong></span> <span class='ocrx_word' id='word_1_363' title='bbox 2647 2821 2996 2861; x_wconf 60' lang='grc' dir='ltr'><strong>ηοιιίίδτικο.</strong></span> 
     </span>
    </p>
   </div>
   <div class='ocr_carea' id='block_1_56' title="bbox 1937 2917 3441 2989">
    <p class='ocr_par' dir='ltr' id='par_1_56' title="bbox 1937 2917 3441 2989">
     <span class='ocr_line' id='line_1_57' title="bbox 1937 2917 3441 2989; baseline 0.001 -15"><span class='ocrx_word' id='word_1_364' title='bbox 1937 2918 2136 2989; x_wconf 73' lang='lat' dir='ltr'><strong>Purgas</strong></span> <span class='ocrx_word' id='word_1_365' title='bbox 2163 2917 2304 2988; x_wconf 89' lang='lat' dir='ltr'><strong>quod</strong></span> <span class='ocrx_word' id='word_1_366' title='bbox 2333 2918 2508 2972; x_wconf 89' lang='lat' dir='ltr'><strong>adhuc</strong></span> <span class='ocrx_word' id='word_1_367' title='bbox 2543 2934 2709 2987; x_wconf 88' lang='lat' dir='ltr'><strong>usque</strong></span> <span class='ocrx_word' id='word_1_368' title='bbox 2737 2919 2952 2976; x_wconf 89' lang='lat' dir='ltr'><strong>siluisti.</strong></span> <span class='ocrx_word' id='word_1_369' title='bbox 2987 2917 3297 2979; x_wconf 81' lang='lat' dir='ltr'><strong>Communis</strong></span> <span class='ocrx_word' id='word_1_370' title='bbox 3329 2922 3441 2976; x_wconf 68' lang='lat' dir='ltr'><strong>inec</strong></span> 
     </span>
    </p>
   </div>
   <div class='ocr_carea' id='block_1_57' title="bbox 1867 3009 3441 3079">
    <p class='ocr_par' dir='ltr' id='par_1_57' title="bbox 1867 3009 3441 3079">
     <span class='ocr_line' id='line_1_58' title="bbox 1867 3009 3441 3079; baseline 0 -13"><span class='ocrx_word' id='word_1_371' title='bbox 1867 3010 2022 3076; x_wconf 81' lang='lat' dir='ltr'><strong>culpa</strong></span> <span class='ocrx_word' id='word_1_372' title='bbox 2052 3020 2154 3063; x_wconf 90' lang='lat' dir='ltr'><strong>est.</strong></span> <span class='ocrx_word' id='word_1_373' title='bbox 2187 3009 2319 3074; x_wconf 84' lang='lat' dir='ltr'><strong>Nam</strong></span> <span class='ocrx_word' id='word_1_374' title='bbox 2356 3025 2442 3063; x_wconf 85' lang='lat' dir='ltr'><strong>me</strong></span> <span class='ocrx_word' id='word_1_375' title='bbox 2471 3025 2684 3079; x_wconf 86' lang='lat' dir='ltr'><strong>quoque</strong></span> <span class='ocrx_word' id='word_1_376' title='bbox 2712 3026 2738 3062; x_wconf 92' lang='lat' dir='ltr'><strong>a</strong></span> <span class='ocrx_word' id='word_1_377' title='bbox 2773 3011 2984 3066; x_wconf 85' lang='lat' dir='ltr'><strong>litterali</strong></span> <span class='ocrx_word' id='word_1_378' title='bbox 3005 3013 3328 3072; x_wconf 79' lang='lat' dir='ltr'><strong>commercio</strong></span> <span class='ocrx_word' id='word_1_379' title='bbox 3352 3013 3441 3066; x_wconf 91' lang='lat' dir='ltr'><strong>diu</strong></span> 
     </span>
    </p>
   </div>
   <div class='ocr_carea' id='block_1_58' title="bbox 1868 3099 3443 3170">
    <p class='ocr_par' dir='ltr' id='par_1_58' title="bbox 1868 3099 3443 3170">
     <span class='ocr_line' id='line_1_59' title="bbox 1868 3099 3443 3170; baseline 0.003 -18"><span class='ocrx_word' id='word_1_380' title='bbox 1868 3099 2076 3152; x_wconf 85' lang='lat' dir='ltr'><strong>infirma</strong></span> <span class='ocrx_word' id='word_1_381' title='bbox 2099 3099 2350 3164; x_wconf 81' lang='lat' dir='ltr'><strong>valetudo</strong></span> <span class='ocrx_word' id='word_1_382' title='bbox 2368 3103 2653 3154; x_wconf 88' lang='lat' dir='ltr'><strong>revocavit.</strong></span> <span class='ocrx_word' id='word_1_383' title='bbox 2682 3100 3018 3154; x_wconf 88' lang='lat' dir='ltr'><strong>lnborruisse</strong></span> <span class='ocrx_word' id='word_1_384' title='bbox 3043 3112 3094 3155; x_wconf 92' lang='lat' dir='ltr'><strong>te</strong></span> <span class='ocrx_word' id='word_1_385' title='bbox 3119 3112 3268 3170; x_wconf 84' lang='lat' dir='ltr'><strong>puto,</strong></span> <span class='ocrx_word' id='word_1_386' title='bbox 3299 3113 3443 3170; x_wconf 80' lang='lat' dir='ltr'><strong>post-</strong></span> 
     </span>
    </p>
   </div>
   <div class='ocr_carea' id='block_1_59' title="bbox 1868 3191 3443 3261">
    <p class='ocr_par' dir='ltr' id='par_1_59' title="bbox 1868 3191 3443 3261">
     <span class='ocr_line' id='line_1_60' title="bbox 1868 3191 3443 3261; baseline 0.003 -18"><span class='ocrx_word' id='word_1_387' title='bbox 1868 3207 2024 3260; x_wconf 84' lang='lat' dir='ltr'><strong>quam</strong></span> <span class='ocrx_word' id='word_1_388' title='bbox 2053 3191 2120 3244; x_wconf 89' lang='lat' dir='ltr'><strong>de</strong></span> <span class='ocrx_word' id='word_1_389' title='bbox 2165 3207 2248 3245; x_wconf 90' lang='lat' dir='ltr'><strong>me</strong></span> <span class='ocrx_word' id='word_1_390' title='bbox 2274 3191 2488 3261; x_wconf 78' lang='lat' dir='ltr'><strong>cognitu</strong></span> <span class='ocrx_word' id='word_1_391' title='bbox 2525 3207 2704 3245; x_wconf 89' lang='lat' dir='ltr'><strong>amara</strong></span> <span class='ocrx_word' id='word_1_392' title='bbox 2735 3192 2926 3261; x_wconf 80' lang='lat' dir='ltr'><strong>legisti.</strong></span> <span class='ocrx_word' id='word_1_393' title='bbox 2962 3192 3092 3246; x_wconf 81' lang='lat' dir='ltr'><strong>Redi</strong></span> <span class='ocrx_word' id='word_1_394' title='bbox 3122 3194 3172 3246; x_wconf 92' lang='lat' dir='ltr'><strong>in</strong></span> <span class='ocrx_word' id='word_1_395' title='bbox 3207 3194 3443 3248; x_wconf 84' lang='lat' dir='ltr'><strong>habitum</strong></span> 
     </span>
    </p>
   </div>
   <div class='ocr_carea' id='block_1_60' title="bbox 204 3272 3444 3362">
    <p class='ocr_par' dir='ltr' id='par_1_60' title="bbox 204 3272 3444 3362">
     <span class='ocr_line' id='line_1_61' title="bbox 204 3272 3444 3362; baseline 0.003 -33"><span class='ocrx_word' id='word_1_396' title='bbox 204 3287 388 3350; x_wconf 55' lang='lat' dir='ltr'><strong>lenuis,</strong></span> <span class='ocrx_word' id='word_1_397' title='bbox 419 3303 474 3342; x_wconf 73' lang='grc' dir='ltr'>οι</span> <span class='ocrx_word' id='word_1_398' title='bbox 502 3305 646 3344; x_wconf 75' lang='lat' dir='ltr'><strong>nunc</strong></span> <span class='ocrx_word' id='word_1_399' title='bbox 674 3290 794 3346; x_wconf 65' lang='lat' dir='ltr'><strong>labe</strong></span> <span class='ocrx_word' id='word_1_400' title='bbox 825 3291 1127 3361; x_wconf 56' lang='lat' dir='ltr'><strong>patrimonii</strong></span> <span class='ocrx_word' id='word_1_401' title='bbox 1155 3303 1393 3362; x_wconf 67' lang='lat' dir='ltr'><strong>gravuer</strong></span> <span class='ocrx_word' id='word_1_402' title='bbox 1427 3295 1724 3347; x_wconf 66' lang='lat' dir='ltr'><strong>exhaustus</strong></span> <span class='ocrx_word' id='word_1_403' title='bbox 1745 3332 1759 3358; x_wconf 70' lang='grc'><em>,</em></span> <span class='ocrx_word' id='word_1_404' title='bbox 1789 3277 1835 3339; x_wconf 78' lang='lat' dir='ltr'><strong><em>C</em></strong></span> <span class='ocrx_word' id='word_1_405' title='bbox 1871 3281 2030 3336; x_wconf 91' lang='lat' dir='ltr'><strong>animi</strong></span> <span class='ocrx_word' id='word_1_406' title='bbox 2075 3283 2332 3337; x_wconf 71' lang='lat' dir='ltr'><strong>lmtiorem</strong></span> <span class='ocrx_word' id='word_1_407' title='bbox 2371 3300 2384 3336; x_wconf 74' lang='grc' dir='ltr'>ἒ</span> <span class='ocrx_word' id='word_1_408' title='bbox 2420 3283 2530 3338; x_wconf 88' lang='lat' dir='ltr'><strong>Deo</strong></span> <span class='ocrx_word' id='word_1_409' title='bbox 2559 3283 2752 3352; x_wconf 78' lang='lat' dir='ltr'><strong>quippe</strong></span> <span class='ocrx_word' id='word_1_410' title='bbox 2782 3272 3001 3336; x_wconf 63' lang='grc' dir='ltr'><strong>ξιιμ-ιονιξ</strong></span> <span class='ocrx_word' id='word_1_411' title='bbox 3048 3284 3328 3338; x_wconf 83' lang='lat' dir='ltr'><strong>sanitatem</strong></span> <span class='ocrx_word' id='word_1_412' title='bbox 3363 3301 3444 3338; x_wconf 76' lang='lat' dir='ltr'><strong>re-</strong></span> 
     </span>
    </p>
   </div>
   <div class='ocr_carea' id='block_1_61' title="bbox 205 3378 1763 3454">
    <p class='ocr_par' dir='ltr' id='par_1_61' title="bbox 205 3378 1763 3454">
     <span class='ocr_line' id='line_1_62' title="bbox 205 3378 1763 3454; baseline 0.006 -27"><span class='ocrx_word' id='word_1_413' title='bbox 205 3378 390 3440; x_wconf 85' lang='lat' dir='ltr'><strong>paterni</strong></span> <span class='ocrx_word' id='word_1_414' title='bbox 413 3380 592 3434; x_wconf 87' lang='lat' dir='ltr'><strong>solati</strong></span> <span class='ocrx_word' id='word_1_415' title='bbox 623 3381 1030 3436; x_wconf 66' lang='lat' dir='ltr'><strong>aestimationem</strong></span> <span class='ocrx_word' id='word_1_416' title='bbox 1061 3382 1270 3454; x_wconf 73' lang='lat' dir='ltr'><strong>iubetur</strong></span> <span class='ocrx_word' id='word_1_417' title='bbox 1292 3383 1588 3438; x_wconf 79' lang='lat' dir='ltr'><strong>exsolvere.</strong></span> <span class='ocrx_word' id='word_1_418' title='bbox 1625 3383 1763 3452; x_wconf 69' lang='lat' dir='ltr'><strong>Ergo</strong></span> 
     </span>
    </p>
   </div>
   <div class='ocr_carea' id='block_1_62' title="bbox 203 3472 1769 3541">
    <p class='ocr_par' dir='ltr' id='par_1_62' title="bbox 203 3472 1769 3541">
     <span class='ocr_line' id='line_1_63' title="bbox 203 3472 1769 3541; baseline 0.007 -24"><span class='ocrx_word' id='word_1_419' title='bbox 203 3477 287 3532; x_wconf 88' lang='lat' dir='ltr'><strong>per</strong></span> <span class='ocrx_word' id='word_1_420' title='bbox 307 3478 354 3523; x_wconf 89' lang='lat' dir='ltr'><strong>te</strong></span> <span class='ocrx_word' id='word_1_421' title='bbox 373 3483 435 3524; x_wconf 90' lang='lat' dir='ltr'><strong>ae</strong></span> <span class='ocrx_word' id='word_1_422' title='bbox 466 3472 542 3525; x_wconf 89' lang='lat' dir='ltr'><strong>tui</strong></span> <span class='ocrx_word' id='word_1_423' title='bbox 568 3473 770 3527; x_wconf 88' lang='lat' dir='ltr'><strong>similes</strong></span> <span class='ocrx_word' id='word_1_424' title='bbox 789 3474 1011 3528; x_wconf 85' lang='lat' dir='ltr'><strong>amoliri</strong></span> <span class='ocrx_word' id='word_1_425' title='bbox 1029 3485 1240 3541; x_wconf 79' lang='lat' dir='ltr'><strong>Oportet</strong></span> <span class='ocrx_word' id='word_1_426' title='bbox 1268 3475 1632 3529; x_wconf 84' lang='lat' dir='ltr'><strong>imminentem</strong></span> <span class='ocrx_word' id='word_1_427' title='bbox 1662 3475 1769 3528; x_wconf 90' lang='lat' dir='ltr'><strong>rui-</strong></span> 
     </span>
    </p>
   </div>
   <div class='ocr_carea' id='block_1_63' title="bbox 204 3559 1766 3633">
    <p class='ocr_par' dir='ltr' id='par_1_63' title="bbox 204 3559 1766 3633">
     <span class='ocr_line' id='line_1_64' title="bbox 204 3559 1766 3633; baseline 0.01 -28"><span class='ocrx_word' id='word_1_428' title='bbox 204 3569 334 3610; x_wconf 87' lang='lat' dir='ltr'><strong>nam.</strong></span> <span class='ocrx_word' id='word_1_429' title='bbox 374 3559 483 3616; x_wconf 82' lang='lat' dir='ltr'><strong>Nec</strong></span> <span class='ocrx_word' id='word_1_430' title='bbox 507 3577 600 3616; x_wconf 89' lang='lat' dir='ltr'><strong>res</strong></span> <span class='ocrx_word' id='word_1_431' title='bbox 644 3563 1018 3632; x_wconf 89' lang='lat' dir='ltr'><strong>impetratione</strong></span> <span class='ocrx_word' id='word_1_432' title='bbox 1046 3565 1278 3620; x_wconf 85' lang='lat' dir='ltr'><strong>difficilis</strong></span> <span class='ocrx_word' id='word_1_433' title='bbox 1313 3575 1415 3620; x_wconf 88' lang='lat' dir='ltr'><strong>est.</strong></span> <span class='ocrx_word' id='word_1_434' title='bbox 1466 3567 1596 3620; x_wconf 82' lang='lat' dir='ltr'><strong>Nam</strong></span> <span class='ocrx_word' id='word_1_435' title='bbox 1629 3567 1766 3633; x_wconf 87' lang='lat' dir='ltr'><strong>quod</strong></span> 
     </span>
    </p>
   </div>
   <div class='ocr_carea' id='block_1_64' title="bbox 203 3644 1771 3726">
    <p class='ocr_par' dir='ltr' id='par_1_64' title="bbox 203 3644 1771 3726">
     <span class='ocr_line' id='line_1_65' title="bbox 203 3644 1771 3726; baseline 0.008 -28"><span class='ocrx_word' id='word_1_436' title='bbox 203 3644 452 3719; x_wconf 77' lang='lat' dir='ltr'><strong>plerisque</strong></span> <span class='ocrx_word' id='word_1_437' title='bbox 496 3666 597 3706; x_wconf 86' lang='lat' dir='ltr'><strong>sua</strong></span> <span class='ocrx_word' id='word_1_438' title='bbox 631 3653 826 3708; x_wconf 88' lang='lat' dir='ltr'><strong>invidia</strong></span> <span class='ocrx_word' id='word_1_439' title='bbox 857 3655 1216 3710; x_wconf 87' lang='lat' dir='ltr'><strong>laborantibus</strong></span> <span class='ocrx_word' id='word_1_440' title='bbox 1249 3657 1540 3726; x_wconf 88' lang='lat' dir='ltr'><strong>imperialis</strong></span> <span class='ocrx_word' id='word_1_441' title='bbox 1565 3657 1771 3711; x_wconf 86' lang='lat' dir='ltr'><strong>remisit</strong></span> 
     </span>
    </p>
   </div>
   <div class='ocr_carea' id='block_1_65' title="bbox 204 3735 1772 3816">
    <p class='ocr_par' dir='ltr' id='par_1_65' title="bbox 204 3735 1772 3816">
     <span class='ocr_line' id='line_1_66' title="bbox 204 3735 1772 3816; baseline 0.009 -28"><span class='ocrx_word' id='word_1_442' title='bbox 204 3735 524 3808; x_wconf 84' lang='lat' dir='ltr'><strong>humanitas;</strong></span> <span class='ocrx_word' id='word_1_443' title='bbox 543 3744 590 3798; x_wconf 91' lang='lat' dir='ltr'><strong>id</strong></span> <span class='ocrx_word' id='word_1_444' title='bbox 611 3745 776 3814; x_wconf 75' lang='lat' dir='ltr'><strong>patris</strong></span> <span class='ocrx_word' id='word_1_445' title='bbox 797 3747 1366 3816; x_wconf 79' lang='lat' dir='ltr'><strong>nominepostulatum,</strong></span> <span class='ocrx_word' id='word_1_446' title='bbox 1384 3747 1552 3801; x_wconf 90' lang='lat' dir='ltr'><strong>multo</strong></span> <span class='ocrx_word' id='word_1_447' title='bbox 1571 3747 1772 3815; x_wconf 63' lang='lat' dir='ltr'><strong>arquior</strong></span> 
     </span>
    </p>
   </div>
   <div class='ocr_carea' id='block_1_66' title="bbox 201 3832 1774 3896">
    <p class='ocr_par' dir='ltr' id='par_1_66' title="bbox 201 3832 1774 3896">
     <span class='ocr_line' id='line_1_67' title="bbox 201 3832 1774 3896; baseline 0.008 -14"><span class='ocrx_word' id='word_1_448' title='bbox 201 3832 338 3887; x_wconf 83' lang='lat' dir='ltr'><strong>venia</strong></span> <span class='ocrx_word' id='word_1_449' title='bbox 383 3836 669 3892; x_wconf 75' lang='lat' dir='ltr'><strong>relaxabit.</strong></span> <span class='ocrx_word' id='word_1_450' title='bbox 703 3838 954 3894; x_wconf 83' lang='lat' dir='ltr'><strong>Proficiet</strong></span> <span class='ocrx_word' id='word_1_451' title='bbox 989 3841 1086 3894; x_wconf 89' lang='lat' dir='ltr'><strong>ista</strong></span> <span class='ocrx_word' id='word_1_452' title='bbox 1122 3843 1403 3896; x_wconf 87' lang='lat' dir='ltr'><strong>concessio</strong></span> <span class='ocrx_word' id='word_1_453' title='bbox 1440 3841 1600 3896; x_wconf 88' lang='lat' dir='ltr'><strong>etiam</strong></span> <span class='ocrx_word' id='word_1_454' title='bbox 1641 3849 1774 3894; x_wconf 82' lang='lat' dir='ltr'><strong>tent-</strong></span> 
     </span>
    </p>
   </div>
   <div class='ocr_carea' id='block_1_67' title="bbox 201 3930 1770 4004">
    <p class='ocr_par' dir='ltr' id='par_1_67' title="bbox 201 3930 1770 4004">
     <span class='ocr_line' id='line_1_68' title="bbox 201 3930 1770 4004; baseline -0.004 -13"><span class='ocrx_word' id='word_1_455' title='bbox 201 3935 377 3990; x_wconf 76' lang='lat' dir='ltr'><strong>Porum</strong></span> <span class='ocrx_word' id='word_1_456' title='bbox 427 3930 620 3998; x_wconf 65' lang='grc' dir='ltr'><strong>εισι-ξω</strong></span> <span class='ocrx_word' id='word_1_457' title='bbox 645 3970 661 3997; x_wconf 87' lang='grc'><em>,</em></span> <span class='ocrx_word' id='word_1_458' title='bbox 695 3932 738 3985; x_wconf 82' lang='lat' dir='ltr'><strong>si</strong></span> <span class='ocrx_word' id='word_1_459' title='bbox 781 3933 920 4001; x_wconf 90' lang='lat' dir='ltr'><strong>quod</strong></span> <span class='ocrx_word' id='word_1_460' title='bbox 950 3933 1226 3988; x_wconf 86' lang='lat' dir='ltr'><strong>beneficiis</strong></span> <span class='ocrx_word' id='word_1_461' title='bbox 1267 3933 1522 4004; x_wconf 82' lang='lat' dir='ltr'><strong>principis</strong></span> <span class='ocrx_word' id='word_1_462' title='bbox 1564 3935 1770 3999; x_wconf 73' lang='lat' dir='ltr'><strong>deerat,</strong></span> 
     </span>
    </p>
   </div>
   <div class='ocr_carea' id='block_1_68' title="bbox 204 4011 1113 4091">
    <p class='ocr_par' dir='ltr' id='par_1_68' title="bbox 204 4011 1113 4091">
     <span class='ocr_line' id='line_1_69' title="bbox 204 4011 1113 4091; baseline 0.012 -25"><span class='ocrx_word' id='word_1_463' title='bbox 204 4011 310 4081; x_wconf 86' lang='lat' dir='ltr'><strong>pius</strong></span> <span class='ocrx_word' id='word_1_464' title='bbox 339 4028 628 4075; x_wconf 62' lang='lat' dir='ltr'><strong>succasor</strong></span> <span class='ocrx_word' id='word_1_465' title='bbox 655 4021 932 4091; x_wconf 86' lang='lat' dir='ltr'><strong>adjecerit.</strong></span> <span class='ocrx_word' id='word_1_466' title='bbox 966 4023 1113 4079; x_wconf 79' lang='lat' dir='ltr'><strong>Vale.</strong></span> 
     </span>
    </p>
   </div>
   <div class='ocr_carea' id='block_1_69' title="bbox 797 4113 1158 4169">
    <p class='ocr_par' dir='ltr' id='par_1_69' title="bbox 797 4113 1158 4169">
     <span class='ocr_line' id='line_1_70' title="bbox 797 4113 1158 4169; baseline 0.003 -2"><span class='ocrx_word' id='word_1_467' title='bbox 797 4113 1012 4169; x_wconf 78' lang='lat' dir='ltr'><strong>EP.ST.</strong></span> <span class='ocrx_word' id='word_1_468' title='bbox 1052 4113 1158 4169; x_wconf 70' lang='grc' dir='ltr'><strong>ιιι.</strong></span> 
     </span>
    </p>
   </div>
   <div class='ocr_carea' id='block_1_70' title="bbox 639 4218 1329 4262">
    <p class='ocr_par' dir='ltr' id='par_1_70' title="bbox 639 4218 1329 4262">
     <span class='ocr_line' id='line_1_71' title="bbox 639 4218 1329 4262; baseline 0.007 -6"><span class='ocrx_word' id='word_1_469' title='bbox 639 4218 944 4259; x_wconf 68' lang='grc' dir='ltr'><strong>εηιηλεηυε</strong></span> <span class='ocrx_word' id='word_1_470' title='bbox 985 4220 1329 4262; x_wconf 72' lang='lat' dir='ltr'><strong>FLORENTINO.</strong></span> 
     </span>
    </p>
   </div>
   <div class='ocr_carea' id='block_1_71' title="bbox 266 4285 1777 4370">
    <p class='ocr_par' dir='ltr' id='par_1_71' title="bbox 266 4285 1777 4370">
     <span class='ocr_line' id='line_1_72' title="bbox 266 4285 1777 4370; baseline 0.009 -29"><span class='ocrx_word' id='word_1_471' title='bbox 266 4285 452 4345; x_wconf 80' lang='lat' dir='ltr'><strong>Verbis</strong></span> <span class='ocrx_word' id='word_1_472' title='bbox 488 4307 703 4363; x_wconf 83' lang='lat' dir='ltr'><strong>nequeo</strong></span> <span class='ocrx_word' id='word_1_473' title='bbox 725 4295 1006 4364; x_wconf 84' lang='lat' dir='ltr'><strong>complecti</strong></span> <span class='ocrx_word' id='word_1_474' title='bbox 1037 4307 1165 4366; x_wconf 93' lang='lat' dir='ltr'><strong>quot</strong></span> <span class='ocrx_word' id='word_1_475' title='bbox 1199 4297 1388 4365; x_wconf 80' lang='lat' dir='ltr'><strong>gaudia</strong></span> <span class='ocrx_word' id='word_1_476' title='bbox 1418 4298 1547 4352; x_wconf 86' lang='lat' dir='ltr'><strong>mihi</strong></span> <span class='ocrx_word' id='word_1_477' title='bbox 1576 4299 1777 4370; x_wconf 84' lang='lat' dir='ltr'><strong>pariter</strong></span> 
     </span>
    </p>
   </div>
   <div class='ocr_carea' id='block_1_72' title="bbox 198 4374 1776 4460">
    <p class='ocr_par' dir='ltr' id='par_1_72' title="bbox 198 4374 1776 4460">
     <span class='ocr_line' id='line_1_73' title="bbox 198 4374 1776 4460; baseline 0.013 -32"><span class='ocrx_word' id='word_1_478' title='bbox 198 4374 301 4432; x_wconf 88' lang='lat' dir='ltr'><strong>dies</strong></span> <span class='ocrx_word' id='word_1_479' title='bbox 331 4397 402 4436; x_wconf 86' lang='lat' dir='ltr'><strong>un</strong></span> <span class='ocrx_word' id='word_1_480' title='bbox 444 4398 471 4437; x_wconf 90' lang='lat' dir='ltr'><strong>s</strong></span> <span class='ocrx_word' id='word_1_481' title='bbox 502 4385 790 4441; x_wconf 66' lang='lat' dir='ltr'><strong>invexerit.</strong></span> <span class='ocrx_word' id='word_1_482' title='bbox 827 4389 1086 4457; x_wconf 76' lang='lat' dir='ltr'><strong>Agnoscis</strong></span> <span class='ocrx_word' id='word_1_483' title='bbox 1126 4390 1289 4444; x_wconf 87' lang='lat' dir='ltr'><strong>credo</strong></span> <span class='ocrx_word' id='word_1_484' title='bbox 1331 4405 1582 4456; x_wconf 85' lang='lat' dir='ltr'><strong>causam,</strong></span> <span class='ocrx_word' id='word_1_485' title='bbox 1624 4391 1776 4460; x_wconf 85' lang='lat' dir='ltr'><strong>cujus</strong></span> 
     </span>
    </p>
   </div>
   <div class='ocr_carea' id='block_1_73' title="bbox 199 4469 1773 4548">
    <p class='ocr_par' dir='ltr' id='par_1_73' title="bbox 199 4469 1773 4548">
     <span class='ocr_line' id='line_1_74' title="bbox 199 4469 1773 4548; baseline 0.01 -29"><span class='ocrx_word' id='word_1_486' title='bbox 199 4469 374 4526; x_wconf 78' lang='lat' dir='ltr'><strong>auctor</strong></span> <span class='ocrx_word' id='word_1_487' title='bbox 403 4475 577 4531; x_wconf 81' lang='lat' dir='ltr'><strong>fuisti.</strong></span> <span class='ocrx_word' id='word_1_488' title='bbox 609 4478 740 4531; x_wconf 78' lang='lat' dir='ltr'><strong>Nam</strong></span> <span class='ocrx_word' id='word_1_489' title='bbox 769 4494 1009 4548; x_wconf 73' lang='lat' dir='ltr'><strong>gemmis</strong></span> <span class='ocrx_word' id='word_1_490' title='bbox 1035 4480 1258 4534; x_wconf 79' lang='lat' dir='ltr'><strong>fratrum</strong></span> <span class='ocrx_word' id='word_1_491' title='bbox 1291 4483 1652 4536; x_wconf 90' lang='lat' dir='ltr'><strong>communium</strong></span> <span class='ocrx_word' id='word_1_492' title='bbox 1686 4484 1773 4537; x_wconf 83' lang='lat' dir='ltr'><strong>lit-</strong></span> 
     </span>
    </p>
   </div>
   <div class='ocr_carea' id='block_1_74' title="bbox 203 4566 1771 4643">
    <p class='ocr_par' dir='ltr' id='par_1_74' title="bbox 203 4566 1771 4643">
     <span class='ocr_line' id='line_1_75' title="bbox 203 4566 1771 4643; baseline 0.008 -30"><span class='ocrx_word' id='word_1_493' title='bbox 203 4567 332 4616; x_wconf 86' lang='lat' dir='ltr'><strong>teras</strong></span> <span class='ocrx_word' id='word_1_494' title='bbox 377 4566 432 4620; x_wconf 90' lang='lat' dir='ltr'><strong>in</strong></span> <span class='ocrx_word' id='word_1_495' title='bbox 462 4570 744 4623; x_wconf 84' lang='lat' dir='ltr'><strong>cunntlum</strong></span> <span class='ocrx_word' id='word_1_496' title='bbox 794 4571 985 4624; x_wconf 79' lang='lat' dir='ltr'><strong>extulit</strong></span> <span class='ocrx_word' id='word_1_497' title='bbox 1027 4571 1214 4626; x_wconf 86' lang='lat' dir='ltr'><strong>tertius</strong></span> <span class='ocrx_word' id='word_1_498' title='bbox 1253 4573 1425 4627; x_wconf 82' lang='lat' dir='ltr'><strong>honor</strong></span> <span class='ocrx_word' id='word_1_499' title='bbox 1451 4574 1771 4643; x_wconf 81' lang='lat' dir='ltr'><strong>scriptorum</strong></span> 
     </span>
    </p>
   </div>
   <div class='ocr_carea' id='block_1_75' title="bbox 200 4641 1855 4729">
    <p class='ocr_par' dir='ltr' id='par_1_75' title="bbox 200 4641 1855 4729">
     <span class='ocr_line' id='line_1_76' title="bbox 200 4641 1855 4729; baseline 0.008 -22"><span class='ocrx_word' id='word_1_500' title='bbox 200 4661 425 4711; x_wconf 79' lang='lat' dir='ltr'><strong>tuorum.</strong></span> <span class='ocrx_word' id='word_1_501' title='bbox 472 4662 660 4729; x_wconf 81' lang='lat' dir='ltr'><strong>Itaque</strong></span> <span class='ocrx_word' id='word_1_502' title='bbox 692 4669 748 4714; x_wconf 92' lang='lat' dir='ltr'><strong>ut</strong></span> <span class='ocrx_word' id='word_1_503' title='bbox 777 4677 953 4716; x_wconf 88' lang='lat' dir='ltr'><strong>rerum</strong></span> <span class='ocrx_word' id='word_1_504' title='bbox 986 4663 1244 4717; x_wconf 88' lang='lat' dir='ltr'><strong>bonarum</strong></span> <span class='ocrx_word' id='word_1_505' title='bbox 1275 4663 1508 4718; x_wconf 86' lang='lat' dir='ltr'><strong>difficilis</strong></span> <span class='ocrx_word' id='word_1_506' title='bbox 1537 4641 1615 4718; x_wconf 83' lang='lat' dir='ltr'><strong>est</strong></span> <span class='ocrx_word' id='word_1_507' title='bbox 1656 4667 1768 4719; x_wconf 89' lang='lat' dir='ltr'><strong>ele-</strong></span> <span class='ocrx_word' id='word_1_508' title='bbox 1801 4641 1855 4702; x_wconf 68' lang='grc' dir='ltr'>Π</span> 
     </span>
    </p>
   </div>
   <div class='ocr_carea' id='block_1_76' title="bbox 197 4744 1775 4824">
    <p class='ocr_par' dir='ltr' id='par_1_76' title="bbox 197 4744 1775 4824">
     <span class='ocr_line' id='line_1_77' title="bbox 197 4744 1775 4824; baseline 0.009 -28"><span class='ocrx_word' id='word_1_509' title='bbox 197 4744 318 4809; x_wconf 89' lang='lat' dir='ltr'><strong>ctio,</strong></span> <span class='ocrx_word' id='word_1_510' title='bbox 349 4750 624 4818; x_wconf 87' lang='lat' dir='ltr'><strong>paulisper</strong></span> <span class='ocrx_word' id='word_1_511' title='bbox 651 4751 780 4805; x_wconf 73' lang='lat' dir='ltr'><strong>Ita-si</strong></span> <span class='ocrx_word' id='word_1_512' title='bbox 811 4769 969 4821; x_wconf 87' lang='lat' dir='ltr'><strong>quam</strong></span> <span class='ocrx_word' id='word_1_513' title='bbox 999 4755 1221 4822; x_wconf 86' lang='lat' dir='ltr'><strong>primam</strong></span> <span class='ocrx_word' id='word_1_514' title='bbox 1252 4756 1494 4824; x_wconf 79' lang='lat' dir='ltr'><strong>paginam</strong></span> <span class='ocrx_word' id='word_1_515' title='bbox 1531 4769 1775 4810; x_wconf 89' lang='lat' dir='ltr'><strong>recense-</strong></span> 
     </span>
    </p>
   </div>
   <div class='ocr_carea' id='block_1_77' title="bbox 197 4843 1769 4917">
    <p class='ocr_par' dir='ltr' id='par_1_77' title="bbox 197 4843 1769 4917">
     <span class='ocr_line' id='line_1_78' title="bbox 197 4843 1769 4917; baseline 0.009 -30"><span class='ocrx_word' id='word_1_516' title='bbox 197 4849 335 4901; x_wconf 88' lang='lat' dir='ltr'><strong>rem;</strong></span> <span class='ocrx_word' id='word_1_517' title='bbox 368 4849 583 4894; x_wconf 91' lang='lat' dir='ltr'><strong>tantum</strong></span> <span class='ocrx_word' id='word_1_518' title='bbox 614 4843 750 4910; x_wconf 88' lang='lat' dir='ltr'><strong>apud</strong></span> <span class='ocrx_word' id='word_1_519' title='bbox 784 4859 869 4896; x_wconf 84' lang='lat' dir='ltr'><strong>tne</strong></span> <span class='ocrx_word' id='word_1_520' title='bbox 912 4857 1027 4898; x_wconf 85' lang='lat' dir='ltr'><strong>erat</strong></span> <span class='ocrx_word' id='word_1_521' title='bbox 1050 4845 1372 4900; x_wconf 80' lang='lat' dir='ltr'><strong>desiderium</strong></span> <span class='ocrx_word' id='word_1_522' title='bbox 1422 4848 1769 4917; x_wconf 83' lang='lat' dir='ltr'><strong>singularum.</strong></span> 
     </span>
    </p>
   </div>
   <div class='ocr_carea' id='block_1_78' title="bbox 195 4923 1776 5005">
    <p class='ocr_par' dir='ltr' id='par_1_78' title="bbox 195 4923 1776 5005">
     <span class='ocr_line' id='line_1_79' title="bbox 195 4923 1776 5005; baseline 0.009 -27"><span class='ocrx_word' id='word_1_523' title='bbox 195 4923 306 4979; x_wconf 70' lang='lat' dir='ltr'><strong>llo:</strong></span> <span class='ocrx_word' id='word_1_524' title='bbox 336 4944 535 4986; x_wconf 78' lang='lat' dir='ltr'><strong>omnes</strong></span> <span class='ocrx_word' id='word_1_525' title='bbox 563 4941 752 5001; x_wconf 77' lang='lat' dir='ltr'><strong>arguto</strong></span> <span class='ocrx_word' id='word_1_526' title='bbox 788 4933 994 5002; x_wconf 83' lang='lat' dir='ltr'><strong>legendi</strong></span> <span class='ocrx_word' id='word_1_527' title='bbox 1030 4937 1254 4989; x_wconf 88' lang='lat' dir='ltr'><strong>transitu</strong></span> <span class='ocrx_word' id='word_1_528' title='bbox 1284 4941 1551 5005; x_wconf 87' lang='lat' dir='ltr'><strong>percurri,</strong></span> <span class='ocrx_word' id='word_1_529' title='bbox 1585 4952 1650 4992; x_wconf 90' lang='lat' dir='ltr'><strong>ne</strong></span> <span class='ocrx_word' id='word_1_530' title='bbox 1696 4937 1776 4991; x_wconf 82' lang='lat' dir='ltr'><strong>iu-</strong></span> 
     </span>
    </p>
   </div>
   <div class='ocr_carea' id='block_1_79' title="bbox 195 5023 1777 5097">
    <p class='ocr_par' dir='ltr' id='par_1_79' title="bbox 195 5023 1777 5097">
     <span class='ocr_line' id='line_1_80' title="bbox 195 5023 1777 5097; baseline 0.011 -30"><span class='ocrx_word' id='word_1_531' title='bbox 195 5023 528 5085; x_wconf 79' lang='lat' dir='ltr'><strong>spectiouetn</strong></span> <span class='ocrx_word' id='word_1_532' title='bbox 581 5023 865 5078; x_wconf 77' lang='lat' dir='ltr'><strong>residentis</strong></span> <span class='ocrx_word' id='word_1_533' title='bbox 917 5043 1176 5082; x_wconf 86' lang='lat' dir='ltr'><strong>morarer.</strong></span> <span class='ocrx_word' id='word_1_534' title='bbox 1231 5028 1338 5082; x_wconf 83' lang='lat' dir='ltr'><strong>Nec</strong></span> <span class='ocrx_word' id='word_1_535' title='bbox 1386 5030 1550 5083; x_wconf 85' lang='lat' dir='ltr'><strong>semel</strong></span> <span class='ocrx_word' id='word_1_536' title='bbox 1585 5030 1777 5097; x_wconf 68' lang='lat' dir='ltr'><strong>legisse</strong></span> 
     </span>
    </p>
   </div>
   <div class='ocr_carea' id='block_1_80' title="bbox 197 5109 1776 5187">
    <p class='ocr_par' dir='ltr' id='par_1_80' title="bbox 197 5109 1776 5187">
     <span class='ocr_line' id='line_1_81' title="bbox 197 5109 1776 5187; baseline 0.008 -25"><span class='ocrx_word' id='word_1_537' title='bbox 197 5109 430 5178; x_wconf 81' lang='lat' dir='ltr'><strong>suffecit,</strong></span> <span class='ocrx_word' id='word_1_538' title='bbox 460 5123 523 5166; x_wconf 92' lang='lat' dir='ltr'><strong>ut</strong></span> <span class='ocrx_word' id='word_1_539' title='bbox 553 5112 598 5166; x_wconf 75' lang='lat' dir='ltr'><strong>si</strong></span> <span class='ocrx_word' id='word_1_540' title='bbox 637 5113 762 5182; x_wconf 89' lang='lat' dir='ltr'><strong>qttid</strong></span> <span class='ocrx_word' id='word_1_541' title='bbox 789 5116 1014 5169; x_wconf 75' lang='lat' dir='ltr'><strong>aviditas</strong></span> <span class='ocrx_word' id='word_1_542' title='bbox 1042 5119 1209 5186; x_wconf 90' lang='lat' dir='ltr'><strong>prima</strong></span> <span class='ocrx_word' id='word_1_543' title='bbox 1242 5121 1662 5187; x_wconf 68' lang='lat' dir='ltr'><strong>perstrinxerat,</strong></span> <span class='ocrx_word' id='word_1_544' title='bbox 1697 5123 1776 5175; x_wconf 89' lang='lat' dir='ltr'><strong>iu-</strong></span> 
     </span>
    </p>
   </div>
   <div class='ocr_carea' id='block_1_81' title="bbox 191 5200 1775 5280">
    <p class='ocr_par' dir='ltr' id='par_1_81' title="bbox 191 5200 1775 5280">
     <span class='ocr_line' id='line_1_82' title="bbox 191 5200 1775 5280; baseline 0.011 -30"><span class='ocrx_word' id='word_1_545' title='bbox 191 5200 423 5256; x_wconf 85' lang='lat' dir='ltr'><strong>culcaret</strong></span> <span class='ocrx_word' id='word_1_546' title='bbox 449 5205 688 5258; x_wconf 83' lang='lat' dir='ltr'><strong>itera-tio.</strong></span> <span class='ocrx_word' id='word_1_547' title='bbox 718 5204 844 5259; x_wconf 86' lang='lat' dir='ltr'><strong>Erat</strong></span> <span class='ocrx_word' id='word_1_548' title='bbox 873 5207 924 5260; x_wconf 92' lang='lat' dir='ltr'><strong>in</strong></span> <span class='ocrx_word' id='word_1_549' title='bbox 950 5207 1126 5261; x_wconf 85' lang='lat' dir='ltr'><strong>verbis</strong></span> <span class='ocrx_word' id='word_1_550' title='bbox 1153 5211 1564 5280; x_wconf 88' lang='lat' dir='ltr'><strong>uniuscujusque</strong></span> <span class='ocrx_word' id='word_1_551' title='bbox 1596 5214 1775 5267; x_wconf 86' lang='lat' dir='ltr'><strong>varius</strong></span> 
     </span>
    </p>
   </div>
   <div class='ocr_carea' id='block_1_82' title="bbox 194 5293 1772 5373">
    <p class='ocr_par' dir='ltr' id='par_1_82' title="bbox 194 5293 1772 5373">
     <span class='ocr_line' id='line_1_83' title="bbox 194 5293 1772 5373; baseline 0.014 -34"><span class='ocrx_word' id='word_1_552' title='bbox 194 5293 566 5350; x_wconf 82' lang='lat' dir='ltr'><strong>elocutionum</strong></span> <span class='ocrx_word' id='word_1_553' title='bbox 608 5297 776 5366; x_wconf 87' lang='lat' dir='ltr'><strong>lepos,</strong></span> <span class='ocrx_word' id='word_1_554' title='bbox 825 5314 930 5368; x_wconf 92' lang='lat' dir='ltr'><strong>quo</strong></span> <span class='ocrx_word' id='word_1_555' title='bbox 980 5301 1095 5354; x_wconf 90' lang='lat' dir='ltr'><strong>solo</strong></span> <span class='ocrx_word' id='word_1_556' title='bbox 1146 5301 1336 5357; x_wconf 85' lang='lat' dir='ltr'><strong>litterae</strong></span> <span class='ocrx_word' id='word_1_557' title='bbox 1377 5305 1772 5373; x_wconf 76' lang='lat' dir='ltr'><strong>discrepabunt.</strong></span> 
     </span>
    </p>
   </div>
   <div class='ocr_carea' id='block_1_83' title="bbox 187 5378 1776 5450">
    <p class='ocr_par' dir='ltr' id='par_1_83' title="bbox 187 5378 1776 5450">
     <span class='ocr_line' id='line_1_84' title="bbox 187 5378 1776 5450; baseline 0.011 -18"><span class='ocrx_word' id='word_1_558' title='bbox 187 5381 309 5437; x_wconf 62' lang='lat' dir='ltr'><strong>Nam</strong></span> <span class='ocrx_word' id='word_1_559' title='bbox 351 5402 556 5441; x_wconf 85' lang='lat' dir='ltr'><strong>omnes</strong></span> <span class='ocrx_word' id='word_1_560' title='bbox 593 5403 743 5441; x_wconf 84' lang='lat' dir='ltr'><strong>mens</strong></span> <span class='ocrx_word' id='word_1_561' title='bbox 772 5405 876 5442; x_wconf 90' lang='lat' dir='ltr'><strong>una</strong></span> <span class='ocrx_word' id='word_1_562' title='bbox 906 5378 1220 5446; x_wconf 82' lang='lat' dir='ltr'><strong>dictaverat.</strong></span> <span class='ocrx_word' id='word_1_563' title='bbox 1257 5393 1472 5448; x_wconf 89' lang='lat' dir='ltr'><strong>Possem</strong></span> <span class='ocrx_word' id='word_1_564' title='bbox 1501 5395 1639 5447; x_wconf 91' lang='lat' dir='ltr'><strong>bona</strong></span> <span class='ocrx_word' id='word_1_565' title='bbox 1674 5396 1776 5450; x_wconf 88' lang='lat' dir='ltr'><strong>fide</strong></span> 
     </span>
    </p>
   </div>
   <div class='ocr_carea' id='block_1_84' title="bbox 187 5473 1774 5544">
    <p class='ocr_par' dir='ltr' id='par_1_84' title="bbox 187 5473 1774 5544">
     <span class='ocr_line' id='line_1_85' title="bbox 187 5473 1774 5544; baseline 0.008 -17"><span class='ocrx_word' id='word_1_566' title='bbox 187 5473 418 5541; x_wconf 69' lang='lat' dir='ltr'><strong>adjicere</strong></span> <span class='ocrx_word' id='word_1_567' title='bbox 453 5477 685 5544; x_wconf 83' lang='lat' dir='ltr'><strong>majora.</strong></span> <span class='ocrx_word' id='word_1_568' title='bbox 717 5479 822 5533; x_wconf 90' lang='lat' dir='ltr'><strong>Sed</strong></span> <span class='ocrx_word' id='word_1_569' title='bbox 855 5489 958 5534; x_wconf 72' lang='lat' dir='ltr'><strong>tua:</strong></span> <span class='ocrx_word' id='word_1_570' title='bbox 987 5496 1170 5543; x_wconf 85' lang='lat' dir='ltr'><strong>aures,</strong></span> <span class='ocrx_word' id='word_1_571' title='bbox 1203 5482 1326 5536; x_wconf 92' lang='lat' dir='ltr'><strong>licet</strong></span> <span class='ocrx_word' id='word_1_572' title='bbox 1353 5484 1571 5538; x_wconf 82' lang='lat' dir='ltr'><strong>fratrum</strong></span> <span class='ocrx_word' id='word_1_573' title='bbox 1603 5485 1774 5539; x_wconf 89' lang='lat' dir='ltr'><strong>laudi-</strong></span> 
     </span>
    </p>
   </div>
   <div class='ocr_carea' id='block_1_85' title="bbox 183 5565 1771 5644">
    <p class='ocr_par' dir='ltr' id='par_1_85' title="bbox 183 5565 1771 5644">
     <span class='ocr_line' id='line_1_86' title="bbox 183 5565 1771 5644; baseline 0.008 -26"><span class='ocrx_word' id='word_1_574' title='bbox 183 5565 274 5620; x_wconf 85' lang='lat' dir='ltr'><strong>bus</strong></span> <span class='ocrx_word' id='word_1_575' title='bbox 295 5572 600 5636; x_wconf 77' lang='lat' dir='ltr'><strong>gaudeant,</strong></span> <span class='ocrx_word' id='word_1_576' title='bbox 623 5575 1049 5627; x_wconf 89' lang='lat' dir='ltr'><strong>communionem</strong></span> <span class='ocrx_word' id='word_1_577' title='bbox 1082 5585 1254 5629; x_wconf 87' lang='lat' dir='ltr'><strong>tamen</strong></span> <span class='ocrx_word' id='word_1_578' title='bbox 1285 5577 1500 5644; x_wconf 73' lang='lat' dir='ltr'><strong>gloriosi</strong></span> <span class='ocrx_word' id='word_1_579' title='bbox 1527 5579 1771 5631; x_wconf 87' lang='lat' dir='ltr'><strong>testimo-</strong></span> 
     </span>
    </p>
   </div>
   <div class='ocr_carea' id='block_1_86' title="bbox 182 5658 1774 5728">
    <p class='ocr_par' dir='ltr' id='par_1_86' title="bbox 182 5658 1774 5728">
     <span class='ocr_line' id='line_1_87' title="bbox 182 5658 1774 5728; baseline 0.011 -18"><span class='ocrx_word' id='word_1_580' title='bbox 182 5658 251 5712; x_wconf 82' lang='lat' dir='ltr'><strong>nii</strong></span> <span class='ocrx_word' id='word_1_581' title='bbox 279 5676 379 5728; x_wconf 88' lang='lat' dir='ltr'><strong>per</strong></span> <span class='ocrx_word' id='word_1_582' title='bbox 405 5665 793 5719; x_wconf 87' lang='lat' dir='ltr'><strong>verecundiam</strong></span> <span class='ocrx_word' id='word_1_583' title='bbox 824 5682 928 5720; x_wconf 91' lang='lat' dir='ltr'><strong>non</strong></span> <span class='ocrx_word' id='word_1_584' title='bbox 959 5667 1151 5720; x_wconf 87' lang='lat' dir='ltr'><strong>ferunt.</strong></span> <span class='ocrx_word' id='word_1_585' title='bbox 1184 5668 1367 5722; x_wconf 78' lang='lat' dir='ltr'><strong>Restat</strong></span> <span class='ocrx_word' id='word_1_586' title='bbox 1410 5682 1464 5723; x_wconf 93' lang='lat' dir='ltr'><strong>ut</strong></span> <span class='ocrx_word' id='word_1_587' title='bbox 1495 5672 1588 5724; x_wconf 89' lang='lat' dir='ltr'><strong>tibi</strong></span> <span class='ocrx_word' id='word_1_588' title='bbox 1633 5673 1774 5726; x_wconf 90' lang='lat' dir='ltr'><strong>redi-</strong></span> 
     </span>
    </p>
   </div>
   <div class='ocr_carea' id='block_1_87' title="bbox 181 5754 1772 5833">
    <p class='ocr_par' dir='ltr' id='par_1_87' title="bbox 181 5754 1772 5833">
     <span class='ocr_line' id='line_1_88' title="bbox 181 5754 1772 5833; baseline 0.009 -33"><span class='ocrx_word' id='word_1_589' title='bbox 181 5754 286 5805; x_wconf 90' lang='lat' dir='ltr'><strong>ttim</strong></span> <span class='ocrx_word' id='word_1_590' title='bbox 327 5769 524 5808; x_wconf 88' lang='lat' dir='ltr'><strong>meum</strong></span> <span class='ocrx_word' id='word_1_591' title='bbox 563 5756 662 5810; x_wconf 87' lang='lat' dir='ltr'><strong>sub</strong></span> <span class='ocrx_word' id='word_1_592' title='bbox 708 5757 1130 5825; x_wconf 65' lang='lat' dir='ltr'><strong>quadam-curia:</strong></span> <span class='ocrx_word' id='word_1_593' title='bbox 1157 5759 1470 5816; x_wconf 85' lang='lat' dir='ltr'><strong>invitatione</strong></span> <span class='ocrx_word' id='word_1_594' title='bbox 1501 5765 1772 5833; x_wconf 87' lang='lat' dir='ltr'><strong>poscenti,</strong></span> 
     </span>
    </p>
   </div>
   <div class='ocr_carea' id='block_1_88' title="bbox 180 5845 1767 5912">
    <p class='ocr_par' dir='ltr' id='par_1_88' title="bbox 180 5845 1767 5912">
     <span class='ocr_line' id='line_1_89' title="bbox 180 5845 1767 5912; baseline 0.009 -14"><span class='ocrx_word' id='word_1_595' title='bbox 180 5849 341 5898; x_wconf 68' lang='lat' dir='ltr'><strong>pauca</strong></span> <span class='ocrx_word' id='word_1_596' title='bbox 364 5845 755 5906; x_wconf 81' lang='lat' dir='ltr'><strong>respondeam.</strong></span> <span class='ocrx_word' id='word_1_597' title='bbox 782 5847 858 5902; x_wconf 88' lang='lat' dir='ltr'><strong>Ad</strong></span> <span class='ocrx_word' id='word_1_598' title='bbox 884 5849 1001 5904; x_wconf 83' lang='lat' dir='ltr'><strong>idus</strong></span> <span class='ocrx_word' id='word_1_599' title='bbox 1018 5850 1339 5908; x_wconf 73' lang='lat' dir='ltr'><strong>Novembre:</strong></span> <span class='ocrx_word' id='word_1_600' title='bbox 1367 5854 1524 5908; x_wconf 84' lang='lat' dir='ltr'><strong>modo</strong></span> <span class='ocrx_word' id='word_1_601' title='bbox 1546 5864 1767 5912; x_wconf 86' lang='lat' dir='ltr'><strong>eventus</strong></span> 
     </span>
    </p>
   </div>
   <div class='ocr_carea' id='block_1_89' title="bbox 1868 3374 3445 3444">
    <p class='ocr_par' dir='ltr' id='par_1_89' title="bbox 1868 3374 3445 3444">
     <span class='ocr_line' id='line_1_90' title="bbox 1868 3374 3445 3444; baseline 0.001 -16"><span class='ocrx_word' id='word_1_602' title='bbox 1868 3375 1992 3428; x_wconf 86' lang='lat' dir='ltr'><strong>fovi.</strong></span> <span class='ocrx_word' id='word_1_603' title='bbox 2017 3374 2210 3429; x_wconf 85' lang='lat' dir='ltr'><strong>Facilis</strong></span> <span class='ocrx_word' id='word_1_604' title='bbox 2233 3374 2391 3443; x_wconf 85' lang='lat' dir='ltr'><strong>igitur</strong></span> <span class='ocrx_word' id='word_1_605' title='bbox 2414 3375 2686 3429; x_wconf 72' lang='lat' dir='ltr'><strong>litteraria:</strong></span> <span class='ocrx_word' id='word_1_606' title='bbox 2715 3374 3028 3429; x_wconf 86' lang='lat' dir='ltr'><strong>cessationis</strong></span> <span class='ocrx_word' id='word_1_607' title='bbox 3059 3375 3267 3444; x_wconf 91' lang='lat' dir='ltr'><strong>utrique</strong></span> <span class='ocrx_word' id='word_1_608' title='bbox 3295 3391 3393 3428; x_wconf 78' lang='lat' dir='ltr'><strong>vt-n</strong></span> <span class='ocrx_word' id='word_1_609' title='bbox 3416 3391 3445 3430; x_wconf 89' lang='lat' dir='ltr'><strong>a</strong></span> 
     </span>
    </p>
   </div>
   <div class='ocr_carea' id='block_1_90' title="bbox 1869 3465 3446 3534">
    <p class='ocr_par' dir='ltr' id='par_1_90' title="bbox 1869 3465 3446 3534">
     <span class='ocr_line' id='line_1_91' title="bbox 1869 3465 3446 3534; baseline 0.002 -16"><span class='ocrx_word' id='word_1_610' title='bbox 1869 3465 1957 3519; x_wconf 90' lang='lat' dir='ltr'><strong>sit.</strong></span> <span class='ocrx_word' id='word_1_611' title='bbox 1982 3466 2152 3519; x_wconf 87' lang='lat' dir='ltr'><strong>Ambo</strong></span> <span class='ocrx_word' id='word_1_612' title='bbox 2171 3467 2324 3518; x_wconf 89' lang='lat' dir='ltr'><strong>nobis</strong></span> <span class='ocrx_word' id='word_1_613' title='bbox 2355 3465 2581 3520; x_wconf 88' lang='lat' dir='ltr'><strong>invicem</strong></span> <span class='ocrx_word' id='word_1_614' title='bbox 2613 3467 2964 3530; x_wconf 86' lang='lat' dir='ltr'><strong>remittamus,</strong></span> <span class='ocrx_word' id='word_1_615' title='bbox 2997 3468 3134 3534; x_wconf 89' lang='lat' dir='ltr'><strong>quod</strong></span> <span class='ocrx_word' id='word_1_616' title='bbox 3165 3466 3323 3520; x_wconf 88' lang='lat' dir='ltr'><strong>ambo</strong></span> <span class='ocrx_word' id='word_1_617' title='bbox 3353 3466 3446 3521; x_wconf 80' lang='lat' dir='ltr'><strong>de-</strong></span> 
     </span>
    </p>
   </div>
   <div class='ocr_carea' id='block_1_91' title="bbox 1870 3550 3442 3619">
    <p class='ocr_par' dir='ltr' id='par_1_91' title="bbox 1870 3550 3442 3619">
     <span class='ocr_line' id='line_1_92' title="bbox 1870 3550 3442 3619; baseline 0 -14"><span class='ocrx_word' id='word_1_618' title='bbox 1870 3551 2139 3619; x_wconf 85' lang='lat' dir='ltr'><strong>liquimus.</strong></span> <span class='ocrx_word' id='word_1_619' title='bbox 2164 3550 2267 3606; x_wconf 87' lang='lat' dir='ltr'><strong>Sed</strong></span> <span class='ocrx_word' id='word_1_620' title='bbox 2293 3551 2417 3619; x_wconf 71' lang='grc' dir='ltr'><strong>..ιιίά</strong></span> <span class='ocrx_word' id='word_1_621' title='bbox 2448 3551 2575 3605; x_wconf 89' lang='lat' dir='ltr'><strong>mihi</strong></span> <span class='ocrx_word' id='word_1_622' title='bbox 2611 3553 2911 3605; x_wconf 88' lang='lat' dir='ltr'><strong>insusurras</strong></span> <span class='ocrx_word' id='word_1_623' title='bbox 2950 3552 3212 3604; x_wconf 74' lang='lat' dir='ltr'><strong>Africana:</strong></span> <span class='ocrx_word' id='word_1_624' title='bbox 3254 3560 3442 3606; x_wconf 68' lang='lat' dir='ltr'><strong>tenues</strong></span> 
     </span>
    </p>
   </div>
   <div class='ocr_carea' id='block_1_92' title="bbox 1871 3643 3448 3712">
    <p class='ocr_par' dir='ltr' id='par_1_92' title="bbox 1871 3643 3448 3712">
     <span class='ocr_line' id='line_1_93' title="bbox 1871 3643 3448 3712; baseline 0 -16"><span class='ocrx_word' id='word_1_625' title='bbox 1871 3645 2242 3696; x_wconf 72' lang='lat' dir='ltr'><strong>commeatus?</strong></span> <span class='ocrx_word' id='word_1_626' title='bbox 2272 3643 2424 3697; x_wconf 80' lang='lat' dir='ltr'><strong>Absit</strong></span> <span class='ocrx_word' id='word_1_627' title='bbox 2454 3652 2510 3696; x_wconf 94' lang='lat' dir='ltr'><strong>ut</strong></span> <span class='ocrx_word' id='word_1_628' title='bbox 2546 3657 2781 3712; x_wconf 72' lang='lat' dir='ltr'><strong>praesens</strong></span> <span class='ocrx_word' id='word_1_629' title='bbox 2811 3657 2981 3698; x_wconf 89' lang='lat' dir='ltr'><strong>annus</strong></span> <span class='ocrx_word' id='word_1_630' title='bbox 3011 3644 3246 3697; x_wconf 90' lang='lat' dir='ltr'><strong>imitetur</strong></span> <span class='ocrx_word' id='word_1_631' title='bbox 3276 3643 3448 3709; x_wconf 55' lang='lat' dir='ltr'><strong>furtu:</strong></span> 
     </span>
    </p>
   </div>
   <div class='ocr_carea' id='block_1_93' title="bbox 1874 3733 3448 3804">
    <p class='ocr_par' dir='ltr' id='par_1_93' title="bbox 1874 3733 3448 3804">
     <span class='ocr_line' id='line_1_94' title="bbox 1874 3733 3448 3804; baseline 0.004 -18"><span class='ocrx_word' id='word_1_632' title='bbox 1874 3749 1996 3786; x_wconf 88' lang='lat' dir='ltr'><strong>nam</strong></span> <span class='ocrx_word' id='word_1_633' title='bbox 2024 3733 2379 3803; x_wconf 82' lang='lat' dir='ltr'><strong>superiorum.</strong></span> <span class='ocrx_word' id='word_1_634' title='bbox 2415 3733 2738 3789; x_wconf 69' lang='lat' dir='ltr'><strong>interc-ludet</strong></span> <span class='ocrx_word' id='word_1_635' title='bbox 2761 3775 2776 3802; x_wconf 90' lang='lat'><strong>,</strong></span> <span class='ocrx_word' id='word_1_636' title='bbox 2821 3743 2878 3790; x_wconf 92' lang='lat' dir='ltr'><strong>ut</strong></span> <span class='ocrx_word' id='word_1_637' title='bbox 2903 3750 3086 3804; x_wconf 85' lang='lat' dir='ltr'><strong>spero,</strong></span> <span class='ocrx_word' id='word_1_638' title='bbox 3121 3736 3448 3804; x_wconf 85' lang='lat' dir='ltr'><strong>providentia</strong></span> 
     </span>
    </p>
   </div>
   <div class='ocr_carea' id='block_1_94' title="bbox 1877 3825 3448 3891">
    <p class='ocr_par' dir='ltr' id='par_1_94' title="bbox 1877 3825 3448 3891">
     <span class='ocr_line' id='line_1_95' title="bbox 1877 3825 3448 3891; baseline 0 -13"><span class='ocrx_word' id='word_1_639' title='bbox 1877 3825 2058 3878; x_wconf 78' lang='lat' dir='ltr'><strong>tristes</strong></span> <span class='ocrx_word' id='word_1_640' title='bbox 2093 3839 2309 3878; x_wconf 89' lang='lat' dir='ltr'><strong>casuum</strong></span> <span class='ocrx_word' id='word_1_641' title='bbox 2343 3825 2477 3891; x_wconf 81' lang='lat' dir='ltr'><strong>vias,</strong></span> <span class='ocrx_word' id='word_1_642' title='bbox 2503 3825 2669 3879; x_wconf 89' lang='lat' dir='ltr'><strong>sacris</strong></span> <span class='ocrx_word' id='word_1_643' title='bbox 2698 3826 2912 3880; x_wconf 89' lang='lat' dir='ltr'><strong>auribus</strong></span> <span class='ocrx_word' id='word_1_644' title='bbox 2942 3827 3250 3891; x_wconf 85' lang='lat' dir='ltr'><strong>edocendis,</strong></span> <span class='ocrx_word' id='word_1_645' title='bbox 3279 3839 3332 3882; x_wconf 89' lang='lat' dir='ltr'><strong>et</strong></span> <span class='ocrx_word' id='word_1_646' title='bbox 3360 3843 3448 3881; x_wconf 86' lang='lat' dir='ltr'><strong>ea-</strong></span> 
     </span>
    </p>
   </div>
   <div class='ocr_carea' id='block_1_95' title="bbox 1875 3917 3523 3987">
    <p class='ocr_par' dir='ltr' id='par_1_95' title="bbox 1875 3917 3523 3987">
     <span class='ocr_line' id='line_1_96' title="bbox 1875 3917 3523 3987; baseline 0.001 -16"><span class='ocrx_word' id='word_1_647' title='bbox 1875 3917 2157 3986; x_wconf 81' lang='lat' dir='ltr'><strong>5tigatione</strong></span> <span class='ocrx_word' id='word_1_648' title='bbox 2177 3919 2437 3984; x_wconf 90' lang='lat' dir='ltr'><strong>judieum,</strong></span> <span class='ocrx_word' id='word_1_649' title='bbox 2462 3934 2592 3987; x_wconf 86' lang='lat' dir='ltr'><strong>quos</strong></span> <span class='ocrx_word' id='word_1_650' title='bbox 2610 3919 2936 3973; x_wconf 79' lang='lat' dir='ltr'><strong>alimentaria</strong></span> <span class='ocrx_word' id='word_1_651' title='bbox 2966 3930 3169 3987; x_wconf 87' lang='lat' dir='ltr'><strong>spectat</strong></span> <span class='ocrx_word' id='word_1_652' title='bbox 3200 3921 3446 3975; x_wconf 86' lang='lat' dir='ltr'><strong>invectio.</strong></span> <span class='ocrx_word' id='word_1_653' title='bbox 3516 3961 3523 3972; x_wconf 82' lang='lat'><strong>.</strong></span> 
     </span>
    </p>
   </div>
   <div class='ocr_carea' id='block_1_96' title="bbox 1877 4006 3450 4077">
    <p class='ocr_par' dir='ltr' id='par_1_96' title="bbox 1877 4006 3450 4077">
     <span class='ocr_line' id='line_1_97' title="bbox 1877 4006 3450 4077; baseline 0.001 -16"><span class='ocrx_word' id='word_1_654' title='bbox 1877 4006 1986 4061; x_wconf 79' lang='lat' dir='ltr'><strong>Nec</strong></span> <span class='ocrx_word' id='word_1_655' title='bbox 2013 4023 2163 4075; x_wconf 88' lang='lat' dir='ltr'><strong>spem</strong></span> <span class='ocrx_word' id='word_1_656' title='bbox 2204 4009 2318 4062; x_wconf 89' lang='lat' dir='ltr'><strong>dies</strong></span> <span class='ocrx_word' id='word_1_657' title='bbox 2339 4007 2586 4063; x_wconf 77' lang='lat' dir='ltr'><strong>obsuuit.</strong></span> <span class='ocrx_word' id='word_1_658' title='bbox 2617 4009 2747 4062; x_wconf 82' lang='lat' dir='ltr'><strong>Nam</strong></span> <span class='ocrx_word' id='word_1_659' title='bbox 2774 4024 2919 4064; x_wconf 84' lang='lat' dir='ltr'><strong>mare</strong></span> <span class='ocrx_word' id='word_1_660' title='bbox 2948 4010 3120 4064; x_wconf 76' lang='lat' dir='ltr'><strong>adhuc</strong></span> <span class='ocrx_word' id='word_1_661' title='bbox 3146 4011 3302 4077; x_wconf 90' lang='lat' dir='ltr'><strong>justis</strong></span> <span class='ocrx_word' id='word_1_662' title='bbox 3331 4025 3450 4063; x_wconf 89' lang='lat' dir='ltr'><strong>cur-</strong></span> 
     </span>
    </p>
   </div>
   <div class='ocr_carea' id='block_1_97' title="bbox 1879 4100 3450 4173">
    <p class='ocr_par' dir='ltr' id='par_1_97' title="bbox 1879 4100 3450 4173">
     <span class='ocr_line' id='line_1_98' title="bbox 1879 4100 3450 4173; baseline 0.001 -19"><span class='ocrx_word' id='word_1_663' title='bbox 1879 4100 2024 4155; x_wconf 87' lang='lat' dir='ltr'><strong>sibus</strong></span> <span class='ocrx_word' id='word_1_664' title='bbox 2042 4110 2210 4170; x_wconf 76' lang='lat' dir='ltr'><strong>patet,</strong></span> <span class='ocrx_word' id='word_1_665' title='bbox 2232 4113 2287 4155; x_wconf 91' lang='lat' dir='ltr'><strong>et</strong></span> <span class='ocrx_word' id='word_1_666' title='bbox 2317 4103 2548 4156; x_wconf 79' lang='lat' dir='ltr'><strong>nendum</strong></span> <span class='ocrx_word' id='word_1_667' title='bbox 2571 4105 2618 4155; x_wconf 93' lang='lat' dir='ltr'><strong>in</strong></span> <span class='ocrx_word' id='word_1_668' title='bbox 2652 4103 2895 4173; x_wconf 81' lang='lat' dir='ltr'><strong>Ityemcm</strong></span> <span class='ocrx_word' id='word_1_669' title='bbox 2923 4105 3213 4173; x_wconf 66' lang='lat' dir='ltr'><strong>principitat</strong></span> <span class='ocrx_word' id='word_1_670' title='bbox 3241 4114 3450 4157; x_wconf 83' lang='lat' dir='ltr'><strong>autom-</strong></span> 
     </span>
    </p>
   </div>
   <div class='ocr_carea' id='block_1_98' title="bbox 1881 4191 3450 4262">
    <p class='ocr_par' dir='ltr' id='par_1_98' title="bbox 1881 4191 3450 4262">
     <span class='ocr_line' id='line_1_99' title="bbox 1881 4191 3450 4262; baseline 0.003 -18"><span class='ocrx_word' id='word_1_671' title='bbox 1881 4204 2004 4244; x_wconf 92' lang='lat' dir='ltr'><strong>nus.</strong></span> <span class='ocrx_word' id='word_1_672' title='bbox 2039 4191 2214 4244; x_wconf 79' lang='lat' dir='ltr'><strong>Placet</strong></span> <span class='ocrx_word' id='word_1_673' title='bbox 2237 4201 2410 4246; x_wconf 89' lang='lat' dir='ltr'><strong>tamen</strong></span> <span class='ocrx_word' id='word_1_674' title='bbox 2449 4193 2583 4245; x_wconf 88' lang='lat' dir='ltr'><strong>inter</strong></span> <span class='ocrx_word' id='word_1_675' title='bbox 2613 4192 2726 4246; x_wconf 63' lang='lat' dir='ltr'><strong>hinc</strong></span> <span class='ocrx_word' id='word_1_676' title='bbox 2749 4233 2763 4257; x_wconf 92' lang='lat'><strong>,</strong></span> <span class='ocrx_word' id='word_1_677' title='bbox 2791 4193 2930 4261; x_wconf 88' lang='lat' dir='ltr'><strong>quod</strong></span> <span class='ocrx_word' id='word_1_678' title='bbox 2965 4197 3211 4247; x_wconf 75' lang='lat' dir='ltr'><strong>inzestuas</strong></span> <span class='ocrx_word' id='word_1_679' title='bbox 3237 4235 3250 4258; x_wconf 89' lang='lat'><strong>,</strong></span> <span class='ocrx_word' id='word_1_680' title='bbox 3283 4203 3336 4248; x_wconf 92' lang='lat' dir='ltr'><strong>et</strong></span> <span class='ocrx_word' id='word_1_681' title='bbox 3363 4194 3450 4262; x_wconf 90' lang='lat' dir='ltr'><strong>pio</strong></span> 
     </span>
    </p>
   </div>
   <div class='ocr_carea' id='block_1_99' title="bbox 1881 4281 3448 4338">
    <p class='ocr_par' dir='ltr' id='par_1_99' title="bbox 1881 4281 3448 4338">
     <span class='ocr_line' id='line_1_100' title="bbox 1881 4281 3448 4338; baseline 0.001 -2"><span class='ocrx_word' id='word_1_682' title='bbox 1881 4291 2025 4336; x_wconf 88' lang='lat' dir='ltr'><strong>metu</strong></span> <span class='ocrx_word' id='word_1_683' title='bbox 2056 4282 2346 4335; x_wconf 76' lang='lat' dir='ltr'><strong>antevettis</strong></span> <span class='ocrx_word' id='word_1_684' title='bbox 2373 4281 2766 4336; x_wconf 64' lang='lat' dir='ltr'><strong>necessizatem.</strong></span> <span class='ocrx_word' id='word_1_685' title='bbox 2793 4283 3241 4337; x_wconf 75' lang='lat' dir='ltr'><strong>fietuunerabitur</strong></span> <span class='ocrx_word' id='word_1_686' title='bbox 3268 4301 3448 4338; x_wconf 81' lang='lat' dir='ltr'><strong>curaui</strong></span> 
     </span>
    </p>
   </div>
   <div class='ocr_carea' id='block_1_100' title="bbox 1880 4375 3447 4441">
    <p class='ocr_par' dir='ltr' id='par_1_100' title="bbox 1880 4375 3447 4441">
     <span class='ocr_line' id='line_1_101' title="bbox 1880 4375 3447 4441; baseline 0.001 -11"><span class='ocrx_word' id='word_1_687' title='bbox 1880 4377 2070 4430; x_wconf 87' lang='lat' dir='ltr'><strong>melior</strong></span> <span class='ocrx_word' id='word_1_688' title='bbox 2097 4385 2347 4441; x_wconf 84' lang='lat' dir='ltr'><strong>eventus,</strong></span> <span class='ocrx_word' id='word_1_689' title='bbox 2378 4384 2430 4429; x_wconf 78' lang='lat' dir='ltr'><strong>et</strong></span> <span class='ocrx_word' id='word_1_690' title='bbox 2459 4375 2629 4429; x_wconf 79' lang='lat' dir='ltr'><strong>laudis</strong></span> <span class='ocrx_word' id='word_1_691' title='bbox 2660 4385 2764 4428; x_wconf 76' lang='lat' dir='ltr'><strong>tune</strong></span> <span class='ocrx_word' id='word_1_692' title='bbox 2797 4377 2998 4430; x_wconf 91' lang='lat' dir='ltr'><strong>fruetus</strong></span> <span class='ocrx_word' id='word_1_693' title='bbox 3031 4376 3229 4432; x_wconf 76' lang='lat' dir='ltr'><strong>efficiet</strong></span> <span class='ocrx_word' id='word_1_694' title='bbox 3269 4393 3319 4432; x_wconf 84' lang='lat' dir='ltr'><strong>nt</strong></span> <span class='ocrx_word' id='word_1_695' title='bbox 3355 4378 3447 4432; x_wconf 88' lang='lat' dir='ltr'><strong>tibi</strong></span> 
     </span>
    </p>
   </div>
   <div class='ocr_carea' id='block_1_101' title="bbox 1879 4465 2813 4535">
    <p class='ocr_par' dir='ltr' id='par_1_101' title="bbox 1879 4465 2813 4535">
     <span class='ocr_line' id='line_1_102' title="bbox 1879 4465 2813 4535; baseline -0.003 -13"><span class='ocrx_word' id='word_1_696' title='bbox 1879 4467 1949 4522; x_wconf 89' lang='lat' dir='ltr'><strong>sit</strong></span> <span class='ocrx_word' id='word_1_697' title='bbox 1975 4465 2128 4521; x_wconf 88' lang='lat' dir='ltr'><strong>dulce</strong></span> <span class='ocrx_word' id='word_1_698' title='bbox 2159 4475 2336 4535; x_wconf 86' lang='lat' dir='ltr'><strong>postea</strong></span> <span class='ocrx_word' id='word_1_699' title='bbox 2355 4466 2631 4520; x_wconf 84' lang='lat' dir='ltr'><strong>timuisse.</strong></span> <span class='ocrx_word' id='word_1_700' title='bbox 2662 4465 2813 4535; x_wconf 82' lang='lat' dir='ltr'><strong>Vale.</strong></span> 
     </span>
    </p>
   </div>
   <div class='ocr_carea' id='block_1_102' title="bbox 2485 4578 2852 4634">
    <p class='ocr_par' dir='ltr' id='par_1_102' title="bbox 2485 4578 2852 4634">
     <span class='ocr_line' id='line_1_103' title="bbox 2485 4578 2852 4634; baseline 0 -2"><span class='ocrx_word' id='word_1_701' title='bbox 2485 4578 2700 4634; x_wconf 76' lang='lat' dir='ltr'><strong>El‘lST.</strong></span> <span class='ocrx_word' id='word_1_702' title='bbox 2744 4579 2852 4633; x_wconf 88' lang='lat' dir='ltr'><strong>LV.</strong></span> 
     </span>
    </p>
   </div>
   <div class='ocr_carea' id='block_1_103' title="bbox 2289 4669 3015 4728">
    <p class='ocr_par' dir='ltr' id='par_1_103' title="bbox 2289 4669 3015 4728">
     <span class='ocr_line' id='line_1_104' title="bbox 2289 4669 3015 4728; baseline 0.007 -6"><span class='ocrx_word' id='word_1_703' title='bbox 2289 4669 2293 4673; x_wconf 78' lang='grc'><em>’</em></span> <span class='ocrx_word' id='word_1_704' title='bbox 2323 4684 2628 4724; x_wconf 67' lang='lat' dir='ltr'><strong>svuuaenus</strong></span> <span class='ocrx_word' id='word_1_705' title='bbox 2667 4687 3015 4728; x_wconf 64' lang='lat' dir='ltr'><strong>nonanno.</strong></span> 
     </span>
    </p>
   </div>
   <div class='ocr_carea' id='block_1_104' title="bbox 1951 4758 3447 4833">
    <p class='ocr_par' dir='ltr' id='par_1_104' title="bbox 1951 4758 3447 4833">
     <span class='ocr_line' id='line_1_105' title="bbox 1951 4758 3447 4833; baseline 0.005 -20"><span class='ocrx_word' id='word_1_706' title='bbox 1951 4758 2154 4813; x_wconf 82' lang='lat' dir='ltr'><strong>Dictam</strong></span> <span class='ocrx_word' id='word_1_707' title='bbox 2196 4759 2325 4813; x_wconf 89' lang='lat' dir='ltr'><strong>mihi</strong></span> <span class='ocrx_word' id='word_1_708' title='bbox 2361 4776 2389 4812; x_wconf 91' lang='lat' dir='ltr'><strong>a</strong></span> <span class='ocrx_word' id='word_1_709' title='bbox 2423 4769 2473 4813; x_wconf 82' lang='lat' dir='ltr'><strong>te</strong></span> <span class='ocrx_word' id='word_1_710' title='bbox 2504 4762 2728 4815; x_wconf 85' lang='lat' dir='ltr'><strong>salutem</strong></span> <span class='ocrx_word' id='word_1_711' title='bbox 2768 4764 2877 4830; x_wconf 82' lang='lat' dir='ltr'><strong>pari</strong></span> <span class='ocrx_word' id='word_1_712' title='bbox 2912 4763 3113 4818; x_wconf 83' lang='lat' dir='ltr'><strong>honore</strong></span> <span class='ocrx_word' id='word_1_713' title='bbox 3140 4779 3447 4833; x_wconf 82' lang='lat' dir='ltr'><strong>compcnso.</strong></span> 
     </span>
    </p>
   </div>
   <div class='ocr_carea' id='block_1_105' title="bbox 1881 4851 3451 4924">
    <p class='ocr_par' dir='ltr' id='par_1_105' title="bbox 1881 4851 3451 4924">
     <span class='ocr_line' id='line_1_106' title="bbox 1881 4851 3451 4924; baseline 0.002 -18"><span class='ocrx_word' id='word_1_714' title='bbox 1881 4851 2086 4907; x_wconf 89' lang='lat' dir='ltr'><strong>Vellem</strong></span> <span class='ocrx_word' id='word_1_715' title='bbox 2131 4853 2340 4921; x_wconf 82' lang='lat' dir='ltr'><strong>utrique</strong></span> <span class='ocrx_word' id='word_1_716' title='bbox 2383 4861 2618 4906; x_wconf 89' lang='lat' dir='ltr'><strong>nostrum</strong></span> <span class='ocrx_word' id='word_1_717' title='bbox 2658 4868 2799 4919; x_wconf 64' lang='lat' dir='ltr'><strong>saepe</strong></span> <span class='ocrx_word' id='word_1_718' title='bbox 2846 4854 3138 4908; x_wconf 89' lang='lat' dir='ltr'><strong>alternandi</strong></span> <span class='ocrx_word' id='word_1_719' title='bbox 3169 4856 3293 4924; x_wconf 89' lang='lat' dir='ltr'><strong>styli</strong></span> <span class='ocrx_word' id='word_1_720' title='bbox 3326 4871 3451 4909; x_wconf 88' lang='lat' dir='ltr'><strong>usus</strong></span> 
     </span>
    </p>
   </div>
   <div class='ocr_carea' id='block_1_106' title="bbox 1879 4943 3452 5012">
    <p class='ocr_par' dir='ltr' id='par_1_106' title="bbox 1879 4943 3452 5012">
     <span class='ocr_line' id='line_1_107' title="bbox 1879 4943 3452 5012; baseline 0.002 -15"><span class='ocrx_word' id='word_1_721' title='bbox 1879 4945 2106 4997; x_wconf 86' lang='lat' dir='ltr'><strong>veniret.</strong></span> <span class='ocrx_word' id='word_1_722' title='bbox 2152 4943 2258 4998; x_wconf 91' lang='lat' dir='ltr'><strong>Sed</strong></span> <span class='ocrx_word' id='word_1_723' title='bbox 2297 4945 2417 5010; x_wconf 88' lang='lat' dir='ltr'><strong>quia</strong></span> <span class='ocrx_word' id='word_1_724' title='bbox 2457 4943 2555 4998; x_wconf 85' lang='lat' dir='ltr'><strong>hoc</strong></span> <span class='ocrx_word' id='word_1_725' title='bbox 2589 4945 2762 5012; x_wconf 71' lang='lat' dir='ltr'><strong>longin</strong></span> <span class='ocrx_word' id='word_1_726' title='bbox 2788 4960 2868 5008; x_wconf 56' lang='lat' dir='ltr'><strong>gua</strong></span> <span class='ocrx_word' id='word_1_727' title='bbox 2907 4961 3007 4998; x_wconf 76' lang='lat' dir='ltr'><strong>non</strong></span> <span class='ocrx_word' id='word_1_728' title='bbox 3052 4945 3232 4998; x_wconf 90' lang='lat' dir='ltr'><strong>sinunt</strong></span> <span class='ocrx_word' id='word_1_729' title='bbox 3260 4946 3452 5000; x_wconf 86' lang='lat' dir='ltr'><strong>cadere</strong></span> 
     </span>
    </p>
   </div>
   <div class='ocr_carea' id='block_1_107' title="bbox 1880 5035 3450 5108">
    <p class='ocr_par' dir='ltr' id='par_1_107' title="bbox 1880 5035 3450 5108">
     <span class='ocr_line' id='line_1_108' title="bbox 1880 5035 3450 5108; baseline 0.002 -22"><span class='ocrx_word' id='word_1_730' title='bbox 1880 5051 1978 5104; x_wconf 87' lang='lat' dir='ltr'><strong>pro</strong></span> <span class='ocrx_word' id='word_1_731' title='bbox 2012 5045 2134 5089; x_wconf 84' lang='lat' dir='ltr'><strong>voto</strong></span> <span class='ocrx_word' id='word_1_732' title='bbox 2155 5036 2454 5108; x_wconf 83' lang='lat' dir='ltr'><strong>communi,</strong></span> <span class='ocrx_word' id='word_1_733' title='bbox 2495 5036 2757 5103; x_wconf 73' lang='lat' dir='ltr'><strong>patientia:</strong></span> <span class='ocrx_word' id='word_1_734' title='bbox 2781 5037 2916 5089; x_wconf 85' lang='lat' dir='ltr'><strong>ratio</strong></span> <span class='ocrx_word' id='word_1_735' title='bbox 2941 5035 3248 5089; x_wconf 86' lang='lat' dir='ltr'><strong>satisfaciat.</strong></span> <span class='ocrx_word' id='word_1_736' title='bbox 3283 5037 3450 5090; x_wconf 87' lang='lat' dir='ltr'><strong>Debet</strong></span> 
     </span>
    </p>
   </div>
   <div class='ocr_carea' id='block_1_108' title="bbox 1878 5124 3450 5194">
    <p class='ocr_par' dir='ltr' id='par_1_108' title="bbox 1878 5124 3450 5194">
     <span class='ocr_line' id='line_1_109' title="bbox 1878 5124 3450 5194; baseline -0.001 -14"><span class='ocrx_word' id='word_1_737' title='bbox 1878 5136 2024 5180; x_wconf 85' lang='lat' dir='ltr'><strong>certe</strong></span> <span class='ocrx_word' id='word_1_738' title='bbox 2044 5135 2282 5194; x_wconf 88' lang='lat' dir='ltr'><strong>prompta</strong></span> <span class='ocrx_word' id='word_1_739' title='bbox 2307 5140 2426 5178; x_wconf 89' lang='lat' dir='ltr'><strong>esse</strong></span> <span class='ocrx_word' id='word_1_740' title='bbox 2449 5124 2586 5178; x_wconf 91' lang='lat' dir='ltr'><strong>inter</strong></span> <span class='ocrx_word' id='word_1_741' title='bbox 2604 5140 2700 5179; x_wconf 85' lang='lat' dir='ltr'><strong>nos</strong></span> <span class='ocrx_word' id='word_1_742' title='bbox 2724 5141 2884 5177; x_wconf 83' lang='lat' dir='ltr'><strong>morae</strong></span> <span class='ocrx_word' id='word_1_743' title='bbox 2917 5133 3111 5179; x_wconf 74' lang='lat' dir='ltr'><strong>mutuae</strong></span> <span class='ocrx_word' id='word_1_744' title='bbox 3134 5127 3251 5178; x_wconf 87' lang='lat' dir='ltr'><strong>veni</strong></span> <span class='ocrx_word' id='word_1_745' title='bbox 3273 5145 3303 5176; x_wconf 81' lang='grc' dir='ltr'><strong>ι.</strong></span> <span class='ocrx_word' id='word_1_746' title='bbox 3336 5124 3450 5178; x_wconf 80' lang='lat' dir='ltr'><strong>Non</strong></span> 
     </span>
    </p>
   </div>
   <div class='ocr_carea' id='block_1_109' title="bbox 1879 5215 3449 5286">
    <p class='ocr_par' dir='ltr' id='par_1_109' title="bbox 1879 5215 3449 5286">
     <span class='ocr_line' id='line_1_110' title="bbox 1879 5215 3449 5286; baseline -0.002 -15"><span class='ocrx_word' id='word_1_747' title='bbox 1879 5217 2065 5271; x_wconf 86' lang='lat' dir='ltr'><strong>eadem</strong></span> <span class='ocrx_word' id='word_1_748' title='bbox 2106 5216 2355 5270; x_wconf 61' lang='lat' dir='ltr'><strong>facilitate</strong></span> <span class='ocrx_word' id='word_1_749' title='bbox 2385 5217 2663 5286; x_wconf 74' lang='lat' dir='ltr'><strong>purgabis;</strong></span> <span class='ocrx_word' id='word_1_750' title='bbox 2711 5215 2850 5284; x_wconf 89' lang='lat' dir='ltr'><strong>quod</strong></span> <span class='ocrx_word' id='word_1_751' title='bbox 2886 5215 2976 5269; x_wconf 90' lang='lat' dir='ltr'><strong>lilii</strong></span> <span class='ocrx_word' id='word_1_752' title='bbox 3010 5215 3176 5268; x_wconf 73' lang='grc' dir='ltr'><strong>ηιιδιτί</strong></span> <span class='ocrx_word' id='word_1_753' title='bbox 3215 5215 3449 5268; x_wconf 65' lang='grc' dir='ltr'><strong>ΜίιιυΓνῘῘ</strong></span> 
     </span>
    </p>
   </div>
   <div class='ocr_carea' id='block_1_110' title="bbox 1881 5305 3449 5374">
    <p class='ocr_par' dir='ltr' id='par_1_110' title="bbox 1881 5305 3449 5374">
     <span class='ocr_line' id='line_1_111' title="bbox 1881 5305 3449 5374; baseline 0.001 -14"><span class='ocrx_word' id='word_1_754' title='bbox 1881 5307 2090 5374; x_wconf 87' lang='lat' dir='ltr'><strong>nuptias</strong></span> <span class='ocrx_word' id='word_1_755' title='bbox 2156 5309 2380 5360; x_wconf 89' lang='lat' dir='ltr'><strong>aliorum</strong></span> <span class='ocrx_word' id='word_1_756' title='bbox 2433 5308 2606 5374; x_wconf 84' lang='lat' dir='ltr'><strong>potius</strong></span> <span class='ocrx_word' id='word_1_757' title='bbox 2667 5308 2835 5360; x_wconf 85' lang='lat' dir='ltr'><strong>relatu</strong></span> <span class='ocrx_word' id='word_1_758' title='bbox 2893 5321 3049 5372; x_wconf 90' lang='lat' dir='ltr'><strong>quam</strong></span> <span class='ocrx_word' id='word_1_759' title='bbox 3106 5305 3298 5358; x_wconf 87' lang='lat' dir='ltr'><strong>litteris</strong></span> <span class='ocrx_word' id='word_1_760' title='bbox 3348 5308 3449 5362; x_wconf 89' lang='lat' dir='ltr'><strong>tuis</strong></span> 
     </span>
    </p>
   </div>
   <div class='ocr_carea' id='block_1_111' title="bbox 1879 5395 3448 5464">
    <p class='ocr_par' dir='ltr' id='par_1_111' title="bbox 1879 5395 3448 5464">
     <span class='ocr_line' id='line_1_112' title="bbox 1879 5395 3448 5464; baseline 0.001 -14"><span class='ocrx_word' id='word_1_761' title='bbox 1879 5397 2136 5464; x_wconf 63' lang='lat' dir='ltr'><strong>comperi.</strong></span> <span class='ocrx_word' id='word_1_762' title='bbox 2172 5400 2249 5450; x_wconf 80' lang='lat' dir='ltr'><strong>An</strong></span> <span class='ocrx_word' id='word_1_763' title='bbox 2273 5398 2473 5448; x_wconf 81' lang='lat' dir='ltr'><strong>veritus</strong></span> <span class='ocrx_word' id='word_1_764' title='bbox 2501 5412 2558 5450; x_wconf 69' lang='lat' dir='ltr'><strong>es</strong></span> <span class='ocrx_word' id='word_1_765' title='bbox 2583 5412 2647 5449; x_wconf 90' lang='lat' dir='ltr'><strong>ne</strong></span> <span class='ocrx_word' id='word_1_766' title='bbox 2673 5412 2699 5447; x_wconf 92' lang='lat' dir='ltr'><strong>a</strong></span> <span class='ocrx_word' id='word_1_767' title='bbox 2733 5405 2782 5449; x_wconf 89' lang='lat' dir='ltr'><strong>te</strong></span> <span class='ocrx_word' id='word_1_768' title='bbox 2814 5395 3072 5447; x_wconf 77' lang='lat' dir='ltr'><strong>nutnismrt</strong></span> <span class='ocrx_word' id='word_1_769' title='bbox 3107 5411 3234 5448; x_wconf 90' lang='lat' dir='ltr'><strong>auro</strong></span> <span class='ocrx_word' id='word_1_770' title='bbox 3263 5411 3448 5452; x_wconf 85' lang='lat' dir='ltr'><strong>eustnn</strong></span> 
     </span>
    </p>
   </div>
   <div class='ocr_carea' id='block_1_112' title="bbox 1881 5484 3454 5553">
    <p class='ocr_par' dir='ltr' id='par_1_112' title="bbox 1881 5484 3454 5553">
     <span class='ocr_line' id='line_1_113' title="bbox 1881 5484 3454 5553; baseline 0.001 -13"><span class='ocrx_word' id='word_1_771' title='bbox 1881 5487 2279 5541; x_wconf 81' lang='lat' dir='ltr'><strong>desiderarem?</strong></span> <span class='ocrx_word' id='word_1_772' title='bbox 2311 5486 2487 5539; x_wconf 88' lang='lat' dir='ltr'><strong>Potuit</strong></span> <span class='ocrx_word' id='word_1_773' title='bbox 2526 5486 2786 5553; x_wconf 86' lang='lat' dir='ltr'><strong>jacturam</strong></span> <span class='ocrx_word' id='word_1_774' title='bbox 2819 5484 3070 5550; x_wconf 76' lang='lat' dir='ltr'><strong>Sportula:</strong></span> <span class='ocrx_word' id='word_1_775' title='bbox 3099 5494 3275 5541; x_wconf 90' lang='lat' dir='ltr'><strong>tacere</strong></span> <span class='ocrx_word' id='word_1_776' title='bbox 3303 5503 3454 5542; x_wconf 88' lang='lat' dir='ltr'><strong>vere-</strong></span> 
     </span>
    </p>
   </div>
   <div class='ocr_carea' id='block_1_113' title="bbox 1881 5576 3450 5649">
    <p class='ocr_par' dir='ltr' id='par_1_113' title="bbox 1881 5576 3450 5649">
     <span class='ocr_line' id='line_1_114' title="bbox 1881 5576 3450 5649; baseline 0.003 -17"><span class='ocrx_word' id='word_1_777' title='bbox 1881 5579 2069 5632; x_wconf 82' lang='lat' dir='ltr'><strong>cundia</strong></span> <span class='ocrx_word' id='word_1_778' title='bbox 2087 5594 2223 5632; x_wconf 89' lang='lat' dir='ltr'><strong>mea.</strong></span> <span class='ocrx_word' id='word_1_779' title='bbox 2249 5579 2592 5640; x_wconf 71' lang='lat' dir='ltr'><strong>Negationem</strong></span> <span class='ocrx_word' id='word_1_780' title='bbox 2607 5593 2638 5646; x_wconf 70' lang='grc' dir='ltr'>ς</span> <span class='ocrx_word' id='word_1_781' title='bbox 2660 5576 2781 5628; x_wconf 56' lang='lat' dir='ltr'><strong>ludii</strong></span> <span class='ocrx_word' id='word_1_782' title='bbox 2799 5592 2948 5628; x_wconf 89' lang='lat' dir='ltr'><strong>amor</strong></span> <span class='ocrx_word' id='word_1_783' title='bbox 2971 5579 3139 5632; x_wconf 90' lang='lat' dir='ltr'><strong>nescit</strong></span> <span class='ocrx_word' id='word_1_784' title='bbox 3157 5580 3450 5649; x_wconf 71' lang='lat' dir='ltr'><strong>igno~cere.</strong></span> 
     </span>
    </p>
   </div>
   <div class='ocr_carea' id='block_1_114' title="bbox 1885 5667 3451 5738">
    <p class='ocr_par' dir='ltr' id='par_1_114' title="bbox 1885 5667 3451 5738">
     <span class='ocr_line' id='line_1_115' title="bbox 1885 5667 3451 5738; baseline -0.001 -15"><span class='ocrx_word' id='word_1_785' title='bbox 1885 5669 2160 5735; x_wconf 84' lang='lat' dir='ltr'><strong>Ettamen,</strong></span> <span class='ocrx_word' id='word_1_786' title='bbox 2188 5679 2242 5721; x_wconf 92' lang='lat' dir='ltr'><strong>ut</strong></span> <span class='ocrx_word' id='word_1_787' title='bbox 2268 5686 2383 5723; x_wconf 77' lang='lat' dir='ltr'><strong>sum</strong></span> <span class='ocrx_word' id='word_1_788' title='bbox 2413 5667 2620 5738; x_wconf 89' lang='lat' dir='ltr'><strong>placido</strong></span> <span class='ocrx_word' id='word_1_789' title='bbox 2641 5671 2689 5719; x_wconf 92' lang='lat' dir='ltr'><strong>in</strong></span> <span class='ocrx_word' id='word_1_790' title='bbox 2721 5682 2868 5720; x_wconf 89' lang='lat' dir='ltr'><strong>meos</strong></span> <span class='ocrx_word' id='word_1_791' title='bbox 2884 5667 3085 5734; x_wconf 89' lang='lat' dir='ltr'><strong>animo,</strong></span> <span class='ocrx_word' id='word_1_792' title='bbox 3107 5674 3451 5738; x_wconf 76' lang='lat' dir='ltr'><strong>spondeottlti</strong></span> 
     </span>
    </p>
   </div>
   <div class='ocr_carea' id='block_1_115' title="bbox 1884 5758 3455 5831">
    <p class='ocr_par' dir='ltr' id='par_1_115' title="bbox 1884 5758 3455 5831">
     <span class='ocr_line' id='line_1_116' title="bbox 1884 5758 3455 5831; baseline -0.003 -13"><span class='ocrx_word' id='word_1_793' title='bbox 1884 5763 2254 5819; x_wconf 87' lang='lat' dir='ltr'><strong>remissionem</strong></span> <span class='ocrx_word' id='word_1_794' title='bbox 2273 5762 2426 5830; x_wconf 85' lang='lat' dir='ltr'><strong>lmjos</strong></span> <span class='ocrx_word' id='word_1_795' title='bbox 2445 5758 2770 5831; x_wconf 70' lang='lat' dir='ltr'><strong>offensionis,</strong></span> <span class='ocrx_word' id='word_1_796' title='bbox 2788 5774 2906 5813; x_wconf 90' lang='lat' dir='ltr'><strong>cum</strong></span> <span class='ocrx_word' id='word_1_797' title='bbox 2921 5759 2988 5815; x_wconf 85' lang='lat' dir='ltr'><strong>de.</strong></span> <span class='ocrx_word' id='word_1_798' title='bbox 3002 5774 3196 5831; x_wconf 87' lang='lat' dir='ltr'><strong>nepote</strong></span> <span class='ocrx_word' id='word_1_799' title='bbox 3206 5772 3455 5829; x_wconf 68' lang='lat' dir='ltr'><strong>suscepto</strong></span> 
     </span>
    </p>
   </div>
   <div class='ocr_carea' id='block_1_116' title="bbox 1887 5852 3345 5914">
    <p class='ocr_par' dir='ltr' id='par_1_116' title="bbox 1887 5852 3345 5914">
     <span class='ocr_line' id='line_1_117' title="bbox 1887 5852 3345 5914; baseline -0.003 -5"><span class='ocrx_word' id='word_1_800' title='bbox 1887 5855 2222 5911; x_wconf 64' lang='lat' dir='ltr'><strong>anteveneris</strong></span> <span class='ocrx_word' id='word_1_801' title='bbox 2248 5854 2446 5914; x_wconf 83' lang='lat' dir='ltr'><strong>scripto</strong></span> <span class='ocrx_word' id='word_1_802' title='bbox 2481 5853 2785 5905; x_wconf 86' lang='lat' dir='ltr'><strong>nuntiorum</strong></span> <span class='ocrx_word' id='word_1_803' title='bbox 2818 5852 3171 5907; x_wconf 86' lang='lat' dir='ltr'><strong>celeritatem.</strong></span> <span class='ocrx_word' id='word_1_804' title='bbox 3201 5854 3345 5912; x_wconf 73' lang='lat' dir='ltr'><strong>Vale.</strong></span> 
     </span>
    </p>
   </div>
  </div>
