3932 6452
1684 386 1748 451 Q.
1792 382 2132 439 sunmus
2170 354 2606 437 svuaActtus.
3634 379 3731 441 sto

1118 490 1332 547 EP.S'I‘.
1368 485 1506 547 LVI.
2114 491 2166 551 Α

592 612 831 681 enucrr
872 642 937 679 an
990 639 1377 679 reoasmmun.
1434 616 1622 678 iscirir
1677 638 1726 676 IN
1776 636 2021 677 οοιιιιυκις

627 710 915 750 Πιλτιιιιιυε
943 710 1192 749 IINERVIO
1217 734 1232 759 ,
1260 709 1516 748 ΡΒΟΤΑῺΙΟ
1544 710 1608 747 ET
1637 706 1985 747 FLORENTINO.

522 385 627 445 239

2784 484 2992 538 EPIST.
3039 482 3170 538 LIX.

2660 588 2964 628 εηιιλοιίυε
3003 589 3134 627 ιυιικ
3148 588 3286 627 Αιιθ.

2266 666 2392 721 Sum
2419 665 2629 734 quidem
2660 668 2922 720 sermonis
2952 668 3025 719 tui
3057 666 3249 719 nimius
3280 664 3560 734 flagitator.
3579 667 3729 723 Silen-

2195 757 2250 810 tii
2280 756 2557 811 intervalla
2588 772 2691 810 non
2722 772 2910 827 arguo,
2940 757 3033 812 sed
3067 759 3310 828 suspicor
3338 758 3531 828 aliquid
3571 762 3731 815 amici-

2194 850 2280 901 tia:
2312 857 2507 901 nostra:
2532 863 2596 903 ex
2626 848 2843 917 alloquii
2868 851 3087 903 raritate
3131 850 3428 915 decedere;
3474 852 3559 921 qui
3587 852 3728 907 sciam

2193 936 2246 991 in
2280 938 2582 1005 pectoribus
2609 939 2789 993 sedem
2812 954 2931 993 esse
2953 940 3254 1010 religionis,
3280 942 3518 998 levamen
3546 943 3731 998 deside-

2192 1030 2257 1083 rii
2285 1045 2349 1084 ex
2374 1045 2466 1085 ore
2498 1032 2786 1100 proficisci.
2816 1031 3028 1086 Pri-res
3051 1033 3209 1102 igitur
3232 1035 3423 1089 litterre
3445 1050 3575 1091 mea:
3589 1036 3731 1106 magis

2190 1120 2509 1175 desiderium
2538 1122 2803 1175 sermonis
2846 1124 2949 1187 tui,
2980 1139 3136 1192 quam
3181 1125 3580 1194 castigationem
3621 1127 3730 1180 taci-

2194 1210 2463 1263 turnitatis
2491 1210 2787 1265 habuerunt
2818 1228 2832 1264 :
2861 1221 2913 1264 et
2962 1213 3080 1267 ideo
3105 1214 3486 1268 elaborandum
3517 1215 3607 1269 tibi
3644 1229 3731 1267 non

2189 1311 2291 1365 est,
2320 1312 2377 1356 ut
2405 1302 2533 1355 milii
2563 1304 2760 1357 amoris
2782 1304 2855 1358 tui
2886 1304 3042 1358 fidem
3086 1306 3286 1360 facias:
3328 1322 3451 1360 nam
3484 1306 3556 1360 tui
3592 1306 3732 1359 animi

2189 1393 2256 1447 de
2277 1409 2397 1448 meo
2418 1410 2571 1448 sumo
2596 1395 2853 1465 judicium
2884 1413 2896 1449 :
2928 1397 3187 1466 siquidem
3217 1399 3395 1454 nullus
3417 1400 3590 1454 verior
3606 1400 3732 1453 aesti-

2188 1493 2362 1539 mator
2389 1494 2470 1538 est
2492 1486 2647 1539 alieni
2668 1487 2883 1552 amoris,
2908 1501 3066 1556 quam
3088 1488 3175 1557 qui
3203 1488 3270 1544 de
3296 1503 3397 1544 suo
3412 1489 3735 1546 sumitexem-

2188 1578 2352 1645 plum.
2386 1578 2477 1643 llis
2509 1579 2577 1631 ita
2628 1578 2836 1648 positis,
2889 1582 3013 1649 quia
3042 1581 3093 1634 in
3147 1597 3204 1636 re
3237 1590 3435 1650 aperta,
3471 1584 3608 1651 piget
3634 1596 3686 1634 es
3709 1595 3733 1635 α

2188 1670 2473 1737 prolixum,
2505 1668 2838 1737 designatum
2869 1671 2960 1724 tibi
2983 1671 3050 1723 ad
3077 1672 3333 1725 urbanam
3378 1686 3651 1738 praeturam
3682 1673 3734 1723 li-

602 830 666 883 Et
697 839 869 883 vestra
899 826 1183 882 concordia
1203 868 1218 894 ,
1250 834 1306 882 et
1331 841 1445 881 mea
1480 841 1570 895 per
1600 825 1696 877 hos
1717 824 1830 877 dies
1859 820 2095 876 imbecil-

532 920 653 973 litas
680 918 823 980 facit,
855 926 910 971 ut
940 932 1034 972 vos
1064 917 1221 971 unius
1262 918 1469 986 pagina:
1511 915 1826 969 salutatione
1864 910 2091 980 conjun-

520 1024 660 1080 gam.
711 1008 825 1061 Erit
868 1006 970 1062 hoc
1014 1016 1106 1061 aut
1154 1005 1426 1075 probabile
1478 1020 1571 1073 pro
1613 1003 1885 1059 consortio
1932 1001 2090 1055 vestri

516 1102 714 1155 amoris
743 1139 759 1166 ,
806 1110 896 1153 aut
927 1098 1304 1168 ignoscendum
1336 1114 1431 1167 pro
1453 1108 1591 1151 statu
1621 1096 1894 1165 temporis.
1928 1093 2093 1149 Esti-

520 1192 736 1246 mabitis
782 1192 927 1247 enim
962 1191 1153 1245 virium
1196 1197 1495 1243 nostrarum
1537 1188 1938 1257 fatigationem,
1967 1198 2087 1239 eum

518 1298 613 1336 vos
645 1282 698 1337 in
729 1280 1122 1349 subscriptione
1163 1279 1315 1333 istius
1354 1279 1593 1347 epistola:
1633 1278 1869 1346 precaria
1902 1288 2088 1329 manus

512 1374 758 1428 moverit.
786 1372 865 1427 Ad
892 1374 993 1426 hoc
1024 1373 1114 1425 filii
1135 1371 1301 1425 nostri
1333 1370 1560 1424 Nernesii
1594 1371 1673 1438 pia
1702 1370 1765 1423 ad
1802 1370 1964 1421 larem
1997 1383 2089 1436 pa-

512 1475 754 1534 tremque
781 1464 1105 1533 properatio.
1136 1465 1302 1533 magis
1326 1464 1767 1518 contestationcm
1796 1462 1864 1515 de
1892 1477 1974 1514 me
2000 1476 2088 1514 so-

510 1558 704 1614 lemnis
746 1557 904 1611 officii
944 1573 1101 1627 quam
1146 1556 1562 1609 satisfactionem
1613 1552 1949 1607 desideravit.
1981 1550 2085 1604 Res

508 1649 765 1717 postulat,
797 1656 853 1701 ut
880 1649 1049 1701 salute
1082 1646 1321 1715 praefata,
1348 1644 1742 1697 florentissima:
1775 1641 1939 1695 indoli
1967 1642 2083 1708 ejus

508 1740 870 1795 testimonium
904 1741 1088 1793 feram.
1123 1737 1225 1792 Sed
1256 1753 1448 1789 vereor
1472 1753 1537 1789 ne
1570 1746 1840 1789 ostentare
1862 1750 2080 1802 operam

2188 1762 2313 1813 lium
2346 1778 2520 1815 meum
2556 1764 2763 1817 nuntio.
2806 1762 3062 1833 lutelligis
3088 1765 3211 1831 quid
3242 1765 3342 1820 sibi
3375 1765 3479 1819 hoc
3506 1765 3592 1819 ind
3614 1766 3733 1817 clum

509 1848 683 1888 meam
723 1832 939 1896 videar;
962 1846 1081 1901 quae
1108 1830 1223 1898 plus
1245 1828 1488 1925 juvenib
1526 1843 1712 1925 narum
1736 1828 1925 1879 artium
1956 1840 2035 1925 (ξοε
2058 1853 2083 1865 ·
2114 1849 2160 1909 Β
2188 1854 2333 1908 velit.
2357 1854 2742 1924 Quadrigarum
2789 1828 3051 1909 curulium
3091 1828 3339 1912 nobilitas
3387 1854 3731 1925 prmparanda.

513 1928 759 1993 tulisset,
798 1925 898 1979 nisi
937 1925 1201 1979 fraternus
1228 1938 1385 1977 casus
1418 1923 1665 1992 fregisset
1694 1937 1907 1975 cursum
1948 1921 2081 1975 duo-

508 2032 651 2072 rum.
676 2016 785 2071 lloc
812 2026 988 2070 tamen
1014 2015 1376 2071 sincerissima
1406 2015 1507 2068 ﬁde
1530 2015 1787 2079 dixerim;
1821 2016 2078 2068 minutam

508 2107 724 2176 quidem
775 2107 842 2164 de
870 2109 1039 2161 altero
1092 2118 1371 2177 parentum
1429 2108 1545 2175 ejus
1590 2106 1926 2171 felicitatem;
1984 2106 2078 2159 sed

511 2213 670 2268 posse
706 2198 865 2256 istum
905 2214 1123 2254 suorum
1166 2198 1358 2267 gaudio
1412 2214 1505 2267 pro
1557 2207 1777 2267 utroque
1807 2198 2076 2251 sufficere.

510 2288 712 2346 Valete.

1079 2379 1294 2437 EPIST.
1336 2379 1490 2435 LVII.

622 2508 930 2549 SYIIACBUS
958 2508 1239 2563 IINERVIO,
1272 2507 1563 2559 PROTADIO,
1597 2506 1945 2548 FLORENTINO.

582 2631 821 2699 lle-legite
856 2633 993 2685 viam
1019 2633 1336 2687 dissimulati
1370 2633 1625 2687 hactenus
1658 2635 1855 2692 moris,
1888 2647 1971 2686 me
1999 2632 2077 2685 of-

514 2722 753 2777 ficiorum
782 2724 1119 2780 familiarium
1163 2726 1425 2793 prmsule,
1472 2725 1558 2793 qui
1594 2725 1738 2793 prior
1777 2724 1891 2792 rupi
1925 2738 2077 2777 cuin-

505 2830 665 2868 tnune
693 2815 913 2868 dictum.
938 2814 1044 2870 Nec
1066 2829 1160 2884 pro
1185 2829 1409 2869 numero
1438 2825 1615 2868 vestro
1644 2815 1896 2883 epistolas
1929 2822 2072 2882 peto,

501 2906 739 2975 quamvis
771 2907 908 2961 hanc
934 2905 1354 2961 vicissitudinem
1394 2907 1720 2975 singulorum
1767 2920 1917 2959 amor
1947 2904 2074 2959 mibi

503 2997 716 3054 debeat.
771 2998 971 3068 Magnae
1010 2998 1357 3069 indulgentiae
1388 3014 1473 3054 res
1512 3008 1624 3063 est,
1652 3012 1707 3054 ut
1758 2998 1911 3055 fenus
1932 2998 2075 3068 q‘hod

506 3091 658 3146 vobis
680 3093 826 3146 solus
855 3092 1109 3157 exhibeo,
1143 3092 1345 3148 alterna
1378 3093 1806 3148 remuneratione
1833 3092 2071 3148 solvatis.

507 3185 707 3239 Valete.

1067 3276 1284 3334 EPIST.
1328 3278 1501 3333 LVIII.

960 3402 1268 3443 εῖιηηειιυε
1298 3404 1576 3443 ΕυΡΒΑΧΙΟ.

578 3519 795 3571 Annuos
821 3515 997 3586 gaudii
1046 3516 1248 3571 fructus
1275 3532 1341 3571 ex
1374 3518 1565 3571 litteris
1594 3515 1765 3584 capio.
1792 3514 1943 3573 Ilunc
1980 3529 2069 3568 re—

501 3606 669 3659 ditum
716 3604 878 3671 mihi,
915 3604 1011 3659 has
1039 3620 1168 3674 opes
1208 3606 1390 3674 pendit
1440 3606 1708 3671 Hispania.
1755 3607 1938 3673 Itaque
1983 3604 2072 3660 ubi

503 3697 759 3766 prapulsa
792 3697 983 3767 hyeme
1014 3704 1292 3767 patescunt
1313 3698 1523 3750 navium
1555 3698 1674 3761 viae,
1706 3696 1922 3765 paginas
1954 3705 2070 3749 tuas

503 3788 821 3842 commendo
851 3788 1057 3850 ventis,
1100 3802 1230 3856 quas
1276 3787 1375 3841 iste
1410 3801 1583 3841 annus
1612 3785 1915 3855 frequentes
1952 3786 2069 3854 qui-

500 3879 652 3947 dem,
686 3894 830 3936 seras
861 3887 1037 3934 tamen
1068 3878 1263 3933 reddit.
1303 3878 1431 3931 Nam
1468 3877 1760 3931 decedebat
1784 3887 2070 3929 autumnus

498 3984 621 4024 cum
651 3968 895 4023 homines
935 3969 1009 4023 tui
1055 3966 1306 4023 Tiberina
1353 3969 1657 4035 tetigerunt.
1706 3966 1838 4019 IIinc
1873 3966 2067 4019 factum

496 4072 582 4119 est
615 4072 671 4118 ut
695 4052 959 4118 haererent
992 4061 1132 4133 apud
1163 4075 1259 4115 nos
1290 4060 1499 4116 defectu
1530 4058 1901 4128 navigationis.
1936 4058 2070 4113 Sua-

497 4155 600 4211 deo
631 4154 790 4225 igitur
819 4169 1005 4210 eorum
1038 4167 1219 4208 moras
1249 4168 1346 4221 pro
1377 4161 1462 4206 tua
1487 4151 1693 4221 justitia
1722 4150 1844 4205 boni
1869 4162 2065 4204 consu-

498 4246 599 4301 las.
631 4245 884 4313 Quamvis
914 4246 1061 4313 prius
1096 4244 1312 4298 nomine
1340 4257 1460 4298 meo
1488 4241 1640 4297 venia
1671 4241 1935 4311 poscenda
1961 4240 2064 4304 sit,

494 4335 634 4405 quod
664 4336 731 4389 de
745 4336 1021 4390 curulibus
1047 4335 1201 4403 equis
1222 4343 1470 4404 quatuor,
1494 4334 1673 4388 datum
1702 4332 1829 4386 mihi
1852 4346 1883 4385 a
1914 4341 1965 4386 te
1980 4331 2067 4399 jus

494 4426 773 4480 electionis
799 4426 1095 4479 omiserim.
1124 4423 1293 4479 Velim
1316 4424 1504 4478 credas
1534 4422 1671 4477 hanc
1692 4423 2064 4477 abstinentiam

497 4532 601 4570 non
631 4517 792 4572 fuisse
821 4516 1037 4571 fastidii.
1067 4516 1175 4571 Sed
1214 4521 1337 4585 quia
1374 4516 1577 4569 nullum
1598 4529 1784 4569 eorum
1804 4515 1931 4583 jugo
1956 4514 2067 4567 ala-

2184 1943 2260 1997 Ac
2310 1945 2536 2012 pretium
2570 1946 2807 2013 proxima
2855 1946 3050 2001 abhinc
3097 1956 3280 2003 :rstate
3310 1947 3609 2009 mittemus,
3654 1946 3733 2000 Sed

2180 2032 2289 2101 jam
2318 2038 2687 2089 necessitatem
2734 2047 3027 2106 prmcurrat
3053 2038 3243 2092 electio
3281 2055 3295 2091 :
3354 2039 3576 2093 multum
3613 2037 3733 2092 enim

2186 2126 2324 2181 valet
2349 2127 2610 2197 ejusmodi
2671 2130 2721 2183 in
2762 2130 2924 2184 rebus
2955 2131 3161 2200 longior
3184 2130 3486 2201 diligentia.
3518 2131 3733 2199 Quaproo

2182 2226 2299 2285 pter
2321 2224 2621 2289 accingere.
2655 2230 2711 2275 ut
2735 2225 3075 2286 quaestoriam
3098 2223 3365 2294 quondam
3396 2226 3487 2280 filii
3514 2224 3613 2280 mei
3640 2240 3733 2278 uta-

2180 2309 2562 2377 gnificentiam,
2596 2312 2679 2365 cui
2708 2328 2803 2382 per
2851 2320 2902 2368 te
2930 2313 3156 2381 illustris
3186 2313 3322 2368 fama
3364 2318 3621 2385 quasita,
3664 2328 3734 2368 se»

2179 2399 2382 2454 cundus
2401 2401 2639 2468 ejusdem
2664 2412 2880 2472 superet
2903 2406 3266 2475 magistratus.
3292 2405 3466 2461 Verus
3490 2407 3671 2476 quiane
3689 2413 3735 2459 et

2179 2492 2444 2548 maximus
2476 2494 2647 2550 laudis
2689 2496 2958 2565 profectus
3000 2506 3104 2564 est,
3149 2499 3358 2568 quoties
3408 2500 3732 2571 sequentibus

2184 2593 2363 2657 priora
2390 2593 2694 2647 vincuntur.
2726 2595 2871 2649 Vale.

2782 2687 2994 2741 Ef'IST.
3040 2687 3147 2741 LX.

2654 2790 2963 2830 SYIIACIH‘S
2995 2792 3276 2833 EUI‘RAIIO.

2250 2861 2541 2919 Praetuer
2565 2865 2654 2918 filii
2690 2870 2818 2932 mei,
2852 2870 2893 2921 si
2924 2868 3034 2922 fors
3055 2867 3255 2921 dictum
3275 2869 3456 2936 juvet,
3486 2868 3660 2939 proxiu
3681 2880 3731 2921 us

2180 2966 2352 3006 annus
2381 2966 2675 3023 exspectat.
2707 2957 2975 3025 Equorum
3023 2959 3149 3014 mihi
3202 2958 3468 3013 curulium
3509 2960 3731 3015 nobilitas

2179 3048 2526 3115 prmparanda
2552 3057 2651 3109 est.
2694 3050 2785 3103 tihi
2817 3050 3049 3104 curanda
3087 3066 3102 3104 :
3136 3060 3191 3103 ut
3231 3053 3614 3120 exSpectationi
3654 3068 3733 3120 po-

2182 3137 2292 3208 puli
2323 3138 2546 3193 Romani
2580 3157 2695 3195 mea
2731 3144 2975 3211 pecunia,
3006 3153 3090 3198 tua
3116 3158 3245 3198 cura
3266 3147 3605 3215 respondeat.
3638 3146 3732 3200 Iloc

2102 3211 2145 3271 (ἶ
2179 3243 2266 3282 me
2289 3231 2496 3285 crehr's
2528 3232 2717 3286 litteris
2757 3234 3057 3303 postulasse
3079 3211 3386 3289 meministi.
3432 3237 3581 3292 Nunc
3620 3235 3730 3290 mihi

2176 3320 2558 3376 admonitionis
2577 3323 2760 3390 verba,
2787 3340 2889 3378 non
2910 3324 3239 3393 repetitionis
3267 3325 3571 3383 adhibenda
3595 3334 3727 3385 sunt:

2176 3421 2229 3465 et
2261 3422 2437 3465 tamen
2470 3428 2590 3467 cum
2621 3415 2866 3469 \‘oluntas
2902 3416 2953 3470 in
2987 3431 3084 3471 nos
3108 3426 3193 3471 tua
3225 3419 3485 3473 amhizum
3534 3435 3632 3472 non
3660 3430 3731 3470 re-

2175 3506 2379 3575 quirat,
2422 3508 2473 3561 in
2515 3516 2718 3563 tantum
2772 3525 2856 3565 me
2886 3496 3082 3565 'Votiva
3127 3513 3419 3568 sollicitant
3463 3528 3519 3568 ut
3566 3512 3731 3567 anxias

2174 3601 2390 3657 auribus
2428 3606 2531 3658 tuis
2560 3616 2807 3676 tanquam
2845 3622 3013 3663 novus
3047 3610 3242 3678 petitor
3270 3611 3511 3678 ingeram
3543 3620 3726 3679 preces.

2179 3694 2448 3751 Viacenda
2471 3708 2552 3753 est
2584 3701 2724 3752 enim
2757 3700 2884 3753 mihi
2909 3700 3046 3773 fama
3077 3703 3469 3770 ekemplorum,
3494 3716 3607 3771 quae
3628 3706 3729 3768 post

2173 3787 2505 3841 consularem
2535 3785 2951 3844 munificentiam
2984 3791 3178 3846 domus
3206 3793 3426 3860 nostrae,
3450 3802 3504 3847 et
3530 3791 3613 3846 filii
3636 3787 3727 3843 mei

2173 3879 2512 3946 qatestrriam
2537 3880 2882 3945 functionem,
2902 3881 3032 3935 nihil
3059 3882 3126 3936 de
3156 3882 3309 3943 nobis,
3333 3884 3605 3937 mediocre
3630 3896 3730 3949 pro.

2174 3968 2352 4023 mittit.
2374 3969 2495 4023 llaec
2520 3971 2674 4039 igitur
2693 3971 2958 4038 petitionis
2974 3986 3177 4025 summa
3204 3982 3306 4039 est,
3334 3983 3494 4029 utm
3522 3973 3727 4042 diligen-

2173 4058 2241 4113 tia
2267 4066 2353 4112 tua
2385 4061 2665 4129 prmterita:
2696 4061 2875 4129 gloria
2904 4077 3084 4131 parem
3105 4063 3281 4118 faciat.
3330 4064 3505 4119 Pretia
3538 4080 3629 4133 pro
3654 4074 3727 4115 tua

2173 4154 2422 4221 :equitate
2451 4152 2775 4206 numeranda
2807 4152 3098 4208 familiares
3116 4156 3215 4209 mei
3247 4155 3620 4210 incunctanter
3644 4170 3727 4207 ex-

2172 4244 2400 4298 solvent.
2425 4243 2523 4297 Tui
2550 4244 2792 4299 beneficii
2817 4244 2937 4309 erit,
2968 4254 3025 4299 ut
3050 4245 3306 4315 quidquid
3331 4245 3394 4299 ad
3418 4246 3602 4300 curule
3628 4258 3727 4298 cer‘

2173 4342 2347 4388 tamen
2369 4348 2685 4405 generosum
2706 4334 2873 4403 gignit
2894 4334 3165 4404 Hispania,
3190 4336 3273 4390 vel
3296 4336 3457 4391 domo
3485 4338 3725 4406 prmbeas.

2172 4425 2257 4479 vel
2287 4426 2354 4479 de
2380 4425 2605 4479 aliorum
2634 4425 2885 4494 gregibus
2912 4440 3187 4493 excerpas.
3212 4427 3325 4481 Non
3376 4442 3565 4482 vereor
3607 4426 3728 4480 inter

2175 4516 2288 4570 haec
2336 4531 2404 4570 ne
2432 4531 2517 4569 me
2565 4526 2899 4585 appetentem
2948 4515 3170 4585 plebeia:
3220 4516 3391 4572 laudis
3446 4519 3727 4572 existimes.

492 4625 639 4664 crem
670 4652 684 4676 ,
718 4610 803 4664 vel
843 4610 1005 4663 dorso
1032 4608 1214 4663 mitem
1246 4606 1494 4677 probai'i,
1530 4608 1679 4676 optio
1708 4581 1916 4659 meritis
1961 4620 2064 4659 nou
2097 4581 2150 4641 Ῑ)
2171 4603 2289 4659 Scis
2314 4606 2457 4659 enim
2488 4619 2586 4675 pro
2599 4581 2700 4659 tua
2743 4581 3005 4673 sapientia
3032 4621 3236 4674 magna:
3269 4608 3414 4661 urbis
3458 4608 3725 4676 magistra-

493 4703 721 4757 excitata
766 4702 927 4756 cessit
956 4716 989 4756 e
1032 4716 1093 4755 re
1134 4710 1277 4754 nata.
1316 4698 1685 4768 Opportunum
1715 4697 1926 4751 videtur
1948 4697 2069 4759 diii-

495 4794 730 4861 gentiam
760 4800 903 4846 tuam
936 4790 1179 4861 precibus
1210 4789 1414 4843 ambire
1443 4828 1457 4852 ,
1490 4799 1545 4841 ut
1574 4788 1624 4841 in
1648 4789 1947 4857 prator-iam
1976 4788 2069 4843 filii

498 4884 600 4937 mei
645 4882 969 4939 functionem
1006 4881 1119 4935 visu
1161 4890 1217 4937 et
1253 4895 1416 4935 cursu
1448 4878 1651 4933 nobiles
1683 4889 2063 4947 prznparentur.

494 4976 717 5030 Gemina
738 4984 864 5030 ante
888 4972 988 5027 hac
1016 4972 1265 5027 editionis
1286 4969 1601 5025 claritudine
1625 4970 1678 5023 in
1707 4985 1767 5023 os
1794 4970 2065 5023 hominum

496 5067 757 5122 venimus.
795 5062 1237 5122 Satisfacieudum
1269 5062 1477 5116 videtur
1500 5061 1920 5130 exspectationi,
1944 5075 2061 5129 qua:

495 5158 665 5216 crevit
691 5156 969 5224 exemplis.
999 5154 1175 5219 Quare
1200 5152 1367 5206 amori
1386 5161 1475 5205 tuo
1502 5150 1667 5204 laudis
1701 5160 1895 5204 nostra:
1916 5165 2059 5203 com-

493 5247 688 5303 mendo
714 5261 962 5311 causam,
1005 5259 1122 5315 qum
1151 5243 1419 5313 paulisper
1450 5258 1732 5296 censuram
1763 5243 1886 5295 vita:
1916 5252 2017 5295 tute
2039 5282 2055 5308 ,

494 5341 911 5408 gravitatemque
944 5336 1106 5391 animi
1129 5340 1195 5389 ad
1224 5335 1502 5404 pepulares
1530 5348 1686 5390 aures
1714 5335 1873 5389 debet
1911 5334 2063 5387 infle-

491 5439 659 5495 ctere,
676 5428 838 5483 domo
864 5427 1088 5497 pretium
1110 5426 1607 5497 apportabitumtuo
1633 5427 1890 5479 arbitratu
1911 5426 2060 5478 nobi-

496 5522 623 5573 lium
663 5521 1036 5588 quadrigarum
1079 5518 1313 5573 dominis
1362 5517 1716 5572 inferendum.
1768 5516 1946 5569 Solam
1991 5516 2058 5568 de

489 5611 719 5664 amicitia
764 5619 849 5664 tua
888 5610 1170 5665 electionis
1207 5624 1392 5678 curam
1437 5609 1668 5676 requiro.
1704 5608 1863 5660 Factu
1905 5606 2057 5660 facile

488 5711 594 5767 est,
625 5715 742 5755 cum
766 5704 834 5753 sit
862 5699 1011 5753 dives
1024 5700 1207 5769 equini
1222 5698 1428 5769 pecoris
1453 5696 1729 5765 Hisquuia,
1758 5706 1813 5748 et
1833 5710 2055 5762 magnus

481 5800 705 5859 ﬁt'vgutn
736 5804 985 5847 numerus
1012 5791 1216 5859 copiam
1249 5794 1467 5856 praestet
1509 5785 1762 5841 examini.
1798 5785 1944 5839 Vale.

2171 4697 2311 4751 tibus
2332 4706 2523 4767 angust
2560 4712 2585 4750 s
2613 4698 2818 4751 animos
2840 4712 2942 4752 non
2973 4698 3284 4753 convenire.
3310 4700 3418 4753 Hoc
3440 4697 3725 4753 etiam'rul-

2170 4790 2272 4845 lius
2302 4801 2421 4844 tuus
2439 4791 2696 4859 praecipit,
2715 4790 2895 4843 luxum
2927 4791 2978 4844 in
2999 4790 3216 4860 privatis
3240 4792 3467 4859 negotiis
3488 4801 3723 4858 arguens.

2170 4881 2223 4935 in
2254 4880 2478 4951 publicis
2508 4879 2955 4948 magnificentiam
3001 4880 3253 4948 probans.
3283 4880 3461 4946 Quare
3498 4896 3561 4934 ex
3592 4892 3722 4931 sum-

2168 4971 2269 5025 mis
2299 4971 2487 5040 opibus
2516 4969 2641 5038 juva
2676 4969 2898 5023 Romani
2930 4971 3054 5023 anni
3100 4973 3399 5035 speciosum
3454 4969 3679 5022 «olorem
3708 4977 3719 5024 ς

2167 5070 2420 5115 venturus
2450 5060 2500 5113 in
2530 5069 2733 5127 partem
2768 5059 3037 5127 popularis
3065 5056 3281 5121 favoris,
3309 5058 3353 5109 si
3376 5058 3531 5111 nobis
3550 5071 3613 5111 ex
3641 5063 3723 5107 tuo

2166 5149 2423 5204 beneficio
2448 5148 2707 5203 celebrior
2738 5148 2872 5199 fama
2901 5147 3231 5215 provenerit.
3264 5146 3412 5201 Vale.

2764 5237 2978 5292 EPIST.
3020 5230 3154 5290 LXI.

2631 5343 2939 5384 svuncnus
2977 5325 3257 5380 adcanto.

2231 5423 2488 5478 Tuentius
2521 5432 2639 5475 tuus
2680 5421 2732 5473 in
2757 5418 3012 5472 utramvis
3040 5431 3223 5471 aurem
3262 5429 3507 5470 somnum
3545 5423 3717 5477 capes-

2160 5524 2262 5569 sat.
2287 5512 2427 5567 Nihil
2442 5512 2581 5565 enim
2598 5523 2782 5578 magna
2802 5506 3027 5575 dignitas
3047 5520 3077 5558 a
3101 5518 3331 5574 paupere
3346 5502 3492 5572 petit.
3514 5501 3593 5556 Sit
3617 5496 3718 5551 for-

2161 5613 2299 5657 tasse
2328 5601 2594 5671 plerisque
2625 5599 2735 5666 ipsa
2758 5597 2933 5665 inopia
2959 5595 3165 5664 gravis:
3192 5593 3351 5647 habet
3374 5601 3547 5646 tamen
3570 5583 3719 5642 alieni

2159 5691 2337 5746 oneris
2358 5688 2745 5757 exceptionem.
2777 5685 2978 5751 Adjice,
3013 5683 3057 5736 si
3086 5683 3281 5752 placet,
3314 5676 3583 5737 securitati
3609 5674 3717 5743 ejus

2159 5779 2440 5837 sacerdotii
2464 5777 2819 5848 privilegium,
2856 5785 2909 5831 et
2933 5774 3086 5828 unius
3138 5772 3368 5827 hominis
3400 5768 3715 5825 munimenta
