  <div class='ocr_page' id='page_1' title='image "/cluster/home/n/w/nwhite01/storage/ocr_20150623/18/hvd.32044015471337/128.png"; bbox 0 0 3932 6446; ppageno 0'>
   <div class='ocr_carea' id='block_1_1' title="bbox 269 376 367 437">
    <p class='ocr_par' dir='ltr' id='par_1_1' title="bbox 269 376 367 437">
     <span class='ocr_line' id='line_1_1' title="bbox 269 376 367 437; baseline -0.061 -1"><span class='ocrx_word' id='word_1_1' title='bbox 269 376 367 437; x_wconf 64' lang='lat' dir='ltr'><strong>Sail</strong></span> 
     </span>
    </p>
   </div>
   <div class='ocr_carea' id='block_1_2' title="bbox 1490 364 2319 429">
    <p class='ocr_par' dir='ltr' id='par_1_2' title="bbox 1490 364 2319 429">
     <span class='ocr_line' id='line_1_2' title="bbox 1490 364 2319 429; baseline 0.002 -2"><span class='ocrx_word' id='word_1_2' title='bbox 1490 368 1809 427; x_wconf 71' lang='lat' dir='ltr'><strong>EPISTULA</strong></span> <span class='ocrx_word' id='word_1_3' title='bbox 1820 364 1959 421; x_wconf 68' lang='grc' dir='ltr'><strong>ηυδε</strong></span> <span class='ocrx_word' id='word_1_4' title='bbox 1998 367 2201 427; x_wconf 77' lang='lat' dir='ltr'><strong>LIBER</strong></span> <span class='ocrx_word' id='word_1_5' title='bbox 2240 372 2319 429; x_wconf 85' lang='lat' dir='ltr'><strong>IV.</strong></span> 
     </span>
    </p>
   </div>
   <div class='ocr_carea' id='block_1_3' title="bbox 3412 384 3517 441">
    <p class='ocr_par' dir='ltr' id='par_1_3' title="bbox 3412 384 3517 441">
     <span class='ocr_line' id='line_1_3' title="bbox 3412 384 3517 441; baseline 0 -1"><span class='ocrx_word' id='word_1_6' title='bbox 3412 384 3517 441; x_wconf 73' lang='grc' dir='ltr'>ω</span> 
     </span>
    </p>
   </div>
   <div class='ocr_carea' id='block_1_4' title="bbox 267 481 3503 562">
    <p class='ocr_par' dir='ltr' id='par_1_4' title="bbox 267 481 3503 562">
     <span class='ocr_line' id='line_1_4' title="bbox 267 481 3503 562; baseline 0.003 -22"><span class='ocrx_word' id='word_1_7' title='bbox 267 484 603 557; x_wconf 75' lang='lat' dir='ltr'><strong>multiplicia.</strong></span> <span class='ocrx_word' id='word_1_8' title='bbox 632 483 756 541; x_wconf 71' lang='lat' dir='ltr'><strong>Mihi</strong></span> <span class='ocrx_word' id='word_1_9' title='bbox 784 484 992 541; x_wconf 88' lang='lat' dir='ltr'><strong>videtur</strong></span> <span class='ocrx_word' id='word_1_10' title='bbox 1039 484 1262 541; x_wconf 84' lang='lat' dir='ltr'><strong>validior</strong></span> <span class='ocrx_word' id='word_1_11' title='bbox 1289 499 1409 541; x_wconf 89' lang='lat' dir='ltr'><strong>esse</strong></span> <span class='ocrx_word' id='word_1_12' title='bbox 1452 485 1699 540; x_wconf 84' lang='lat' dir='ltr'><strong>omnibus</strong></span> <span class='ocrx_word' id='word_1_13' title='bbox 1735 498 1825 536; x_wconf 85' lang='lat' dir='ltr'><strong>va-</strong></span> <span class='ocrx_word' id='word_1_14' title='bbox 1853 484 1906 541; x_wconf 77' lang='grc' dir='ltr'><strong>Δ</strong></span> <span class='ocrx_word' id='word_1_15' title='bbox 1934 481 2066 537; x_wconf 86' lang='lat' dir='ltr'><strong>rium</strong></span> <span class='ocrx_word' id='word_1_16' title='bbox 2097 485 2161 539; x_wconf 90' lang='lat' dir='ltr'><strong>ad</strong></span> <span class='ocrx_word' id='word_1_17' title='bbox 2184 486 2414 541; x_wconf 88' lang='lat' dir='ltr'><strong>secunda</strong></span> <span class='ocrx_word' id='word_1_18' title='bbox 2451 497 2806 558; x_wconf 72' lang='lat' dir='ltr'><strong>progreditur,</strong></span> <span class='ocrx_word' id='word_1_19' title='bbox 2849 490 2893 546; x_wconf 93' lang='lat' dir='ltr'><strong>si</strong></span> <span class='ocrx_word' id='word_1_20' title='bbox 2937 490 3110 559; x_wconf 80' lang='lat' dir='ltr'><strong>priora</strong></span> <span class='ocrx_word' id='word_1_21' title='bbox 3158 492 3503 562; x_wconf 86' lang='lat' dir='ltr'><strong>displiceant.</strong></span> 
     </span>
    </p>
   </div>
   <div class='ocr_carea' id='block_1_5' title="bbox 266 575 1832 634">
    <p class='ocr_par' dir='ltr' id='par_1_5' title="bbox 266 575 1832 634">
     <span class='ocr_line' id='line_1_5' title="bbox 266 575 1832 634; baseline -0.002 -2"><span class='ocrx_word' id='word_1_22' title='bbox 266 578 539 632; x_wconf 77' lang='lat' dir='ltr'><strong>cationum</strong></span> <span class='ocrx_word' id='word_1_23' title='bbox 571 575 820 632; x_wconf 81' lang='lat' dir='ltr'><strong>remediis</strong></span> <span class='ocrx_word' id='word_1_24' title='bbox 845 575 1099 634; x_wconf 85' lang='lat' dir='ltr'><strong>exhausta</strong></span> <span class='ocrx_word' id='word_1_25' title='bbox 1121 578 1349 631; x_wconf 87' lang='lat' dir='ltr'><strong>fortuna.</strong></span> <span class='ocrx_word' id='word_1_26' title='bbox 1384 577 1489 631; x_wconf 91' lang='lat' dir='ltr'><strong>Sed</strong></span> <span class='ocrx_word' id='word_1_27' title='bbox 1532 576 1691 630; x_wconf 83' lang='lat' dir='ltr'><strong>velim</strong></span> <span class='ocrx_word' id='word_1_28' title='bbox 1732 590 1832 630; x_wconf 83' lang='lat' dir='ltr'><strong>no-</strong></span> 
     </span>
    </p>
   </div>
   <div class='ocr_carea' id='block_1_6' title="bbox 266 666 1829 737">
    <p class='ocr_par' dir='ltr' id='par_1_6' title="bbox 266 666 1829 737">
     <span class='ocr_line' id='line_1_6' title="bbox 266 666 1829 737; baseline 0 -18"><span class='ocrx_word' id='word_1_29' title='bbox 266 668 410 723; x_wconf 89' lang='lat' dir='ltr'><strong>veris</strong></span> <span class='ocrx_word' id='word_1_30' title='bbox 431 667 746 737; x_wconf 58' lang='lat' dir='ltr'><strong>quasitores</strong></span> <span class='ocrx_word' id='word_1_31' title='bbox 770 668 938 735; x_wconf 69' lang='lat' dir='ltr'><strong>glebas</strong></span> <span class='ocrx_word' id='word_1_32' title='bbox 967 669 1251 722; x_wconf 70' lang='lat' dir='ltr'><strong>senatoria!</strong></span> <span class='ocrx_word' id='word_1_33' title='bbox 1279 669 1522 737; x_wconf 89' lang='lat' dir='ltr'><strong>protinus</strong></span> <span class='ocrx_word' id='word_1_34' title='bbox 1549 666 1829 733; x_wconf 79' lang='lat' dir='ltr'><strong>aﬂ‘uturos,</strong></span> 
     </span>
    </p>
   </div>
   <div class='ocr_carea' id='block_1_7' title="bbox 268 758 1830 828">
    <p class='ocr_par' dir='ltr' id='par_1_7' title="bbox 268 758 1830 828">
     <span class='ocr_line' id='line_1_7' title="bbox 268 758 1830 828; baseline -0.001 -16"><span class='ocrx_word' id='word_1_35' title='bbox 268 759 693 828; x_wconf 84' lang='lat' dir='ltr'><strong>sperandamque</strong></span> <span class='ocrx_word' id='word_1_36' title='bbox 721 758 1173 813; x_wconf 83' lang='lat' dir='ltr'><strong>Tuentiiveniam</strong></span> <span class='ocrx_word' id='word_1_37' title='bbox 1207 759 1500 828; x_wconf 84' lang='lat' dir='ltr'><strong>pleniorem</strong></span> <span class='ocrx_word' id='word_1_38' title='bbox 1522 799 1539 825; x_wconf 97' lang='lat'><strong>,</strong></span> <span class='ocrx_word' id='word_1_39' title='bbox 1583 759 1628 814; x_wconf 96' lang='lat' dir='ltr'><strong>si</strong></span> <span class='ocrx_word' id='word_1_40' title='bbox 1672 758 1830 813; x_wconf 83' lang='lat' dir='ltr'><strong>fidem</strong></span> 
     </span>
    </p>
   </div>
   <div class='ocr_carea' id='block_1_8' title="bbox 268 850 1837 921">
    <p class='ocr_par' dir='ltr' id='par_1_8' title="bbox 268 850 1837 921">
     <span class='ocr_line' id='line_1_8' title="bbox 268 850 1837 921; baseline 0.002 -19"><span class='ocrx_word' id='word_1_41' title='bbox 268 851 595 921; x_wconf 73' lang='lat' dir='ltr'><strong>paupertatis</strong></span> <span class='ocrx_word' id='word_1_42' title='bbox 620 850 737 921; x_wconf 87' lang='lat' dir='ltr'><strong>ejus</strong></span> <span class='ocrx_word' id='word_1_43' title='bbox 762 852 1056 921; x_wconf 79' lang='lat' dir='ltr'><strong>exploratio</strong></span> <span class='ocrx_word' id='word_1_44' title='bbox 1080 862 1247 906; x_wconf 89' lang='lat' dir='ltr'><strong>ratam</strong></span> <span class='ocrx_word' id='word_1_45' title='bbox 1283 852 1487 908; x_wconf 90' lang='lat' dir='ltr'><strong>fecerit.</strong></span> <span class='ocrx_word' id='word_1_46' title='bbox 1518 852 1721 907; x_wconf 87' lang='lat' dir='ltr'><strong>Interea</strong></span> <span class='ocrx_word' id='word_1_47' title='bbox 1754 862 1837 906; x_wconf 91' lang='lat' dir='ltr'><strong>tu-</strong></span> 
     </span>
    </p>
   </div>
   <div class='ocr_carea' id='block_1_9' title="bbox 266 941 1835 1013">
    <p class='ocr_par' dir='ltr' id='par_1_9' title="bbox 266 941 1835 1013">
     <span class='ocr_line' id='line_1_9' title="bbox 266 941 1835 1013; baseline 0.001 -18"><span class='ocrx_word' id='word_1_48' title='bbox 266 951 351 995; x_wconf 87' lang='lat' dir='ltr'><strong>tus</strong></span> <span class='ocrx_word' id='word_1_49' title='bbox 395 941 661 1010; x_wconf 86' lang='lat' dir='ltr'><strong>prioribus</strong></span> <span class='ocrx_word' id='word_1_50' title='bbox 711 943 877 1013; x_wconf 92' lang='lat' dir='ltr'><strong>gestis</strong></span> <span class='ocrx_word' id='word_1_51' title='bbox 924 953 1047 1010; x_wconf 89' lang='lat' dir='ltr'><strong>agat</strong></span> <span class='ocrx_word' id='word_1_52' title='bbox 1098 943 1343 999; x_wconf 91' lang='lat' dir='ltr'><strong>liberum.</strong></span> <span class='ocrx_word' id='word_1_53' title='bbox 1386 942 1524 997; x_wconf 81' lang='lat' dir='ltr'><strong>Nihil</strong></span> <span class='ocrx_word' id='word_1_54' title='bbox 1554 942 1835 997; x_wconf 86' lang='lat' dir='ltr'><strong>novabitur</strong></span> 
     </span>
    </p>
   </div>
   <div class='ocr_carea' id='block_1_10' title="bbox 264 1034 1829 1105">
    <p class='ocr_par' dir='ltr' id='par_1_10' title="bbox 264 1034 1829 1105">
     <span class='ocr_line' id='line_1_10' title="bbox 264 1034 1829 1105; baseline 0 -17"><span class='ocrx_word' id='word_1_55' title='bbox 264 1046 388 1104; x_wconf 87' lang='lat' dir='ltr'><strong>post</strong></span> <span class='ocrx_word' id='word_1_56' title='bbox 451 1036 670 1089; x_wconf 87' lang='lat' dir='ltr'><strong>illustris</strong></span> <span class='ocrx_word' id='word_1_57' title='bbox 724 1035 824 1089; x_wconf 93' lang='lat' dir='ltr'><strong>viri</strong></span> <span class='ocrx_word' id='word_1_58' title='bbox 865 1034 1058 1091; x_wconf 80' lang='lat' dir='ltr'><strong>Felicis</strong></span> <span class='ocrx_word' id='word_1_59' title='bbox 1116 1050 1215 1104; x_wconf 90' lang='lat' dir='ltr'><strong>pro</strong></span> <span class='ocrx_word' id='word_1_60' title='bbox 1280 1036 1370 1089; x_wconf 92' lang='lat' dir='ltr'><strong>illo</strong></span> <span class='ocrx_word' id='word_1_61' title='bbox 1419 1034 1829 1105; x_wconf 85' lang='lat' dir='ltr'><strong>judicatiouetn;</strong></span> 
     </span>
    </p>
   </div>
   <div class='ocr_carea' id='block_1_11' title="bbox 265 1125 1835 1197">
    <p class='ocr_par' dir='ltr' id='par_1_11' title="bbox 265 1125 1835 1197">
     <span class='ocr_line' id='line_1_11' title="bbox 265 1125 1835 1197; baseline 0.001 -17"><span class='ocrx_word' id='word_1_62' title='bbox 265 1126 426 1180; x_wconf 75' lang='lat' dir='ltr'><strong>modo</strong></span> <span class='ocrx_word' id='word_1_63' title='bbox 452 1126 707 1195; x_wconf 87' lang='lat' dir='ltr'><strong>allegatas</strong></span> <span class='ocrx_word' id='word_1_64' title='bbox 750 1125 949 1181; x_wconf 88' lang='lat' dir='ltr'><strong>dudum</strong></span> <span class='ocrx_word' id='word_1_65' title='bbox 995 1128 1259 1182; x_wconf 82' lang='lat' dir='ltr'><strong>senatoris</strong></span> <span class='ocrx_word' id='word_1_66' title='bbox 1306 1128 1576 1197; x_wconf 59' lang='lat' dir='ltr'><strong>angugtias</strong></span> <span class='ocrx_word' id='word_1_67' title='bbox 1629 1134 1835 1182; x_wconf 77' lang='lat' dir='ltr'><strong>astruat</strong></span> 
     </span>
    </p>
   </div>
   <div class='ocr_carea' id='block_1_12' title="bbox 260 1219 1833 1290">
    <p class='ocr_par' dir='ltr' id='par_1_12' title="bbox 260 1219 1833 1290">
     <span class='ocr_line' id='line_1_12' title="bbox 260 1219 1833 1290; baseline 0.002 -17"><span class='ocrx_word' id='word_1_68' title='bbox 260 1219 524 1273; x_wconf 83' lang='lat' dir='ltr'><strong>examinis</strong></span> <span class='ocrx_word' id='word_1_69' title='bbox 551 1219 846 1288; x_wconf 80' lang='lat' dir='ltr'><strong>diligentia.</strong></span> <span class='ocrx_word' id='word_1_70' title='bbox 896 1219 1047 1274; x_wconf 90' lang='lat' dir='ltr'><strong>Nunc</strong></span> <span class='ocrx_word' id='word_1_71' title='bbox 1100 1219 1229 1275; x_wconf 93' lang='lat' dir='ltr'><strong>mihi</strong></span> <span class='ocrx_word' id='word_1_72' title='bbox 1262 1222 1435 1276; x_wconf 89' lang='lat' dir='ltr'><strong>amice</strong></span> <span class='ocrx_word' id='word_1_73' title='bbox 1474 1220 1833 1290; x_wconf 76' lang='lat' dir='ltr'><strong>olijnrgandus</strong></span> 
     </span>
    </p>
   </div>
   <div class='ocr_carea' id='block_1_13' title="bbox 260 1310 1830 1382">
    <p class='ocr_par' dir='ltr' id='par_1_13' title="bbox 260 1310 1830 1382">
     <span class='ocr_line' id='line_1_13' title="bbox 260 1310 1830 1382; baseline 0 -17"><span class='ocrx_word' id='word_1_74' title='bbox 260 1325 345 1373; x_wconf 86' lang='lat' dir='ltr'><strong>es,</strong></span> <span class='ocrx_word' id='word_1_75' title='bbox 377 1311 465 1379; x_wconf 88' lang='lat' dir='ltr'><strong>qui</strong></span> <span class='ocrx_word' id='word_1_76' title='bbox 497 1326 615 1365; x_wconf 92' lang='lat' dir='ltr'><strong>cum</strong></span> <span class='ocrx_word' id='word_1_77' title='bbox 646 1312 816 1365; x_wconf 89' lang='lat' dir='ltr'><strong>vicina</strong></span> <span class='ocrx_word' id='word_1_78' title='bbox 847 1310 1037 1367; x_wconf 89' lang='lat' dir='ltr'><strong>itinera</strong></span> <span class='ocrx_word' id='word_1_79' title='bbox 1076 1310 1473 1382; x_wconf 85' lang='lat' dir='ltr'><strong>perstrinxeris,</strong></span> <span class='ocrx_word' id='word_1_80' title='bbox 1509 1311 1726 1366; x_wconf 78' lang='lat' dir='ltr'><strong>ﬂectere</strong></span> <span class='ocrx_word' id='word_1_81' title='bbox 1763 1310 1830 1365; x_wconf 91' lang='lat' dir='ltr'><strong>ad</strong></span> 
     </span>
    </p>
   </div>
   <div class='ocr_carea' id='block_1_14' title="bbox 257 1402 1847 1474">
    <p class='ocr_par' dir='ltr' id='par_1_14' title="bbox 257 1402 1847 1474">
     <span class='ocr_line' id='line_1_14' title="bbox 257 1402 1847 1474; baseline 0.002 -19"><span class='ocrx_word' id='word_1_82' title='bbox 257 1417 359 1457; x_wconf 83' lang='lat' dir='ltr'><strong>nos</strong></span> <span class='ocrx_word' id='word_1_83' title='bbox 390 1402 625 1457; x_wconf 88' lang='lat' dir='ltr'><strong>habenas</strong></span> <span class='ocrx_word' id='word_1_84' title='bbox 651 1403 868 1474; x_wconf 88' lang='lat' dir='ltr'><strong>longum</strong></span> <span class='ocrx_word' id='word_1_85' title='bbox 906 1406 1125 1474; x_wconf 84' lang='lat' dir='ltr'><strong>putasti.</strong></span> <span class='ocrx_word' id='word_1_86' title='bbox 1167 1404 1410 1460; x_wconf 90' lang='lat' dir='ltr'><strong>Dedisset</strong></span> <span class='ocrx_word' id='word_1_87' title='bbox 1438 1405 1684 1474; x_wconf 91' lang='lat' dir='ltr'><strong>IIispania</strong></span> <span class='ocrx_word' id='word_1_88' title='bbox 1731 1404 1847 1458; x_wconf 42' lang='lat' dir='ltr'><strong>Rom</strong></span> 
     </span>
    </p>
   </div>
   <div class='ocr_carea' id='block_1_15' title="bbox 257 1494 1830 1564">
    <p class='ocr_par' dir='ltr' id='par_1_15' title="bbox 257 1494 1830 1564">
     <span class='ocr_line' id='line_1_15' title="bbox 257 1494 1830 1564; baseline 0.001 -15"><span class='ocrx_word' id='word_1_89' title='bbox 257 1510 364 1549; x_wconf 68' lang='lat' dir='ltr'><strong>mae</strong></span> <span class='ocrx_word' id='word_1_90' title='bbox 396 1494 568 1564; x_wconf 91' lang='lat' dir='ltr'><strong>posito</strong></span> <span class='ocrx_word' id='word_1_91' title='bbox 598 1510 766 1551; x_wconf 59' lang='lat' dir='ltr'><strong>mora:</strong></span> <span class='ocrx_word' id='word_1_92' title='bbox 799 1498 1028 1553; x_wconf 84' lang='lat' dir='ltr'><strong>veniam.</strong></span> <span class='ocrx_word' id='word_1_93' title='bbox 1058 1497 1214 1552; x_wconf 85' lang='lat' dir='ltr'><strong>Novit</strong></span> <span class='ocrx_word' id='word_1_94' title='bbox 1236 1499 1376 1553; x_wconf 90' lang='lat' dir='ltr'><strong>enim</strong></span> <span class='ocrx_word' id='word_1_95' title='bbox 1398 1498 1713 1554; x_wconf 86' lang='lat' dir='ltr'><strong>submittere</strong></span> <span class='ocrx_word' id='word_1_96' title='bbox 1741 1497 1830 1551; x_wconf 85' lang='lat' dir='ltr'><strong>de-</strong></span> 
     </span>
    </p>
   </div>
   <div class='ocr_carea' id='block_1_16' title="bbox 256 1586 1833 1659">
    <p class='ocr_par' dir='ltr' id='par_1_16' title="bbox 256 1586 1833 1659">
     <span class='ocr_line' id='line_1_16' title="bbox 256 1586 1833 1659; baseline 0.003 -19"><span class='ocrx_word' id='word_1_97' title='bbox 256 1586 459 1642; x_wconf 90' lang='lat' dir='ltr'><strong>sideria</strong></span> <span class='ocrx_word' id='word_1_98' title='bbox 500 1602 596 1642; x_wconf 87' lang='lat' dir='ltr'><strong>sua</strong></span> <span class='ocrx_word' id='word_1_99' title='bbox 632 1598 945 1645; x_wconf 90' lang='lat' dir='ltr'><strong>cunctarum</strong></span> <span class='ocrx_word' id='word_1_100' title='bbox 1000 1590 1394 1659; x_wconf 89' lang='lat' dir='ltr'><strong>provinciarum</strong></span> <span class='ocrx_word' id='word_1_101' title='bbox 1444 1590 1668 1658; x_wconf 85' lang='lat' dir='ltr'><strong>parenti.</strong></span> <span class='ocrx_word' id='word_1_102' title='bbox 1726 1590 1833 1645; x_wconf 86' lang='lat' dir='ltr'><strong>Nec</strong></span> 
     </span>
    </p>
   </div>
   <div class='ocr_carea' id='block_1_17' title="bbox 258 1677 1828 1751">
    <p class='ocr_par' dir='ltr' id='par_1_17' title="bbox 258 1677 1828 1751">
     <span class='ocr_line' id='line_1_17' title="bbox 258 1677 1828 1751; baseline 0.003 -21"><span class='ocrx_word' id='word_1_103' title='bbox 258 1677 334 1730; x_wconf 89' lang='lat' dir='ltr'><strong>ita</strong></span> <span class='ocrx_word' id='word_1_104' title='bbox 368 1692 529 1731; x_wconf 88' lang='lat' dir='ltr'><strong>avara</strong></span> <span class='ocrx_word' id='word_1_105' title='bbox 559 1686 645 1733; x_wconf 90' lang='lat' dir='ltr'><strong>est</strong></span> <span class='ocrx_word' id='word_1_106' title='bbox 674 1688 733 1735; x_wconf 92' lang='lat' dir='ltr'><strong>ut</strong></span> <span class='ocrx_word' id='word_1_107' title='bbox 761 1681 914 1735; x_wconf 89' lang='lat' dir='ltr'><strong>nobis</strong></span> <span class='ocrx_word' id='word_1_108' title='bbox 943 1682 1156 1751; x_wconf 88' lang='lat' dir='ltr'><strong>propria</strong></span> <span class='ocrx_word' id='word_1_109' title='bbox 1194 1680 1329 1735; x_wconf 89' lang='lat' dir='ltr'><strong>bona</strong></span> <span class='ocrx_word' id='word_1_110' title='bbox 1362 1682 1495 1736; x_wconf 91' lang='lat' dir='ltr'><strong>nolit</strong></span> <span class='ocrx_word' id='word_1_111' title='bbox 1525 1681 1828 1736; x_wconf 89' lang='lat' dir='ltr'><strong>ostendere.</strong></span> 
     </span>
    </p>
   </div>
   <div class='ocr_carea' id='block_1_18' title="bbox 256 1767 1831 1838">
    <p class='ocr_par' dir='ltr' id='par_1_18' title="bbox 256 1767 1831 1838">
     <span class='ocr_line' id='line_1_18' title="bbox 256 1767 1831 1838; baseline 0.003 -18"><span class='ocrx_word' id='word_1_112' title='bbox 256 1767 437 1834; x_wconf 84' lang='lat' dir='ltr'><strong>Quare</strong></span> <span class='ocrx_word' id='word_1_113' title='bbox 452 1767 681 1824; x_wconf 70' lang='lat' dir='ltr'><strong>fraudatri</strong></span> <span class='ocrx_word' id='word_1_114' title='bbox 712 1771 881 1837; x_wconf 90' lang='lat' dir='ltr'><strong>gratia</strong></span> <span class='ocrx_word' id='word_1_115' title='bbox 918 1773 1013 1838; x_wconf 92' lang='lat' dir='ltr'><strong>tui,</strong></span> <span class='ocrx_word' id='word_1_116' title='bbox 1052 1773 1317 1827; x_wconf 89' lang='lat' dir='ltr'><strong>secundos</strong></span> <span class='ocrx_word' id='word_1_117' title='bbox 1358 1771 1604 1825; x_wconf 67' lang='lat' dir='ltr'><strong>amicitiae</strong></span> <span class='ocrx_word' id='word_1_118' title='bbox 1633 1770 1831 1825; x_wconf 70' lang='lat' dir='ltr'><strong>fructus</strong></span> 
     </span>
    </p>
   </div>
   <div class='ocr_carea' id='block_1_19' title="bbox 1939 574 3507 654">
    <p class='ocr_par' dir='ltr' id='par_1_19' title="bbox 1939 574 3507 654">
     <span class='ocr_line' id='line_1_19' title="bbox 1939 574 3507 654; baseline 0.007 -25"><span class='ocrx_word' id='word_1_119' title='bbox 1939 574 2054 630; x_wconf 75' lang='lat' dir='ltr'><strong>Misi</strong></span> <span class='ocrx_word' id='word_1_120' title='bbox 2081 576 2238 647; x_wconf 90' lang='lat' dir='ltr'><strong>igitur</strong></span> <span class='ocrx_word' id='word_1_121' title='bbox 2256 593 2320 634; x_wconf 91' lang='lat' dir='ltr'><strong>ex</strong></span> <span class='ocrx_word' id='word_1_122' title='bbox 2344 582 2727 637; x_wconf 79' lang='lat' dir='ltr'><strong>recentioribus</strong></span> <span class='ocrx_word' id='word_1_123' title='bbox 2759 597 2981 638; x_wconf 87' lang='lat' dir='ltr'><strong>numero</strong></span> <span class='ocrx_word' id='word_1_124' title='bbox 3000 583 3254 653; x_wconf 91' lang='lat' dir='ltr'><strong>quinque,</strong></span> <span class='ocrx_word' id='word_1_125' title='bbox 3283 602 3352 654; x_wconf 90' lang='lat' dir='ltr'><strong>qn</strong></span> <span class='ocrx_word' id='word_1_126' title='bbox 3375 603 3507 641; x_wconf 86' lang='lat' dir='ltr'><strong>-rum</strong></span> 
     </span>
    </p>
   </div>
   <div class='ocr_carea' id='block_1_20' title="bbox 1935 667 3513 745">
    <p class='ocr_par' dir='ltr' id='par_1_20' title="bbox 1935 667 3513 745">
     <span class='ocr_line' id='line_1_20' title="bbox 1935 667 3513 745; baseline 0.007 -25"><span class='ocrx_word' id='word_1_127' title='bbox 1935 667 2025 721; x_wconf 91' lang='lat' dir='ltr'><strong>uni</strong></span> <span class='ocrx_word' id='word_1_128' title='bbox 2052 667 2162 736; x_wconf 86' lang='lat' dir='ltr'><strong>jam</strong></span> <span class='ocrx_word' id='word_1_129' title='bbox 2184 668 2428 725; x_wconf 82' lang='lat' dir='ltr'><strong>fiduciam</strong></span> <span class='ocrx_word' id='word_1_130' title='bbox 2459 670 2586 726; x_wconf 86' lang='lat' dir='ltr'><strong>fecit</strong></span> <span class='ocrx_word' id='word_1_131' title='bbox 2620 672 2860 741; x_wconf 89' lang='lat' dir='ltr'><strong>publicus</strong></span> <span class='ocrx_word' id='word_1_132' title='bbox 2889 674 3064 729; x_wconf 81' lang='lat' dir='ltr'><strong>favor.</strong></span> <span class='ocrx_word' id='word_1_133' title='bbox 3094 674 3198 730; x_wconf 90' lang='lat' dir='ltr'><strong>Sed</strong></span> <span class='ocrx_word' id='word_1_134' title='bbox 3236 686 3355 745; x_wconf 92' lang='lat' dir='ltr'><strong>post</strong></span> <span class='ocrx_word' id='word_1_135' title='bbox 3391 693 3513 732; x_wconf 85' lang='lat' dir='ltr'><strong>sen-</strong></span> 
     </span>
    </p>
   </div>
   <div class='ocr_carea' id='block_1_21' title="bbox 1936 759 3510 836">
    <p class='ocr_par' dir='ltr' id='par_1_21' title="bbox 1936 759 3510 836">
     <span class='ocr_line' id='line_1_21' title="bbox 1936 759 3510 836; baseline 0.005 -22"><span class='ocrx_word' id='word_1_136' title='bbox 1936 759 2154 814; x_wconf 87' lang='lat' dir='ltr'><strong>tentiam</strong></span> <span class='ocrx_word' id='word_1_137' title='bbox 2190 763 2371 829; x_wconf 87' lang='lat' dir='ltr'><strong>gentis</strong></span> <span class='ocrx_word' id='word_1_138' title='bbox 2406 772 2617 834; x_wconf 70' lang='lat' dir='ltr'><strong>togatae,</strong></span> <span class='ocrx_word' id='word_1_139' title='bbox 2660 764 2836 820; x_wconf 86' lang='lat' dir='ltr'><strong>adhuc</strong></span> <span class='ocrx_word' id='word_1_140' title='bbox 2887 766 3285 835; x_wconf 78' lang='lat' dir='ltr'><strong>exspectatione</strong></span> <span class='ocrx_word' id='word_1_141' title='bbox 3324 768 3510 836; x_wconf 87' lang='lat' dir='ltr'><strong>judicii</strong></span> 
     </span>
    </p>
   </div>
   <div class='ocr_carea' id='block_1_22' title="bbox 1936 852 3512 925">
    <p class='ocr_par' dir='ltr' id='par_1_22' title="bbox 1936 852 3512 925">
     <span class='ocr_line' id='line_1_22' title="bbox 1936 852 3512 925; baseline 0.006 -21"><span class='ocrx_word' id='word_1_142' title='bbox 1936 852 2010 905; x_wconf 91' lang='lat' dir='ltr'><strong>tui</strong></span> <span class='ocrx_word' id='word_1_143' title='bbox 2034 852 2261 920; x_wconf 89' lang='lat' dir='ltr'><strong>pendeo,</strong></span> <span class='ocrx_word' id='word_1_144' title='bbox 2291 856 2432 923; x_wconf 89' lang='lat' dir='ltr'><strong>quod</strong></span> <span class='ocrx_word' id='word_1_145' title='bbox 2468 856 2589 909; x_wconf 90' lang='lat' dir='ltr'><strong>volo</strong></span> <span class='ocrx_word' id='word_1_146' title='bbox 2612 855 2820 925; x_wconf 89' lang='lat' dir='ltr'><strong>jnratus</strong></span> <span class='ocrx_word' id='word_1_147' title='bbox 2847 858 3088 923; x_wconf 89' lang='lat' dir='ltr'><strong>emittas,</strong></span> <span class='ocrx_word' id='word_1_148' title='bbox 3112 858 3231 924; x_wconf 85' lang='lat' dir='ltr'><strong>quia</strong></span> <span class='ocrx_word' id='word_1_149' title='bbox 3255 860 3512 914; x_wconf 86' lang='lat' dir='ltr'><strong>convenit</strong></span> 
     </span>
    </p>
   </div>
   <div class='ocr_carea' id='block_1_23' title="bbox 1935 945 3509 1019">
    <p class='ocr_par' dir='ltr' id='par_1_23' title="bbox 1935 945 3509 1019">
     <span class='ocr_line' id='line_1_23' title="bbox 1935 945 3509 1019; baseline 0.004 -22"><span class='ocrx_word' id='word_1_150' title='bbox 1935 945 2121 999; x_wconf 79' lang='lat' dir='ltr'><strong>vinciri</strong></span> <span class='ocrx_word' id='word_1_151' title='bbox 2147 957 2483 1001; x_wconf 65' lang='lat' dir='ltr'><strong>sacramento</strong></span> <span class='ocrx_word' id='word_1_152' title='bbox 2498 947 2675 1010; x_wconf 83' lang='lat' dir='ltr'><strong>fidem,</strong></span> <span class='ocrx_word' id='word_1_153' title='bbox 2693 949 2735 1002; x_wconf 91' lang='lat' dir='ltr'><strong>si</strong></span> <span class='ocrx_word' id='word_1_154' title='bbox 2764 948 2978 1018; x_wconf 87' lang='lat' dir='ltr'><strong>quando</strong></span> <span class='ocrx_word' id='word_1_155' title='bbox 3002 949 3231 1003; x_wconf 79' lang='lat' dir='ltr'><strong>amicitia</strong></span> <span class='ocrx_word' id='word_1_156' title='bbox 3259 949 3310 1003; x_wconf 92' lang='lat' dir='ltr'><strong>in</strong></span> <span class='ocrx_word' id='word_1_157' title='bbox 3332 950 3509 1019; x_wconf 88' lang='lat' dir='ltr'><strong>suspi-</strong></span> 
     </span>
    </p>
   </div>
   <div class='ocr_carea' id='block_1_24' title="bbox 1933 1035 2783 1107">
    <p class='ocr_par' dir='ltr' id='par_1_24' title="bbox 1933 1035 2783 1107">
     <span class='ocr_line' id='line_1_24' title="bbox 1933 1035 2783 1107; baseline 0.001 -17"><span class='ocrx_word' id='word_1_158' title='bbox 1933 1035 2140 1091; x_wconf 89' lang='lat' dir='ltr'><strong>cionem</strong></span> <span class='ocrx_word' id='word_1_159' title='bbox 2170 1038 2354 1107; x_wconf 79' lang='lat' dir='ltr'><strong>gratia:</strong></span> <span class='ocrx_word' id='word_1_160' title='bbox 2387 1038 2609 1093; x_wconf 88' lang='lat' dir='ltr'><strong>venerit.</strong></span> <span class='ocrx_word' id='word_1_161' title='bbox 2635 1039 2783 1093; x_wconf 84' lang='lat' dir='ltr'><strong>Vale.</strong></span> 
     </span>
    </p>
   </div>
   <div class='ocr_carea' id='block_1_25' title="bbox 2522 1127 2921 1183">
    <p class='ocr_par' dir='ltr' id='par_1_25' title="bbox 2522 1127 2921 1183">
     <span class='ocr_line' id='line_1_25' title="bbox 2522 1127 2921 1183; baseline 0 -1"><span class='ocrx_word' id='word_1_162' title='bbox 2522 1127 2731 1183; x_wconf 82' lang='lat' dir='ltr'><strong>EPIST.</strong></span> <span class='ocrx_word' id='word_1_163' title='bbox 2768 1129 2921 1183; x_wconf 78' lang='lat' dir='ltr'><strong>LXV.</strong></span> 
     </span>
    </p>
   </div>
   <div class='ocr_carea' id='block_1_26' title="bbox 2401 1233 3029 1275">
    <p class='ocr_par' dir='ltr' id='par_1_26' title="bbox 2401 1233 3029 1275">
     <span class='ocr_line' id='line_1_26' title="bbox 2401 1233 3029 1275; baseline 0.006 -4"><span class='ocrx_word' id='word_1_164' title='bbox 2401 1233 2711 1275; x_wconf 74' lang='lat' dir='ltr'><strong>SYIIIACIIUS</strong></span> <span class='ocrx_word' id='word_1_165' title='bbox 2749 1236 3029 1275; x_wconf 67' lang='grc' dir='ltr'><strong>ευιηιλκιο.</strong></span> 
     </span>
    </p>
   </div>
   <div class='ocr_carea' id='block_1_27' title="bbox 2004 1306 3504 1380">
    <p class='ocr_par' dir='ltr' id='par_1_27' title="bbox 2004 1306 3504 1380">
     <span class='ocr_line' id='line_1_27' title="bbox 2004 1306 3504 1380; baseline 0.004 -18"><span class='ocrx_word' id='word_1_166' title='bbox 2004 1306 2325 1362; x_wconf 80' lang='lat' dir='ltr'><strong>Iamdudum</strong></span> <span class='ocrx_word' id='word_1_167' title='bbox 2379 1309 2431 1363; x_wconf 87' lang='lat' dir='ltr'><strong>in</strong></span> <span class='ocrx_word' id='word_1_168' title='bbox 2484 1311 2881 1380; x_wconf 90' lang='lat' dir='ltr'><strong>exspectatione</strong></span> <span class='ocrx_word' id='word_1_169' title='bbox 2945 1311 3245 1366; x_wconf 89' lang='lat' dir='ltr'><strong>litterarum</strong></span> <span class='ocrx_word' id='word_1_170' title='bbox 3297 1325 3504 1369; x_wconf 91' lang='lat' dir='ltr'><strong>tuarum</strong></span> 
     </span>
    </p>
   </div>
   <div class='ocr_carea' id='block_1_28' title="bbox 1934 1400 3507 1475">
    <p class='ocr_par' dir='ltr' id='par_1_28' title="bbox 1934 1400 3507 1475">
     <span class='ocr_line' id='line_1_28' title="bbox 1934 1400 3507 1475; baseline 0.004 -21"><span class='ocrx_word' id='word_1_171' title='bbox 1934 1413 2102 1466; x_wconf 88' lang='lat' dir='ltr'><strong>eram,</strong></span> <span class='ocrx_word' id='word_1_172' title='bbox 2133 1400 2367 1455; x_wconf 90' lang='lat' dir='ltr'><strong>incertus</strong></span> <span class='ocrx_word' id='word_1_173' title='bbox 2393 1402 2555 1456; x_wconf 87' lang='lat' dir='ltr'><strong>animi</strong></span> <span class='ocrx_word' id='word_1_174' title='bbox 2595 1404 2717 1472; x_wconf 89' lang='lat' dir='ltr'><strong>quid</strong></span> <span class='ocrx_word' id='word_1_175' title='bbox 2748 1403 2850 1458; x_wconf 90' lang='lat' dir='ltr'><strong>sibi</strong></span> <span class='ocrx_word' id='word_1_176' title='bbox 2888 1403 3043 1459; x_wconf 88' lang='lat' dir='ltr'><strong>vellet</strong></span> <span class='ocrx_word' id='word_1_177' title='bbox 3072 1412 3176 1459; x_wconf 91' lang='lat' dir='ltr'><strong>tam</strong></span> <span class='ocrx_word' id='word_1_178' title='bbox 3208 1406 3360 1475; x_wconf 89' lang='lat' dir='ltr'><strong>longa</strong></span> <span class='ocrx_word' id='word_1_179' title='bbox 3391 1421 3507 1461; x_wconf 89' lang='lat' dir='ltr'><strong>ces-</strong></span> 
     </span>
    </p>
   </div>
   <div class='ocr_carea' id='block_1_29' title="bbox 1935 1492 3505 1563">
    <p class='ocr_par' dir='ltr' id='par_1_29' title="bbox 1935 1492 3505 1563">
     <span class='ocr_line' id='line_1_29' title="bbox 1935 1492 3505 1563; baseline 0.004 -17"><span class='ocrx_word' id='word_1_180' title='bbox 1935 1492 2091 1546; x_wconf 88' lang='lat' dir='ltr'><strong>satio.</strong></span> <span class='ocrx_word' id='word_1_181' title='bbox 2124 1494 2228 1548; x_wconf 90' lang='lat' dir='ltr'><strong>Sed</strong></span> <span class='ocrx_word' id='word_1_182' title='bbox 2264 1494 2351 1549; x_wconf 91' lang='lat' dir='ltr'><strong>ubi</strong></span> <span class='ocrx_word' id='word_1_183' title='bbox 2381 1504 2683 1563; x_wconf 89' lang='lat' dir='ltr'><strong>compotem</strong></span> <span class='ocrx_word' id='word_1_184' title='bbox 2712 1495 3003 1551; x_wconf 88' lang='lat' dir='ltr'><strong>desiderati</strong></span> <span class='ocrx_word' id='word_1_185' title='bbox 3048 1498 3286 1551; x_wconf 89' lang='lat' dir='ltr'><strong>muneris</strong></span> <span class='ocrx_word' id='word_1_186' title='bbox 3324 1498 3505 1553; x_wconf 84' lang='lat' dir='ltr'><strong>reddi-</strong></span> 
     </span>
    </p>
   </div>
   <div class='ocr_carea' id='block_1_30' title="bbox 1933 1581 3506 1654">
    <p class='ocr_par' dir='ltr' id='par_1_30' title="bbox 1933 1581 3506 1654">
     <span class='ocr_line' id='line_1_30' title="bbox 1933 1581 3506 1654; baseline 0.006 -19"><span class='ocrx_word' id='word_1_187' title='bbox 1933 1581 2079 1646; x_wconf 92' lang='lat' dir='ltr'><strong>disti,</strong></span> <span class='ocrx_word' id='word_1_188' title='bbox 2120 1596 2246 1637; x_wconf 90' lang='lat' dir='ltr'><strong>cura</strong></span> <span class='ocrx_word' id='word_1_189' title='bbox 2283 1584 2439 1639; x_wconf 85' lang='lat' dir='ltr'><strong>vertit</strong></span> <span class='ocrx_word' id='word_1_190' title='bbox 2470 1586 2521 1639; x_wconf 93' lang='lat' dir='ltr'><strong>in</strong></span> <span class='ocrx_word' id='word_1_191' title='bbox 2568 1586 2834 1654; x_wconf 86' lang='lat' dir='ltr'><strong>gaudium.</strong></span> <span class='ocrx_word' id='word_1_192' title='bbox 2895 1587 2955 1641; x_wconf 80' lang='lat' dir='ltr'><strong>Et</strong></span> <span class='ocrx_word' id='word_1_193' title='bbox 2998 1602 3181 1642; x_wconf 79' lang='lat' dir='ltr'><strong>revera</strong></span> <span class='ocrx_word' id='word_1_194' title='bbox 3214 1587 3285 1642; x_wconf 91' lang='lat' dir='ltr'><strong>ita</strong></span> <span class='ocrx_word' id='word_1_195' title='bbox 3317 1598 3506 1644; x_wconf 84' lang='lat' dir='ltr'><strong>natura</strong></span> 
     </span>
    </p>
   </div>
   <div class='ocr_carea' id='block_1_31' title="bbox 1935 1676 3505 1747">
    <p class='ocr_par' dir='ltr' id='par_1_31' title="bbox 1935 1676 3505 1747">
     <span class='ocr_line' id='line_1_31' title="bbox 1935 1676 3505 1747; baseline 0.008 -24"><span class='ocrx_word' id='word_1_196' title='bbox 1935 1680 2177 1739; x_wconf 90' lang='lat' dir='ltr'><strong>paratum</strong></span> <span class='ocrx_word' id='word_1_197' title='bbox 2208 1686 2307 1739; x_wconf 72' lang='grc' dir='ltr'><strong>εει,</strong></span> <span class='ocrx_word' id='word_1_198' title='bbox 2340 1683 2398 1729; x_wconf 85' lang='grc' dir='ltr'><strong>ιιι</strong></span> <span class='ocrx_word' id='word_1_199' title='bbox 2430 1676 2663 1744; x_wconf 85' lang='lat' dir='ltr'><strong>expetiti</strong></span> <span class='ocrx_word' id='word_1_200' title='bbox 2694 1676 2782 1731; x_wconf 90' lang='lat' dir='ltr'><strong>diu</strong></span> <span class='ocrx_word' id='word_1_201' title='bbox 2812 1676 2971 1731; x_wconf 82' lang='lat' dir='ltr'><strong>officii</strong></span> <span class='ocrx_word' id='word_1_202' title='bbox 3000 1678 3216 1747; x_wconf 87' lang='lat' dir='ltr'><strong>querela</strong></span> <span class='ocrx_word' id='word_1_203' title='bbox 3257 1678 3505 1746; x_wconf 90' lang='lat' dir='ltr'><strong>decedat,</strong></span> 
     </span>
    </p>
   </div>
   <div class='ocr_carea' id='block_1_32' title="bbox 1936 1761 3506 1840">
    <p class='ocr_par' dir='ltr' id='par_1_32' title="bbox 1936 1761 3506 1840">
     <span class='ocr_line' id='line_1_32' title="bbox 1936 1761 3506 1840; baseline 0.006 -24"><span class='ocrx_word' id='word_1_204' title='bbox 1936 1761 1981 1816; x_wconf 90' lang='lat' dir='ltr'><strong>si</strong></span> <span class='ocrx_word' id='word_1_205' title='bbox 2012 1762 2277 1830; x_wconf 90' lang='lat' dir='ltr'><strong>potiamur</strong></span> <span class='ocrx_word' id='word_1_206' title='bbox 2329 1773 2530 1833; x_wconf 89' lang='lat' dir='ltr'><strong>optato.</strong></span> <span class='ocrx_word' id='word_1_207' title='bbox 2576 1765 2718 1835; x_wconf 86' lang='lat' dir='ltr'><strong>Ergo</strong></span> <span class='ocrx_word' id='word_1_208' title='bbox 2756 1782 2949 1835; x_wconf 86' lang='lat' dir='ltr'><strong>magno</strong></span> <span class='ocrx_word' id='word_1_209' title='bbox 2988 1768 3227 1838; x_wconf 89' lang='lat' dir='ltr'><strong>impensn</strong></span> <span class='ocrx_word' id='word_1_210' title='bbox 3268 1770 3506 1840; x_wconf 78' lang='lat' dir='ltr'><strong>gratulor</strong></span> 
     </span>
    </p>
   </div>
   <div class='ocr_carea' id='block_1_33' title="bbox 256 1834 3508 1931">
    <p class='ocr_par' dir='ltr' id='par_1_33' title="bbox 256 1834 3508 1931">
     <span class='ocr_line' id='line_1_33' title="bbox 256 1834 3508 1931; baseline 0.001 -17"><span class='ocrx_word' id='word_1_211' title='bbox 256 1855 449 1912; x_wconf 85' lang='lat' dir='ltr'><strong>sedulo</strong></span> <span class='ocrx_word' id='word_1_212' title='bbox 477 1834 835 1927; x_wconf 73' lang='lat' dir='ltr'><strong>postulamus,</strong></span> <span class='ocrx_word' id='word_1_213' title='bbox 862 1871 919 1915; x_wconf 92' lang='lat' dir='ltr'><strong>ut</strong></span> <span class='ocrx_word' id='word_1_214' title='bbox 946 1834 1153 1931; x_wconf 85' lang='lat' dir='ltr'><strong>quoties</strong></span> <span class='ocrx_word' id='word_1_215' title='bbox 1194 1863 1303 1915; x_wconf 79' lang='lat' dir='ltr'><strong>fors</strong></span> <span class='ocrx_word' id='word_1_216' title='bbox 1352 1862 1553 1931; x_wconf 91' lang='lat' dir='ltr'><strong>copiam</strong></span> <span class='ocrx_word' id='word_1_217' title='bbox 1603 1860 1809 1916; x_wconf 90' lang='lat' dir='ltr'><strong>dederit</strong></span> <span class='ocrx_word' id='word_1_218' title='bbox 1863 1834 1908 1895; x_wconf 75' lang='grc' dir='ltr'><strong>Β</strong></span> <span class='ocrx_word' id='word_1_219' title='bbox 1936 1854 2253 1923; x_wconf 77' lang='lat' dir='ltr'><strong>integratum</strong></span> <span class='ocrx_word' id='word_1_220' title='bbox 2287 1857 2415 1911; x_wconf 93' lang='lat' dir='ltr'><strong>mihi</strong></span> <span class='ocrx_word' id='word_1_221' title='bbox 2444 1872 2563 1912; x_wconf 87' lang='lat' dir='ltr'><strong>esse</strong></span> <span class='ocrx_word' id='word_1_222' title='bbox 2596 1834 2784 1928; x_wconf 85' lang='lat' dir='ltr'><strong>pignus</strong></span> <span class='ocrx_word' id='word_1_223' title='bbox 2811 1834 3096 1929; x_wconf 72' lang='lat' dir='ltr'><strong>religionis.</strong></span> <span class='ocrx_word' id='word_1_224' title='bbox 3131 1834 3413 1917; x_wconf 72' lang='lat' dir='ltr'><strong>Praestabis</strong></span> <span class='ocrx_word' id='word_1_225' title='bbox 3439 1877 3508 1917; x_wconf 88' lang='lat' dir='ltr'><strong>ue</strong></span> 
     </span>
    </p>
   </div>
   <div class='ocr_carea' id='block_1_34' title="bbox 256 1952 1549 2025">
    <p class='ocr_par' dir='ltr' id='par_1_34' title="bbox 256 1952 1549 2025">
     <span class='ocr_line' id='line_1_34' title="bbox 256 1952 1549 2025; baseline 0.002 -18"><span class='ocrx_word' id='word_1_226' title='bbox 256 1952 500 2021; x_wconf 80' lang='lat' dir='ltr'><strong>legamus</strong></span> <span class='ocrx_word' id='word_1_227' title='bbox 523 1952 702 2009; x_wconf 86' lang='lat' dir='ltr'><strong>saltim</strong></span> <span class='ocrx_word' id='word_1_228' title='bbox 732 1954 822 2025; x_wconf 90' lang='lat' dir='ltr'><strong>qui</strong></span> <span class='ocrx_word' id='word_1_229' title='bbox 845 1954 1027 2008; x_wconf 87' lang='lat' dir='ltr'><strong>videre</strong></span> <span class='ocrx_word' id='word_1_230' title='bbox 1065 1955 1367 2009; x_wconf 78' lang='lat' dir='ltr'><strong>maluimus.</strong></span> <span class='ocrx_word' id='word_1_231' title='bbox 1401 1953 1549 2009; x_wconf 88' lang='lat' dir='ltr'><strong>Vale.</strong></span> 
     </span>
    </p>
   </div>
   <div class='ocr_carea' id='block_1_35' title="bbox 848 2043 1262 2100">
    <p class='ocr_par' dir='ltr' id='par_1_35' title="bbox 848 2043 1262 2100">
     <span class='ocr_line' id='line_1_35' title="bbox 848 2043 1262 2100; baseline 0.002 -2"><span class='ocrx_word' id='word_1_232' title='bbox 848 2043 1064 2100; x_wconf 81' lang='lat' dir='ltr'><strong>EPIST.</strong></span> <span class='ocrx_word' id='word_1_233' title='bbox 1108 2045 1262 2099; x_wconf 77' lang='lat' dir='ltr'><strong>LXII.</strong></span> 
     </span>
    </p>
   </div>
   <div class='ocr_carea' id='block_1_36' title="bbox 720 2151 1361 2196">
    <p class='ocr_par' dir='ltr' id='par_1_36' title="bbox 720 2151 1361 2196">
     <span class='ocr_line' id='line_1_36' title="bbox 720 2151 1361 2196; baseline -0.009 0"><span class='ocrx_word' id='word_1_234' title='bbox 720 2152 1027 2196; x_wconf 59' lang='lat' dir='ltr'><strong>SVIIACHUS</strong></span> <span class='ocrx_word' id='word_1_235' title='bbox 1071 2151 1361 2193; x_wconf 70' lang='lat' dir='ltr'><strong>EUPRAXIO.</strong></span> 
     </span>
    </p>
   </div>
   <div class='ocr_carea' id='block_1_37' title="bbox 331 2226 1831 2293">
    <p class='ocr_par' dir='ltr' id='par_1_37' title="bbox 331 2226 1831 2293">
     <span class='ocr_line' id='line_1_37' title="bbox 331 2226 1831 2293; baseline -0.003 -6"><span class='ocrx_word' id='word_1_236' title='bbox 331 2231 399 2290; x_wconf 83' lang='lat' dir='ltr'><strong>Et</strong></span> <span class='ocrx_word' id='word_1_237' title='bbox 444 2234 676 2289; x_wconf 90' lang='lat' dir='ltr'><strong>amicitia</strong></span> <span class='ocrx_word' id='word_1_238' title='bbox 722 2240 902 2286; x_wconf 87' lang='lat' dir='ltr'><strong>nostra</strong></span> <span class='ocrx_word' id='word_1_239' title='bbox 954 2229 1009 2284; x_wconf 91' lang='lat' dir='ltr'><strong>in</strong></span> <span class='ocrx_word' id='word_1_240' title='bbox 1050 2243 1144 2284; x_wconf 93' lang='lat' dir='ltr'><strong>ore</strong></span> <span class='ocrx_word' id='word_1_241' title='bbox 1173 2228 1461 2283; x_wconf 87' lang='lat' dir='ltr'><strong>multorum</strong></span> <span class='ocrx_word' id='word_1_242' title='bbox 1492 2235 1603 2293; x_wconf 88' lang='lat' dir='ltr'><strong>est,</strong></span> <span class='ocrx_word' id='word_1_243' title='bbox 1635 2236 1687 2282; x_wconf 92' lang='lat' dir='ltr'><strong>et</strong></span> <span class='ocrx_word' id='word_1_244' title='bbox 1715 2226 1831 2282; x_wconf 89' lang='lat' dir='ltr'><strong>laus</strong></span> 
     </span>
    </p>
   </div>
   <div class='ocr_carea' id='block_1_38' title="bbox 251 2320 1833 2396">
    <p class='ocr_par' dir='ltr' id='par_1_38' title="bbox 251 2320 1833 2396">
     <span class='ocr_line' id='line_1_38' title="bbox 251 2320 1833 2396; baseline -0.003 -16"><span class='ocrx_word' id='word_1_245' title='bbox 251 2339 516 2396; x_wconf 86' lang='lat' dir='ltr'><strong>equorum</strong></span> <span class='ocrx_word' id='word_1_246' title='bbox 557 2335 769 2380; x_wconf 92' lang='lat' dir='ltr'><strong>tuorum</strong></span> <span class='ocrx_word' id='word_1_247' title='bbox 814 2322 1095 2391; x_wconf 89' lang='lat' dir='ltr'><strong>longinqua</strong></span> <span class='ocrx_word' id='word_1_248' title='bbox 1135 2320 1450 2391; x_wconf 86' lang='lat' dir='ltr'><strong>penetravit.</strong></span> <span class='ocrx_word' id='word_1_249' title='bbox 1496 2320 1631 2375; x_wconf 86' lang='lat' dir='ltr'><strong>Ilinc</strong></span> <span class='ocrx_word' id='word_1_250' title='bbox 1675 2320 1736 2375; x_wconf 85' lang='lat' dir='ltr'><strong>Iit</strong></span> <span class='ocrx_word' id='word_1_251' title='bbox 1774 2328 1833 2375; x_wconf 91' lang='lat' dir='ltr'><strong>ut</strong></span> 
     </span>
    </p>
   </div>
   <div class='ocr_carea' id='block_1_39' title="bbox 248 2413 1830 2488">
    <p class='ocr_par' dir='ltr' id='par_1_39' title="bbox 248 2413 1830 2488">
     <span class='ocr_line' id='line_1_39' title="bbox 248 2413 1830 2488; baseline -0.004 -15"><span class='ocrx_word' id='word_1_252' title='bbox 248 2433 371 2473; x_wconf 68' lang='lat' dir='ltr'><strong>suae</strong></span> <span class='ocrx_word' id='word_1_253' title='bbox 392 2418 615 2488; x_wconf 87' lang='lat' dir='ltr'><strong>quisque</strong></span> <span class='ocrx_word' id='word_1_254' title='bbox 659 2417 843 2485; x_wconf 65' lang='lat' dir='ltr'><strong>patriae</strong></span> <span class='ocrx_word' id='word_1_255' title='bbox 881 2415 1222 2484; x_wconf 80' lang='lat' dir='ltr'><strong>magistratus</strong></span> <span class='ocrx_word' id='word_1_256' title='bbox 1253 2430 1384 2468; x_wconf 73' lang='lat' dir='ltr'><strong>mete</strong></span> <span class='ocrx_word' id='word_1_257' title='bbox 1412 2413 1830 2469; x_wconf 85' lang='lat' dir='ltr'><strong>commendatio-</strong></span> 
     </span>
    </p>
   </div>
   <div class='ocr_carea' id='block_1_40' title="bbox 250 2503 1829 2577">
    <p class='ocr_par' dir='ltr' id='par_1_40' title="bbox 250 2503 1829 2577">
     <span class='ocr_line' id='line_1_40' title="bbox 250 2503 1829 2577; baseline -0.003 -15"><span class='ocrx_word' id='word_1_258' title='bbox 250 2508 344 2563; x_wconf 85' lang='lat' dir='ltr'><strong>uis</strong></span> <span class='ocrx_word' id='word_1_259' title='bbox 374 2523 527 2577; x_wconf 92' lang='lat' dir='ltr'><strong>opem</strong></span> <span class='ocrx_word' id='word_1_260' title='bbox 556 2506 812 2577; x_wconf 88' lang='lat' dir='ltr'><strong>postulet,</strong></span> <span class='ocrx_word' id='word_1_261' title='bbox 836 2520 1054 2577; x_wconf 87' lang='lat' dir='ltr'><strong>gregum</strong></span> <span class='ocrx_word' id='word_1_262' title='bbox 1086 2514 1296 2559; x_wconf 88' lang='lat' dir='ltr'><strong>tuorum</strong></span> <span class='ocrx_word' id='word_1_263' title='bbox 1326 2505 1462 2558; x_wconf 89' lang='lat' dir='ltr'><strong>fama</strong></span> <span class='ocrx_word' id='word_1_264' title='bbox 1492 2504 1721 2559; x_wconf 88' lang='lat' dir='ltr'><strong>illectus.</strong></span> <span class='ocrx_word' id='word_1_265' title='bbox 1755 2503 1829 2557; x_wconf 84' lang='lat' dir='ltr'><strong>Ea</strong></span> 
     </span>
    </p>
   </div>
   <div class='ocr_carea' id='block_1_41' title="bbox 252 2595 1828 2669">
    <p class='ocr_par' dir='ltr' id='par_1_41' title="bbox 252 2595 1828 2669">
     <span class='ocr_line' id='line_1_41' title="bbox 252 2595 1828 2669; baseline -0.003 -16"><span class='ocrx_word' id='word_1_266' title='bbox 252 2610 479 2669; x_wconf 70' lang='lat' dir='ltr'><strong>jropter</strong></span> <span class='ocrx_word' id='word_1_267' title='bbox 504 2608 797 2653; x_wconf 88' lang='lat' dir='ltr'><strong>summates</strong></span> <span class='ocrx_word' id='word_1_268' title='bbox 825 2597 1263 2653; x_wconf 79' lang='lat' dir='ltr'><strong>Antiochensium</strong></span> <span class='ocrx_word' id='word_1_269' title='bbox 1297 2596 1444 2651; x_wconf 84' lang='lat' dir='ltr'><strong>missi</strong></span> <span class='ocrx_word' id='word_1_270' title='bbox 1470 2595 1536 2651; x_wconf 89' lang='lat' dir='ltr'><strong>ad</strong></span> <span class='ocrx_word' id='word_1_271' title='bbox 1582 2610 1828 2651; x_wconf 88' lang='lat' dir='ltr'><strong>mercan-</strong></span> 
     </span>
    </p>
   </div>
   <div class='ocr_carea' id='block_1_42' title="bbox 245 2687 1825 2762">
    <p class='ocr_par' dir='ltr' id='par_1_42' title="bbox 245 2687 1825 2762">
     <span class='ocr_line' id='line_1_42' title="bbox 245 2687 1825 2762; baseline -0.004 -15"><span class='ocrx_word' id='word_1_272' title='bbox 245 2692 353 2747; x_wconf 80' lang='lat' dir='ltr'><strong>das</strong></span> <span class='ocrx_word' id='word_1_273' title='bbox 374 2692 674 2762; x_wconf 86' lang='lat' dir='ltr'><strong>quadrigas,</strong></span> <span class='ocrx_word' id='word_1_274' title='bbox 693 2691 866 2760; x_wconf 89' lang='lat' dir='ltr'><strong>juvari</strong></span> <span class='ocrx_word' id='word_1_275' title='bbox 892 2689 1034 2759; x_wconf 91' lang='lat' dir='ltr'><strong>apud</strong></span> <span class='ocrx_word' id='word_1_276' title='bbox 1070 2700 1120 2744; x_wconf 90' lang='lat' dir='ltr'><strong>te</strong></span> <span class='ocrx_word' id='word_1_277' title='bbox 1150 2687 1413 2743; x_wconf 70' lang='lat' dir='ltr'><strong>sermoois</strong></span> <span class='ocrx_word' id='word_1_278' title='bbox 1441 2688 1607 2742; x_wconf 79' lang='lat' dir='ltr'><strong>nostri</strong></span> <span class='ocrx_word' id='word_1_279' title='bbox 1642 2687 1825 2742; x_wconf 83' lang='lat' dir='ltr'><strong>conci-</strong></span> 
     </span>
    </p>
   </div>
   <div class='ocr_carea' id='block_1_43' title="bbox 246 2780 1831 2850">
    <p class='ocr_par' dir='ltr' id='par_1_43' title="bbox 246 2780 1831 2850">
     <span class='ocr_line' id='line_1_43' title="bbox 246 2780 1831 2850; baseline -0.004 -13"><span class='ocrx_word' id='word_1_280' title='bbox 246 2784 477 2838; x_wconf 88' lang='lat' dir='ltr'><strong>Iiatione</strong></span> <span class='ocrx_word' id='word_1_281' title='bbox 501 2783 806 2838; x_wconf 90' lang='lat' dir='ltr'><strong>voluerunt.</strong></span> <span class='ocrx_word' id='word_1_282' title='bbox 829 2783 1041 2848; x_wconf 83' lang='lat' dir='ltr'><strong>Annue,</strong></span> <span class='ocrx_word' id='word_1_283' title='bbox 1059 2796 1261 2850; x_wconf 57' lang='lat' dir='ltr'><strong>quaso,</strong></span> <span class='ocrx_word' id='word_1_284' title='bbox 1288 2780 1502 2849; x_wconf 91' lang='lat' dir='ltr'><strong>longum</strong></span> <span class='ocrx_word' id='word_1_285' title='bbox 1523 2780 1831 2847; x_wconf 84' lang='lat' dir='ltr'><strong>peregrina-</strong></span> 
     </span>
    </p>
   </div>
   <div class='ocr_carea' id='block_1_44' title="bbox 245 2871 1828 2943">
    <p class='ocr_par' dir='ltr' id='par_1_44' title="bbox 245 2871 1828 2943">
     <span class='ocr_line' id='line_1_44' title="bbox 245 2871 1828 2943; baseline -0.002 -15"><span class='ocrx_word' id='word_1_286' title='bbox 245 2875 345 2940; x_wconf 86' lang='lat' dir='ltr'><strong>tis,</strong></span> <span class='ocrx_word' id='word_1_287' title='bbox 374 2883 430 2929; x_wconf 90' lang='lat' dir='ltr'><strong>et</strong></span> <span class='ocrx_word' id='word_1_288' title='bbox 456 2874 759 2941; x_wconf 79' lang='lat' dir='ltr'><strong>electionis,</strong></span> <span class='ocrx_word' id='word_1_289' title='bbox 793 2884 846 2929; x_wconf 90' lang='lat' dir='ltr'><strong>et</strong></span> <span class='ocrx_word' id='word_1_290' title='bbox 867 2873 1021 2943; x_wconf 90' lang='lat' dir='ltr'><strong>pretii</strong></span> <span class='ocrx_word' id='word_1_291' title='bbox 1048 2872 1244 2943; x_wconf 88' lang='lat' dir='ltr'><strong>justam</strong></span> <span class='ocrx_word' id='word_1_292' title='bbox 1273 2871 1685 2941; x_wconf 82' lang='lat' dir='ltr'><strong>benignitatem;</strong></span> <span class='ocrx_word' id='word_1_293' title='bbox 1711 2886 1828 2941; x_wconf 70' lang='lat' dir='ltr'><strong>qua:</strong></span> 
     </span>
    </p>
   </div>
   <div class='ocr_carea' id='block_1_45' title="bbox 243 2964 1828 3037">
    <p class='ocr_par' dir='ltr' id='par_1_45' title="bbox 243 2964 1828 3037">
     <span class='ocr_line' id='line_1_45' title="bbox 243 2964 1828 3037; baseline -0.001 -17"><span class='ocrx_word' id='word_1_294' title='bbox 243 2966 500 3021; x_wconf 87' lang='lat' dir='ltr'><strong>homines</strong></span> <span class='ocrx_word' id='word_1_295' title='bbox 537 2966 842 3037; x_wconf 89' lang='lat' dir='ltr'><strong>opinionem</strong></span> <span class='ocrx_word' id='word_1_296' title='bbox 871 2965 1123 3022; x_wconf 88' lang='lat' dir='ltr'><strong>blandam</strong></span> <span class='ocrx_word' id='word_1_297' title='bbox 1153 2974 1396 3031; x_wconf 90' lang='lat' dir='ltr'><strong>secutos,</strong></span> <span class='ocrx_word' id='word_1_298' title='bbox 1430 2964 1498 3020; x_wconf 90' lang='lat' dir='ltr'><strong>de</strong></span> <span class='ocrx_word' id='word_1_299' title='bbox 1529 2974 1618 3019; x_wconf 93' lang='lat' dir='ltr'><strong>tuo</strong></span> <span class='ocrx_word' id='word_1_300' title='bbox 1650 2964 1828 3019; x_wconf 89' lang='lat' dir='ltr'><strong>studio</strong></span> 
     </span>
    </p>
   </div>
   <div class='ocr_carea' id='block_1_46' title="bbox 243 3055 1690 3133">
    <p class='ocr_par' dir='ltr' id='par_1_46' title="bbox 243 3055 1690 3133">
     <span class='ocr_line' id='line_1_46' title="bbox 243 3055 1690 3133; baseline -0.001 -21"><span class='ocrx_word' id='word_1_301' title='bbox 243 3072 481 3129; x_wconf 87' lang='lat' dir='ltr'><strong>meoque</strong></span> <span class='ocrx_word' id='word_1_302' title='bbox 504 3059 694 3116; x_wconf 87' lang='lat' dir='ltr'><strong>merito</strong></span> <span class='ocrx_word' id='word_1_303' title='bbox 723 3073 907 3133; x_wconf 89' lang='lat' dir='ltr'><strong>verum</strong></span> <span class='ocrx_word' id='word_1_304' title='bbox 934 3072 1179 3127; x_wconf 90' lang='lat' dir='ltr'><strong>sperasse</strong></span> <span class='ocrx_word' id='word_1_305' title='bbox 1205 3056 1507 3112; x_wconf 81' lang='lat' dir='ltr'><strong>confirmet.</strong></span> <span class='ocrx_word' id='word_1_306' title='bbox 1546 3055 1690 3111; x_wconf 84' lang='lat' dir='ltr'><strong>Vale.</strong></span> 
     </span>
    </p>
   </div>
   <div class='ocr_carea' id='block_1_47' title="bbox 224 3150 1262 3207">
    <p class='ocr_par' dir='ltr' id='par_1_47' title="bbox 224 3150 1262 3207">
     <span class='ocr_line' id='line_1_47' title="bbox 224 3150 1262 3207; baseline -0.005 5"><span class='ocrx_word' id='word_1_307' title='bbox 224 3156 227 3159; x_wconf 58' lang='grc'><strong><em>⁷</em></strong></span> <span class='ocrx_word' id='word_1_308' title='bbox 820 3150 1037 3207; x_wconf 82' lang='lat' dir='ltr'><strong>EPIST.</strong></span> <span class='ocrx_word' id='word_1_309' title='bbox 1080 3150 1262 3207; x_wconf 78' lang='lat' dir='ltr'><strong>LXIII.</strong></span> 
     </span>
    </p>
   </div>
   <div class='ocr_carea' id='block_1_48' title="bbox 720 3256 1349 3299">
    <p class='ocr_par' dir='ltr' id='par_1_48' title="bbox 720 3256 1349 3299">
     <span class='ocr_line' id='line_1_48' title="bbox 720 3256 1349 3299; baseline -0.005 0"><span class='ocrx_word' id='word_1_310' title='bbox 720 3259 1027 3299; x_wconf 72' lang='lat' dir='ltr'><strong>BYIIACIIUS</strong></span> <span class='ocrx_word' id='word_1_311' title='bbox 1068 3256 1349 3299; x_wconf 70' lang='grc' dir='ltr'><strong>ευριιλιιο.</strong></span> 
     </span>
    </p>
   </div>
   <div class='ocr_carea' id='block_1_49' title="bbox 319 3328 1821 3401">
    <p class='ocr_par' dir='ltr' id='par_1_49' title="bbox 319 3328 1821 3401">
     <span class='ocr_line' id='line_1_49' title="bbox 319 3328 1821 3401; baseline -0.001 -17"><span class='ocrx_word' id='word_1_312' title='bbox 319 3328 424 3385; x_wconf 89' lang='lat' dir='ltr'><strong>Fas</strong></span> <span class='ocrx_word' id='word_1_313' title='bbox 448 3330 520 3385; x_wconf 91' lang='lat' dir='ltr'><strong>sit</strong></span> <span class='ocrx_word' id='word_1_314' title='bbox 548 3330 766 3387; x_wconf 91' lang='lat' dir='ltr'><strong>dicere:</strong></span> <span class='ocrx_word' id='word_1_315' title='bbox 796 3345 1053 3401; x_wconf 89' lang='lat' dir='ltr'><strong>equorum</strong></span> <span class='ocrx_word' id='word_1_316' title='bbox 1080 3330 1344 3385; x_wconf 88' lang='lat' dir='ltr'><strong>curulium</strong></span> <span class='ocrx_word' id='word_1_317' title='bbox 1371 3328 1523 3399; x_wconf 89' lang='lat' dir='ltr'><strong>copia</strong></span> <span class='ocrx_word' id='word_1_318' title='bbox 1555 3342 1661 3383; x_wconf 76' lang='lat' dir='ltr'><strong>non</strong></span> <span class='ocrx_word' id='word_1_319' title='bbox 1694 3341 1821 3397; x_wconf 74' lang='lat' dir='ltr'><strong>ege-</strong></span> 
     </span>
    </p>
   </div>
   <div class='ocr_carea' id='block_1_50' title="bbox 239 3421 1819 3493">
    <p class='ocr_par' dir='ltr' id='par_1_50' title="bbox 239 3421 1819 3493">
     <span class='ocr_line' id='line_1_50' title="bbox 239 3421 1819 3493; baseline 0 -17"><span class='ocrx_word' id='word_1_320' title='bbox 239 3436 397 3487; x_wconf 88' lang='lat' dir='ltr'><strong>mus,</strong></span> <span class='ocrx_word' id='word_1_321' title='bbox 428 3422 524 3477; x_wconf 88' lang='lat' dir='ltr'><strong>sed</strong></span> <span class='ocrx_word' id='word_1_322' title='bbox 564 3422 753 3479; x_wconf 90' lang='lat' dir='ltr'><strong>incitat</strong></span> <span class='ocrx_word' id='word_1_323' title='bbox 795 3437 893 3478; x_wconf 91' lang='lat' dir='ltr'><strong>nos</strong></span> <span class='ocrx_word' id='word_1_324' title='bbox 937 3433 1184 3493; x_wconf 67' lang='lat' dir='ltr'><strong>praetura:</strong></span> <span class='ocrx_word' id='word_1_325' title='bbox 1218 3437 1367 3478; x_wconf 89' lang='lat' dir='ltr'><strong>mora</strong></span> <span class='ocrx_word' id='word_1_326' title='bbox 1395 3421 1462 3477; x_wconf 90' lang='lat' dir='ltr'><strong>ad</strong></span> <span class='ocrx_word' id='word_1_327' title='bbox 1493 3421 1819 3478; x_wconf 82' lang='lat' dir='ltr'><strong>desiderium</strong></span> 
     </span>
    </p>
   </div>
   <div class='ocr_carea' id='block_1_51' title="bbox 239 3513 1817 3586">
    <p class='ocr_par' dir='ltr' id='par_1_51' title="bbox 239 3513 1817 3586">
     <span class='ocr_line' id='line_1_51' title="bbox 239 3513 1817 3586; baseline 0 -18"><span class='ocrx_word' id='word_1_328' title='bbox 239 3514 486 3569; x_wconf 89' lang='lat' dir='ltr'><strong>muneris</strong></span> <span class='ocrx_word' id='word_1_329' title='bbox 526 3514 787 3585; x_wconf 87' lang='lat' dir='ltr'><strong>largioris.</strong></span> <span class='ocrx_word' id='word_1_330' title='bbox 844 3514 901 3571; x_wconf 90' lang='lat' dir='ltr'><strong>Si</strong></span> <span class='ocrx_word' id='word_1_331' title='bbox 940 3530 1068 3586; x_wconf 91' lang='lat' dir='ltr'><strong>ergo</strong></span> <span class='ocrx_word' id='word_1_332' title='bbox 1109 3515 1281 3570; x_wconf 87' lang='lat' dir='ltr'><strong>dulcis</strong></span> <span class='ocrx_word' id='word_1_333' title='bbox 1326 3523 1409 3569; x_wconf 91' lang='lat' dir='ltr'><strong>est</strong></span> <span class='ocrx_word' id='word_1_334' title='bbox 1452 3515 1550 3585; x_wconf 89' lang='lat' dir='ltr'><strong>(ut</strong></span> <span class='ocrx_word' id='word_1_335' title='bbox 1584 3513 1817 3585; x_wconf 88' lang='lat' dir='ltr'><strong>assolet)</strong></span> 
     </span>
    </p>
   </div>
   <div class='ocr_carea' id='block_1_52' title="bbox 237 3604 1820 3677">
    <p class='ocr_par' dir='ltr' id='par_1_52' title="bbox 237 3604 1820 3677">
     <span class='ocr_line' id='line_1_52' title="bbox 237 3604 1820 3677; baseline -0.001 -18"><span class='ocrx_word' id='word_1_336' title='bbox 237 3605 481 3660; x_wconf 85' lang='lat' dir='ltr'><strong>mandati</strong></span> <span class='ocrx_word' id='word_1_337' title='bbox 511 3607 615 3661; x_wconf 88' lang='lat' dir='ltr'><strong>mei</strong></span> <span class='ocrx_word' id='word_1_338' title='bbox 644 3606 917 3662; x_wconf 91' lang='lat' dir='ltr'><strong>exsecutio</strong></span> <span class='ocrx_word' id='word_1_339' title='bbox 940 3647 955 3672; x_wconf 94' lang='lat'><strong>,</strong></span> <span class='ocrx_word' id='word_1_340' title='bbox 987 3616 1213 3675; x_wconf 88' lang='lat' dir='ltr'><strong>quatuor</strong></span> <span class='ocrx_word' id='word_1_341' title='bbox 1239 3620 1302 3661; x_wconf 86' lang='lat' dir='ltr'><strong>ex</strong></span> <span class='ocrx_word' id='word_1_342' title='bbox 1328 3620 1488 3677; x_wconf 75' lang='lat' dir='ltr'><strong>grege</strong></span> <span class='ocrx_word' id='word_1_343' title='bbox 1526 3604 1820 3661; x_wconf 86' lang='lat' dir='ltr'><strong>Laudacia-</strong></span> 
     </span>
    </p>
   </div>
   <div class='ocr_carea' id='block_1_53' title="bbox 236 3697 1817 3768">
    <p class='ocr_par' dir='ltr' id='par_1_53' title="bbox 236 3697 1817 3768">
     <span class='ocr_line' id='line_1_53' title="bbox 236 3697 1817 3768; baseline 0.001 -17"><span class='ocrx_word' id='word_1_344' title='bbox 236 3711 435 3751; x_wconf 85' lang='lat' dir='ltr'><strong>norum</strong></span> <span class='ocrx_word' id='word_1_345' title='bbox 466 3698 769 3768; x_wconf 79' lang='lat' dir='ltr'><strong>quadrigas,</strong></span> <span class='ocrx_word' id='word_1_346' title='bbox 801 3711 932 3768; x_wconf 85' lang='lat' dir='ltr'><strong>quas</strong></span> <span class='ocrx_word' id='word_1_347' title='bbox 960 3707 1045 3751; x_wconf 88' lang='lat' dir='ltr'><strong>tua</strong></span> <span class='ocrx_word' id='word_1_348' title='bbox 1097 3697 1322 3753; x_wconf 80' lang='lat' dir='ltr'><strong>defloret</strong></span> <span class='ocrx_word' id='word_1_349' title='bbox 1364 3699 1580 3763; x_wconf 90' lang='lat' dir='ltr'><strong>electio,</strong></span> <span class='ocrx_word' id='word_1_350' title='bbox 1628 3697 1694 3752; x_wconf 90' lang='lat' dir='ltr'><strong>ad</strong></span> <span class='ocrx_word' id='word_1_351' title='bbox 1730 3713 1817 3753; x_wconf 92' lang='lat' dir='ltr'><strong>me</strong></span> 
     </span>
    </p>
   </div>
   <div class='ocr_carea' id='block_1_54' title="bbox 233 3787 1817 3860">
    <p class='ocr_par' dir='ltr' id='par_1_54' title="bbox 233 3787 1817 3860">
     <span class='ocr_line' id='line_1_54' title="bbox 233 3787 1817 3860; baseline 0 -17"><span class='ocrx_word' id='word_1_352' title='bbox 233 3796 371 3857; x_wconf 91' lang='lat' dir='ltr'><strong>opto</strong></span> <span class='ocrx_word' id='word_1_353' title='bbox 399 3787 615 3856; x_wconf 90' lang='lat' dir='ltr'><strong>deduci,</strong></span> <span class='ocrx_word' id='word_1_354' title='bbox 647 3804 766 3845; x_wconf 90' lang='lat' dir='ltr'><strong>cum</strong></span> <span class='ocrx_word' id='word_1_355' title='bbox 797 3789 1026 3858; x_wconf 86' lang='lat' dir='ltr'><strong>primum</strong></span> <span class='ocrx_word' id='word_1_356' title='bbox 1052 3803 1199 3843; x_wconf 89' lang='lat' dir='ltr'><strong>mare</strong></span> <span class='ocrx_word' id='word_1_357' title='bbox 1224 3791 1490 3859; x_wconf 87' lang='lat' dir='ltr'><strong>navigatio</strong></span> <span class='ocrx_word' id='word_1_358' title='bbox 1516 3805 1679 3845; x_wconf 89' lang='lat' dir='ltr'><strong>verna</strong></span> <span class='ocrx_word' id='word_1_359' title='bbox 1719 3804 1817 3860; x_wconf 83' lang='lat' dir='ltr'><strong>pa-</strong></span> 
     </span>
    </p>
   </div>
   <div class='ocr_carea' id='block_1_55' title="bbox 232 3880 1815 3953">
    <p class='ocr_par' dir='ltr' id='par_1_55' title="bbox 232 3880 1815 3953">
     <span class='ocr_line' id='line_1_55' title="bbox 232 3880 1815 3953; baseline 0.003 -20"><span class='ocrx_word' id='word_1_360' title='bbox 232 3880 503 3936; x_wconf 87' lang='lat' dir='ltr'><strong>tefecerit.</strong></span> <span class='ocrx_word' id='word_1_361' title='bbox 535 3881 645 3950; x_wconf 83' lang='lat' dir='ltr'><strong>Ego</strong></span> <span class='ocrx_word' id='word_1_362' title='bbox 675 3881 902 3952; x_wconf 91' lang='lat' dir='ltr'><strong>pretium</strong></span> <span class='ocrx_word' id='word_1_363' title='bbox 944 3882 1085 3952; x_wconf 89' lang='lat' dir='ltr'><strong>quod</strong></span> <span class='ocrx_word' id='word_1_364' title='bbox 1121 3882 1445 3953; x_wconf 89' lang='lat' dir='ltr'><strong>signaverint</strong></span> <span class='ocrx_word' id='word_1_365' title='bbox 1484 3884 1676 3939; x_wconf 70' lang='lat' dir='ltr'><strong>littera:</strong></span> <span class='ocrx_word' id='word_1_366' title='bbox 1712 3892 1815 3938; x_wconf 70' lang='lat' dir='ltr'><strong>tua:</strong></span> 
     </span>
    </p>
   </div>
   <div class='ocr_carea' id='block_1_56' title="bbox 229 3972 1811 4045">
    <p class='ocr_par' dir='ltr' id='par_1_56' title="bbox 229 3972 1811 4045">
     <span class='ocr_line' id='line_1_56' title="bbox 229 3972 1811 4045; baseline 0.003 -20"><span class='ocrx_word' id='word_1_367' title='bbox 229 3972 287 4026; x_wconf 88' lang='lat' dir='ltr'><strong>in</strong></span> <span class='ocrx_word' id='word_1_368' title='bbox 321 3986 435 4027; x_wconf 90' lang='lat' dir='ltr'><strong>rem</strong></span> <span class='ocrx_word' id='word_1_369' title='bbox 466 3972 642 4028; x_wconf 69' lang='lat' dir='ltr'><strong>missis</strong></span> <span class='ocrx_word' id='word_1_370' title='bbox 663 3974 1038 4030; x_wconf 89' lang='lat' dir='ltr'><strong>remunerabo.</strong></span> <span class='ocrx_word' id='word_1_371' title='bbox 1070 3975 1383 4045; x_wconf 86' lang='lat' dir='ltr'><strong>Quanquam</strong></span> <span class='ocrx_word' id='word_1_372' title='bbox 1415 3976 1513 4031; x_wconf 93' lang='lat' dir='ltr'><strong>hoc</strong></span> <span class='ocrx_word' id='word_1_373' title='bbox 1545 3975 1811 4045; x_wconf 91' lang='lat' dir='ltr'><strong>spondere</strong></span> 
     </span>
    </p>
   </div>
   <div class='ocr_carea' id='block_1_57' title="bbox 228 4063 1815 4138">
    <p class='ocr_par' dir='ltr' id='par_1_57' title="bbox 228 4063 1815 4138">
     <span class='ocr_line' id='line_1_57' title="bbox 228 4063 1815 4138; baseline 0.002 -19"><span class='ocrx_word' id='word_1_374' title='bbox 228 4081 343 4120; x_wconf 81' lang='lat' dir='ltr'><strong>non</strong></span> <span class='ocrx_word' id='word_1_375' title='bbox 372 4063 570 4131; x_wconf 89' lang='lat' dir='ltr'><strong>debui,</strong></span> <span class='ocrx_word' id='word_1_376' title='bbox 598 4065 722 4135; x_wconf 89' lang='lat' dir='ltr'><strong>quia</strong></span> <span class='ocrx_word' id='word_1_377' title='bbox 754 4066 885 4121; x_wconf 82' lang='lat' dir='ltr'><strong>fides</strong></span> <span class='ocrx_word' id='word_1_378' title='bbox 915 4066 1167 4121; x_wconf 75' lang='lat' dir='ltr'><strong>amicitiae</strong></span> <span class='ocrx_word' id='word_1_379' title='bbox 1198 4069 1556 4138; x_wconf 79' lang='lat' dir='ltr'><strong>syngrapham</strong></span> <span class='ocrx_word' id='word_1_380' title='bbox 1589 4082 1694 4122; x_wconf 94' lang='lat' dir='ltr'><strong>non</strong></span> <span class='ocrx_word' id='word_1_381' title='bbox 1727 4082 1815 4122; x_wconf 88' lang='lat' dir='ltr'><strong>re-</strong></span> 
     </span>
    </p>
   </div>
   <div class='ocr_carea' id='block_1_58' title="bbox 224 4154 1813 4231">
    <p class='ocr_par' dir='ltr' id='par_1_58' title="bbox 224 4154 1813 4231">
     <span class='ocr_line' id='line_1_58' title="bbox 224 4154 1813 4231; baseline 0.004 -23"><span class='ocrx_word' id='word_1_382' title='bbox 224 4155 417 4224; x_wconf 89' lang='lat' dir='ltr'><strong>quirit.</strong></span> <span class='ocrx_word' id='word_1_383' title='bbox 462 4154 637 4211; x_wconf 88' lang='lat' dir='ltr'><strong>Credo</strong></span> <span class='ocrx_word' id='word_1_384' title='bbox 680 4156 891 4211; x_wconf 88' lang='lat' dir='ltr'><strong>mireris</strong></span> <span class='ocrx_word' id='word_1_385' title='bbox 941 4173 1038 4211; x_wconf 90' lang='lat' dir='ltr'><strong>cur</strong></span> <span class='ocrx_word' id='word_1_386' title='bbox 1087 4174 1191 4212; x_wconf 88' lang='lat' dir='ltr'><strong>non</strong></span> <span class='ocrx_word' id='word_1_387' title='bbox 1240 4160 1417 4228; x_wconf 88' lang='lat' dir='ltr'><strong>potius</strong></span> <span class='ocrx_word' id='word_1_388' title='bbox 1459 4158 1526 4214; x_wconf 91' lang='lat' dir='ltr'><strong>de</strong></span> <span class='ocrx_word' id='word_1_389' title='bbox 1561 4158 1813 4231; x_wconf 86' lang='lat' dir='ltr'><strong>gregibus</strong></span> 
     </span>
    </p>
   </div>
   <div class='ocr_carea' id='block_1_59' title="bbox 227 4245 1808 4316">
    <p class='ocr_par' dir='ltr' id='par_1_59' title="bbox 227 4245 1808 4316">
     <span class='ocr_line' id='line_1_59' title="bbox 227 4245 1808 4316; baseline 0.005 -17"><span class='ocrx_word' id='word_1_390' title='bbox 227 4245 341 4299; x_wconf 87' lang='lat' dir='ltr'><strong>tuis</strong></span> <span class='ocrx_word' id='word_1_391' title='bbox 382 4247 676 4316; x_wconf 77' lang='lat' dir='ltr'><strong>postulem,</strong></span> <span class='ocrx_word' id='word_1_392' title='bbox 728 4248 816 4315; x_wconf 91' lang='lat' dir='ltr'><strong>qui</strong></span> <span class='ocrx_word' id='word_1_393' title='bbox 860 4248 1163 4316; x_wconf 86' lang='lat' dir='ltr'><strong>potissimos</strong></span> <span class='ocrx_word' id='word_1_394' title='bbox 1208 4250 1484 4305; x_wconf 90' lang='lat' dir='ltr'><strong>Iberorum</strong></span> <span class='ocrx_word' id='word_1_395' title='bbox 1530 4252 1808 4307; x_wconf 76' lang='lat' dir='ltr'><strong>nobilitate</strong></span> 
     </span>
    </p>
   </div>
   <div class='ocr_carea' id='block_1_60' title="bbox 223 4339 1812 4414">
    <p class='ocr_par' dir='ltr' id='par_1_60' title="bbox 223 4339 1812 4414">
     <span class='ocr_line' id='line_1_60' title="bbox 223 4339 1812 4414; baseline 0.003 -21"><span class='ocrx_word' id='word_1_396' title='bbox 223 4346 581 4407; x_wconf 61' lang='lat' dir='ltr'><strong>praevertunt.</strong></span> <span class='ocrx_word' id='word_1_397' title='bbox 626 4339 917 4396; x_wconf 90' lang='lat' dir='ltr'><strong>Fastidium</strong></span> <span class='ocrx_word' id='word_1_398' title='bbox 959 4341 1239 4397; x_wconf 90' lang='lat' dir='ltr'><strong>uniformis</strong></span> <span class='ocrx_word' id='word_1_399' title='bbox 1269 4344 1562 4411; x_wconf 88' lang='lat' dir='ltr'><strong>spectaculi</strong></span> <span class='ocrx_word' id='word_1_400' title='bbox 1612 4346 1812 4414; x_wconf 86' lang='lat' dir='ltr'><strong>patitur</strong></span> 
     </span>
    </p>
   </div>
   <div class='ocr_carea' id='block_1_61' title="bbox 222 4430 1809 4500">
    <p class='ocr_par' dir='ltr' id='par_1_61' title="bbox 222 4430 1809 4500">
     <span class='ocr_line' id='line_1_61' title="bbox 222 4430 1809 4500; baseline 0.006 -17"><span class='ocrx_word' id='word_1_401' title='bbox 222 4430 440 4496; x_wconf 81' lang='lat' dir='ltr'><strong>civitas,</strong></span> <span class='ocrx_word' id='word_1_402' title='bbox 459 4431 609 4500; x_wconf 87' lang='lat' dir='ltr'><strong>cujus</strong></span> <span class='ocrx_word' id='word_1_403' title='bbox 623 4433 843 4488; x_wconf 89' lang='lat' dir='ltr'><strong>satietas</strong></span> <span class='ocrx_word' id='word_1_404' title='bbox 865 4433 993 4487; x_wconf 91' lang='lat' dir='ltr'><strong>mihi</strong></span> <span class='ocrx_word' id='word_1_405' title='bbox 1016 4435 1270 4489; x_wconf 88' lang='lat' dir='ltr'><strong>varietate</strong></span> <span class='ocrx_word' id='word_1_406' title='bbox 1283 4434 1541 4490; x_wconf 87' lang='lat' dir='ltr'><strong>vincenda</strong></span> <span class='ocrx_word' id='word_1_407' title='bbox 1566 4446 1669 4490; x_wconf 89' lang='lat' dir='ltr'><strong>est.</strong></span> <span class='ocrx_word' id='word_1_408' title='bbox 1684 4437 1809 4492; x_wconf 74' lang='lat' dir='ltr'><strong>Tute</strong></span> 
     </span>
    </p>
   </div>
   <div class='ocr_carea' id='block_1_62' title="bbox 1934 1944 3506 2021">
    <p class='ocr_par' dir='ltr' id='par_1_62' title="bbox 1934 1944 3506 2021">
     <span class='ocr_line' id='line_1_62' title="bbox 1934 1944 3506 2021; baseline 0.006 -24"><span class='ocrx_word' id='word_1_409' title='bbox 1934 1944 2091 2011; x_wconf 90' lang='lat' dir='ltr'><strong>hujus</strong></span> <span class='ocrx_word' id='word_1_410' title='bbox 2136 1946 2402 2016; x_wconf 83' lang='lat' dir='ltr'><strong>Opinionis</strong></span> <span class='ocrx_word' id='word_1_411' title='bbox 2449 1946 2646 2002; x_wconf 88' lang='lat' dir='ltr'><strong>frustra</strong></span> <span class='ocrx_word' id='word_1_412' title='bbox 2688 1950 2811 2014; x_wconf 87' lang='lat' dir='ltr'><strong>sim,</strong></span> <span class='ocrx_word' id='word_1_413' title='bbox 2857 1964 2979 2005; x_wconf 90' lang='lat' dir='ltr'><strong>cum</strong></span> <span class='ocrx_word' id='word_1_414' title='bbox 3031 1951 3361 2021; x_wconf 86' lang='lat' dir='ltr'><strong>diligentiam</strong></span> <span class='ocrx_word' id='word_1_415' title='bbox 3400 1954 3506 2007; x_wconf 86' lang='lat' dir='ltr'><strong>mei</strong></span> 
     </span>
    </p>
   </div>
   <div class='ocr_carea' id='block_1_63' title="bbox 1932 2036 3004 2096">
    <p class='ocr_par' dir='ltr' id='par_1_63' title="bbox 1932 2036 3004 2096">
     <span class='ocr_line' id='line_1_63' title="bbox 1932 2036 3004 2096; baseline 0.005 -5"><span class='ocrx_word' id='word_1_416' title='bbox 1932 2036 2184 2092; x_wconf 90' lang='lat' dir='ltr'><strong>continuo</strong></span> <span class='ocrx_word' id='word_1_417' title='bbox 2208 2052 2392 2094; x_wconf 90' lang='lat' dir='ltr'><strong>amore</strong></span> <span class='ocrx_word' id='word_1_418' title='bbox 2420 2040 2741 2094; x_wconf 85' lang='lat' dir='ltr'><strong>servaveris.</strong></span> <span class='ocrx_word' id='word_1_419' title='bbox 2773 2040 2923 2096; x_wconf 88' lang='lat' dir='ltr'><strong>Vale.</strong></span> <span class='ocrx_word' id='word_1_420' title='bbox 2996 2056 3004 2063; x_wconf 81' lang='lat'><strong>&#39;</strong></span> 
     </span>
    </p>
   </div>
   <div class='ocr_carea' id='block_1_64' title="bbox 2489 2132 2939 2189">
    <p class='ocr_par' dir='ltr' id='par_1_64' title="bbox 2489 2132 2939 2189">
     <span class='ocr_line' id='line_1_64' title="bbox 2489 2132 2939 2189; baseline 0 -2"><span class='ocrx_word' id='word_1_421' title='bbox 2489 2132 2705 2189; x_wconf 83' lang='lat' dir='ltr'><strong>EPIST.</strong></span> <span class='ocrx_word' id='word_1_422' title='bbox 2760 2132 2939 2188; x_wconf 82' lang='lat' dir='ltr'><strong>LXVI.</strong></span> 
     </span>
    </p>
   </div>
   <div class='ocr_carea' id='block_1_65' title="bbox 2428 2240 3009 2282">
    <p class='ocr_par' dir='ltr' id='par_1_65' title="bbox 2428 2240 3009 2282">
     <span class='ocr_line' id='line_1_65' title="bbox 2428 2240 3009 2282; baseline 0 -3"><span class='ocrx_word' id='word_1_423' title='bbox 2428 2240 2731 2281; x_wconf 68' lang='lat' dir='ltr'><strong>SVIIIACIIUS</strong></span> <span class='ocrx_word' id='word_1_424' title='bbox 2770 2240 3009 2282; x_wconf 69' lang='grc' dir='ltr'><strong>ευειοκιυ</strong></span> 
     </span>
    </p>
   </div>
   <div class='ocr_carea' id='block_1_66' title="bbox 2006 2303 3500 2387">
    <p class='ocr_par' dir='ltr' id='par_1_66' title="bbox 2006 2303 3500 2387">
     <span class='ocr_line' id='line_1_66' title="bbox 2006 2303 3500 2387; baseline 0.001 -17"><span class='ocrx_word' id='word_1_425' title='bbox 2006 2314 2202 2371; x_wconf 87' lang='lat' dir='ltr'><strong>Videre</strong></span> <span class='ocrx_word' id='word_1_426' title='bbox 2227 2315 2351 2387; x_wconf 90' lang='lat' dir='ltr'><strong>quid</strong></span> <span class='ocrx_word' id='word_1_427' title='bbox 2372 2315 2569 2385; x_wconf 84' lang='lat' dir='ltr'><strong>iustitia</strong></span> <span class='ocrx_word' id='word_1_428' title='bbox 2602 2324 2927 2386; x_wconf 91' lang='lat' dir='ltr'><strong>temporum,</strong></span> <span class='ocrx_word' id='word_1_429' title='bbox 2950 2315 3073 2384; x_wconf 87' lang='lat' dir='ltr'><strong>quid</strong></span> <span class='ocrx_word' id='word_1_430' title='bbox 3104 2330 3277 2370; x_wconf 79' lang='lat' dir='ltr'><strong>causae</strong></span> <span class='ocrx_word' id='word_1_431' title='bbox 3304 2303 3500 2372; x_wconf 61' lang='lat' dir='ltr'><strong>nos&#39;rai</strong></span> 
     </span>
    </p>
   </div>
   <div class='ocr_carea' id='block_1_67' title="bbox 1933 2406 3499 2477">
    <p class='ocr_par' dir='ltr' id='par_1_67' title="bbox 1933 2406 3499 2477">
     <span class='ocr_line' id='line_1_67' title="bbox 1933 2406 3499 2477; baseline 0.003 -15"><span class='ocrx_word' id='word_1_432' title='bbox 1933 2406 2165 2473; x_wconf 87' lang='lat' dir='ltr'><strong>bonitas,</strong></span> <span class='ocrx_word' id='word_1_433' title='bbox 2195 2408 2319 2477; x_wconf 93' lang='lat' dir='ltr'><strong>quid</strong></span> <span class='ocrx_word' id='word_1_434' title='bbox 2351 2423 2477 2464; x_wconf 89' lang='lat' dir='ltr'><strong>cura</strong></span> <span class='ocrx_word' id='word_1_435' title='bbox 2508 2419 2617 2477; x_wconf 91' lang='lat' dir='ltr'><strong>tua,</strong></span> <span class='ocrx_word' id='word_1_436' title='bbox 2642 2411 2687 2465; x_wconf 89' lang='lat' dir='ltr'><strong>si</strong></span> <span class='ocrx_word' id='word_1_437' title='bbox 2718 2419 2893 2465; x_wconf 89' lang='lat' dir='ltr'><strong>tamen</strong></span> <span class='ocrx_word' id='word_1_438' title='bbox 2923 2410 3015 2465; x_wconf 90' lang='lat' dir='ltr'><strong>tibi</strong></span> <span class='ocrx_word' id='word_1_439' title='bbox 3043 2410 3189 2465; x_wconf 93' lang='lat' dir='ltr'><strong>cordi</strong></span> <span class='ocrx_word' id='word_1_440' title='bbox 3211 2425 3349 2475; x_wconf 88' lang='lat' dir='ltr'><strong>sum,</strong></span> <span class='ocrx_word' id='word_1_441' title='bbox 3381 2412 3499 2467; x_wconf 79' lang='lat' dir='ltr'><strong>effl-</strong></span> 
     </span>
    </p>
   </div>
   <div class='ocr_carea' id='block_1_68' title="bbox 1934 2502 3500 2581">
    <p class='ocr_par' dir='ltr' id='par_1_68' title="bbox 1934 2502 3500 2581">
     <span class='ocr_line' id='line_1_68' title="bbox 1934 2502 3500 2581; baseline 0.002 -24"><span class='ocrx_word' id='word_1_442' title='bbox 1934 2514 2057 2557; x_wconf 89' lang='lat' dir='ltr'><strong>cere</strong></span> <span class='ocrx_word' id='word_1_443' title='bbox 2088 2503 2287 2571; x_wconf 87' lang='lat' dir='ltr'><strong>possit.</strong></span> <span class='ocrx_word' id='word_1_444' title='bbox 2313 2503 2424 2571; x_wconf 82' lang='lat' dir='ltr'><strong>Ego</strong></span> <span class='ocrx_word' id='word_1_445' title='bbox 2454 2502 2506 2557; x_wconf 89' lang='lat' dir='ltr'><strong>in</strong></span> <span class='ocrx_word' id='word_1_446' title='bbox 2537 2502 2699 2559; x_wconf 87' lang='lat' dir='ltr'><strong>fratre</strong></span> <span class='ocrx_word' id='word_1_447' title='bbox 2729 2519 2850 2559; x_wconf 92' lang='lat' dir='ltr'><strong>meo</strong></span> <span class='ocrx_word' id='word_1_448' title='bbox 2880 2504 3113 2558; x_wconf 85' lang='lat' dir='ltr'><strong>Eusebio</strong></span> <span class='ocrx_word' id='word_1_449' title='bbox 3145 2504 3206 2560; x_wconf 93' lang='lat' dir='ltr'><strong>V.</strong></span> <span class='ocrx_word' id='word_1_450' title='bbox 3235 2504 3293 2560; x_wconf 90' lang='lat' dir='ltr'><strong>C.</strong></span> <span class='ocrx_word' id='word_1_451' title='bbox 3318 2514 3500 2581; x_wconf 83' lang='lat' dir='ltr'><strong>votum</strong></span> 
     </span>
    </p>
   </div>
   <div class='ocr_carea' id='block_1_69' title="bbox 1932 2592 3501 2670">
    <p class='ocr_par' dir='ltr' id='par_1_69' title="bbox 1932 2592 3501 2670">
     <span class='ocr_line' id='line_1_69' title="bbox 1932 2592 3501 2670; baseline 0.002 -23"><span class='ocrx_word' id='word_1_452' title='bbox 1932 2594 2126 2649; x_wconf 86' lang='lat' dir='ltr'><strong>servati</strong></span> <span class='ocrx_word' id='word_1_453' title='bbox 2158 2592 2298 2649; x_wconf 92' lang='lat' dir='ltr'><strong>circa</strong></span> <span class='ocrx_word' id='word_1_454' title='bbox 2347 2608 2447 2649; x_wconf 92' lang='lat' dir='ltr'><strong>nos</strong></span> <span class='ocrx_word' id='word_1_455' title='bbox 2501 2593 2879 2650; x_wconf 86' lang='lat' dir='ltr'><strong>moderaminis</strong></span> <span class='ocrx_word' id='word_1_456' title='bbox 2922 2595 3234 2664; x_wconf 90' lang='lat' dir='ltr'><strong>amplector,</strong></span> <span class='ocrx_word' id='word_1_457' title='bbox 3281 2594 3501 2670; x_wconf 85' lang='lat' dir='ltr'><strong>ejusque</strong></span> 
     </span>
    </p>
   </div>
   <div class='ocr_carea' id='block_1_70' title="bbox 1932 2685 3502 2755">
    <p class='ocr_par' dir='ltr' id='par_1_70' title="bbox 1932 2685 3502 2755">
     <span class='ocr_line' id='line_1_70' title="bbox 1932 2685 3502 2755; baseline 0.002 -16"><span class='ocrx_word' id='word_1_458' title='bbox 1932 2685 2249 2754; x_wconf 72' lang='lat' dir='ltr'><strong>probitatem</strong></span> <span class='ocrx_word' id='word_1_459' title='bbox 2280 2698 2460 2741; x_wconf 89' lang='lat' dir='ltr'><strong>mente</strong></span> <span class='ocrx_word' id='word_1_460' title='bbox 2498 2688 2638 2755; x_wconf 91' lang='lat' dir='ltr'><strong>colo,</strong></span> <span class='ocrx_word' id='word_1_461' title='bbox 2662 2702 2913 2743; x_wconf 89' lang='lat' dir='ltr'><strong>sermone</strong></span> <span class='ocrx_word' id='word_1_462' title='bbox 2946 2687 3286 2742; x_wconf 88' lang='lat' dir='ltr'><strong>commendo.</strong></span> <span class='ocrx_word' id='word_1_463' title='bbox 3318 2687 3386 2743; x_wconf 84' lang='lat' dir='ltr'><strong>Et</strong></span> <span class='ocrx_word' id='word_1_464' title='bbox 3409 2687 3502 2743; x_wconf 88' lang='lat' dir='ltr'><strong>ille</strong></span> 
     </span>
    </p>
   </div>
   <div class='ocr_carea' id='block_1_71' title="bbox 1931 2778 3508 2851">
    <p class='ocr_par' dir='ltr' id='par_1_71' title="bbox 1931 2778 3508 2851">
     <span class='ocr_line' id='line_1_71' title="bbox 1931 2778 3508 2851; baseline 0.004 -20"><span class='ocrx_word' id='word_1_465' title='bbox 1931 2778 2053 2833; x_wconf 90' lang='lat' dir='ltr'><strong>licet</strong></span> <span class='ocrx_word' id='word_1_466' title='bbox 2080 2778 2203 2833; x_wconf 90' lang='lat' dir='ltr'><strong>boni</strong></span> <span class='ocrx_word' id='word_1_467' title='bbox 2236 2779 2492 2849; x_wconf 90' lang='lat' dir='ltr'><strong>propositi</strong></span> <span class='ocrx_word' id='word_1_468' title='bbox 2542 2781 2822 2851; x_wconf 62' lang='lat' dir='ltr'><strong>praemium</strong></span> <span class='ocrx_word' id='word_1_469' title='bbox 2870 2796 2972 2835; x_wconf 93' lang='lat' dir='ltr'><strong>non</strong></span> <span class='ocrx_word' id='word_1_470' title='bbox 3009 2780 3275 2851; x_wconf 82' lang='lat' dir='ltr'><strong>requirat;</strong></span> <span class='ocrx_word' id='word_1_471' title='bbox 3321 2790 3508 2837; x_wconf 80' lang='lat' dir='ltr'><strong>tamen</strong></span> 
     </span>
    </p>
   </div>
   <div class='ocr_carea' id='block_1_72' title="bbox 1931 2868 3494 2940">
    <p class='ocr_par' dir='ltr' id='par_1_72' title="bbox 1931 2868 3494 2940">
     <span class='ocr_line' id='line_1_72' title="bbox 1931 2868 3494 2940; baseline 0.001 -17"><span class='ocrx_word' id='word_1_472' title='bbox 1931 2868 2223 2925; x_wconf 55' lang='lat' dir='ltr'><strong>honestam,</strong></span> <span class='ocrx_word' id='word_1_473' title='bbox 2249 2871 2408 2925; x_wconf 89' lang='lat' dir='ltr'><strong>vitam</strong></span> <span class='ocrx_word' id='word_1_474' title='bbox 2440 2870 2507 2924; x_wconf 92' lang='lat' dir='ltr'><strong>de</strong></span> <span class='ocrx_word' id='word_1_475' title='bbox 2547 2880 2633 2924; x_wconf 90' lang='lat' dir='ltr'><strong>tua</strong></span> <span class='ocrx_word' id='word_1_476' title='bbox 2656 2870 2885 2925; x_wconf 87' lang='lat' dir='ltr'><strong>amicitia</strong></span> <span class='ocrx_word' id='word_1_477' title='bbox 2924 2868 3172 2940; x_wconf 89' lang='lat' dir='ltr'><strong>optamus</strong></span> <span class='ocrx_word' id='word_1_478' title='bbox 3197 2871 3494 2927; x_wconf 83' lang='lat' dir='ltr'><strong>exsolvere.</strong></span> 
     </span>
    </p>
   </div>
   <div class='ocr_carea' id='block_1_73' title="bbox 1930 2950 3498 3032">
    <p class='ocr_par' dir='ltr' id='par_1_73' title="bbox 1930 2950 3498 3032">
     <span class='ocr_line' id='line_1_73' title="bbox 1930 2950 3498 3032; baseline 0.002 -17"><span class='ocrx_word' id='word_1_479' title='bbox 1930 2950 2145 3017; x_wconf 72' lang='lat' dir='ltr'><strong>Feccris</strong></span> <span class='ocrx_word' id='word_1_480' title='bbox 2167 2962 2323 3032; x_wconf 91' lang='lat' dir='ltr'><strong>igitur</strong></span> <span class='ocrx_word' id='word_1_481' title='bbox 2342 2978 2452 3016; x_wconf 91' lang='lat' dir='ltr'><strong>rem</strong></span> <span class='ocrx_word' id='word_1_482' title='bbox 2473 2971 2575 3015; x_wconf 89' lang='lat' dir='ltr'><strong>tam</strong></span> <span class='ocrx_word' id='word_1_483' title='bbox 2605 2977 2737 3017; x_wconf 71' lang='lat' dir='ltr'><strong>mete</strong></span> <span class='ocrx_word' id='word_1_484' title='bbox 2753 2962 3005 3016; x_wconf 88' lang='lat' dir='ltr'><strong>voluntati</strong></span> <span class='ocrx_word' id='word_1_485' title='bbox 3023 2972 3317 3032; x_wconf 89' lang='lat' dir='ltr'><strong>acceptam,</strong></span> <span class='ocrx_word' id='word_1_486' title='bbox 3340 2978 3498 3032; x_wconf 88' lang='lat' dir='ltr'><strong>quam</strong></span> 
     </span>
    </p>
   </div>
   <div class='ocr_carea' id='block_1_74' title="bbox 1930 3054 3493 3125">
    <p class='ocr_par' dir='ltr' id='par_1_74' title="bbox 1930 3054 3493 3125">
     <span class='ocr_line' id='line_1_74' title="bbox 1930 3054 3493 3125; baseline 0.003 -18"><span class='ocrx_word' id='word_1_487' title='bbox 1930 3055 2035 3107; x_wconf 77' lang='lat' dir='ltr'><strong>tnis</strong></span> <span class='ocrx_word' id='word_1_488' title='bbox 2077 3055 2313 3109; x_wconf 88' lang='lat' dir='ltr'><strong>moribus</strong></span> <span class='ocrx_word' id='word_1_489' title='bbox 2343 3063 2792 3119; x_wconf 87' lang='lat' dir='ltr'><strong>consentaneam;</strong></span> <span class='ocrx_word' id='word_1_490' title='bbox 2820 3054 2863 3108; x_wconf 90' lang='lat' dir='ltr'><strong>si</strong></span> <span class='ocrx_word' id='word_1_491' title='bbox 2885 3054 3127 3110; x_wconf 85' lang='lat' dir='ltr'><strong>advertat</strong></span> <span class='ocrx_word' id='word_1_492' title='bbox 3154 3056 3234 3110; x_wconf 91' lang='lat' dir='ltr'><strong>vir</strong></span> <span class='ocrx_word' id='word_1_493' title='bbox 3261 3056 3493 3125; x_wconf 82' lang='lat' dir='ltr'><strong>pruden-</strong></span> 
     </span>
    </p>
   </div>
   <div class='ocr_carea' id='block_1_75' title="bbox 1930 3143 3495 3214">
    <p class='ocr_par' dir='ltr' id='par_1_75' title="bbox 1930 3143 3495 3214">
     <span class='ocr_line' id='line_1_75' title="bbox 1930 3143 3495 3214; baseline 0.003 -17"><span class='ocrx_word' id='word_1_494' title='bbox 1930 3143 2164 3198; x_wconf 90' lang='lat' dir='ltr'><strong>tissimus</strong></span> <span class='ocrx_word' id='word_1_495' title='bbox 2205 3144 2456 3214; x_wconf 86' lang='lat' dir='ltr'><strong>quidquid</strong></span> <span class='ocrx_word' id='word_1_496' title='bbox 2498 3143 2626 3198; x_wconf 89' lang='lat' dir='ltr'><strong>mihi</strong></span> <span class='ocrx_word' id='word_1_497' title='bbox 2657 3145 2860 3211; x_wconf 90' lang='lat' dir='ltr'><strong>tribuit,</strong></span> <span class='ocrx_word' id='word_1_498' title='bbox 2887 3144 2935 3199; x_wconf 94' lang='lat' dir='ltr'><strong>id</strong></span> <span class='ocrx_word' id='word_1_499' title='bbox 2966 3160 3025 3201; x_wconf 88' lang='lat' dir='ltr'><strong>se</strong></span> <span class='ocrx_word' id='word_1_500' title='bbox 3062 3147 3298 3200; x_wconf 83' lang='lat' dir='ltr'><strong>omnium</strong></span> <span class='ocrx_word' id='word_1_501' title='bbox 3327 3146 3495 3201; x_wconf 88' lang='lat' dir='ltr'><strong>bono-</strong></span> 
     </span>
    </p>
   </div>
   <div class='ocr_carea' id='block_1_76' title="bbox 1928 3234 2736 3305">
    <p class='ocr_par' dir='ltr' id='par_1_76' title="bbox 1928 3234 2736 3305">
     <span class='ocr_line' id='line_1_76' title="bbox 1928 3234 2736 3305; baseline -0.001 -16"><span class='ocrx_word' id='word_1_502' title='bbox 1928 3250 2044 3289; x_wconf 90' lang='lat' dir='ltr'><strong>rum</strong></span> <span class='ocrx_word' id='word_1_503' title='bbox 2078 3235 2258 3305; x_wconf 67' lang='lat' dir='ltr'><strong>gratite</strong></span> <span class='ocrx_word' id='word_1_504' title='bbox 2283 3235 2558 3290; x_wconf 90' lang='lat' dir='ltr'><strong>detulisse.</strong></span> <span class='ocrx_word' id='word_1_505' title='bbox 2590 3234 2736 3290; x_wconf 89' lang='lat' dir='ltr'><strong>Vale.</strong></span> 
     </span>
    </p>
   </div>
   <div class='ocr_carea' id='block_1_77' title="bbox 2493 3327 2943 3383">
    <p class='ocr_par' dir='ltr' id='par_1_77' title="bbox 2493 3327 2943 3383">
     <span class='ocr_line' id='line_1_77' title="bbox 2493 3327 2943 3383; baseline 0 0"><span class='ocrx_word' id='word_1_506' title='bbox 2493 3327 2708 3383; x_wconf 75' lang='lat' dir='ltr'><strong>EPIST.</strong></span> <span class='ocrx_word' id='word_1_507' title='bbox 2736 3328 2943 3383; x_wconf 75' lang='lat' dir='ltr'><strong>LXVII.</strong></span> 
     </span>
    </p>
   </div>
   <div class='ocr_carea' id='block_1_78' title="bbox 2414 3436 3005 3478">
    <p class='ocr_par' dir='ltr' id='par_1_78' title="bbox 2414 3436 3005 3478">
     <span class='ocr_line' id='line_1_78' title="bbox 2414 3436 3005 3478; baseline 0.002 -2"><span class='ocrx_word' id='word_1_508' title='bbox 2414 3436 2721 3477; x_wconf 71' lang='lat' dir='ltr'><strong>SYIIACIIUS</strong></span> <span class='ocrx_word' id='word_1_509' title='bbox 2745 3436 3005 3478; x_wconf 74' lang='lat' dir='ltr'><strong>EUSIGNIO.</strong></span> 
     </span>
    </p>
   </div>
   <div class='ocr_carea' id='block_1_79' title="bbox 1992 3515 3497 3587">
    <p class='ocr_par' dir='ltr' id='par_1_79' title="bbox 1992 3515 3497 3587">
     <span class='ocr_line' id='line_1_79' title="bbox 1992 3515 3497 3587; baseline 0 -17"><span class='ocrx_word' id='word_1_510' title='bbox 1992 3515 2058 3570; x_wconf 86' lang='lat' dir='ltr'><strong>Et</strong></span> <span class='ocrx_word' id='word_1_511' title='bbox 2081 3524 2378 3586; x_wconf 90' lang='lat' dir='ltr'><strong>temporum</strong></span> <span class='ocrx_word' id='word_1_512' title='bbox 2396 3515 2694 3571; x_wconf 71' lang='lat' dir='ltr'><strong>clementia:</strong></span> <span class='ocrx_word' id='word_1_513' title='bbox 2714 3516 2979 3587; x_wconf 79' lang='lat' dir='ltr'><strong>congruit,</strong></span> <span class='ocrx_word' id='word_1_514' title='bbox 3007 3524 3062 3571; x_wconf 92' lang='lat' dir='ltr'><strong>et</strong></span> <span class='ocrx_word' id='word_1_515' title='bbox 3085 3526 3271 3582; x_wconf 75' lang='lat' dir='ltr'><strong>saneto</strong></span> <span class='ocrx_word' id='word_1_516' title='bbox 3290 3516 3497 3587; x_wconf 87' lang='lat' dir='ltr'><strong>ingenio</strong></span> 
     </span>
    </p>
   </div>
   <div class='ocr_carea' id='block_1_80' title="bbox 1921 3606 3497 3677">
    <p class='ocr_par' dir='ltr' id='par_1_80' title="bbox 1921 3606 3497 3677">
     <span class='ocr_line' id='line_1_80' title="bbox 1921 3606 3497 3677; baseline -0.001 -14"><span class='ocrx_word' id='word_1_517' title='bbox 1921 3617 2011 3663; x_wconf 91' lang='lat' dir='ltr'><strong>tuo</strong></span> <span class='ocrx_word' id='word_1_518' title='bbox 2046 3606 2307 3662; x_wconf 83' lang='lat' dir='ltr'><strong>familiare</strong></span> <span class='ocrx_word' id='word_1_519' title='bbox 2335 3616 2418 3663; x_wconf 89' lang='lat' dir='ltr'><strong>est</strong></span> <span class='ocrx_word' id='word_1_520' title='bbox 2458 3609 2575 3676; x_wconf 90' lang='lat' dir='ltr'><strong>opis</strong></span> <span class='ocrx_word' id='word_1_521' title='bbox 2604 3607 2813 3677; x_wconf 88' lang='lat' dir='ltr'><strong>indigos</strong></span> <span class='ocrx_word' id='word_1_522' title='bbox 2864 3606 3164 3661; x_wconf 89' lang='lat' dir='ltr'><strong>sublevare.</strong></span> <span class='ocrx_word' id='word_1_523' title='bbox 3202 3606 3335 3662; x_wconf 93' lang='lat' dir='ltr'><strong>Iline</strong></span> <span class='ocrx_word' id='word_1_524' title='bbox 3364 3607 3497 3661; x_wconf 82' lang='lat' dir='ltr'><strong>n&#39;iihi</strong></span> 
     </span>
    </p>
   </div>
   <div class='ocr_carea' id='block_1_81' title="bbox 1918 3697 3497 3767">
    <p class='ocr_par' dir='ltr' id='par_1_81' title="bbox 1918 3697 3497 3767">
     <span class='ocr_line' id='line_1_81' title="bbox 1918 3697 3497 3767; baseline -0.001 -15"><span class='ocrx_word' id='word_1_525' title='bbox 1918 3698 2106 3752; x_wconf 83' lang='lat' dir='ltr'><strong>fiducia</strong></span> <span class='ocrx_word' id='word_1_526' title='bbox 2138 3699 2354 3752; x_wconf 89' lang='lat' dir='ltr'><strong>suborta</strong></span> <span class='ocrx_word' id='word_1_527' title='bbox 2384 3706 2466 3752; x_wconf 89' lang='lat' dir='ltr'><strong>est</strong></span> <span class='ocrx_word' id='word_1_528' title='bbox 2497 3712 2591 3767; x_wconf 89' lang='lat' dir='ltr'><strong>pro</strong></span> <span class='ocrx_word' id='word_1_529' title='bbox 2614 3697 2778 3753; x_wconf 86' lang='lat' dir='ltr'><strong>fratre</strong></span> <span class='ocrx_word' id='word_1_530' title='bbox 2811 3700 2994 3753; x_wconf 60' lang='lat' dir='ltr'><strong>nostro</strong></span> <span class='ocrx_word' id='word_1_531' title='bbox 3031 3698 3347 3752; x_wconf 85' lang='lat' dir='ltr'><strong>Stemrnatio</strong></span> <span class='ocrx_word' id='word_1_532' title='bbox 3375 3711 3497 3767; x_wconf 55' lang='lat' dir='ltr'><strong>sup.</strong></span> 
     </span>
    </p>
   </div>
   <div class='ocr_carea' id='block_1_82' title="bbox 1919 3787 3491 3862">
    <p class='ocr_par' dir='ltr' id='par_1_82' title="bbox 1919 3787 3491 3862">
     <span class='ocr_line' id='line_1_82' title="bbox 1919 3787 3491 3862; baseline -0.001 -17"><span class='ocrx_word' id='word_1_533' title='bbox 1919 3790 2170 3862; x_wconf 90' lang='lat' dir='ltr'><strong>plicandi,</strong></span> <span class='ocrx_word' id='word_1_534' title='bbox 2198 3791 2281 3844; x_wconf 82' lang='lat' dir='ltr'><strong>cui</strong></span> <span class='ocrx_word' id='word_1_535' title='bbox 2314 3789 2511 3844; x_wconf 88' lang='lat' dir='ltr'><strong>dudum</strong></span> <span class='ocrx_word' id='word_1_536' title='bbox 2538 3797 2726 3845; x_wconf 90' lang='lat' dir='ltr'><strong>cuncta</strong></span> <span class='ocrx_word' id='word_1_537' title='bbox 2757 3789 2989 3859; x_wconf 83' lang='lat' dir='ltr'><strong>dempsit</strong></span> <span class='ocrx_word' id='word_1_538' title='bbox 3021 3788 3216 3843; x_wconf 80' lang='lat' dir='ltr'><strong>invidia</strong></span> <span class='ocrx_word' id='word_1_539' title='bbox 3244 3787 3491 3854; x_wconf 75' lang='lat' dir='ltr'><strong>fortu’ntc,</strong></span> 
     </span>
    </p>
   </div>
   <div class='ocr_carea' id='block_1_83' title="bbox 1918 3878 3491 3955">
    <p class='ocr_par' dir='ltr' id='par_1_83' title="bbox 1918 3878 3491 3955">
     <span class='ocr_line' id='line_1_83' title="bbox 1918 3878 3491 3955; baseline -0.004 -18"><span class='ocrx_word' id='word_1_540' title='bbox 1918 3891 2112 3955; x_wconf 63' lang='lat' dir='ltr'><strong>praeter</strong></span> <span class='ocrx_word' id='word_1_541' title='bbox 2141 3895 2375 3936; x_wconf 89' lang='lat' dir='ltr'><strong>amorem</strong></span> <span class='ocrx_word' id='word_1_542' title='bbox 2402 3881 2685 3936; x_wconf 92' lang='lat' dir='ltr'><strong>bonorum.</strong></span> <span class='ocrx_word' id='word_1_543' title='bbox 2708 3879 2890 3950; x_wconf 83' lang='lat' dir='ltr'><strong>Neque</strong></span> <span class='ocrx_word' id='word_1_544' title='bbox 2902 3880 3045 3934; x_wconf 92' lang='lat' dir='ltr'><strong>enim</strong></span> <span class='ocrx_word' id='word_1_545' title='bbox 3072 3888 3245 3948; x_wconf 76' lang='lat' dir='ltr'><strong>poteSt</strong></span> <span class='ocrx_word' id='word_1_546' title='bbox 3273 3878 3491 3949; x_wconf 79' lang='lat' dir='ltr'><strong>ambigi,</strong></span> 
     </span>
    </p>
   </div>
   <div class='ocr_carea' id='block_1_84' title="bbox 1917 3970 3497 4044">
    <p class='ocr_par' dir='ltr' id='par_1_84' title="bbox 1917 3970 3497 4044">
     <span class='ocr_line' id='line_1_84' title="bbox 1917 3970 3497 4044; baseline -0.004 -16"><span class='ocrx_word' id='word_1_547' title='bbox 1917 3972 2041 4044; x_wconf 90' lang='lat' dir='ltr'><strong>quid</strong></span> <span class='ocrx_word' id='word_1_548' title='bbox 2066 3973 2133 4027; x_wconf 90' lang='lat' dir='ltr'><strong>de</strong></span> <span class='ocrx_word' id='word_1_549' title='bbox 2156 3973 2359 4042; x_wconf 91' lang='lat' dir='ltr'><strong>optimo</strong></span> <span class='ocrx_word' id='word_1_550' title='bbox 2379 3985 2591 4042; x_wconf 91' lang='lat' dir='ltr'><strong>quoque</strong></span> <span class='ocrx_word' id='word_1_551' title='bbox 2620 3978 2909 4035; x_wconf 84' lang='lat' dir='ltr'><strong>mereatur,</strong></span> <span class='ocrx_word' id='word_1_552' title='bbox 2941 3970 3030 4040; x_wconf 90' lang='lat' dir='ltr'><strong>qui</strong></span> <span class='ocrx_word' id='word_1_553' title='bbox 3088 3985 3257 4037; x_wconf 81' lang='lat' dir='ltr'><strong>nuper</strong></span> <span class='ocrx_word' id='word_1_554' title='bbox 3283 3984 3313 4021; x_wconf 91' lang='lat' dir='ltr'><strong>a</strong></span> <span class='ocrx_word' id='word_1_555' title='bbox 3353 3971 3497 4038; x_wconf 58' lang='lat' dir='ltr'><strong>princ</strong></span> 
     </span>
    </p>
   </div>
   <div class='ocr_carea' id='block_1_85' title="bbox 1915 4060 3493 4137">
    <p class='ocr_par' dir='ltr' id='par_1_85' title="bbox 1915 4060 3493 4137">
     <span class='ocr_line' id='line_1_85' title="bbox 1915 4060 3493 4137; baseline -0.004 -17"><span class='ocrx_word' id='word_1_556' title='bbox 1915 4065 2123 4134; x_wconf 88' lang='lat' dir='ltr'><strong>cipibus</strong></span> <span class='ocrx_word' id='word_1_557' title='bbox 2149 4064 2383 4130; x_wconf 73' lang='lat' dir='ltr'><strong>invictis,</strong></span> <span class='ocrx_word' id='word_1_558' title='bbox 2410 4079 2475 4118; x_wconf 92' lang='lat' dir='ltr'><strong>ne</strong></span> <span class='ocrx_word' id='word_1_559' title='bbox 2506 4077 2602 4132; x_wconf 89' lang='lat' dir='ltr'><strong>per</strong></span> <span class='ocrx_word' id='word_1_560' title='bbox 2625 4060 3003 4137; x_wconf 86' lang='lat' dir='ltr'><strong>indulgentiam</strong></span> <span class='ocrx_word' id='word_1_561' title='bbox 3036 4060 3375 4124; x_wconf 90' lang='lat' dir='ltr'><strong>liberaretur,</strong></span> <span class='ocrx_word' id='word_1_562' title='bbox 3407 4074 3493 4114; x_wconf 88' lang='lat' dir='ltr'><strong>ac-</strong></span> 
     </span>
    </p>
   </div>
   <div class='ocr_carea' id='block_1_86' title="bbox 1915 4149 3496 4223">
    <p class='ocr_par' dir='ltr' id='par_1_86' title="bbox 1915 4149 3496 4223">
     <span class='ocr_line' id='line_1_86' title="bbox 1915 4149 3496 4223; baseline -0.006 -12"><span class='ocrx_word' id='word_1_563' title='bbox 1915 4157 2051 4211; x_wconf 91' lang='lat' dir='ltr'><strong>citus</strong></span> <span class='ocrx_word' id='word_1_564' title='bbox 2072 4164 2184 4210; x_wconf 88' lang='lat' dir='ltr'><strong>est:</strong></span> <span class='ocrx_word' id='word_1_565' title='bbox 2210 4154 2485 4223; x_wconf 88' lang='lat' dir='ltr'><strong>magisque</strong></span> <span class='ocrx_word' id='word_1_566' title='bbox 2513 4153 2735 4216; x_wconf 90' lang='lat' dir='ltr'><strong>honore,</strong></span> <span class='ocrx_word' id='word_1_567' title='bbox 2770 4166 2928 4220; x_wconf 88' lang='lat' dir='ltr'><strong>quam</strong></span> <span class='ocrx_word' id='word_1_568' title='bbox 2960 4151 3115 4205; x_wconf 89' lang='lat' dir='ltr'><strong>venia</strong></span> <span class='ocrx_word' id='word_1_569' title='bbox 3144 4150 3309 4203; x_wconf 89' lang='lat' dir='ltr'><strong>fatum</strong></span> <span class='ocrx_word' id='word_1_570' title='bbox 3345 4149 3496 4202; x_wconf 80' lang='lat' dir='ltr'><strong>triste</strong></span> 
     </span>
    </p>
   </div>
   <div class='ocr_carea' id='block_1_87' title="bbox 1914 4238 3491 4309">
    <p class='ocr_par' dir='ltr' id='par_1_87' title="bbox 1914 4238 3491 4309">
     <span class='ocr_line' id='line_1_87' title="bbox 1914 4238 3491 4309; baseline -0.004 -8"><span class='ocrx_word' id='word_1_571' title='bbox 1914 4245 2172 4309; x_wconf 82' lang='lat' dir='ltr'><strong>mutavit,</strong></span> <span class='ocrx_word' id='word_1_572' title='bbox 2221 4258 2319 4298; x_wconf 87' lang='lat' dir='ltr'><strong>nec</strong></span> <span class='ocrx_word' id='word_1_573' title='bbox 2368 4251 2473 4296; x_wconf 89' lang='lat' dir='ltr'><strong>tam</strong></span> <span class='ocrx_word' id='word_1_574' title='bbox 2526 4250 2742 4309; x_wconf 89' lang='lat' dir='ltr'><strong>ereptus</strong></span> <span class='ocrx_word' id='word_1_575' title='bbox 2788 4248 2871 4295; x_wconf 90' lang='lat' dir='ltr'><strong>est</strong></span> <span class='ocrx_word' id='word_1_576' title='bbox 2916 4254 3074 4309; x_wconf 88' lang='lat' dir='ltr'><strong>quam</strong></span> <span class='ocrx_word' id='word_1_577' title='bbox 3131 4238 3491 4294; x_wconf 86' lang='lat' dir='ltr'><strong>desideratus.</strong></span> 
     </span>
    </p>
   </div>
   <div class='ocr_carea' id='block_1_88' title="bbox 1914 4328 3495 4405">
    <p class='ocr_par' dir='ltr' id='par_1_88' title="bbox 1914 4328 3495 4405">
     <span class='ocr_line' id='line_1_88' title="bbox 1914 4328 3495 4405; baseline -0.005 -12"><span class='ocrx_word' id='word_1_578' title='bbox 1914 4336 2068 4394; x_wconf 86' lang='lat' dir='ltr'><strong>Unde</strong></span> <span class='ocrx_word' id='word_1_579' title='bbox 2096 4349 2218 4405; x_wconf 89' lang='lat' dir='ltr'><strong>spes</strong></span> <span class='ocrx_word' id='word_1_580' title='bbox 2240 4344 2385 4389; x_wconf 89' lang='lat' dir='ltr'><strong>certa</strong></span> <span class='ocrx_word' id='word_1_581' title='bbox 2415 4333 2493 4401; x_wconf 87' lang='lat' dir='ltr'><strong>fit,</strong></span> <span class='ocrx_word' id='word_1_582' title='bbox 2517 4332 2680 4388; x_wconf 91' lang='lat' dir='ltr'><strong>etiam</strong></span> <span class='ocrx_word' id='word_1_583' title='bbox 2704 4331 2995 4400; x_wconf 91' lang='lat' dir='ltr'><strong>principem</strong></span> <span class='ocrx_word' id='word_1_584' title='bbox 3014 4339 3254 4385; x_wconf 87' lang='lat' dir='ltr'><strong>nostrum</strong></span> <span class='ocrx_word' id='word_1_585' title='bbox 3280 4328 3495 4385; x_wconf 84' lang='lat' dir='ltr'><strong>lenitate</strong></span> 
     </span>
    </p>
   </div>
   <div class='ocr_carea' id='block_1_89' title="bbox 1912 4424 3491 4496">
    <p class='ocr_par' dir='ltr' id='par_1_89' title="bbox 1912 4424 3491 4496">
     <span class='ocr_line' id='line_1_89' title="bbox 1912 4424 3491 4496; baseline -0.007 -11"><span class='ocrx_word' id='word_1_586' title='bbox 1912 4428 2298 4493; x_wconf 80' lang='lat' dir='ltr'><strong>venerabilem,</strong></span> <span class='ocrx_word' id='word_1_587' title='bbox 2322 4427 2452 4496; x_wconf 88' lang='lat' dir='ltr'><strong>justi</strong></span> <span class='ocrx_word' id='word_1_588' title='bbox 2485 4424 2757 4496; x_wconf 87' lang='lat' dir='ltr'><strong>parentis,</strong></span> <span class='ocrx_word' id='word_1_589' title='bbox 2789 4432 2845 4480; x_wconf 89' lang='lat' dir='ltr'><strong>et</strong></span> <span class='ocrx_word' id='word_1_590' title='bbox 2881 4424 2951 4495; x_wconf 92' lang='lat' dir='ltr'><strong>pii</strong></span> <span class='ocrx_word' id='word_1_591' title='bbox 2993 4424 3172 4479; x_wconf 87' lang='lat' dir='ltr'><strong>fratris</strong></span> <span class='ocrx_word' id='word_1_592' title='bbox 3220 4424 3491 4492; x_wconf 86' lang='lat' dir='ltr'><strong>exemplo,</strong></span> 
     </span>
    </p>
   </div>
   <div class='ocr_carea' id='block_1_90' title="bbox 222 4516 3497 4618">
    <p class='ocr_par' dir='ltr' id='par_1_90' title="bbox 222 4516 3497 4618">
     <span class='ocr_line' id='line_1_90' title="bbox 222 4516 3497 4618; baseline -0.001 -43"><span class='ocrx_word' id='word_1_593' title='bbox 222 4520 394 4575; x_wconf 89' lang='lat' dir='ltr'><strong>modo</strong></span> <span class='ocrx_word' id='word_1_594' title='bbox 419 4521 705 4591; x_wconf 71' lang='lat' dir='ltr'><strong>diligentia:</strong></span> <span class='ocrx_word' id='word_1_595' title='bbox 733 4526 803 4578; x_wconf 87' lang='lat' dir='ltr'><strong>sit</strong></span> <span class='ocrx_word' id='word_1_596' title='bbox 842 4523 1099 4579; x_wconf 88' lang='lat' dir='ltr'><strong>adhibere</strong></span> <span class='ocrx_word' id='word_1_597' title='bbox 1124 4524 1407 4593; x_wconf 87' lang='lat' dir='ltr'><strong>judicium,</strong></span> <span class='ocrx_word' id='word_1_598' title='bbox 1440 4534 1492 4580; x_wconf 92' lang='lat' dir='ltr'><strong>et</strong></span> <span class='ocrx_word' id='word_1_599' title='bbox 1521 4542 1584 4581; x_wconf 85' lang='lat' dir='ltr'><strong>ex</strong></span> <span class='ocrx_word' id='word_1_600' title='bbox 1616 4527 1807 4582; x_wconf 92' lang='lat' dir='ltr'><strong>alienis</strong></span> <span class='ocrx_word' id='word_1_601' title='bbox 1832 4556 1890 4618; x_wconf 68' lang='grc' dir='ltr'><strong><em>υ</em></strong></span> <span class='ocrx_word' id='word_1_602' title='bbox 1912 4523 2241 4592; x_wconf 82' lang='lat' dir='ltr'><strong>suppleniata</strong></span> <span class='ocrx_word' id='word_1_603' title='bbox 2270 4521 2490 4576; x_wconf 90' lang='lat' dir='ltr'><strong>meliora</strong></span> <span class='ocrx_word' id='word_1_604' title='bbox 2522 4520 2749 4574; x_wconf 64' lang='lat' dir='ltr'><strong>fortunas</strong></span> <span class='ocrx_word' id='word_1_605' title='bbox 2795 4518 3069 4585; x_wconf 88' lang='lat' dir='ltr'><strong>daturum,</strong></span> <span class='ocrx_word' id='word_1_606' title='bbox 3104 4520 3149 4572; x_wconf 90' lang='lat' dir='ltr'><strong>si</strong></span> <span class='ocrx_word' id='word_1_607' title='bbox 3197 4516 3356 4572; x_wconf 90' lang='lat' dir='ltr'><strong>modo</strong></span> <span class='ocrx_word' id='word_1_608' title='bbox 3402 4534 3497 4573; x_wconf 53' lang='lat' dir='ltr'><strong>ve.</strong></span> 
     </span>
    </p>
   </div>
   <div class='ocr_carea' id='block_1_91' title="bbox 220 4610 1807 4682">
    <p class='ocr_par' dir='ltr' id='par_1_91' title="bbox 220 4610 1807 4682">
     <span class='ocr_line' id='line_1_91' title="bbox 220 4610 1807 4682; baseline 0.004 -18"><span class='ocrx_word' id='word_1_609' title='bbox 220 4610 455 4665; x_wconf 87' lang='lat' dir='ltr'><strong>stabulis</strong></span> <span class='ocrx_word' id='word_1_610' title='bbox 484 4626 699 4682; x_wconf 70' lang='lat' dir='ltr'><strong>requare</strong></span> <span class='ocrx_word' id='word_1_611' title='bbox 720 4614 931 4669; x_wconf 89' lang='lat' dir='ltr'><strong>laudem</strong></span> <span class='ocrx_word' id='word_1_612' title='bbox 956 4624 1191 4669; x_wconf 91' lang='lat' dir='ltr'><strong>tuorum.</strong></span> <span class='ocrx_word' id='word_1_613' title='bbox 1224 4617 1353 4670; x_wconf 84' lang='lat' dir='ltr'><strong>Nam</strong></span> <span class='ocrx_word' id='word_1_614' title='bbox 1381 4630 1500 4670; x_wconf 93' lang='lat' dir='ltr'><strong>cum</strong></span> <span class='ocrx_word' id='word_1_615' title='bbox 1535 4631 1622 4671; x_wconf 92' lang='lat' dir='ltr'><strong>res</strong></span> <span class='ocrx_word' id='word_1_616' title='bbox 1651 4619 1807 4673; x_wconf 89' lang='lat' dir='ltr'><strong>amici</strong></span> 
     </span>
    </p>
   </div>
   <div class='ocr_carea' id='block_1_92' title="bbox 218 4701 1810 4779">
    <p class='ocr_par' dir='ltr' id='par_1_92' title="bbox 218 4701 1810 4779">
     <span class='ocr_line' id='line_1_92' title="bbox 218 4701 1810 4779; baseline 0.007 -26"><span class='ocrx_word' id='word_1_617' title='bbox 218 4701 404 4771; x_wconf 82' lang='lat' dir='ltr'><strong>agitur</strong></span> <span class='ocrx_word' id='word_1_618' title='bbox 427 4743 442 4767; x_wconf 90' lang='lat'><strong>,</strong></span> <span class='ocrx_word' id='word_1_619' title='bbox 475 4704 572 4757; x_wconf 90' lang='lat' dir='ltr'><strong>hos</strong></span> <span class='ocrx_word' id='word_1_620' title='bbox 602 4718 814 4775; x_wconf 90' lang='lat' dir='ltr'><strong>quoque</strong></span> <span class='ocrx_word' id='word_1_621' title='bbox 848 4706 1093 4775; x_wconf 90' lang='lat' dir='ltr'><strong>proprios</strong></span> <span class='ocrx_word' id='word_1_622' title='bbox 1127 4706 1291 4762; x_wconf 89' lang='lat' dir='ltr'><strong>debes</strong></span> <span class='ocrx_word' id='word_1_623' title='bbox 1319 4715 1505 4777; x_wconf 86' lang='lat' dir='ltr'><strong>putare</strong></span> <span class='ocrx_word' id='word_1_624' title='bbox 1533 4722 1669 4779; x_wconf 89' lang='lat' dir='ltr'><strong>quos</strong></span> <span class='ocrx_word' id='word_1_625' title='bbox 1694 4708 1810 4765; x_wconf 67' lang='lat' dir='ltr'><strong>ele~</strong></span> 
     </span>
    </p>
   </div>
   <div class='ocr_carea' id='block_1_93' title="bbox 218 4792 833 4873">
    <p class='ocr_par' dir='ltr' id='par_1_93' title="bbox 218 4792 833 4873">
     <span class='ocr_line' id='line_1_93' title="bbox 218 4792 833 4873; baseline 0.007 -27"><span class='ocrx_word' id='word_1_626' title='bbox 218 4792 392 4864; x_wconf 88' lang='lat' dir='ltr'><strong>geris.</strong></span> <span class='ocrx_word' id='word_1_627' title='bbox 433 4794 587 4850; x_wconf 63' lang='lat' dir='ltr'><strong>Vale.’</strong></span> <span class='ocrx_word' id='word_1_628' title='bbox 830 4868 833 4873; x_wconf 21' lang='grc' dir='ltr'>ι</span> 
     </span>
    </p>
   </div>
   <div class='ocr_carea' id='block_1_94' title="bbox 801 4888 1242 4947">
    <p class='ocr_par' dir='ltr' id='par_1_94' title="bbox 801 4888 1242 4947">
     <span class='ocr_line' id='line_1_94' title="bbox 801 4888 1242 4947; baseline 0.009 -5"><span class='ocrx_word' id='word_1_629' title='bbox 801 4888 1015 4943; x_wconf 84' lang='lat' dir='ltr'><strong>EI‘IST.</strong></span> <span class='ocrx_word' id='word_1_630' title='bbox 1058 4890 1242 4947; x_wconf 81' lang='lat' dir='ltr'><strong>LXIV.</strong></span> 
     </span>
    </p>
   </div>
   <div class='ocr_carea' id='block_1_95' title="bbox 694 4990 1321 5036">
    <p class='ocr_par' dir='ltr' id='par_1_95' title="bbox 694 4990 1321 5036">
     <span class='ocr_line' id='line_1_95' title="bbox 694 4990 1321 5036; baseline 0.01 -6"><span class='ocrx_word' id='word_1_631' title='bbox 694 4990 1000 5034; x_wconf 67' lang='lat' dir='ltr'><strong>SIIIACIIUS</strong></span> <span class='ocrx_word' id='word_1_632' title='bbox 1044 4996 1321 5036; x_wconf 71' lang='lat' dir='ltr'><strong>EUPBAIIO.</strong></span> 
     </span>
    </p>
   </div>
   <div class='ocr_carea' id='block_1_96' title="bbox 292 5064 1801 5143">
    <p class='ocr_par' dir='ltr' id='par_1_96' title="bbox 292 5064 1801 5143">
     <span class='ocr_line' id='line_1_96' title="bbox 292 5064 1801 5143; baseline 0.009 -25"><span class='ocrx_word' id='word_1_633' title='bbox 292 5064 465 5120; x_wconf 88' lang='lat' dir='ltr'><strong>Nemo</strong></span> <span class='ocrx_word' id='word_1_634' title='bbox 502 5082 732 5138; x_wconf 89' lang='lat' dir='ltr'><strong>unquam</strong></span> <span class='ocrx_word' id='word_1_635' title='bbox 771 5080 1048 5139; x_wconf 90' lang='lat' dir='ltr'><strong>pervector</strong></span> <span class='ocrx_word' id='word_1_636' title='bbox 1079 5083 1291 5128; x_wconf 90' lang='lat' dir='ltr'><strong>tuorum</strong></span> <span class='ocrx_word' id='word_1_637' title='bbox 1335 5074 1543 5143; x_wconf 89' lang='lat' dir='ltr'><strong>apicum</strong></span> <span class='ocrx_word' id='word_1_638' title='bbox 1602 5089 1801 5131; x_wconf 85' lang='lat' dir='ltr'><strong>vacuus</strong></span> 
     </span>
    </p>
   </div>
   <div class='ocr_carea' id='block_1_97' title="bbox 214 5155 1804 5237">
    <p class='ocr_par' dir='ltr' id='par_1_97' title="bbox 214 5155 1804 5237">
     <span class='ocr_line' id='line_1_97' title="bbox 214 5155 1804 5237; baseline 0.007 -27"><span class='ocrx_word' id='word_1_639' title='bbox 214 5155 465 5237; x_wconf 86' lang='lat' dir='ltr'><strong>ejusdem</strong></span> <span class='ocrx_word' id='word_1_640' title='bbox 504 5160 742 5213; x_wconf 90' lang='lat' dir='ltr'><strong>muneris</strong></span> <span class='ocrx_word' id='word_1_641' title='bbox 775 5160 842 5214; x_wconf 86' lang='lat' dir='ltr'><strong>ad</strong></span> <span class='ocrx_word' id='word_1_642' title='bbox 875 5167 927 5215; x_wconf 90' lang='lat' dir='ltr'><strong>te</strong></span> <span class='ocrx_word' id='word_1_643' title='bbox 951 5163 1192 5229; x_wconf 88' lang='lat' dir='ltr'><strong>revertit,</strong></span> <span class='ocrx_word' id='word_1_644' title='bbox 1223 5171 1277 5217; x_wconf 92' lang='lat' dir='ltr'><strong>tu</strong></span> <span class='ocrx_word' id='word_1_645' title='bbox 1303 5174 1478 5219; x_wconf 89' lang='lat' dir='ltr'><strong>tamen</strong></span> <span class='ocrx_word' id='word_1_646' title='bbox 1498 5164 1804 5235; x_wconf 87' lang='lat' dir='ltr'><strong>in&#39;requen-</strong></span> 
     </span>
    </p>
   </div>
   <div class='ocr_carea' id='block_1_98' title="bbox 215 5248 1801 5319">
    <p class='ocr_par' dir='ltr' id='par_1_98' title="bbox 215 5248 1801 5319">
     <span class='ocr_line' id='line_1_98' title="bbox 215 5248 1801 5319; baseline 0.007 -20"><span class='ocrx_word' id='word_1_647' title='bbox 215 5248 354 5300; x_wconf 81' lang='lat' dir='ltr'><strong>tiam</strong></span> <span class='ocrx_word' id='word_1_648' title='bbox 384 5248 538 5301; x_wconf 91' lang='lat' dir='ltr'><strong>nobis</strong></span> <span class='ocrx_word' id='word_1_649' title='bbox 570 5249 700 5303; x_wconf 89' lang='lat' dir='ltr'><strong>vitio</strong></span> <span class='ocrx_word' id='word_1_650' title='bbox 728 5249 896 5319; x_wconf 71' lang='lat' dir='ltr'><strong>ducis,</strong></span> <span class='ocrx_word' id='word_1_651' title='bbox 924 5261 979 5306; x_wconf 90' lang='lat' dir='ltr'><strong>et</strong></span> <span class='ocrx_word' id='word_1_652' title='bbox 1000 5252 1144 5309; x_wconf 90' lang='lat' dir='ltr'><strong>ultro.</strong></span> <span class='ocrx_word' id='word_1_653' title='bbox 1160 5268 1343 5309; x_wconf 89' lang='lat' dir='ltr'><strong>curam</strong></span> <span class='ocrx_word' id='word_1_654' title='bbox 1375 5265 1479 5309; x_wconf 72' lang='lat' dir='ltr'><strong>tua:</strong></span> <span class='ocrx_word' id='word_1_655' title='bbox 1516 5255 1801 5310; x_wconf 89' lang='lat' dir='ltr'><strong>assiduita-</strong></span> 
     </span>
    </p>
   </div>
   <div class='ocr_carea' id='block_1_99' title="bbox 213 5340 1797 5418">
    <p class='ocr_par' dir='ltr' id='par_1_99' title="bbox 213 5340 1797 5418">
     <span class='ocr_line' id='line_1_99' title="bbox 213 5340 1797 5418; baseline 0.006 -26"><span class='ocrx_word' id='word_1_656' title='bbox 213 5340 288 5393; x_wconf 91' lang='lat' dir='ltr'><strong>tis</strong></span> <span class='ocrx_word' id='word_1_657' title='bbox 305 5340 626 5409; x_wconf 78' lang='lat' dir='ltr'><strong>exprobras.</strong></span> <span class='ocrx_word' id='word_1_658' title='bbox 656 5341 811 5398; x_wconf 85' lang='lat' dir='ltr'><strong>Facis</strong></span> <span class='ocrx_word' id='word_1_659' title='bbox 838 5344 938 5400; x_wconf 88' lang='lat' dir='ltr'><strong>boc</strong></span> <span class='ocrx_word' id='word_1_660' title='bbox 962 5346 1251 5401; x_wconf 90' lang='lat' dir='ltr'><strong>amantium</strong></span> <span class='ocrx_word' id='word_1_661' title='bbox 1284 5362 1452 5413; x_wconf 90' lang='lat' dir='ltr'><strong>more,</strong></span> <span class='ocrx_word' id='word_1_662' title='bbox 1485 5348 1622 5418; x_wconf 90' lang='lat' dir='ltr'><strong>apud</strong></span> <span class='ocrx_word' id='word_1_663' title='bbox 1663 5362 1797 5417; x_wconf 89' lang='lat' dir='ltr'><strong>quos</strong></span> 
     </span>
    </p>
   </div>
   <div class='ocr_carea' id='block_1_100' title="bbox 209 5429 1794 5510">
    <p class='ocr_par' dir='ltr' id='par_1_100' title="bbox 209 5429 1794 5510">
     <span class='ocr_line' id='line_1_100' title="bbox 209 5429 1794 5510; baseline 0.009 -31"><span class='ocrx_word' id='word_1_664' title='bbox 209 5429 521 5485; x_wconf 75' lang='lat' dir='ltr'><strong>officiorum</strong></span> <span class='ocrx_word' id='word_1_665' title='bbox 553 5434 761 5501; x_wconf 72' lang='lat' dir='ltr'><strong>talium,</strong></span> <span class='ocrx_word' id='word_1_666' title='bbox 790 5437 1088 5492; x_wconf 87' lang='lat' dir='ltr'><strong>etiamcum</strong></span> <span class='ocrx_word' id='word_1_667' title='bbox 1107 5439 1426 5501; x_wconf 88' lang='lat' dir='ltr'><strong>redundant,</strong></span> <span class='ocrx_word' id='word_1_668' title='bbox 1449 5440 1572 5493; x_wconf 87' lang='lat' dir='ltr'><strong>sitis</strong></span> <span class='ocrx_word' id='word_1_669' title='bbox 1600 5455 1794 5510; x_wconf 78' lang='lat' dir='ltr'><strong>magna</strong></span> 
     </span>
    </p>
   </div>
   <div class='ocr_carea' id='block_1_101' title="bbox 206 5520 1795 5602">
    <p class='ocr_par' dir='ltr' id='par_1_101' title="bbox 206 5520 1795 5602">
     <span class='ocr_line' id='line_1_101' title="bbox 206 5520 1795 5602; baseline 0.006 -26"><span class='ocrx_word' id='word_1_670' title='bbox 206 5531 323 5576; x_wconf 68' lang='lat' dir='ltr'><strong>est.</strong></span> <span class='ocrx_word' id='word_1_671' title='bbox 369 5520 473 5577; x_wconf 90' lang='lat' dir='ltr'><strong>Nec</strong></span> <span class='ocrx_word' id='word_1_672' title='bbox 500 5532 704 5579; x_wconf 86' lang='lat' dir='ltr'><strong>tantum</strong></span> <span class='ocrx_word' id='word_1_673' title='bbox 729 5526 982 5596; x_wconf 77' lang='lat' dir='ltr'><strong>epistolas</strong></span> <span class='ocrx_word' id='word_1_674' title='bbox 1011 5532 1206 5598; x_wconf 86' lang='lat' dir='ltr'><strong>poscis,</strong></span> <span class='ocrx_word' id='word_1_675' title='bbox 1249 5532 1610 5588; x_wconf 88' lang='lat' dir='ltr'><strong>oratiunculas</strong></span> <span class='ocrx_word' id='word_1_676' title='bbox 1656 5546 1795 5602; x_wconf 90' lang='lat' dir='ltr'><strong>quo-</strong></span> 
     </span>
    </p>
   </div>
   <div class='ocr_carea' id='block_1_102' title="bbox 207 5620 1795 5695">
    <p class='ocr_par' dir='ltr' id='par_1_102' title="bbox 207 5620 1795 5695">
     <span class='ocr_line' id='line_1_102' title="bbox 207 5620 1795 5695; baseline 0.009 -30"><span class='ocrx_word' id='word_1_677' title='bbox 207 5629 325 5683; x_wconf 86' lang='lat' dir='ltr'><strong>que</strong></span> <span class='ocrx_word' id='word_1_678' title='bbox 358 5624 701 5693; x_wconf 84' lang='lat' dir='ltr'><strong>nostrasnon</strong></span> <span class='ocrx_word' id='word_1_679' title='bbox 726 5620 899 5675; x_wconf 90' lang='lat' dir='ltr'><strong>editas</strong></span> <span class='ocrx_word' id='word_1_680' title='bbox 929 5622 1127 5678; x_wconf 90' lang='lat' dir='ltr'><strong>deferri</strong></span> <span class='ocrx_word' id='word_1_681' title='bbox 1155 5626 1208 5680; x_wconf 93' lang='lat' dir='ltr'><strong>in</strong></span> <span class='ocrx_word' id='word_1_682' title='bbox 1237 5640 1426 5680; x_wconf 86' lang='lat' dir='ltr'><strong>manus</strong></span> <span class='ocrx_word' id='word_1_683' title='bbox 1457 5636 1573 5680; x_wconf 90' lang='lat' dir='ltr'><strong>tuas</strong></span> <span class='ocrx_word' id='word_1_684' title='bbox 1599 5626 1795 5695; x_wconf 69' lang='lat' dir='ltr'><strong>praeci-</strong></span> 
     </span>
    </p>
   </div>
   <div class='ocr_carea' id='block_1_103' title="bbox 207 5703 1795 5787">
    <p class='ocr_par' dir='ltr' id='par_1_103' title="bbox 207 5703 1795 5787">
     <span class='ocr_line' id='line_1_103' title="bbox 207 5703 1795 5787; baseline 0.011 -31"><span class='ocrx_word' id='word_1_685' title='bbox 207 5703 305 5775; x_wconf 73' lang='lat' dir='ltr'><strong>pis</strong></span> <span class='ocrx_word' id='word_1_686' title='bbox 343 5720 360 5756; x_wconf 90' lang='lat'><strong>:</strong></span> <span class='ocrx_word' id='word_1_687' title='bbox 392 5720 508 5775; x_wconf 69' lang='lat' dir='ltr'><strong>qua:</strong></span> <span class='ocrx_word' id='word_1_688' title='bbox 533 5717 860 5769; x_wconf 65' lang='lat' dir='ltr'><strong>res,vtdetur</strong></span> <span class='ocrx_word' id='word_1_689' title='bbox 894 5715 1176 5771; x_wconf 88' lang='lat' dir='ltr'><strong>ostendere</strong></span> <span class='ocrx_word' id='word_1_690' title='bbox 1207 5716 1334 5785; x_wconf 90' lang='lat' dir='ltr'><strong>quid</strong></span> <span class='ocrx_word' id='word_1_691' title='bbox 1363 5717 1543 5787; x_wconf 87' lang='lat' dir='ltr'><strong>judicii</strong></span> <span class='ocrx_word' id='word_1_692' title='bbox 1589 5716 1795 5773; x_wconf 87' lang='lat' dir='ltr'><strong>habeas</strong></span> 
     </span>
    </p>
   </div>
   <div class='ocr_carea' id='block_1_104' title="bbox 209 5793 1792 5881">
    <p class='ocr_par' dir='ltr' id='par_1_104' title="bbox 209 5793 1792 5881">
     <span class='ocr_line' id='line_1_104' title="bbox 209 5793 1792 5881; baseline 0.011 -33"><span class='ocrx_word' id='word_1_693' title='bbox 209 5793 288 5849; x_wconf 84' lang='lat' dir='ltr'><strong>de</strong></span> <span class='ocrx_word' id='word_1_694' title='bbox 337 5796 421 5851; x_wconf 84' lang='lat' dir='ltr'><strong>his</strong></span> <span class='ocrx_word' id='word_1_695' title='bbox 461 5815 592 5881; x_wconf 87' lang='lat' dir='ltr'><strong>quas</strong></span> <span class='ocrx_word' id='word_1_696' title='bbox 633 5808 754 5860; x_wconf 77' lang='lat' dir='ltr'><strong>ante</strong></span> <span class='ocrx_word' id='word_1_697' title='bbox 784 5807 1076 5863; x_wconf 79' lang='lat' dir='ltr'><strong>sumpsisti.</strong></span> <span class='ocrx_word' id='word_1_698' title='bbox 1131 5807 1338 5864; x_wconf 87' lang='lat' dir='ltr'><strong>Nullum</strong></span> <span class='ocrx_word' id='word_1_699' title='bbox 1392 5810 1536 5865; x_wconf 89' lang='lat' dir='ltr'><strong>enim</strong></span> <span class='ocrx_word' id='word_1_700' title='bbox 1582 5809 1792 5866; x_wconf 86' lang='lat' dir='ltr'><strong>deside-</strong></span> 
     </span>
    </p>
   </div>
   <div class='ocr_carea' id='block_1_105' title="bbox 1917 4610 3496 4685">
    <p class='ocr_par' dir='ltr' id='par_1_105' title="bbox 1917 4610 3496 4685">
     <span class='ocr_line' id='line_1_105' title="bbox 1917 4610 3496 4685; baseline -0.006 -14"><span class='ocrx_word' id='word_1_701' title='bbox 1917 4626 2025 4671; x_wconf 91' lang='lat' dir='ltr'><strong>stra</strong></span> <span class='ocrx_word' id='word_1_702' title='bbox 2055 4612 2341 4670; x_wconf 73' lang='lat' dir='ltr'><strong>insinuatio</strong></span> <span class='ocrx_word' id='word_1_703' title='bbox 2367 4614 2515 4677; x_wconf 87' lang='lat' dir='ltr'><strong>juvet</strong></span> <span class='ocrx_word' id='word_1_704' title='bbox 2539 4611 2782 4667; x_wconf 75' lang='lat' dir='ltr'><strong>exhausti</strong></span> <span class='ocrx_word' id='word_1_705' title='bbox 2814 4611 3080 4685; x_wconf 85' lang='lat' dir='ltr'><strong>senatoris</strong></span> <span class='ocrx_word' id='word_1_706' title='bbox 3108 4622 3347 4667; x_wconf 82' lang='lat' dir='ltr'><strong>oratum.</strong></span> <span class='ocrx_word' id='word_1_707' title='bbox 3381 4610 3496 4664; x_wconf 84' lang='lat' dir='ltr'><strong>Duo</strong></span> 
     </span>
    </p>
   </div>
   <div class='ocr_carea' id='block_1_106' title="bbox 1914 4703 3493 4774">
    <p class='ocr_par' dir='ltr' id='par_1_106' title="bbox 1914 4703 3493 4774">
     <span class='ocr_line' id='line_1_106' title="bbox 1914 4703 3493 4774; baseline -0.004 -10"><span class='ocrx_word' id='word_1_708' title='bbox 1914 4710 2056 4764; x_wconf 91' lang='lat' dir='ltr'><strong>enim</strong></span> <span class='ocrx_word' id='word_1_709' title='bbox 2088 4708 2225 4762; x_wconf 89' lang='lat' dir='ltr'><strong>factu</strong></span> <span class='ocrx_word' id='word_1_710' title='bbox 2257 4706 2451 4771; x_wconf 90' lang='lat' dir='ltr'><strong>facilia,</strong></span> <span class='ocrx_word' id='word_1_711' title='bbox 2485 4704 2578 4759; x_wconf 91' lang='lat' dir='ltr'><strong>sed</strong></span> <span class='ocrx_word' id='word_1_712' title='bbox 2606 4703 2670 4758; x_wconf 92' lang='lat' dir='ltr'><strong>ad</strong></span> <span class='ocrx_word' id='word_1_713' title='bbox 2698 4704 2923 4774; x_wconf 88' lang='lat' dir='ltr'><strong>gloriam</strong></span> <span class='ocrx_word' id='word_1_714' title='bbox 2960 4703 3263 4773; x_wconf 75' lang='lat' dir='ltr'><strong>prmstantis</strong></span> <span class='ocrx_word' id='word_1_715' title='bbox 3304 4718 3493 4772; x_wconf 84' lang='lat' dir='ltr'><strong>magna</strong></span> 
     </span>
    </p>
   </div>
   <div class='ocr_carea' id='block_1_107' title="bbox 1912 4795 3492 4870">
    <p class='ocr_par' dir='ltr' id='par_1_107' title="bbox 1912 4795 3492 4870">
     <span class='ocr_line' id='line_1_107' title="bbox 1912 4795 3492 4870; baseline -0.008 -15"><span class='ocrx_word' id='word_1_716' title='bbox 1912 4799 2155 4870; x_wconf 89' lang='lat' dir='ltr'><strong>deposcit</strong></span> <span class='ocrx_word' id='word_1_717' title='bbox 2182 4817 2194 4851; x_wconf 89' lang='lat'><strong>:</strong></span> <span class='ocrx_word' id='word_1_718' title='bbox 2229 4798 2376 4853; x_wconf 88' lang='lat' dir='ltr'><strong>reddi</strong></span> <span class='ocrx_word' id='word_1_719' title='bbox 2416 4798 2577 4852; x_wconf 72' lang='lat' dir='ltr'><strong>curiae</strong></span> <span class='ocrx_word' id='word_1_720' title='bbox 2600 4795 2906 4850; x_wconf 90' lang='lat' dir='ltr'><strong>testimonio</strong></span> <span class='ocrx_word' id='word_1_721' title='bbox 2930 4811 3106 4864; x_wconf 87' lang='lat' dir='ltr'><strong>sacro,</strong></span> <span class='ocrx_word' id='word_1_722' title='bbox 3134 4804 3189 4848; x_wconf 91' lang='lat' dir='ltr'><strong>et</strong></span> <span class='ocrx_word' id='word_1_723' title='bbox 3210 4812 3284 4848; x_wconf 72' lang='lat' dir='ltr'><strong>rei</strong></span> <span class='ocrx_word' id='word_1_724' title='bbox 3305 4810 3492 4860; x_wconf 71' lang='lat' dir='ltr'><strong>upcra.</strong></span> 
     </span>
    </p>
   </div>
   <div class='ocr_carea' id='block_1_108' title="bbox 1913 4882 3493 4957">
    <p class='ocr_par' dir='ltr' id='par_1_108' title="bbox 1913 4882 3493 4957">
     <span class='ocr_line' id='line_1_108' title="bbox 1913 4882 3493 4957; baseline -0.005 -11"><span class='ocrx_word' id='word_1_725' title='bbox 1913 4892 2057 4946; x_wconf 83' lang='lat' dir='ltr'><strong>tione</strong></span> <span class='ocrx_word' id='word_1_726' title='bbox 2073 4889 2264 4945; x_wconf 92' lang='lat' dir='ltr'><strong>modici</strong></span> <span class='ocrx_word' id='word_1_727' title='bbox 2287 4888 2493 4957; x_wconf 85' lang='lat' dir='ltr'><strong>argenti</strong></span> <span class='ocrx_word' id='word_1_728' title='bbox 2521 4889 2589 4942; x_wconf 83' lang='lat' dir='ltr'><strong>ab</strong></span> <span class='ocrx_word' id='word_1_729' title='bbox 2610 4887 2787 4956; x_wconf 93' lang='lat' dir='ltr'><strong>inopia</strong></span> <span class='ocrx_word' id='word_1_730' title='bbox 2809 4886 3091 4940; x_wconf 82' lang='lat' dir='ltr'><strong>vindicari.</strong></span> <span class='ocrx_word' id='word_1_731' title='bbox 3111 4886 3234 4939; x_wconf 54' lang='lat' dir='ltr'><strong>Ilaec</strong></span> <span class='ocrx_word' id='word_1_732' title='bbox 3260 4894 3315 4937; x_wconf 94' lang='lat' dir='ltr'><strong>ut</strong></span> <span class='ocrx_word' id='word_1_733' title='bbox 3344 4882 3493 4938; x_wconf 88' lang='lat' dir='ltr'><strong>favor</strong></span> 
     </span>
    </p>
   </div>
   <div class='ocr_carea' id='block_1_109' title="bbox 1911 4978 3489 5051">
    <p class='ocr_par' dir='ltr' id='par_1_109' title="bbox 1911 4978 3489 5051">
     <span class='ocr_line' id='line_1_109' title="bbox 1911 4978 3489 5051; baseline -0.008 -14"><span class='ocrx_word' id='word_1_734' title='bbox 1911 4992 2033 5037; x_wconf 93' lang='lat' dir='ltr'><strong>tuus</strong></span> <span class='ocrx_word' id='word_1_735' title='bbox 2048 4982 2377 5051; x_wconf 87' lang='lat' dir='ltr'><strong>aliorumque</strong></span> <span class='ocrx_word' id='word_1_736' title='bbox 2394 4981 2711 5047; x_wconf 89' lang='lat' dir='ltr'><strong>optimatum</strong></span> <span class='ocrx_word' id='word_1_737' title='bbox 2731 4988 2787 5033; x_wconf 90' lang='lat' dir='ltr'><strong>te</strong></span> <span class='ocrx_word' id='word_1_738' title='bbox 2798 4978 3127 5033; x_wconf 59' lang='lat' dir='ltr'><strong>hortantium</strong></span> <span class='ocrx_word' id='word_1_739' title='bbox 3159 4986 3489 5044; x_wconf 88' lang='lat' dir='ltr'><strong>promoveat,</strong></span> 
     </span>
    </p>
   </div>
   <div class='ocr_carea' id='block_1_110' title="bbox 1910 5064 3491 5138">
    <p class='ocr_par' dir='ltr' id='par_1_110' title="bbox 1910 5064 3491 5138">
     <span class='ocr_line' id='line_1_110' title="bbox 1910 5064 3491 5138; baseline -0.006 -9"><span class='ocrx_word' id='word_1_740' title='bbox 1910 5076 2133 5130; x_wconf 90' lang='lat' dir='ltr'><strong>interest</strong></span> <span class='ocrx_word' id='word_1_741' title='bbox 2155 5072 2281 5127; x_wconf 92' lang='lat' dir='ltr'><strong>boni</strong></span> <span class='ocrx_word' id='word_1_742' title='bbox 2312 5071 2518 5138; x_wconf 67' lang='lat' dir='ltr'><strong>stcculi,</strong></span> <span class='ocrx_word' id='word_1_743' title='bbox 2548 5072 2633 5125; x_wconf 92' lang='lat' dir='ltr'><strong>cui</strong></span> <span class='ocrx_word' id='word_1_744' title='bbox 2663 5068 2872 5123; x_wconf 88' lang='lat' dir='ltr'><strong>laudem</strong></span> <span class='ocrx_word' id='word_1_745' title='bbox 2920 5082 3210 5137; x_wconf 85' lang='lat' dir='ltr'><strong>perennem</strong></span> <span class='ocrx_word' id='word_1_746' title='bbox 3240 5065 3322 5135; x_wconf 89' lang='lat' dir='ltr'><strong>pia</strong></span> <span class='ocrx_word' id='word_1_747' title='bbox 3353 5064 3491 5121; x_wconf 55' lang='lat' dir='ltr'><strong>facta</strong></span> 
     </span>
    </p>
   </div>
   <div class='ocr_carea' id='block_1_111' title="bbox 1907 5159 3401 5219">
    <p class='ocr_par' dir='ltr' id='par_1_111' title="bbox 1907 5159 3401 5219">
     <span class='ocr_line' id='line_1_111' title="bbox 1907 5159 3401 5219; baseline -0.001 -1"><span class='ocrx_word' id='word_1_748' title='bbox 1907 5163 2214 5219; x_wconf 89' lang='lat' dir='ltr'><strong>conciliant.</strong></span> <span class='ocrx_word' id='word_1_749' title='bbox 2248 5163 2401 5217; x_wconf 85' lang='lat' dir='ltr'><strong>Vale.</strong></span> <span class='ocrx_word' id='word_1_750' title='bbox 3394 5159 3401 5166; x_wconf 86' lang='grc'><strong>’</strong></span> 
     </span>
    </p>
   </div>
   <div class='ocr_carea' id='block_1_112' title="bbox 2455 5253 2933 5312">
    <p class='ocr_par' dir='ltr' id='par_1_112' title="bbox 2455 5253 2933 5312">
     <span class='ocr_line' id='line_1_112' title="bbox 2455 5253 2933 5312; baseline -0.002 -2"><span class='ocrx_word' id='word_1_751' title='bbox 2455 5255 2669 5312; x_wconf 86' lang='lat' dir='ltr'><strong>EPIST.</strong></span> <span class='ocrx_word' id='word_1_752' title='bbox 2705 5253 2933 5310; x_wconf 76' lang='lat' dir='ltr'><strong>LXVIII.</strong></span> 
     </span>
    </p>
   </div>
   <div class='ocr_carea' id='block_1_113' title="bbox 2385 5359 2999 5406">
    <p class='ocr_par' dir='ltr' id='par_1_113' title="bbox 2385 5359 2999 5406">
     <span class='ocr_line' id='line_1_113' title="bbox 2385 5359 2999 5406; baseline -0.008 -5"><span class='ocrx_word' id='word_1_753' title='bbox 2385 5361 2694 5406; x_wconf 66' lang='lat' dir='ltr'><strong>SXJIIIACIIUS</strong></span> <span class='ocrx_word' id='word_1_754' title='bbox 2745 5359 2999 5400; x_wconf 68' lang='grc' dir='ltr'><strong>ευςιῦκιο.</strong></span> 
     </span>
    </p>
   </div>
   <div class='ocr_carea' id='block_1_114' title="bbox 1980 5434 3487 5510">
    <p class='ocr_par' dir='ltr' id='par_1_114' title="bbox 1980 5434 3487 5510">
     <span class='ocr_line' id='line_1_114' title="bbox 1980 5434 3487 5510; baseline -0.004 -14"><span class='ocrx_word' id='word_1_755' title='bbox 1980 5440 2196 5499; x_wconf 73' lang='lat' dir='ltr'><strong>Etiamsi</strong></span> <span class='ocrx_word' id='word_1_756' title='bbox 2220 5440 2406 5510; x_wconf 87' lang='lat' dir='ltr'><strong>petitio</strong></span> <span class='ocrx_word' id='word_1_757' title='bbox 2436 5438 2734 5493; x_wconf 87' lang='lat' dir='ltr'><strong>domestica</strong></span> <span class='ocrx_word' id='word_1_758' title='bbox 2755 5445 2811 5491; x_wconf 87' lang='lat' dir='ltr'><strong>et</strong></span> <span class='ocrx_word' id='word_1_759' title='bbox 2832 5435 3000 5490; x_wconf 82' lang='lat' dir='ltr'><strong>amica</strong></span> <span class='ocrx_word' id='word_1_760' title='bbox 3030 5442 3289 5501; x_wconf 88' lang='lat' dir='ltr'><strong>cessaret,</strong></span> <span class='ocrx_word' id='word_1_761' title='bbox 3316 5434 3487 5505; x_wconf 89' lang='lat' dir='ltr'><strong>publi-</strong></span> 
     </span>
    </p>
   </div>
   <div class='ocr_carea' id='block_1_115' title="bbox 1900 5527 3485 5601">
    <p class='ocr_par' dir='ltr' id='par_1_115' title="bbox 1900 5527 3485 5601">
     <span class='ocr_line' id='line_1_115' title="bbox 1900 5527 3485 5601; baseline -0.003 -15"><span class='ocrx_word' id='word_1_762' title='bbox 1900 5532 2173 5601; x_wconf 79' lang='lat' dir='ltr'><strong>cusvigor</strong></span> <span class='ocrx_word' id='word_1_763' title='bbox 2205 5531 2353 5599; x_wconf 82' lang='lat' dir='ltr'><strong>justo</strong></span> <span class='ocrx_word' id='word_1_764' title='bbox 2397 5528 2666 5583; x_wconf 80' lang='lat' dir='ltr'><strong>desiderio</strong></span> <span class='ocrx_word' id='word_1_765' title='bbox 2713 5527 2906 5582; x_wconf 91' lang='lat' dir='ltr'><strong>deesse</strong></span> <span class='ocrx_word' id='word_1_766' title='bbox 2939 5540 3045 5581; x_wconf 89' lang='lat' dir='ltr'><strong>non</strong></span> <span class='ocrx_word' id='word_1_767' title='bbox 3105 5535 3302 5597; x_wconf 84' lang='lat' dir='ltr'><strong>posset.</strong></span> <span class='ocrx_word' id='word_1_768' title='bbox 3348 5527 3485 5594; x_wconf 86' lang='lat' dir='ltr'><strong>Quid</strong></span> 
     </span>
    </p>
   </div>
   <div class='ocr_carea' id='block_1_116' title="bbox 1900 5619 3486 5690">
    <p class='ocr_par' dir='ltr' id='par_1_116' title="bbox 1900 5619 3486 5690">
     <span class='ocr_line' id='line_1_116' title="bbox 1900 5619 3486 5690; baseline -0.004 -10"><span class='ocrx_word' id='word_1_769' title='bbox 1900 5627 2043 5680; x_wconf 92' lang='lat' dir='ltr'><strong>enim</strong></span> <span class='ocrx_word' id='word_1_770' title='bbox 2077 5636 2180 5679; x_wconf 92' lang='lat' dir='ltr'><strong>tam</strong></span> <span class='ocrx_word' id='word_1_771' title='bbox 2204 5622 2462 5676; x_wconf 88' lang='lat' dir='ltr'><strong>familiare</strong></span> <span class='ocrx_word' id='word_1_772' title='bbox 2483 5620 2722 5689; x_wconf 68' lang='lat' dir='ltr'><strong>justitiae,</strong></span> <span class='ocrx_word' id='word_1_773' title='bbox 2751 5634 2909 5690; x_wconf 88' lang='lat' dir='ltr'><strong>quam</strong></span> <span class='ocrx_word' id='word_1_774' title='bbox 2948 5628 3008 5674; x_wconf 89' lang='lat' dir='ltr'><strong>ut</strong></span> <span class='ocrx_word' id='word_1_775' title='bbox 3044 5619 3486 5689; x_wconf 84' lang='lat' dir='ltr'><strong>circumscriptor</strong></span> 
     </span>
    </p>
   </div>
   <div class='ocr_carea' id='block_1_117' title="bbox 1899 5709 3484 5781">
    <p class='ocr_par' dir='ltr' id='par_1_117' title="bbox 1899 5709 3484 5781">
     <span class='ocr_line' id='line_1_117' title="bbox 1899 5709 3484 5781; baseline -0.004 -10"><span class='ocrx_word' id='word_1_776' title='bbox 1899 5716 2214 5775; x_wconf 79' lang='lat' dir='ltr'><strong>clarissima:</strong></span> <span class='ocrx_word' id='word_1_777' title='bbox 2244 5721 2297 5768; x_wconf 92' lang='lat' dir='ltr'><strong>et</strong></span> <span class='ocrx_word' id='word_1_778' title='bbox 2322 5710 2605 5766; x_wconf 91' lang='lat' dir='ltr'><strong>laudabilis</strong></span> <span class='ocrx_word' id='word_1_779' title='bbox 2634 5709 2847 5765; x_wconf 77' lang='lat' dir='ltr'><strong>feminzc</strong></span> <span class='ocrx_word' id='word_1_780' title='bbox 2884 5712 3120 5781; x_wconf 90' lang='lat' dir='ltr'><strong>parentis</strong></span> <span class='ocrx_word' id='word_1_781' title='bbox 3151 5726 3305 5775; x_wconf 67' lang='lat' dir='ltr'><strong>meat,</strong></span> <span class='ocrx_word' id='word_1_782' title='bbox 3329 5721 3484 5765; x_wconf 75' lang='lat' dir='ltr'><strong>astu-</strong></span> 
     </span>
    </p>
   </div>
   <div class='ocr_carea' id='block_1_118' title="bbox 1901 5802 3469 5869">
    <p class='ocr_par' dir='ltr' id='par_1_118' title="bbox 1901 5802 3469 5869">
     <span class='ocr_line' id='line_1_118' title="bbox 1901 5802 3469 5869; baseline -0.003 -4"><span class='ocrx_word' id='word_1_783' title='bbox 1901 5812 1986 5869; x_wconf 71' lang='lat' dir='ltr'><strong>tia:</strong></span> <span class='ocrx_word' id='word_1_784' title='bbox 2017 5824 2126 5866; x_wconf 66' lang='lat' dir='ltr'><strong>suae</strong></span> <span class='ocrx_word' id='word_1_785' title='bbox 2150 5808 2391 5869; x_wconf 79' lang='lat' dir='ltr'><strong>privetur</strong></span> <span class='ocrx_word' id='word_1_786' title='bbox 2415 5803 2626 5869; x_wconf 82' lang='lat' dir='ltr'><strong>ell&#39;ectu,</strong></span> <span class='ocrx_word' id='word_1_787' title='bbox 2658 5816 2724 5859; x_wconf 90' lang='lat' dir='ltr'><strong>ne</strong></span> <span class='ocrx_word' id='word_1_788' title='bbox 2755 5803 3054 5861; x_wconf 88' lang='lat' dir='ltr'><strong>commodis</strong></span> <span class='ocrx_word' id='word_1_789' title='bbox 3084 5802 3271 5861; x_wconf 87' lang='lat' dir='ltr'><strong>illudat</strong></span> <span class='ocrx_word' id='word_1_790' title='bbox 3292 5802 3469 5861; x_wconf 71' lang='lat' dir='ltr'><strong>al’ss&#39;!</strong></span> 
     </span>
    </p>
   </div>
  </div>
