3932 6438
495 363 605 420 ςιδ

1673 369 1732 438 ρ.
1779 369 2062 425 sonam

2170 367 2593 426 SYalllifllll'S.
3627 382 3716 438 ιιι

499 484 901 547 provinctauum
955 484 1296 546 patronorum
1335 477 1502 532 fretus
1553 479 1801 531 auxilio?
1832 479 2068 546 Quorum
2099 479 2151 550 Α
2176 489 2442 534 amantem
2467 481 2540 533 tui
2559 481 2732 549 justus
2755 480 3242 539 dolor-offenderet.
3263 484 3376 540 Fuit
3402 501 3432 540 a
3457 497 3567 543 item
3588 499 3715 551 matri

496 569 824 637 impudentia
859 569 1117 638 compulit
1146 577 1202 623 ut
1231 579 1473 624 matrona
1516 571 1685 626 lilium
1717 572 1969 642 fugitans,
2004 571 2070 626 ad

494 661 746 730 indicium
782 661 1083 729 prmturiuni
1115 661 1362 716 culminis
1393 665 1720 717 convolaret.
1763 665 1868 719 Res
1893 674 2069 718 autem

493 767 594 819 qua
627 752 692 805 de
720 752 893 820 agitur
929 752 1188 818 ejusmodi
1229 761 1328 806 est.
1367 754 1507 809 Ante
1547 757 1894 823 paucissimos
1923 771 2072 810 meu-

492 860 579 898 ses
605 846 692 899 ille
721 862 749 899 a
801 856 1019 912 parente
1064 862 1181 901 mea
1227 848 1418 903 horrea
1461 849 1838 917 Aquileiensis.
1881 857 1936 903 et
1963 848 2066 902 CF.

493 950 712 1007 propter
749 939 1190 1009 longinquitatem
1209 941 1419 996 itineris
1444 941 1729 1012 incognita,
1768 943 1912 996 tenui
1931 956 2070 996 mer-

489 1030 621 1084 cede
648 1030 932 1096 conduxit;
965 1041 1122 1101 atque
1172 1033 1255 1086 his
1308 1033 1377 1086 ita
1418 1033 1618 1086 abusus
1662 1041 1762 1096 est,
1805 1043 1861 1086 ut
1909 1047 2073 1097 parvo

491 1125 877 1191 licettempore
905 1124 1094 1180 iisdem
1136 1125 1268 1179 locis
1298 1125 1472 1180 labem
1532 1125 1780 1180 consulto
1825 1125 2072 1180 intulisse

489 1218 716 1271 dicatur.
741 1218 891 1271 llunc
911 1219 999 1272 ubi
1031 1231 1175 1286 smpe
1204 1219 1472 1280 convenit,
1507 1228 1563 1272 ut
1591 1219 1948 1274 conductioue
1978 1217 2073 1273 de-

488 1309 748 1373 cederet,
785 1318 1092 1379 contemptu
1124 1309 1356 1364 hominis
1386 1321 1437 1366 et
1474 1311 1776 1365 interventu
1816 1327 2072 1380 quorum-

486 1401 612 1455 dam
645 1400 949 1471 frequenter
969 1404 1114 1458 elusa
1145 1413 1245 1458 est.
1279 1403 1428 1458 Nunc
1458 1405 1573 1474 opis
1594 1403 1772 1476 indiga
1799 1406 2068 1474 geminum

489 1493 806 1548 beneficium
831 1496 990 1550 vestri
1023 1495 1221 1551 favoris
1263 1505 1498 1567 exoptat.
1539 1497 1740 1563 Primo,
1772 1507 1825 1551 ut
1866 1497 2066 1566 impro-

489 1585 736 1639 lvissitnus
789 1588 1080 1656 inquilinus
1140 1588 1381 1644 locorum
1448 1590 1759 1645 detentioue
1816 1591 2066 1660 pellatur.

486 1677 686 1732 Dehinc
716 1678 894 1734 habita
927 1680 1274 1735 deterioratm
1307 1681 1384 1735 rei
1413 1681 1769 1737 :estimatione
1797 1691 2068 1751 sumptum

481 1784 638 1836 insue
671 1772 1074 1828 instaurationis
1101 1782 1376 1842 agnoscat;
1407 1772 1540 1827 Cum
1596 1773 1753 1842 igitur
1791 1789 1939 1842 aequa
1972 1788 2069 1842 po-

481 1879 712 1927 scamus,
751 1864 914 1918 credo
945 1866 1167 1919 confore
1204 1873 1258 1918 ut
1297 1879 1432 1918 mea:
1464 1865 1704 1932 petitioni
1734 1875 1790 1920 et
1819 1866 2058 1921 utilitati-
2092 1850 2136 1910 Β

484 1959 580 2008 bus
614 1957 848 2024 parentis
877 1957 1026 2010 favor
1056 1965 1236 2011 vester
1262 1956 1514 2011 arrideat.
1551 1957 1698 2012 Vale.

1053 2069 1266 2124 EPIST.
1305 2069 1491 2124 LXIX.

961 2176 1262 2216 SVMMACUUS
1302 2178 1539 2219 EUSIGNIO
1549 2204 1561 2216 .

554 2276 807 2345 Benigne,
835 2285 891 2329 ut
914 2290 1028 2330 mos
1059 2286 1141 2330 est
1171 2277 1284 2340 tibi,
1314 2294 1590 2333 recursum
1619 2289 1860 2333 nostrum
1898 2279 2064 2334 misso

479 2367 788 2436 apparitore
810 2367 1018 2436 juvisti,
1049 2383 1205 2437 quem
1237 2370 1627 2438 progressusad
1652 2371 1948 2439 Appennini
1971 2386 2063 2424 su-

479 2459 695 2525 periura
728 2459 905 2513 dimisi
941 2459 1154 2528 adjecto
1187 2461 1364 2515 ollicio
1395 2463 1713 2528 litterarum,
1753 2473 1808 2517 ut
1835 2465 2059 2533 gratiam

477 2564 636 2613 quam
667 2551 828 2604 rebus
870 2565 1085 2620 :cqnare
1129 2567 1234 2605 non
1289 2567 1522 2619 possum.
1563 2555 1742 2608 saltim
1773 2555 2059 2610 verborum

479 2641 684 2694 honore
722 2655 1092 2708 compensem.
1135 2642 1286 2709 Quod
1317 2655 1565 2713 superest
1611 2646 1818 2699 itineris
1844 2689 1858 2712 ,
1901 2661 2060 2714 spero

481 2733 698 2795 praefata
728 2732 820 2788 Dei
859 2735 1010 2790 venia
1061 2736 1182 2791 sine
1227 2736 1410 2792 labore
1456 2739 1836 2806 peragendum.
1887 2739 2059 2794 Minus

477 2825 617 2878 enim
648 2826 868 2881 molesta
896 2833 1038 2895 sunt,
1073 2843 1190 2896 qua:
1219 2829 1562 2897 perveniendi
1587 2845 1738 2900 spem
1765 2831 2056 2900 proximam

479 2917 814 2986 pollicentur.
851 2918 997 2975 Vale.

1065 3011 1281 3068 EPIST.
1308 3013 1467 3068 LXX.

961 3121 1268 3161 SYMIIACHUS
1298 3121 1557 3163 EUSIGNIO.

550 3199 851 3254 Discedenti
881 3199 1006 3252 mihi
1036 3214 1216 3252 curam
1243 3200 1423 3268 legare
1448 3199 1698 3267 dignatus
1719 3214 1777 3254 es
1803 3199 2051 3254 amicitia:
2080 3220 2128 3285 ε

474 3300 884 3361 congruentem,
911 3299 968 3344 ut
986 3293 1140 3344 lamtc
1163 3300 1322 3360 atque
1345 3292 1551 3345 actibus
1581 3291 1686 3346 tuis
1703 3292 2052 3346 accommoda

474 3398 584 3436 non
607 3382 841 3436 silerem.
861 3379 1034 3436 Causa
1054 3381 1215 3451 igitur
1238 3381 1542 3450 postulante
1563 3381 1753 3451 fungor
1783 3382 2056 3450 injunctis.

476 3474 647 3529 Video
667 3474 809 3551 enim
832 3472 1064 3527 basilica:
1082 3474 1366 3543 pontisque
1388 3474 1652 3530 rationem
1674 3487 1821 3531 reete
1841 3475 2056 3546 quidem

478 3569 688 3622 ltonoso
716 3567 1006 3637 prresidiali,
1028 3569 1144 3622 viro
1176 3582 1298 3622 esse
1346 3568 1684 3623 mandatam:
1715 3571 1800 3625 cui
1840 3581 1894 3626 et
1922 3570 2058 3640 vigi-

479 3660 637 3713 lantia
667 3671 912 3724 superest
939 3659 1004 3713 ad
1030 3659 1333 3716 limitandas
1372 3662 1597 3728 publica!
1625 3664 1848 3718 rationis
1871 3664 2056 3718 amba-

475 3767 591 3817 ges,
620 3759 676 3805 et
703 3750 837 3806 fides
867 3751 932 3806 ad
965 3752 1332 3820 persequenda
1370 3768 1491 3823 qua:
1517 3769 1741 3809 examen
1775 3755 2056 3824 invenerit.

476 3843 581 3899 Sed
609 3859 802 3898 vereor
829 3859 896 3898 ne
924 3843 1374 3900 ludificationlbus
1408 3862 1492 3901 res
1516 3846 1752 3915 injuncta
1781 3847 2055 3916 frigescat,

475 3936 780 3991 obluctante
813 3950 880 3988 eo
905 3951 1061 4004 quem
1093 3938 1298 3992 socium
1327 3937 1678 3994 discussionis
1706 3940 1930 4007 accepit.
1964 3943 2060 3993 At-

474 4041 578 4096 que
609 4027 730 4082 ideo
755 4027 891 4081 clam
923 4035 973 4080 te
1012 4042 1132 4081 esse
1167 4042 1271 4082 non
1305 4028 1498 4097 patior,
1529 4045 1596 4085 eo
1623 4045 1734 4084 rem
1765 4030 1957 4084 deduci
2003 4039 2060 4084 ut

474 4121 623 4175 labes
645 4135 833 4190 magna
857 4129 1165 4189 sumptuum
1214 4122 1550 4192 publicorum
1579 4124 1758 4178 studio
1803 4123 2056 4178 certami-

473 4213 557 4268 nis
578 4213 896 4268 obducatur.
927 4212 1063 4280 Quid
1089 4213 1234 4268 enim
1265 4213 1366 4269 sibi
1399 4215 1513 4268 vult
1539 4217 1640 4270 ista
1669 4215 1977 4284 coniunctio
2006 4215 2056 4268 in

471 4321 536 4360 ea
590 4306 889 4376 praisertim
937 4307 1292 4372 discussione,
1327 4322 1447 4377 qua:
1492 4308 1665 4377 ipsum
1716 4308 2056 4378 quinsitorem

471 4395 681 4451 videtur
719 4398 1058 4466 astringere?
1096 4398 1274 4463 Quare
1307 4399 1430 4453 huic
1481 4409 1685 4453 tantum
1732 4401 1864 4468 parti
1907 4399 2060 4452 adhi-

472 4488 646 4544 benda
677 4491 942 4543 correctio
983 4497 1085 4554 est,
1116 4497 1170 4543 et
1191 4489 1256 4543 ad
1293 4504 1456 4543 unum
1489 4505 1652 4559 quem
1687 4501 1878 4559 sponte
1907 4489 2058 4544 dele-

471 4585 638 4653 geris,
666 4583 1026 4652 inquisitionis
1046 4597 1254 4636 summa
1277 4584 1581 4648 referenda,
1613 4584 1746 4652 adjet
1771 4587 1841 4638 t's
1865 4595 2054 4638 vestra:
2087 4603 2133 4662 D

472 4675 821 4746 apparitionis
849 4674 1096 4740 auxiliis;
1121 4689 1229 4744 quo
1250 4676 1460 4748 minora
1504 4675 1680 4730 ollicia
1731 4676 1888 4730 fidem
1921 4691 2055 4744 pra:-

473 4773 706 4826 bitorum
729 4771 810 4824 vel
845 4770 1179 4824 invectarum
1217 4783 1478 4839 cogantur
1522 4771 1752 4840 aperire.
1806 4769 2060 4824 Probabit

472 4865 654 4919 exitus
686 4873 942 4933 quantum
990 4863 1217 4930 publica:
1263 4863 1342 4918 rei
1380 4875 1468 4917 tua
1508 4878 1635 4918 cura
1681 4863 2056 4934 prospexerit;

469 4971 588 5010 eum
613 4955 864 5011 cohibitis
891 4955 1193 5024 sumptibus
1225 4956 1396 5024 novis,
1449 4956 1894 5011 consummatioui
1928 4971 2058 5027 ope-

471 5065 586 5106 rum
618 5047 932 5103 Satisfccerit
956 5062 1160 5101 summa
1188 5048 1537 5117 reliquorum.
1569 5048 1715 5104 Vale.

1047 5165 1261 5220 EPIST.
1301 5165 1484 5220 LXXI.

949 5273 1046 5311 δϊιι
1057 5272 1261 5311 ιιΛοιιυε
1307 5271 1562 5311 EUSIGNIO.

539 5374 761 5428 Summo
791 5361 983 5444 gaudio
1016 5373 1227 5442 quoties
1261 5371 1452 5425 scribis
1475 5371 1699 5446 aftieior,
1727 5381 1779 5426 et
1803 5380 1910 5426 tum
1939 5386 2054 5424 ma-

474 5469 614 5523 xime
635 5482 754 5520 ctttu
780 5468 933 5521 abest
965 5466 1267 5522 amaritudo
1305 5465 1675 5533 querimoni-.12.
1712 5464 1859 5517 Nunc
1881 5464 2055 5534 stylus

475 5573 596 5615 tuus
632 5558 698 5612 ab
739 5559 932 5612 usitata
967 5558 1302 5628 jucunditate
1345 5557 1609 5612 dissentit.
1675 5557 1866 5628 Arguit
1913 5557 2052 5610 enim

472 5652 606 5707 falso
647 5649 977 5721 iniquitatem
1009 5649 1293 5729 quamdam
1338 5651 1575 5721 pignoris
1613 5651 1749 5720 mei,
1791 5666 1910 5705 cum
1952 5664 2056 5719 quo

475 5748 568 5803 tibi
612 5746 836 5800 lmitum
892 5746 1146 5800 nonnulla
1199 5747 1424 5802 certatio
1466 5753 1567 5800 est.
1632 5744 1811 5814 Itaque
1856 5744 2058 5798 litteras

475 5849 658 5894 c-mtra
698 5839 785 5909 jus
828 5837 1077 5893 amicitiae
1121 5838 1182 5892 ad
1224 5855 1342 5893 eum
1391 5838 1580 5894 missas
1627 5836 1895 5904 sttpprcssi
1925 5878 1937 5902 ,
1992 5853 2056 5891 nc

2177 571 2294 635 ejus
2327 585 2445 624 cum
2482 583 2826 641 procuratore
2863 584 2954 627 tuo
2991 573 3166 629 ﬂualis
3199 576 3253 631 in
3286 579 3458 634 Sielia
3489 587 3714 650 quaestio:

2175 677 2332 731 quam
2369 663 2688 733 disceptatio
2727 680 2855 733 non,
2889 675 2946 720 ut
2981 668 3192 733 scribis,
3222 669 3462 736 Venusti,
3495 675 3581 728 sed
3606 677 3716 731 alte-

2175 756 2286 808 rius
2313 760 2538 811 rectoris
2564 758 2813 812 absolvit.
2845 759 2987 827 Ergo
3017 760 3066 812 in
3101 770 3323 830 utraque
3350 779 3566 831 persona
3594 782 3720 823 error

2173 849 2506 914 suggerentis
2539 857 2771 902 retectos
2818 865 2935 905 eam
2980 851 3183 920 pignori
3227 868 3346 907 meo
3391 859 3578 910 exemit
3612 860 3720 913 iuvi-

2173 936 2338 990 diam.
2404 938 2653 994 Advert's
2707 955 2804 1011 pro
2844 942 3096 1010 singulari
3138 947 3449 1000 verecundia
3497 957 3576 1001 tua
3601 989 3614 1012 ,
3652 950 3720 1004 cui

2175 1029 2508 1098 potissimum
2561 1032 2697 1100 parti
2737 1032 3031 1089 satisfactio
3077 1036 3351 1092 debeatur.
3413 1038 3476 1092 Et
3516 1040 3634 1093 nihil
3667 1042 3720 1095 de

2175 1123 2424 1190 praesenti
2455 1123 2660 1184 fontiuna
2686 1125 2896 1194 loquor,
2920 1142 3038 1196 quin
3068 1128 3390 1184 scribentem
3414 1131 3588 1186 debuit
3612 1142 3719 1187 tetu-

2174 1232 2384 1285 perare.
2425 1218 2577 1273 Adde
2611 1218 2750 1287 quod
2785 1221 3115 1288 pecuniarias
3147 1237 3336 1278 causas
3364 1240 3530 1295 usque
3554 1226 3613 1278 ad
3641 1226 3716 1281 de-

2175 1311 2486 1366 trimentum
2535 1312 2885 1368 amicitiarum
2941 1330 3044 1370 non
3097 1326 3306 1387 oportet
3349 1318 3581 1373 extendi.
3635 1318 3718 1373 Sed

2174 1403 2300 1468 quid
2352 1403 2465 1457 haec
2501 1404 2780 1472 pluribus?
2828 1405 3056 1461 Posthac
3098 1419 3227 1476 opto
3263 1423 3561 1464 sermonem
3599 1418 3719 1463 tuunt

2175 1493 2522 1559 placidiorem
2556 1496 2774 1562 mereri,
2807 1505 2861 1550 et
2901 1498 3253 1554 constantiam
3285 1501 3482 1557 veteris
3511 1515 3625 1572 erga
3653 1515 3721 1556 tua

2173 1584 2524 1640 observantiae
2573 1596 2677 1641 tum
2708 1632 2723 1656 ,
2767 1597 3016 1657 porrecto
3072 1592 3233 1646 etiam
3284 1590 3337 1647 in
3390 1606 3536 1648 meos
3569 1607 3722 1647 amore

2172 1678 2443 1748 colligere.
2483 1679 2630 1735 Vale.

2734 1774 2945 1831 EPIST.
2989 1775 3199 1832 LXXII.

2642 1881 2948 1923 SVINACHUS
2988 1884 3252 1926 EUSIGNIO.
3339 1891 3342 1894 ’

2243 1955 2522 2026 Frequens
2561 1973 2687 2012 usus
2721 1959 2956 2013 ostendit
2982 2001 2996 2023 ,
3029 1969 3081 2015 et
3111 1960 3254 2015 clara
3283 1960 3451 2016 animi
3487 1961 3557 2016 tui
3587 1961 3722 2016 docu-

2169 2057 2350 2102 menta
2383 2058 2685 2114 testantur,
2723 2051 2964 2114 exempla
3008 2066 3151 2106 vera:
3190 2052 3442 2107 amicitiae
3483 2053 3547 2108 de
3585 2062 3630 2108 te
3653 2068 3723 2107 ca-

2167 2139 2380 2205 pienda.
2406 2139 2588 2208 Neque
2609 2141 2750 2195 enim
2774 2143 3052 2209 quisquam
3081 2143 3438 2198 constantiam
3464 2144 3722 2199 firmiorem

2166 2227 2513 2285 familiaribus
2545 2231 2803 2300 impendit
2827 2233 3038 2298 olflciis,
3071 2234 3370 2303 praesertim
3399 2235 3452 2289 in
3484 2244 3618 2290 tanta
3647 2250 3724 2303 pu-

2167 2322 2423 2377 blicarum
2449 2340 2696 2379 curarum
2736 2326 2897 2392 mole,
2923 2343 3040 2396 qua:
3069 2328 3290 2383 alterius
3313 2328 3547 2384 studium
3572 2336 3725 2397 posset

2163 2414 2449 2479 hebetare,
2483 2419 2583 2473 nisi
2617 2419 2991 2486 obstrepentes
3032 2423 3380 2477 necessitates
3415 2422 3616 2478 aﬂ'ectio
3642 2422 3725 2475 fra-

2163 2515 2310 2564 terna
2341 2521 2641 2580 superaret.
2686 2513 2836 2578 Quod
2864 2515 3037 2569 solum
3075 2516 3236 2583 igitur
3260 2515 3596 2571 verecundizc
3621 2529 3726 2568 cou-

2163 2601 2329 2666 veuit,
2352 2603 2489 2657 cedo
2503 2606 2964 2680 praestantissime
2986 2606 3253 2677 religioni,
3279 2623 3474 2678 meque
3495 2607 3724 2676 imparem

2162 2690 2458 2747 rcferendm
2487 2695 2840 2750 vicissitudini
2868 2697 3126 2766 pudenter
3147 2713 3404 2769 agnosco.
3431 2699 3536 2755 Nec
3563 2706 3726 2754 Vereor

2161 2798 2230 2837 ne
2272 2782 2545 2853 diligentia
2593 2795 2676 2841 tua
2725 2788 2817 2842 tali
2870 2789 3026 2845 laude
3072 2790 3359 2857 lentescat;
3404 2792 3532 2864 quin
3576 2792 3726 2863 potius

2162 2889 2321 2942 spero
2349 2877 2783 2933 benevolentiam
2817 2879 2886 2949 (si
2919 2881 3044 2950 quid
3073 2881 3230 2952 pleno
3253 2881 3527 2953 adjicilur)
3557 2882 3726 2950 largio-

2161 2981 2304 3033 rem,
2333 2969 2457 3037 quia
2487 2966 2642 3023 bonis
2686 2971 2944 3027 familiare
2973 2982 3056 3027 est
3085 2972 3257 3028 studia
3289 2973 3517 3044 benigna
3567 2985 3724 3028 contu-

2161 3058 2294 3122 lare,
2325 3074 2548 3130 quorum
2578 3061 2802 3132 gratiam
2829 3062 3062 3118 sentiunt
3096 3079 3199 3119 non
3230 3065 3429 3135 perire.
3460 3065 3604 3120 Vale.

2716 3152 2931 3208 EPIST.
2971 3154 3204 3210 LXXIII.

2649 3260 2956 3301 εγηιιλοιιυς
2986 3261 3251 3303 ευειϐκιο.

2236 3336 2394 3392 Facio
2425 3338 2565 3406 quod
2598 3339 2784 3393 suadet
2821 3339 3144 3404 humanitas,
3175 3347 3231 3392 ut
3258 3338 3510 3393 amicitias
3538 3347 3633 3392 tute
3660 3335 3725 3389 vi-

2161 3445 2252 3485 ros
2284 3430 2437 3484 boum
2486 3430 2653 3500 frugis
2699 3429 3004 3500 adiungam.
3056 3431 3255 3484 llorum
3287 3439 3428 3484 unus
3461 3441 3541 3486 θαι
3576 3428 3726 3489 Felix,

2164 3521 2493 3576 honorabilis
2523 3522 2710 3593 gradu,
2734 3532 2892 3592 atque
2919 3521 3304 3578 exercitatione
3333 3523 3555 3578 militiai.
3583 3523 3667 3576 Cui
3691 3518 3728 3572 si

2161 3615 2287 3684 quid
2314 3616 2510 3669 amoris
2539 3615 2900 3685 impenderis,
2936 3614 3001 3669 ad
3048 3629 3220 3669 meam
3259 3613 3486 3685 gratiam
3519 3613 3727 3684 pertine-

2161 3704 2259 3760 bit.
2294 3704 2446 3760 Vale.

2709 3795 2925 3854 EPIST.
2971 3797 3207 3853 LXXIV.

2656 3905 2965 3944 SYIIMACHUS
2992 3903 3253 3946 ευειοιιιο.

2233 3981 2458 4037 Mirabar
2488 3981 2612 4052 qu’d
2643 3991 2785 4037 esset
2813 3983 2888 4037 rei
2929 3981 3068 4052 quod
3113 3981 3361 4036 amicitiae
3394 3977 3730 4037 observantis-

2160 4075 2329 4130 simus
2359 4074 2447 4129 diu
2476 4075 2775 4130 scribendis
2801 4073 2991 4128 litteris
3021 4073 3345 4128 abstinebas.
3380 4073 3487 4130 Sed
3517 4069 3731 4142 epistola

2164 4178 2267 4222 tuae
2294 4171 2463 4224 series
2490 4167 2741 4223 indicavit
2765 4209 2782 4233 ,
2809 4167 2948 4237 quod
2981 4167 3209 4221 tristium
3238 4182 3418 4222 rerum
3451 4168 3602 4222 index
3629 4175 3732 4219 esse

2161 4262 2432 4326 vitaveris,
2464 4276 2596 4332 quas
2621 4261 2860 4328 longiore
2887 4260 3096 4315 silentio
3125 4259 3406 4323 contineri,
3442 4274 3538 4314 nec
3565 4255 3730 4324 religio

2161 4353 2471 4422 familiaris,
2505 4370 2603 4410 nec
2631 4353 2929 4408 communis
2968 4366 3126 4408 causa
3165 4351 3430 4422 permisit.
3479 4351 3604 4406 Nam
3634 4348 3729 4418 ple-

2161 4462 2384 4516 rumque
2419 4447 2548 4502 utile
2577 4455 2660 4501 est
2695 4447 2744 4500 in
2773 4445 3038 4515 publicam
3068 4444 3309 4514 proferre
3336 4445 3578 4499 nctitiam
3603 4437 3724 4512 quod

2163 4539 2294 4593 velis
2315 4553 2433 4593 esse
2461 4549 2783 4602 correctum,
2804 4547 2862 4591 ut
2883 4537 3288 4593 denuntiatione
3317 4536 3481 4591 futuri
3509 4531 3726 4606 pericu’i,

2160 4632 2225 4686 ad
2257 4631 2642 4687 consulendum
2674 4643 2989 4686 cunctorum
3039 4646 3164 4685 cura
3217 4640 3519 4685 moveatur.
3566 4628 3728 4695 Magna
3796 4647 3800 4650 -

2161 4726 2319 4795 igitur
2350 4727 2686 4791 necessitate,
2714 4724 2874 4778 futuri
2906 4723 3030 4777 anni
3060 4723 3291 4793 inopiam
3321 4731 3639 4794 protestatus
3661 4729 3725 4772 es.

2161 4817 2298 4884 Quid
2321 4819 2474 4872 enim'
2498 4818 2610 4887 spei
2632 4816 2889 4886 reliquum
2911 4815 2998 4880 sit,
3028 4830 3148 4869 cum
3177 4814 3464 4883 provinciis
3489 4809 3728 4868 Africanis

2165 4923 2264 4962 nec
2289 4911 2354 4962 ad
2387 4910 2581 4961 victum
2615 4917 2824 4960 tenuem
2858 4903 3065 4974 frugum
3097 4904 3281 4959 tritura
3311 4903 3658 4972 responderit,
3685 4906 3729 4951 et

2163 4997 2406 5066 suppleta
2437 5013 2499 5052 ex
2533 4995 2648 5050 aliis
2693 4993 2849 5050 ternis
2891 4994 3094 5049 semina
3122 4995 3327 5048 vicinus
3358 5009 3530 5047 annus
3559 5004 3728 5059 ex-pe-

2163 5091 2307 5144 ctct?
2348 5089 2474 5143 Jurc
2505 5090 2662 5158 igitur
2691 5089 2755 5142 ad
2788 5097 3106 5142 aeternorum
3136 5087 3434 5157 principum
3465 5085 3726 5158 provideo.

2163 5184 2289 5237 tiam
2317 5182 2718 5252 provincialium
2750 5180 3050 5235 sollicitudo
3087 5179 3340 5248 confugit.
3392 5179 3591 5234 Interea
3616 5177 3726 5231 dum

2163 5276 2332 5346 major
2355 5276 2424 5331 ab
2449 5276 2552 5330 illis
2590 5275 2870 5329 salubritas
2911 5273 3144 5343 petitur,
3193 5271 3498 5327 humanitas
3541 5283 3620 5326 tua
3659 5270 3726 5321 lo-

2161 5379 2282 5424 veat
2306 5369 2595 5424 exhaustos
2619 5411 2632 5428 ,
2665 5378 2718 5422 et
2749 5378 2996 5436 tanquam
3029 5367 3291 5437 particeps
3321 5365 3521 5420 doloris
3563 5359 3724 5421 alicui,

2162 5463 2480 5532 persuadeat
2517 5460 2901 5524 laborantibus,
2925 5459 3021 5512 sibi
3050 5458 3308 5513 accidisse
3341 5455 3590 5526 quidquid
3617 5465 3726 5523 pro-

2159 5553 2347 5607 vincias
2380 5553 2732 5622 pertulerunt.
2770 5553 2879 5620 Ego
2901 5551 3074 5615 valeo,
3101 5551 3340 5618 quamvis
3367 5551 3574 5602 animus
3601 5555 3727 5613 aeger

2159 5645 2356 5700 bonum
2406 5644 2648 5698 sanitatis
2697 5642 2944 5712 ignoret:
2985 5640 3081 5696 sed
3128 5649 3186 5695 ut
3229 5639 3426 5710 aliquid
3472 5632 3727 5694 solantinis

2160 5738 2394 5808 capiam,
2437 5751 2534 5792 oro
2581 5735 2942 5808 indulgentius
2980 5734 3185 5790 scribas
3237 5741 3290 5789 et
3317 5733 3382 5787 ad
3414 5726 3724 5802 responden-

2164 5835 2289 5891 dum
2321 5830 2574 5900 exemplo
2601 5838 2702 5886 tuae
2732 5827 3057 5884 assiduitatis
3084 5825 3293 5882 invites.
3327 5821 3472 5904 Vale.
