  <div class='ocr_page' id='page_1' title='image "/cluster/home/n/w/nwhite01/storage/ocr_20150623/18/hvd.32044015471337/130.png"; bbox 0 0 3932 6442; ppageno 0'>
   <div class='ocr_carea' id='block_1_1' title="bbox 185 498 1330 524">
    <p class='ocr_par' dir='ltr' id='par_1_1' title="bbox 185 498 1330 524">
     <span class='ocr_line' id='line_1_1' title="bbox 185 498 1330 524; baseline 0 -5"><span class='ocrx_word' id='word_1_1' title='bbox 185 498 1330 524; x_wconf 50' lang='lat' dir='ltr'><em>W</em></span> 
     </span>
    </p>
   </div>
   <div class='ocr_carea' id='block_1_2' title="bbox 697 737 1186 795">
    <p class='ocr_par' dir='ltr' id='par_1_2' title="bbox 697 737 1186 795">
     <span class='ocr_line' id='line_1_2' title="bbox 697 737 1186 795; baseline -0.002 -2"><span class='ocrx_word' id='word_1_2' title='bbox 697 737 911 795; x_wconf 78' lang='lat' dir='ltr'><strong>EPIST.</strong></span> <span class='ocrx_word' id='word_1_3' title='bbox 955 739 1186 793; x_wconf 75' lang='lat' dir='ltr'><strong>PRIMA.</strong></span> 
     </span>
    </p>
   </div>
   <div class='ocr_carea' id='block_1_3' title="bbox 582 845 1300 886">
    <p class='ocr_par' dir='ltr' id='par_1_3' title="bbox 582 845 1300 886">
     <span class='ocr_line' id='line_1_3' title="bbox 582 845 1300 886; baseline 0 0"><span class='ocrx_word' id='word_1_4' title='bbox 582 845 886 886; x_wconf 67' lang='grc' dir='ltr'><strong>δηιιλειιυε</strong></span> <span class='ocrx_word' id='word_1_5' title='bbox 922 847 1300 886; x_wconf 66' lang='lat' dir='ltr'><strong>HIEBOPIIANTI.</strong></span> 
     </span>
    </p>
   </div>
   <div class='ocr_carea' id='block_1_4' title="bbox 238 921 1736 989">
    <p class='ocr_par' dir='ltr' id='par_1_4' title="bbox 238 921 1736 989">
     <span class='ocr_line' id='line_1_4' title="bbox 238 921 1736 989; baseline -0.003 -10"><span class='ocrx_word' id='word_1_6' title='bbox 238 925 387 980; x_wconf 85' lang='lat' dir='ltr'><strong>Recte</strong></span> <span class='ocrx_word' id='word_1_7' title='bbox 410 924 586 978; x_wconf 82' lang='lat' dir='ltr'><strong>valeo.</strong></span> <span class='ocrx_word' id='word_1_8' title='bbox 629 923 739 978; x_wconf 87' lang='lat' dir='ltr'><strong>Iloc</strong></span> <span class='ocrx_word' id='word_1_9' title='bbox 763 924 906 978; x_wconf 90' lang='lat' dir='ltr'><strong>enim</strong></span> <span class='ocrx_word' id='word_1_10' title='bbox 939 922 1206 977; x_wconf 84' lang='lat' dir='ltr'><strong>scribendi</strong></span> <span class='ocrx_word' id='word_1_11' title='bbox 1237 921 1400 976; x_wconf 84' lang='lat' dir='ltr'><strong>debet</strong></span> <span class='ocrx_word' id='word_1_12' title='bbox 1429 936 1547 977; x_wconf 90' lang='lat' dir='ltr'><strong>esse</strong></span> <span class='ocrx_word' id='word_1_13' title='bbox 1590 921 1736 989; x_wconf 83' lang='lat' dir='ltr'><strong>prin-</strong></span> 
     </span>
    </p>
   </div>
   <div class='ocr_carea' id='block_1_5' title="bbox 174 1015 1733 1087">
    <p class='ocr_par' dir='ltr' id='par_1_5' title="bbox 174 1015 1733 1087">
     <span class='ocr_line' id='line_1_5' title="bbox 174 1015 1733 1087; baseline -0.001 -15"><span class='ocrx_word' id='word_1_14' title='bbox 174 1021 348 1084; x_wconf 82' lang='lat' dir='ltr'><strong>cipium</strong></span> <span class='ocrx_word' id='word_1_15' title='bbox 371 1059 386 1081; x_wconf 96' lang='lat'><strong>,</strong></span> <span class='ocrx_word' id='word_1_16' title='bbox 426 1017 568 1087; x_wconf 91' lang='lat' dir='ltr'><strong>quod</strong></span> <span class='ocrx_word' id='word_1_17' title='bbox 606 1018 834 1072; x_wconf 80' lang='lat' dir='ltr'><strong>maxime</strong></span> <span class='ocrx_word' id='word_1_18' title='bbox 863 1027 1116 1083; x_wconf 82' lang='lat' dir='ltr'><strong>expetunt</strong></span> <span class='ocrx_word' id='word_1_19' title='bbox 1146 1026 1264 1068; x_wconf 83' lang='lat' dir='ltr'><strong>vota</strong></span> <span class='ocrx_word' id='word_1_20' title='bbox 1307 1015 1514 1070; x_wconf 88' lang='lat' dir='ltr'><strong>lecturi.</strong></span> <span class='ocrx_word' id='word_1_21' title='bbox 1561 1015 1733 1084; x_wconf 64' lang='lat' dir='ltr'><strong>Eque</strong></span> 
     </span>
    </p>
   </div>
   <div class='ocr_carea' id='block_1_6' title="bbox 175 1107 1732 1178">
    <p class='ocr_par' dir='ltr' id='par_1_6' title="bbox 175 1107 1732 1178">
     <span class='ocr_line' id='line_1_6' title="bbox 175 1107 1732 1178; baseline -0.001 -16"><span class='ocrx_word' id='word_1_22' title='bbox 175 1109 253 1162; x_wconf 91' lang='lat' dir='ltr'><strong>tibi</strong></span> <span class='ocrx_word' id='word_1_23' title='bbox 281 1119 560 1176; x_wconf 76' lang='lat' dir='ltr'><strong>suppetere</strong></span> <span class='ocrx_word' id='word_1_24' title='bbox 601 1118 840 1176; x_wconf 88' lang='lat' dir='ltr'><strong>optatum</strong></span> <span class='ocrx_word' id='word_1_25' title='bbox 889 1109 1122 1178; x_wconf 80' lang='lat' dir='ltr'><strong>vigorem</strong></span> <span class='ocrx_word' id='word_1_26' title='bbox 1169 1107 1325 1160; x_wconf 72' lang='lat' dir='ltr'><strong>nimis</strong></span> <span class='ocrx_word' id='word_1_27' title='bbox 1354 1107 1578 1176; x_wconf 85' lang='lat' dir='ltr'><strong>gaudeo,</strong></span> <span class='ocrx_word' id='word_1_28' title='bbox 1612 1122 1732 1162; x_wconf 90' lang='lat' dir='ltr'><strong>nam</strong></span> 
     </span>
    </p>
   </div>
   <div class='ocr_carea' id='block_1_7' title="bbox 174 1198 1731 1268">
    <p class='ocr_par' dir='ltr' id='par_1_7' title="bbox 174 1198 1731 1268">
     <span class='ocr_line' id='line_1_7' title="bbox 174 1198 1731 1268; baseline 0.002 -18"><span class='ocrx_word' id='word_1_29' title='bbox 174 1215 248 1252; x_wconf 73' lang='lat' dir='ltr'><strong>nte</strong></span> <span class='ocrx_word' id='word_1_30' title='bbox 276 1199 358 1253; x_wconf 87' lang='lat' dir='ltr'><strong>tali</strong></span> <span class='ocrx_word' id='word_1_31' title='bbox 390 1199 587 1255; x_wconf 90' lang='lat' dir='ltr'><strong>indicio</strong></span> <span class='ocrx_word' id='word_1_32' title='bbox 616 1215 780 1268; x_wconf 89' lang='lat' dir='ltr'><strong>nuper</strong></span> <span class='ocrx_word' id='word_1_33' title='bbox 807 1198 1068 1253; x_wconf 83' lang='lat' dir='ltr'><strong>hilarasti.</strong></span> <span class='ocrx_word' id='word_1_34' title='bbox 1101 1198 1232 1252; x_wconf 89' lang='lat' dir='ltr'><strong>Illud</strong></span> <span class='ocrx_word' id='word_1_35' title='bbox 1263 1213 1472 1268; x_wconf 89' lang='lat' dir='ltr'><strong>quoque</strong></span> <span class='ocrx_word' id='word_1_36' title='bbox 1501 1199 1552 1252; x_wconf 91' lang='lat' dir='ltr'><strong>in</strong></span> <span class='ocrx_word' id='word_1_37' title='bbox 1581 1215 1731 1254; x_wconf 89' lang='lat' dir='ltr'><strong>sum-</strong></span> 
     </span>
    </p>
   </div>
   <div class='ocr_carea' id='block_1_8' title="bbox 173 1291 1736 1363">
    <p class='ocr_par' dir='ltr' id='par_1_8' title="bbox 173 1291 1736 1363">
     <span class='ocr_line' id='line_1_8' title="bbox 173 1291 1736 1363; baseline -0.001 -18"><span class='ocrx_word' id='word_1_38' title='bbox 173 1309 242 1345; x_wconf 85' lang='lat' dir='ltr'><strong>ma</strong></span> <span class='ocrx_word' id='word_1_39' title='bbox 273 1309 406 1362; x_wconf 91' lang='lat' dir='ltr'><strong>pono</strong></span> <span class='ocrx_word' id='word_1_40' title='bbox 435 1294 619 1363; x_wconf 70' lang='lat' dir='ltr'><strong>gratiae</strong></span> <span class='ocrx_word' id='word_1_41' title='bbox 648 1334 662 1356; x_wconf 88' lang='lat'><strong>,</strong></span> <span class='ocrx_word' id='word_1_42' title='bbox 702 1293 840 1362; x_wconf 90' lang='lat' dir='ltr'><strong>quod</strong></span> <span class='ocrx_word' id='word_1_43' title='bbox 889 1301 940 1346; x_wconf 91' lang='lat' dir='ltr'><strong>te</strong></span> <span class='ocrx_word' id='word_1_44' title='bbox 971 1293 1135 1347; x_wconf 89' lang='lat' dir='ltr'><strong>nostri</strong></span> <span class='ocrx_word' id='word_1_45' title='bbox 1165 1291 1628 1361; x_wconf 77' lang='lat' dir='ltr'><strong>diligentiss&#39;mum</strong></span> <span class='ocrx_word' id='word_1_46' title='bbox 1659 1291 1736 1345; x_wconf 89' lang='lat' dir='ltr'><strong>fa-</strong></span> 
     </span>
    </p>
   </div>
   <div class='ocr_carea' id='block_1_9' title="bbox 174 1383 1730 1455">
    <p class='ocr_par' dir='ltr' id='par_1_9' title="bbox 174 1383 1730 1455">
     <span class='ocr_line' id='line_1_9' title="bbox 174 1383 1730 1455; baseline 0 -20"><span class='ocrx_word' id='word_1_47' title='bbox 174 1383 370 1438; x_wconf 84' lang='lat' dir='ltr'><strong>miliaris</strong></span> <span class='ocrx_word' id='word_1_48' title='bbox 398 1384 522 1455; x_wconf 85' lang='lat' dir='ltr'><strong>styli</strong></span> <span class='ocrx_word' id='word_1_49' title='bbox 554 1383 804 1453; x_wconf 79' lang='lat' dir='ltr'><strong>frequens</strong></span> <span class='ocrx_word' id='word_1_50' title='bbox 834 1397 960 1436; x_wconf 90' lang='lat' dir='ltr'><strong>usus</strong></span> <span class='ocrx_word' id='word_1_51' title='bbox 992 1383 1260 1446; x_wconf 81' lang='lat' dir='ltr'><strong>ostendit;</strong></span> <span class='ocrx_word' id='word_1_52' title='bbox 1303 1383 1384 1436; x_wconf 91' lang='lat' dir='ltr'><strong>cui</strong></span> <span class='ocrx_word' id='word_1_53' title='bbox 1417 1383 1491 1437; x_wconf 80' lang='lat' dir='ltr'><strong>rei</strong></span> <span class='ocrx_word' id='word_1_54' title='bbox 1524 1383 1730 1436; x_wconf 87' lang='lat' dir='ltr'><strong>laudem</strong></span> 
     </span>
    </p>
   </div>
   <div class='ocr_carea' id='block_1_10' title="bbox 173 1475 1734 1540">
    <p class='ocr_par' dir='ltr' id='par_1_10' title="bbox 173 1475 1734 1540">
     <span class='ocr_line' id='line_1_10' title="bbox 173 1475 1734 1540; baseline 0.001 -12"><span class='ocrx_word' id='word_1_55' title='bbox 173 1476 349 1530; x_wconf 80' lang='lat' dir='ltr'><strong>referre</strong></span> <span class='ocrx_word' id='word_1_56' title='bbox 386 1476 669 1529; x_wconf 87' lang='lat' dir='ltr'><strong>consilium</strong></span> <span class='ocrx_word' id='word_1_57' title='bbox 697 1484 814 1540; x_wconf 92' lang='lat' dir='ltr'><strong>est,</strong></span> <span class='ocrx_word' id='word_1_58' title='bbox 858 1484 916 1528; x_wconf 91' lang='lat' dir='ltr'><strong>ut</strong></span> <span class='ocrx_word' id='word_1_59' title='bbox 953 1475 1054 1529; x_wconf 89' lang='lat' dir='ltr'><strong>hoc</strong></span> <span class='ocrx_word' id='word_1_60' title='bbox 1093 1475 1440 1530; x_wconf 81' lang='lat' dir='ltr'><strong>invitamento</strong></span> <span class='ocrx_word' id='word_1_61' title='bbox 1479 1475 1734 1530; x_wconf 82' lang='lat' dir='ltr'><strong>memoris</strong></span> 
     </span>
    </p>
   </div>
   <div class='ocr_carea' id='block_1_11' title="bbox 171 1566 1448 1636">
    <p class='ocr_par' dir='ltr' id='par_1_11' title="bbox 171 1566 1448 1636">
     <span class='ocr_line' id='line_1_11' title="bbox 171 1566 1448 1636; baseline -0.001 -17"><span class='ocrx_word' id='word_1_62' title='bbox 171 1567 310 1620; x_wconf 79' lang='lat' dir='ltr'><strong>animi</strong></span> <span class='ocrx_word' id='word_1_63' title='bbox 339 1566 402 1621; x_wconf 88' lang='lat' dir='ltr'><strong>ad</strong></span> <span class='ocrx_word' id='word_1_64' title='bbox 435 1567 888 1636; x_wconf 88' lang='lat' dir='ltr'><strong>perseverantiam</strong></span> <span class='ocrx_word' id='word_1_65' title='bbox 928 1568 1257 1636; x_wconf 89' lang='lat' dir='ltr'><strong>provoceris.</strong></span> <span class='ocrx_word' id='word_1_66' title='bbox 1303 1567 1448 1623; x_wconf 82' lang='lat' dir='ltr'><strong>Vale.</strong></span> 
     </span>
    </p>
   </div>
   <div class='ocr_carea' id='block_1_12' title="bbox 789 1657 1094 1713">
    <p class='ocr_par' dir='ltr' id='par_1_12' title="bbox 789 1657 1094 1713">
     <span class='ocr_line' id='line_1_12' title="bbox 789 1657 1094 1713; baseline 0.003 -2"><span class='ocrx_word' id='word_1_67' title='bbox 789 1657 999 1713; x_wconf 82' lang='lat' dir='ltr'><strong>EPIST.</strong></span> <span class='ocrx_word' id='word_1_68' title='bbox 1031 1657 1094 1712; x_wconf 92' lang='lat' dir='ltr'><strong>II.</strong></span> 
     </span>
    </p>
   </div>
   <div class='ocr_carea' id='block_1_13' title="bbox 580 1764 1309 1805">
    <p class='ocr_par' dir='ltr' id='par_1_13' title="bbox 580 1764 1309 1805">
     <span class='ocr_line' id='line_1_13' title="bbox 580 1764 1309 1805; baseline 0 -1"><span class='ocrx_word' id='word_1_69' title='bbox 580 1764 891 1804; x_wconf 69' lang='grc' dir='ltr'>εγιιιιλειιυε</span> <span class='ocrx_word' id='word_1_70' title='bbox 933 1765 1309 1805; x_wconf 74' lang='lat' dir='ltr'><strong>“IEIIOPIIANTI.</strong></span> 
     </span>
    </p>
   </div>
   <div class='ocr_carea' id='block_1_14' title="bbox 227 1837 1732 1908">
    <p class='ocr_par' dir='ltr' id='par_1_14' title="bbox 227 1837 1732 1908">
     <span class='ocr_line' id='line_1_14' title="bbox 227 1837 1732 1908; baseline 0.001 -17"><span class='ocrx_word' id='word_1_71' title='bbox 227 1837 483 1907; x_wconf 92' lang='lat' dir='ltr'><strong>Opulento</strong></span> <span class='ocrx_word' id='word_1_72' title='bbox 510 1839 680 1892; x_wconf 86' lang='lat' dir='ltr'><strong>afficis</strong></span> <span class='ocrx_word' id='word_1_73' title='bbox 720 1855 804 1894; x_wconf 92' lang='lat' dir='ltr'><strong>me</strong></span> <span class='ocrx_word' id='word_1_74' title='bbox 841 1839 1017 1906; x_wconf 90' lang='lat' dir='ltr'><strong>bono,</strong></span> <span class='ocrx_word' id='word_1_75' title='bbox 1062 1839 1272 1908; x_wconf 87' lang='lat' dir='ltr'><strong>quoties</strong></span> <span class='ocrx_word' id='word_1_76' title='bbox 1309 1840 1592 1896; x_wconf 77' lang='lat' dir='ltr'><strong>amicitiam</strong></span> <span class='ocrx_word' id='word_1_77' title='bbox 1634 1855 1732 1894; x_wconf 88' lang='lat' dir='ltr'><strong>no-</strong></span> 
     </span>
    </p>
   </div>
   <div class='ocr_carea' id='block_1_15' title="bbox 169 1932 1734 2004">
    <p class='ocr_par' dir='ltr' id='par_1_15' title="bbox 169 1932 1734 2004">
     <span class='ocr_line' id='line_1_15' title="bbox 169 1932 1734 2004; baseline 0.003 -20"><span class='ocrx_word' id='word_1_78' title='bbox 169 1941 312 1986; x_wconf 77' lang='lat' dir='ltr'><strong>stram</strong></span> <span class='ocrx_word' id='word_1_79' title='bbox 359 1933 549 1986; x_wconf 90' lang='lat' dir='ltr'><strong>salutis</strong></span> <span class='ocrx_word' id='word_1_80' title='bbox 597 1943 698 1986; x_wconf 62' lang='lat' dir='ltr'><strong>tuae</strong></span> <span class='ocrx_word' id='word_1_81' title='bbox 745 1932 940 1986; x_wconf 90' lang='lat' dir='ltr'><strong>indicio</strong></span> <span class='ocrx_word' id='word_1_82' title='bbox 998 1935 1316 1989; x_wconf 88' lang='lat' dir='ltr'><strong>muneraris.</strong></span> <span class='ocrx_word' id='word_1_83' title='bbox 1387 1935 1523 1988; x_wconf 85' lang='lat' dir='ltr'><strong>Deos</strong></span> <span class='ocrx_word' id='word_1_84' title='bbox 1577 1935 1734 2004; x_wconf 79' lang='lat' dir='ltr'><strong>igitur</strong></span> 
     </span>
    </p>
   </div>
   <div class='ocr_carea' id='block_1_16' title="bbox 168 2023 1728 2094">
    <p class='ocr_par' dir='ltr' id='par_1_16' title="bbox 168 2023 1728 2094">
     <span class='ocr_line' id='line_1_16' title="bbox 168 2023 1728 2094; baseline 0.003 -19"><span class='ocrx_word' id='word_1_85' title='bbox 168 2036 463 2090; x_wconf 84' lang='lat' dir='ltr'><strong>comprecor</strong></span> <span class='ocrx_word' id='word_1_86' title='bbox 491 2032 548 2076; x_wconf 93' lang='lat' dir='ltr'><strong>ut</strong></span> <span class='ocrx_word' id='word_1_87' title='bbox 575 2032 624 2076; x_wconf 91' lang='lat' dir='ltr'><strong>te</strong></span> <span class='ocrx_word' id='word_1_88' title='bbox 654 2038 746 2091; x_wconf 90' lang='lat' dir='ltr'><strong>pro</strong></span> <span class='ocrx_word' id='word_1_89' title='bbox 772 2031 914 2077; x_wconf 90' lang='lat' dir='ltr'><strong>tanta</strong></span> <span class='ocrx_word' id='word_1_90' title='bbox 939 2023 993 2077; x_wconf 94' lang='lat' dir='ltr'><strong>in</strong></span> <span class='ocrx_word' id='word_1_91' title='bbox 1025 2040 1122 2078; x_wconf 93' lang='lat' dir='ltr'><strong>nos</strong></span> <span class='ocrx_word' id='word_1_92' title='bbox 1155 2025 1408 2094; x_wconf 75' lang='lat' dir='ltr'><strong>religione</strong></span> <span class='ocrx_word' id='word_1_93' title='bbox 1439 2025 1728 2079; x_wconf 85' lang='lat' dir='ltr'><strong>fortunent.</strong></span> 
     </span>
    </p>
   </div>
   <div class='ocr_carea' id='block_1_17' title="bbox 171 2113 1814 2187">
    <p class='ocr_par' dir='ltr' id='par_1_17' title="bbox 171 2113 1814 2187">
     <span class='ocr_line' id='line_1_17' title="bbox 171 2113 1814 2187; baseline 0.005 -21"><span class='ocrx_word' id='word_1_94' title='bbox 171 2115 515 2170; x_wconf 77' lang='lat' dir='ltr'><strong>Vicissitudini</strong></span> <span class='ocrx_word' id='word_1_95' title='bbox 560 2124 736 2170; x_wconf 89' lang='lat' dir='ltr'><strong>autem</strong></span> <span class='ocrx_word' id='word_1_96' title='bbox 785 2115 1060 2170; x_wconf 63' lang='lat' dir='ltr'><strong>litterariae</strong></span> <span class='ocrx_word' id='word_1_97' title='bbox 1093 2132 1274 2187; x_wconf 91' lang='lat' dir='ltr'><strong>parem</strong></span> <span class='ocrx_word' id='word_1_98' title='bbox 1305 2117 1632 2187; x_wconf 72' lang='lat' dir='ltr'><strong>diligentiam</strong></span> <span class='ocrx_word' id='word_1_99' title='bbox 1667 2118 1730 2172; x_wconf 87' lang='lat' dir='ltr'><strong>li-</strong></span> <span class='ocrx_word' id='word_1_100' title='bbox 1765 2113 1814 2174; x_wconf 84' lang='grc' dir='ltr'><strong>Β</strong></span> 
     </span>
    </p>
   </div>
   <div class='ocr_carea' id='block_1_18' title="bbox 168 2207 1727 2282">
    <p class='ocr_par' dir='ltr' id='par_1_18' title="bbox 168 2207 1727 2282">
     <span class='ocr_line' id='line_1_18' title="bbox 168 2207 1727 2282; baseline 0 -20"><span class='ocrx_word' id='word_1_101' title='bbox 168 2207 337 2264; x_wconf 86' lang='lat' dir='ltr'><strong>benter</strong></span> <span class='ocrx_word' id='word_1_102' title='bbox 380 2209 636 2278; x_wconf 91' lang='lat' dir='ltr'><strong>impendo</strong></span> <span class='ocrx_word' id='word_1_103' title='bbox 683 2218 740 2264; x_wconf 88' lang='lat' dir='ltr'><strong>ut</strong></span> <span class='ocrx_word' id='word_1_104' title='bbox 783 2209 847 2263; x_wconf 91' lang='lat' dir='ltr'><strong>ad</strong></span> <span class='ocrx_word' id='word_1_105' title='bbox 887 2211 1060 2266; x_wconf 85' lang='lat' dir='ltr'><strong>officia</strong></span> <span class='ocrx_word' id='word_1_106' title='bbox 1106 2213 1404 2282; x_wconf 79' lang='lat' dir='ltr'><strong>promptius</strong></span> <span class='ocrx_word' id='word_1_107' title='bbox 1451 2210 1727 2275; x_wconf 85' lang='lat' dir='ltr'><strong>inciteris,</strong></span> 
     </span>
    </p>
   </div>
   <div class='ocr_carea' id='block_1_19' title="bbox 168 2302 1728 2376">
    <p class='ocr_par' dir='ltr' id='par_1_19' title="bbox 168 2302 1728 2376">
     <span class='ocr_line' id='line_1_19' title="bbox 168 2302 1728 2376; baseline 0.003 -23"><span class='ocrx_word' id='word_1_108' title='bbox 168 2316 269 2354; x_wconf 87' lang='lat' dir='ltr'><strong>cum</strong></span> <span class='ocrx_word' id='word_1_109' title='bbox 298 2303 478 2358; x_wconf 86' lang='lat' dir='ltr'><strong>videas</strong></span> <span class='ocrx_word' id='word_1_110' title='bbox 507 2303 648 2375; x_wconf 88' lang='lat' dir='ltr'><strong>apud</strong></span> <span class='ocrx_word' id='word_1_111' title='bbox 696 2320 988 2361; x_wconf 84' lang='lat' dir='ltr'><strong>memorem</strong></span> <span class='ocrx_word' id='word_1_112' title='bbox 1017 2305 1337 2376; x_wconf 88' lang='lat' dir='ltr'><strong>scriptorum</strong></span> <span class='ocrx_word' id='word_1_113' title='bbox 1365 2302 1591 2375; x_wconf 90' lang='lat' dir='ltr'><strong>gratiam</strong></span> <span class='ocrx_word' id='word_1_114' title='bbox 1623 2318 1728 2358; x_wconf 92' lang='lat' dir='ltr'><strong>non</strong></span> 
     </span>
    </p>
   </div>
   <div class='ocr_carea' id='block_1_20' title="bbox 169 2395 535 2464">
    <p class='ocr_par' dir='ltr' id='par_1_20' title="bbox 169 2395 535 2464">
     <span class='ocr_line' id='line_1_20' title="bbox 169 2395 535 2464; baseline 0 -14"><span class='ocrx_word' id='word_1_115' title='bbox 169 2395 339 2464; x_wconf 86' lang='lat' dir='ltr'><strong>perire.</strong></span> <span class='ocrx_word' id='word_1_116' title='bbox 381 2397 535 2454; x_wconf 77' lang='lat' dir='ltr'><strong>Vale.</strong></span> 
     </span>
    </p>
   </div>
   <div class='ocr_carea' id='block_1_21' title="bbox 775 2487 1117 2544">
    <p class='ocr_par' dir='ltr' id='par_1_21' title="bbox 775 2487 1117 2544">
     <span class='ocr_line' id='line_1_21' title="bbox 775 2487 1117 2544; baseline -0.003 -2"><span class='ocrx_word' id='word_1_117' title='bbox 775 2487 992 2544; x_wconf 84' lang='lat' dir='ltr'><strong>EPIST.</strong></span> <span class='ocrx_word' id='word_1_118' title='bbox 1032 2488 1117 2543; x_wconf 90' lang='lat' dir='ltr'><strong>Ill.</strong></span> 
     </span>
    </p>
   </div>
   <div class='ocr_carea' id='block_1_22' title="bbox 583 2593 1302 2634">
    <p class='ocr_par' dir='ltr' id='par_1_22' title="bbox 583 2593 1302 2634">
     <span class='ocr_line' id='line_1_22' title="bbox 583 2593 1302 2634; baseline -0.004 0"><span class='ocrx_word' id='word_1_119' title='bbox 583 2593 890 2634; x_wconf 73' lang='grc' dir='ltr'>εῑιιιιΑειιυε</span> <span class='ocrx_word' id='word_1_120' title='bbox 927 2594 1302 2634; x_wconf 70' lang='grc' dir='ltr'><strong>ΠΙΕῐιΟΡΗΛΝτῐ.</strong></span> 
     </span>
    </p>
   </div>
   <div class='ocr_carea' id='block_1_23' title="bbox 224 2668 1733 2740">
    <p class='ocr_par' dir='ltr' id='par_1_23' title="bbox 224 2668 1733 2740">
     <span class='ocr_line' id='line_1_23' title="bbox 224 2668 1733 2740; baseline -0.001 -15"><span class='ocrx_word' id='word_1_121' title='bbox 224 2669 488 2740; x_wconf 84' lang='lat' dir='ltr'><strong>Scriptum</strong></span> <span class='ocrx_word' id='word_1_122' title='bbox 517 2670 650 2725; x_wconf 89' lang='lat' dir='ltr'><strong>mihi</strong></span> <span class='ocrx_word' id='word_1_123' title='bbox 681 2680 826 2725; x_wconf 91' lang='lat' dir='ltr'><strong>tuum</strong></span> <span class='ocrx_word' id='word_1_124' title='bbox 859 2671 1138 2726; x_wconf 87' lang='lat' dir='ltr'><strong>Probatius</strong></span> <span class='ocrx_word' id='word_1_125' title='bbox 1168 2687 1337 2740; x_wconf 89' lang='lat' dir='ltr'><strong>nuper</strong></span> <span class='ocrx_word' id='word_1_126' title='bbox 1364 2668 1625 2736; x_wconf 81' lang='lat' dir='ltr'><strong>exhibuit,</strong></span> <span class='ocrx_word' id='word_1_127' title='bbox 1655 2680 1733 2723; x_wconf 88' lang='lat' dir='ltr'><strong>at-</strong></span> 
     </span>
    </p>
   </div>
   <div class='ocr_carea' id='block_1_24' title="bbox 165 2763 1730 2835">
    <p class='ocr_par' dir='ltr' id='par_1_24' title="bbox 165 2763 1730 2835">
     <span class='ocr_line' id='line_1_24' title="bbox 165 2763 1730 2835; baseline 0.001 -19"><span class='ocrx_word' id='word_1_128' title='bbox 165 2778 254 2832; x_wconf 91' lang='lat' dir='ltr'><strong>que</strong></span> <span class='ocrx_word' id='word_1_129' title='bbox 276 2778 337 2819; x_wconf 91' lang='lat' dir='ltr'><strong>ex</strong></span> <span class='ocrx_word' id='word_1_130' title='bbox 365 2779 431 2819; x_wconf 92' lang='lat' dir='ltr'><strong>eo</strong></span> <span class='ocrx_word' id='word_1_131' title='bbox 461 2763 749 2834; x_wconf 91' lang='lat' dir='ltr'><strong>plurimum</strong></span> <span class='ocrx_word' id='word_1_132' title='bbox 784 2764 1156 2835; x_wconf 82' lang='lat' dir='ltr'><strong>gratulationis</strong></span> <span class='ocrx_word' id='word_1_133' title='bbox 1184 2765 1439 2828; x_wconf 91' lang='lat' dir='ltr'><strong>accessit,</strong></span> <span class='ocrx_word' id='word_1_134' title='bbox 1471 2763 1610 2834; x_wconf 91' lang='lat' dir='ltr'><strong>quod</strong></span> <span class='ocrx_word' id='word_1_135' title='bbox 1643 2764 1730 2818; x_wconf 91' lang='lat' dir='ltr'><strong>tibi</strong></span> 
     </span>
    </p>
   </div>
   <div class='ocr_carea' id='block_1_25' title="bbox 165 2855 1734 2926">
    <p class='ocr_par' dir='ltr' id='par_1_25' title="bbox 165 2855 1734 2926">
     <span class='ocr_line' id='line_1_25' title="bbox 165 2855 1734 2926; baseline 0.001 -18"><span class='ocrx_word' id='word_1_136' title='bbox 165 2871 247 2923; x_wconf 91' lang='lat' dir='ltr'><strong>pro</strong></span> <span class='ocrx_word' id='word_1_137' title='bbox 272 2867 392 2910; x_wconf 87' lang='lat' dir='ltr'><strong>voto</strong></span> <span class='ocrx_word' id='word_1_138' title='bbox 414 2856 596 2909; x_wconf 87' lang='lat' dir='ltr'><strong>omnia</strong></span> <span class='ocrx_word' id='word_1_139' title='bbox 624 2871 904 2925; x_wconf 88' lang='lat' dir='ltr'><strong>superesse</strong></span> <span class='ocrx_word' id='word_1_140' title='bbox 933 2857 1186 2926; x_wconf 83' lang='lat' dir='ltr'><strong>cognovi.</strong></span> <span class='ocrx_word' id='word_1_141' title='bbox 1218 2856 1272 2911; x_wconf 98' lang='lat' dir='ltr'><strong>Id</strong></span> <span class='ocrx_word' id='word_1_142' title='bbox 1299 2865 1356 2910; x_wconf 91' lang='lat' dir='ltr'><strong>ut</strong></span> <span class='ocrx_word' id='word_1_143' title='bbox 1399 2871 1542 2925; x_wconf 71' lang='lat' dir='ltr'><strong>smpe</strong></span> <span class='ocrx_word' id='word_1_144' title='bbox 1573 2855 1734 2911; x_wconf 89' lang='lat' dir='ltr'><strong>facias</strong></span> 
     </span>
    </p>
   </div>
   <div class='ocr_carea' id='block_1_26' title="bbox 166 2947 1736 3019">
    <p class='ocr_par' dir='ltr' id='par_1_26' title="bbox 166 2947 1736 3019">
     <span class='ocr_line' id='line_1_26' title="bbox 166 2947 1736 3019; baseline 0.004 -21"><span class='ocrx_word' id='word_1_145' title='bbox 166 2961 362 3004; x_wconf 88' lang='lat' dir='ltr'><strong>monere</strong></span> <span class='ocrx_word' id='word_1_146' title='bbox 387 2964 500 3003; x_wconf 91' lang='lat' dir='ltr'><strong>non</strong></span> <span class='ocrx_word' id='word_1_147' title='bbox 549 2947 761 3004; x_wconf 90' lang='lat' dir='ltr'><strong>debeo:</strong></span> <span class='ocrx_word' id='word_1_148' title='bbox 791 2964 912 3003; x_wconf 88' lang='lat' dir='ltr'><strong>cum</strong></span> <span class='ocrx_word' id='word_1_149' title='bbox 960 2959 1252 3019; x_wconf 78' lang='lat' dir='ltr'><strong>spontanee</strong></span> <span class='ocrx_word' id='word_1_150' title='bbox 1297 2948 1473 3003; x_wconf 80' lang='lat' dir='ltr'><strong>officia</strong></span> <span class='ocrx_word' id='word_1_151' title='bbox 1518 2947 1736 3004; x_wconf 86' lang='lat' dir='ltr'><strong>stimulo</strong></span> 
     </span>
    </p>
   </div>
   <div class='ocr_carea' id='block_1_27' title="bbox 164 3039 1379 3111">
    <p class='ocr_par' dir='ltr' id='par_1_27' title="bbox 164 3039 1379 3111">
     <span class='ocr_line' id='line_1_27' title="bbox 164 3039 1379 3111; baseline 0.002 -19"><span class='ocrx_word' id='word_1_152' title='bbox 164 3039 534 3096; x_wconf 77' lang='lat' dir='ltr'><strong>exhortationis</strong></span> <span class='ocrx_word' id='word_1_153' title='bbox 560 3055 667 3096; x_wconf 92' lang='lat' dir='ltr'><strong>non</strong></span> <span class='ocrx_word' id='word_1_154' title='bbox 694 3050 940 3111; x_wconf 86' lang='lat' dir='ltr'><strong>oporteat</strong></span> <span class='ocrx_word' id='word_1_155' title='bbox 967 3040 1196 3095; x_wconf 85' lang='lat' dir='ltr'><strong>incitari.</strong></span> <span class='ocrx_word' id='word_1_156' title='bbox 1230 3040 1379 3097; x_wconf 83' lang='lat' dir='ltr'><strong>Vale.</strong></span> 
     </span>
    </p>
   </div>
   <div class='ocr_carea' id='block_1_28' title="bbox 768 3132 1116 3188">
    <p class='ocr_par' dir='ltr' id='par_1_28' title="bbox 768 3132 1116 3188">
     <span class='ocr_line' id='line_1_28' title="bbox 768 3132 1116 3188; baseline -0.003 -1"><span class='ocrx_word' id='word_1_157' title='bbox 768 3132 983 3188; x_wconf 83' lang='lat' dir='ltr'><strong>EPIST.</strong></span> <span class='ocrx_word' id='word_1_158' title='bbox 1026 3133 1116 3188; x_wconf 86' lang='lat' dir='ltr'><strong>IV.</strong></span> 
     </span>
    </p>
   </div>
   <div class='ocr_carea' id='block_1_29' title="bbox 561 3237 1256 3279">
    <p class='ocr_par' dir='ltr' id='par_1_29' title="bbox 561 3237 1256 3279">
     <span class='ocr_line' id='line_1_29' title="bbox 561 3237 1256 3279; baseline 0.001 -2"><span class='ocrx_word' id='word_1_159' title='bbox 561 3254 566 3257; x_wconf 94' lang='grc'>·</span> <span class='ocrx_word' id='word_1_160' title='bbox 621 3238 927 3279; x_wconf 68' lang='grc' dir='ltr'>εγιιιιιιειιυε</span> <span class='ocrx_word' id='word_1_161' title='bbox 954 3237 1256 3279; x_wconf 67' lang='grc' dir='ltr'><strong>τηεουοῐιο.</strong></span> 
     </span>
    </p>
   </div>
   <div class='ocr_carea' id='block_1_30' title="bbox 224 3312 1734 3385">
    <p class='ocr_par' dir='ltr' id='par_1_30' title="bbox 224 3312 1734 3385">
     <span class='ocr_line' id='line_1_30' title="bbox 224 3312 1734 3385; baseline -0.001 -17"><span class='ocrx_word' id='word_1_162' title='bbox 224 3315 488 3370; x_wconf 85' lang='lat' dir='ltr'><strong>Bonorum</strong></span> <span class='ocrx_word' id='word_1_163' title='bbox 538 3315 790 3385; x_wconf 82' lang='lat' dir='ltr'><strong>frequens</strong></span> <span class='ocrx_word' id='word_1_164' title='bbox 819 3314 1124 3383; x_wconf 72' lang='lat' dir='ltr'><strong>asuipulatio</strong></span> <span class='ocrx_word' id='word_1_165' title='bbox 1154 3313 1220 3368; x_wconf 91' lang='lat' dir='ltr'><strong>de</strong></span> <span class='ocrx_word' id='word_1_166' title='bbox 1267 3314 1467 3369; x_wconf 90' lang='lat' dir='ltr'><strong>sanctis</strong></span> <span class='ocrx_word' id='word_1_167' title='bbox 1497 3312 1734 3367; x_wconf 89' lang='lat' dir='ltr'><strong>moribus</strong></span> 
     </span>
    </p>
   </div>
   <div class='ocr_carea' id='block_1_31' title="bbox 164 3407 1734 3480">
    <p class='ocr_par' dir='ltr' id='par_1_31' title="bbox 164 3407 1734 3480">
     <span class='ocr_line' id='line_1_31' title="bbox 164 3407 1734 3480; baseline 0.001 -18"><span class='ocrx_word' id='word_1_168' title='bbox 164 3411 272 3475; x_wconf 83' lang='lat' dir='ltr'><strong>tuis,</strong></span> <span class='ocrx_word' id='word_1_169' title='bbox 292 3411 340 3464; x_wconf 93' lang='lat' dir='ltr'><strong>in</strong></span> <span class='ocrx_word' id='word_1_170' title='bbox 364 3411 466 3465; x_wconf 87' lang='lat' dir='ltr'><strong>hoc</strong></span> <span class='ocrx_word' id='word_1_171' title='bbox 485 3425 572 3467; x_wconf 93' lang='lat' dir='ltr'><strong>me</strong></span> <span class='ocrx_word' id='word_1_172' title='bbox 599 3409 922 3464; x_wconf 84' lang='lat' dir='ltr'><strong>desiderium</strong></span> <span class='ocrx_word' id='word_1_173' title='bbox 955 3419 1230 3480; x_wconf 84' lang='lat' dir='ltr'><strong>provocat,</strong></span> <span class='ocrx_word' id='word_1_174' title='bbox 1257 3417 1315 3463; x_wconf 93' lang='lat' dir='ltr'><strong>ut</strong></span> <span class='ocrx_word' id='word_1_175' title='bbox 1335 3407 1592 3462; x_wconf 88' lang='lat' dir='ltr'><strong>amicitias</strong></span> <span class='ocrx_word' id='word_1_176' title='bbox 1619 3417 1734 3463; x_wconf 91' lang='lat' dir='ltr'><strong>tuas</strong></span> 
     </span>
    </p>
   </div>
   <div class='ocr_carea' id='block_1_32' title="bbox 1371 385 2186 442">
    <p class='ocr_par' dir='ltr' id='par_1_32' title="bbox 1371 385 2186 442">
     <span class='ocr_line' id='line_1_32' title="bbox 1371 385 2186 442; baseline 0 -2"><span class='ocrx_word' id='word_1_177' title='bbox 1371 385 1843 442; x_wconf 71' lang='grc' dir='ltr'>εριδτυιιιιιωι</span> <span class='ocrx_word' id='word_1_178' title='bbox 1881 385 2081 442; x_wconf 70' lang='lat' dir='ltr'><strong>LIBER</strong></span> <span class='ocrx_word' id='word_1_179' title='bbox 2124 385 2186 441; x_wconf 68' lang='lat' dir='ltr'><strong>V.</strong></span> 
     </span>
    </p>
   </div>
   <div class='ocr_carea' id='block_1_33' title="bbox 1136 541 2441 702">
    <p class='ocr_par' dir='ltr' id='par_1_33' title="bbox 1136 541 2441 702">
     <span class='ocr_line' id='line_1_33' title="bbox 1136 541 2441 702; baseline -0.003 -18"><span class='ocrx_word' id='word_1_180' title='bbox 1136 577 1609 684; x_wconf 84' lang='lat' dir='ltr'><strong>LIBER</strong></span> <span class='ocrx_word' id='word_1_181' title='bbox 1691 541 2441 702; x_wconf 80' lang='lat' dir='ltr'><strong>QUINTUS.</strong></span> 
     </span>
    </p>
   </div>
   <div class='ocr_carea' id='block_1_34' title="bbox 3317 389 3420 443">
    <p class='ocr_par' dir='ltr' id='par_1_34' title="bbox 3317 389 3420 443">
     <span class='ocr_line' id='line_1_34' title="bbox 3317 389 3420 443; baseline 0.01 -2"><span class='ocrx_word' id='word_1_182' title='bbox 3317 389 3420 443; x_wconf 61' lang='grc' dir='ltr'>ἰϐ</span> 
     </span>
    </p>
   </div>
   <div class='ocr_carea' id='block_1_35' title="bbox 1762 737 3418 810">
    <p class='ocr_par' dir='ltr' id='par_1_35' title="bbox 1762 737 3418 810">
     <span class='ocr_line' id='line_1_35' title="bbox 1762 737 3418 810; baseline 0.005 -21"><span class='ocrx_word' id='word_1_183' title='bbox 1762 743 1811 798; x_wconf 77' lang='grc' dir='ltr'>Α</span> <span class='ocrx_word' id='word_1_184' title='bbox 1839 737 1890 790; x_wconf 94' lang='lat' dir='ltr'><strong>iu</strong></span> <span class='ocrx_word' id='word_1_185' title='bbox 1921 739 2110 792; x_wconf 89' lang='lat' dir='ltr'><strong>lucem.</strong></span> <span class='ocrx_word' id='word_1_186' title='bbox 2165 738 2356 793; x_wconf 77' lang='lat' dir='ltr'><strong>Nescio</strong></span> <span class='ocrx_word' id='word_1_187' title='bbox 2381 755 2446 792; x_wconf 90' lang='lat' dir='ltr'><strong>an</strong></span> <span class='ocrx_word' id='word_1_188' title='bbox 2492 756 2612 794; x_wconf 91' lang='lat' dir='ltr'><strong>eum</strong></span> <span class='ocrx_word' id='word_1_189' title='bbox 2643 742 3021 798; x_wconf 45' lang='lat' dir='ltr'><strong>commenda‘e</strong></span> <span class='ocrx_word' id='word_1_190' title='bbox 3050 743 3143 797; x_wconf 82' lang='lat' dir='ltr'><strong>tibi</strong></span> <span class='ocrx_word' id='word_1_191' title='bbox 3171 743 3418 810; x_wconf 84' lang='lat' dir='ltr'><strong>debeam,</strong></span> 
     </span>
    </p>
   </div>
   <div class='ocr_carea' id='block_1_36' title="bbox 1835 829 3418 904">
    <p class='ocr_par' dir='ltr' id='par_1_36' title="bbox 1835 829 3418 904">
     <span class='ocr_line' id='line_1_36' title="bbox 1835 829 3418 904; baseline 0.004 -22"><span class='ocrx_word' id='word_1_192' title='bbox 1835 830 1921 882; x_wconf 91' lang='lat' dir='ltr'><strong>cui</strong></span> <span class='ocrx_word' id='word_1_193' title='bbox 1966 829 2159 883; x_wconf 78' lang='lat' dir='ltr'><strong>Summi</strong></span> <span class='ocrx_word' id='word_1_194' title='bbox 2187 829 2362 898; x_wconf 56' lang='lat' dir='ltr'><strong>gaudii</strong></span> <span class='ocrx_word' id='word_1_195' title='bbox 2403 839 2588 885; x_wconf 80' lang='lat' dir='ltr'><strong>auctor</strong></span> <span class='ocrx_word' id='word_1_196' title='bbox 2634 831 2798 887; x_wconf 78' lang='lat' dir='ltr'><strong>fuisti.</strong></span> <span class='ocrx_word' id='word_1_197' title='bbox 2845 833 3008 887; x_wconf 86' lang='lat' dir='ltr'><strong>Serva</strong></span> <span class='ocrx_word' id='word_1_198' title='bbox 3058 834 3250 904; x_wconf 80' lang='lat' dir='ltr'><strong>igi&#39;ur,</strong></span> <span class='ocrx_word' id='word_1_199' title='bbox 3299 848 3418 899; x_wconf 88' lang='lat' dir='ltr'><strong>oro,</strong></span> 
     </span>
    </p>
   </div>
   <div class='ocr_carea' id='block_1_37' title="bbox 1835 918 3418 992">
    <p class='ocr_par' dir='ltr' id='par_1_37' title="bbox 1835 918 3418 992">
     <span class='ocr_line' id='line_1_37' title="bbox 1835 918 3418 992; baseline 0.004 -20"><span class='ocrx_word' id='word_1_200' title='bbox 1835 918 2166 988; x_wconf 70' lang='lat' dir='ltr'><strong>depromptm</strong></span> <span class='ocrx_word' id='word_1_201' title='bbox 2203 921 2255 974; x_wconf 92' lang='lat' dir='ltr'><strong>in</strong></span> <span class='ocrx_word' id='word_1_202' title='bbox 2285 937 2406 976; x_wconf 83' lang='lat' dir='ltr'><strong>cum</strong></span> <span class='ocrx_word' id='word_1_203' title='bbox 2457 921 2798 992; x_wconf 81' lang='lat' dir='ltr'><strong>benignitatis</strong></span> <span class='ocrx_word' id='word_1_204' title='bbox 2830 935 3091 990; x_wconf 89' lang='lat' dir='ltr'><strong>tenorem,</strong></span> <span class='ocrx_word' id='word_1_205' title='bbox 3129 925 3230 980; x_wconf 87' lang='lat' dir='ltr'><strong>etsi</strong></span> <span class='ocrx_word' id='word_1_206' title='bbox 3262 925 3365 980; x_wconf 88' lang='lat' dir='ltr'><strong>hoc</strong></span> <span class='ocrx_word' id='word_1_207' title='bbox 3390 941 3418 978; x_wconf 79' lang='grc' dir='ltr'><strong>ιι</strong></span> 
     </span>
    </p>
   </div>
   <div class='ocr_carea' id='block_1_38' title="bbox 1835 1011 3452 1085">
    <p class='ocr_par' dir='ltr' id='par_1_38' title="bbox 1835 1011 3452 1085">
     <span class='ocr_line' id='line_1_38' title="bbox 1835 1011 3452 1085; baseline 0.003 -20"><span class='ocrx_word' id='word_1_208' title='bbox 1835 1011 2132 1065; x_wconf 89' lang='lat' dir='ltr'><strong>constantia</strong></span> <span class='ocrx_word' id='word_1_209' title='bbox 2164 1019 2252 1064; x_wconf 89' lang='lat' dir='ltr'><strong>tua</strong></span> <span class='ocrx_word' id='word_1_210' title='bbox 2284 1013 2604 1082; x_wconf 87' lang='lat' dir='ltr'><strong>sperandum</strong></span> <span class='ocrx_word' id='word_1_211' title='bbox 2637 1017 2804 1085; x_wconf 91' lang='lat' dir='ltr'><strong>magis</strong></span> <span class='ocrx_word' id='word_1_212' title='bbox 2853 1032 3011 1084; x_wconf 89' lang='lat' dir='ltr'><strong>quam</strong></span> <span class='ocrx_word' id='word_1_213' title='bbox 3045 1017 3418 1083; x_wconf 88' lang='lat' dir='ltr'><strong>postulandum</strong></span> <span class='ocrx_word' id='word_1_214' title='bbox 3449 1035 3452 1038; x_wconf 64' lang='lat'><strong><em>&#39;</em></strong></span> 
     </span>
    </p>
   </div>
   <div class='ocr_carea' id='block_1_39' title="bbox 1835 1103 3435 1185">
    <p class='ocr_par' dir='ltr' id='par_1_39' title="bbox 1835 1103 3435 1185">
     <span class='ocr_line' id='line_1_39' title="bbox 1835 1103 3435 1185; baseline 0.006 -28"><span class='ocrx_word' id='word_1_215' title='bbox 1835 1112 1936 1157; x_wconf 89' lang='lat' dir='ltr'><strong>est.</strong></span> <span class='ocrx_word' id='word_1_216' title='bbox 1987 1103 2041 1156; x_wconf 95' lang='lat' dir='ltr'><strong>In</strong></span> <span class='ocrx_word' id='word_1_217' title='bbox 2072 1104 2291 1159; x_wconf 85' lang='lat' dir='ltr'><strong>dubium</strong></span> <span class='ocrx_word' id='word_1_218' title='bbox 2320 1107 2461 1161; x_wconf 90' lang='lat' dir='ltr'><strong>enim</strong></span> <span class='ocrx_word' id='word_1_219' title='bbox 2493 1107 2776 1163; x_wconf 83' lang='lat' dir='ltr'><strong>voluntarii</strong></span> <span class='ocrx_word' id='word_1_220' title='bbox 2808 1111 3006 1165; x_wconf 78' lang='lat' dir='ltr'><strong>amoris</strong></span> <span class='ocrx_word' id='word_1_221' title='bbox 3034 1109 3166 1166; x_wconf 83' lang='lat' dir='ltr'><strong>fides</strong></span> <span class='ocrx_word' id='word_1_222' title='bbox 3196 1124 3300 1166; x_wconf 92' lang='lat' dir='ltr'><strong>non</strong></span> <span class='ocrx_word' id='word_1_223' title='bbox 3329 1126 3435 1185; x_wconf 52' lang='grc' dir='ltr'><strong>νοτ</strong></span> 
     </span>
    </p>
   </div>
   <div class='ocr_carea' id='block_1_40' title="bbox 1836 1196 2093 1252">
    <p class='ocr_par' dir='ltr' id='par_1_40' title="bbox 1836 1196 2093 1252">
     <span class='ocr_line' id='line_1_40' title="bbox 1836 1196 2093 1252; baseline 0.008 -2"><span class='ocrx_word' id='word_1_224' title='bbox 1836 1196 1933 1251; x_wconf 88' lang='lat' dir='ltr'><strong>nil.</strong></span> <span class='ocrx_word' id='word_1_225' title='bbox 1966 1197 2093 1252; x_wconf 89' lang='lat' dir='ltr'><strong>Vale</strong></span> 
     </span>
    </p>
   </div>
   <div class='ocr_carea' id='block_1_41' title="bbox 2435 1291 2804 1348">
    <p class='ocr_par' dir='ltr' id='par_1_41' title="bbox 2435 1291 2804 1348">
     <span class='ocr_line' id='line_1_41' title="bbox 2435 1291 2804 1348; baseline 0 -2"><span class='ocrx_word' id='word_1_226' title='bbox 2435 1291 2652 1347; x_wconf 81' lang='lat' dir='ltr'><strong>EPIST.</strong></span> <span class='ocrx_word' id='word_1_227' title='bbox 2694 1292 2804 1348; x_wconf 91' lang='lat' dir='ltr'><strong>VII.</strong></span> 
     </span>
    </p>
   </div>
   <div class='ocr_carea' id='block_1_42' title="bbox 2303 1398 2937 1442">
    <p class='ocr_par' dir='ltr' id='par_1_42' title="bbox 2303 1398 2937 1442">
     <span class='ocr_line' id='line_1_42' title="bbox 2303 1398 2937 1442; baseline 0.011 -7"><span class='ocrx_word' id='word_1_228' title='bbox 2303 1398 2606 1438; x_wconf 69' lang='lat' dir='ltr'><strong>SYMMACIIUS</strong></span> <span class='ocrx_word' id='word_1_229' title='bbox 2636 1399 2937 1442; x_wconf 78' lang='grc' dir='ltr'><strong>τιιεουοιιο.</strong></span> 
     </span>
    </p>
   </div>
   <div class='ocr_carea' id='block_1_43' title="bbox 1909 1469 3417 1547">
    <p class='ocr_par' dir='ltr' id='par_1_43' title="bbox 1909 1469 3417 1547">
     <span class='ocr_line' id='line_1_43' title="bbox 1909 1469 3417 1547; baseline 0.01 -25"><span class='ocrx_word' id='word_1_230' title='bbox 1909 1469 2026 1537; x_wconf 90' lang='lat' dir='ltr'><strong>Ipse</strong></span> <span class='ocrx_word' id='word_1_231' title='bbox 2057 1471 2184 1524; x_wconf 90' lang='lat' dir='ltr'><strong>mihi</strong></span> <span class='ocrx_word' id='word_1_232' title='bbox 2217 1475 2462 1543; x_wconf 82' lang='lat' dir='ltr'><strong>rescripti</strong></span> <span class='ocrx_word' id='word_1_233' title='bbox 2498 1475 2654 1544; x_wconf 87' lang='lat' dir='ltr'><strong>hujus</strong></span> <span class='ocrx_word' id='word_1_234' title='bbox 2687 1477 2919 1546; x_wconf 87' lang='lat' dir='ltr'><strong>hajulum</strong></span> <span class='ocrx_word' id='word_1_235' title='bbox 2951 1480 3266 1547; x_wconf 71' lang='lat' dir='ltr'><strong>praestitisti.</strong></span> <span class='ocrx_word' id='word_1_236' title='bbox 3307 1481 3417 1537; x_wconf 82' lang='lat' dir='ltr'><strong>Du-</strong></span> 
     </span>
    </p>
   </div>
   <div class='ocr_carea' id='block_1_44' title="bbox 1837 1559 3422 1634">
    <p class='ocr_par' dir='ltr' id='par_1_44' title="bbox 1837 1559 3422 1634">
     <span class='ocr_line' id='line_1_44' title="bbox 1837 1559 3422 1634; baseline 0.01 -21"><span class='ocrx_word' id='word_1_237' title='bbox 1837 1559 1962 1630; x_wconf 78' lang='lat' dir='ltr'><strong>plici</strong></span> <span class='ocrx_word' id='word_1_238' title='bbox 2004 1563 2220 1617; x_wconf 83' lang='lat' dir='ltr'><strong>nomine</strong></span> <span class='ocrx_word' id='word_1_239' title='bbox 2267 1565 2490 1634; x_wconf 80' lang='lat' dir='ltr'><strong>gratiam</strong></span> <span class='ocrx_word' id='word_1_240' title='bbox 2533 1567 2732 1622; x_wconf 89' lang='lat' dir='ltr'><strong>debere</strong></span> <span class='ocrx_word' id='word_1_241' title='bbox 2781 1583 2868 1624; x_wconf 92' lang='lat' dir='ltr'><strong>me</strong></span> <span class='ocrx_word' id='word_1_242' title='bbox 2916 1570 3102 1625; x_wconf 83' lang='lat' dir='ltr'><strong>fateor.</strong></span> <span class='ocrx_word' id='word_1_243' title='bbox 3152 1571 3338 1628; x_wconf 81' lang='lat' dir='ltr'><strong>Nama</strong></span> <span class='ocrx_word' id='word_1_244' title='bbox 3369 1581 3422 1628; x_wconf 83' lang='lat' dir='ltr'><strong>te</strong></span> 
     </span>
    </p>
   </div>
   <div class='ocr_carea' id='block_1_45' title="bbox 1837 1653 3420 1736">
    <p class='ocr_par' dir='ltr' id='par_1_45' title="bbox 1837 1653 3420 1736">
     <span class='ocr_line' id='line_1_45' title="bbox 1837 1653 3420 1736; baseline 0.008 -28"><span class='ocrx_word' id='word_1_245' title='bbox 1837 1653 2106 1724; x_wconf 89' lang='lat' dir='ltr'><strong>profectus</strong></span> <span class='ocrx_word' id='word_1_246' title='bbox 2134 1670 2213 1710; x_wconf 88' lang='lat' dir='ltr'><strong>est</strong></span> <span class='ocrx_word' id='word_1_247' title='bbox 2243 1699 2256 1719; x_wconf 90' lang='lat'><strong>,</strong></span> <span class='ocrx_word' id='word_1_248' title='bbox 2288 1658 2376 1728; x_wconf 91' lang='lat' dir='ltr'><strong>qui</strong></span> <span class='ocrx_word' id='word_1_249' title='bbox 2419 1658 2622 1714; x_wconf 89' lang='lat' dir='ltr'><strong>litteras</strong></span> <span class='ocrx_word' id='word_1_250' title='bbox 2652 1662 2974 1727; x_wconf 87' lang='lat' dir='ltr'><strong>exhiberet,</strong></span> <span class='ocrx_word' id='word_1_251' title='bbox 3006 1671 3066 1719; x_wconf 72' lang='lat' dir='ltr'><strong>et</strong></span> <span class='ocrx_word' id='word_1_252' title='bbox 3085 1678 3182 1734; x_wconf 87' lang='lat' dir='ltr'><strong>per</strong></span> <span class='ocrx_word' id='word_1_253' title='bbox 3207 1673 3259 1720; x_wconf 89' lang='lat' dir='ltr'><strong>te</strong></span> <span class='ocrx_word' id='word_1_254' title='bbox 3281 1704 3298 1728; x_wconf 83' lang='lat'><strong>.</strong></span> <span class='ocrx_word' id='word_1_255' title='bbox 3327 1666 3420 1736; x_wconf 86' lang='lat' dir='ltr'><strong>qui</strong></span> 
     </span>
    </p>
   </div>
   <div class='ocr_carea' id='block_1_46' title="bbox 1835 1746 3420 1817">
    <p class='ocr_par' dir='ltr' id='par_1_46' title="bbox 1835 1746 3420 1817">
     <span class='ocr_line' id='line_1_46' title="bbox 1835 1746 3420 1817; baseline 0.006 -17"><span class='ocrx_word' id='word_1_256' title='bbox 1835 1746 1990 1801; x_wconf 76' lang='lat' dir='ltr'><strong>referi</strong></span> <span class='ocrx_word' id='word_1_257' title='bbox 2007 1758 2058 1803; x_wconf 89' lang='lat' dir='ltr'><strong>et</strong></span> <span class='ocrx_word' id='word_1_258' title='bbox 2090 1747 2318 1803; x_wconf 84' lang='lat' dir='ltr'><strong>oblatus.</strong></span> <span class='ocrx_word' id='word_1_259' title='bbox 2372 1749 2638 1816; x_wconf 76' lang='lat' dir='ltr'><strong>Maneant,</strong></span> <span class='ocrx_word' id='word_1_260' title='bbox 2671 1766 2797 1817; x_wconf 83' lang='lat' dir='ltr'><strong>oro,</strong></span> <span class='ocrx_word' id='word_1_261' title='bbox 2824 1753 2964 1808; x_wconf 89' lang='lat' dir='ltr'><strong>inter</strong></span> <span class='ocrx_word' id='word_1_262' title='bbox 2994 1768 3094 1809; x_wconf 90' lang='lat' dir='ltr'><strong>nos</strong></span> <span class='ocrx_word' id='word_1_263' title='bbox 3121 1754 3420 1810; x_wconf 70' lang='lat' dir='ltr'><strong>ofﬁciorum</strong></span> 
     </span>
    </p>
   </div>
   <div class='ocr_carea' id='block_1_47' title="bbox 1838 1838 3417 1904">
    <p class='ocr_par' dir='ltr' id='par_1_47' title="bbox 1838 1838 3417 1904">
     <span class='ocr_line' id='line_1_47' title="bbox 1838 1838 3417 1904; baseline 0.006 -13"><span class='ocrx_word' id='word_1_264' title='bbox 1838 1838 2020 1892; x_wconf 90' lang='lat' dir='ltr'><strong>talium</strong></span> <span class='ocrx_word' id='word_1_265' title='bbox 2052 1841 2216 1904; x_wconf 89' lang='lat' dir='ltr'><strong>vices,</strong></span> <span class='ocrx_word' id='word_1_266' title='bbox 2251 1850 2305 1895; x_wconf 91' lang='lat' dir='ltr'><strong>et</strong></span> <span class='ocrx_word' id='word_1_267' title='bbox 2333 1843 2470 1895; x_wconf 89' lang='lat' dir='ltr'><strong>inter</strong></span> <span class='ocrx_word' id='word_1_268' title='bbox 2497 1845 2628 1897; x_wconf 90' lang='lat' dir='ltr'><strong>alias</strong></span> <span class='ocrx_word' id='word_1_269' title='bbox 2657 1844 2840 1898; x_wconf 88' lang='lat' dir='ltr'><strong>Iaudes</strong></span> <span class='ocrx_word' id='word_1_270' title='bbox 2871 1853 2989 1899; x_wconf 78' lang='lat' dir='ltr'><strong>tuas</strong></span> <span class='ocrx_word' id='word_1_271' title='bbox 3012 1847 3338 1902; x_wconf 70' lang='lat' dir='ltr'><strong>continuata:</strong></span> <span class='ocrx_word' id='word_1_272' title='bbox 3364 1846 3417 1901; x_wconf 93' lang='lat' dir='ltr'><strong>in</strong></span> 
     </span>
    </p>
   </div>
   <div class='ocr_carea' id='block_1_48' title="bbox 1836 1929 3048 2000">
    <p class='ocr_par' dir='ltr' id='par_1_48' title="bbox 1836 1929 3048 2000">
     <span class='ocr_line' id='line_1_48' title="bbox 1836 1929 3048 2000; baseline 0.005 -17"><span class='ocrx_word' id='word_1_273' title='bbox 1836 1929 2037 1984; x_wconf 65' lang='lat' dir='ltr'><strong>struices</strong></span> <span class='ocrx_word' id='word_1_274' title='bbox 2065 1930 2332 2000; x_wconf 79' lang='lat' dir='ltr'><strong>religionis</strong></span> <span class='ocrx_word' id='word_1_275' title='bbox 2360 1933 2543 1986; x_wconf 84' lang='lat' dir='ltr'><strong>titulus</strong></span> <span class='ocrx_word' id='word_1_276' title='bbox 2571 1942 2870 1988; x_wconf 86' lang='lat' dir='ltr'><strong>censeatur.</strong></span> <span class='ocrx_word' id='word_1_277' title='bbox 2901 1933 3048 1989; x_wconf 83' lang='lat' dir='ltr'><strong>Vale.</strong></span> 
     </span>
    </p>
   </div>
   <div class='ocr_carea' id='block_1_49' title="bbox 2437 2023 2830 2078">
    <p class='ocr_par' dir='ltr' id='par_1_49' title="bbox 2437 2023 2830 2078">
     <span class='ocr_line' id='line_1_49' title="bbox 2437 2023 2830 2078; baseline 0.005 -2"><span class='ocrx_word' id='word_1_278' title='bbox 2437 2023 2651 2077; x_wconf 83' lang='lat' dir='ltr'><strong>EPIST.</strong></span> <span class='ocrx_word' id='word_1_279' title='bbox 2695 2023 2830 2078; x_wconf 90' lang='lat' dir='ltr'><strong>VIII.</strong></span> 
     </span>
    </p>
   </div>
   <div class='ocr_carea' id='block_1_50' title="bbox 2309 2127 2946 2167">
    <p class='ocr_par' dir='ltr' id='par_1_50' title="bbox 2309 2127 2946 2167">
     <span class='ocr_line' id='line_1_50' title="bbox 2309 2127 2946 2167; baseline 0 0"><span class='ocrx_word' id='word_1_280' title='bbox 2309 2127 2612 2167; x_wconf 66' lang='lat' dir='ltr'><strong>SYIIMACIIUS</strong></span> <span class='ocrx_word' id='word_1_281' title='bbox 2647 2128 2946 2167; x_wconf 81' lang='grc' dir='ltr'><strong>τιιεοοοιιο.</strong></span> 
     </span>
    </p>
   </div>
   <div class='ocr_carea' id='block_1_51' title="bbox 1904 2202 3422 2276">
    <p class='ocr_par' dir='ltr' id='par_1_51' title="bbox 1904 2202 3422 2276">
     <span class='ocr_line' id='line_1_51' title="bbox 1904 2202 3422 2276; baseline 0.003 -19"><span class='ocrx_word' id='word_1_282' title='bbox 1904 2202 2124 2258; x_wconf 84' lang='lat' dir='ltr'><strong>Gaudeo</strong></span> <span class='ocrx_word' id='word_1_283' title='bbox 2153 2205 2280 2258; x_wconf 90' lang='lat' dir='ltr'><strong>mihi</strong></span> <span class='ocrx_word' id='word_1_284' title='bbox 2321 2205 2585 2259; x_wconf 90' lang='lat' dir='ltr'><strong>sermonis</strong></span> <span class='ocrx_word' id='word_1_285' title='bbox 2617 2207 2691 2259; x_wconf 93' lang='lat' dir='ltr'><strong>tui</strong></span> <span class='ocrx_word' id='word_1_286' title='bbox 2726 2206 2988 2276; x_wconf 68' lang='lat' dir='ltr'><strong>pr‘mitias</strong></span> <span class='ocrx_word' id='word_1_287' title='bbox 3017 2207 3335 2276; x_wconf 80' lang='lat' dir='ltr'><strong>contigisse,</strong></span> <span class='ocrx_word' id='word_1_288' title='bbox 3365 2219 3422 2264; x_wconf 89' lang='lat' dir='ltr'><strong>et</strong></span> 
     </span>
    </p>
   </div>
   <div class='ocr_carea' id='block_1_52' title="bbox 1834 2298 3420 2370">
    <p class='ocr_par' dir='ltr' id='par_1_52' title="bbox 1834 2298 3420 2370">
     <span class='ocr_line' id='line_1_52' title="bbox 1834 2298 3420 2370; baseline 0.003 -18"><span class='ocrx_word' id='word_1_289' title='bbox 1834 2298 2106 2366; x_wconf 86' lang='lat' dir='ltr'><strong>impendio</strong></span> <span class='ocrx_word' id='word_1_290' title='bbox 2133 2299 2342 2367; x_wconf 88' lang='lat' dir='ltr'><strong>postulo</strong></span> <span class='ocrx_word' id='word_1_291' title='bbox 2379 2307 2434 2352; x_wconf 90' lang='lat' dir='ltr'><strong>ut</strong></span> <span class='ocrx_word' id='word_1_292' title='bbox 2467 2299 2907 2354; x_wconf 80' lang='lat' dir='ltr'><strong>humanissimum</strong></span> <span class='ocrx_word' id='word_1_293' title='bbox 2938 2299 3040 2355; x_wconf 88' lang='lat' dir='ltr'><strong>hoc</strong></span> <span class='ocrx_word' id='word_1_294' title='bbox 3066 2309 3300 2370; x_wconf 73' lang='lat' dir='ltr'><strong>ctnptum</strong></span> <span class='ocrx_word' id='word_1_295' title='bbox 3330 2317 3420 2356; x_wconf 83' lang='lat' dir='ltr'><strong>re-</strong></span> 
     </span>
    </p>
   </div>
   <div class='ocr_carea' id='block_1_53' title="bbox 1834 2389 3411 2457">
    <p class='ocr_par' dir='ltr' id='par_1_53' title="bbox 1834 2389 3411 2457">
     <span class='ocr_line' id='line_1_53' title="bbox 1834 2389 3411 2457; baseline 0.001 -13"><span class='ocrx_word' id='word_1_296' title='bbox 1834 2389 2019 2457; x_wconf 79' lang='lat' dir='ltr'><strong>ligiosa</strong></span> <span class='ocrx_word' id='word_1_297' title='bbox 2061 2404 2186 2444; x_wconf 88' lang='lat' dir='ltr'><strong>cura</strong></span> <span class='ocrx_word' id='word_1_298' title='bbox 2235 2405 2338 2444; x_wconf 91' lang='lat' dir='ltr'><strong>non</strong></span> <span class='ocrx_word' id='word_1_299' title='bbox 2369 2390 2602 2444; x_wconf 66' lang='lat' dir='ltr'><strong>drserat.</strong></span> <span class='ocrx_word' id='word_1_300' title='bbox 2654 2391 2744 2444; x_wconf 92' lang='lat' dir='ltr'><strong>llis</strong></span> <span class='ocrx_word' id='word_1_301' title='bbox 2785 2391 2928 2446; x_wconf 93' lang='lat' dir='ltr'><strong>enim</strong></span> <span class='ocrx_word' id='word_1_302' title='bbox 2969 2391 3200 2445; x_wconf 80' lang='lat' dir='ltr'><strong>maxime</strong></span> <span class='ocrx_word' id='word_1_303' title='bbox 3238 2391 3411 2446; x_wconf 84' lang='lat' dir='ltr'><strong>nutri-</strong></span> 
     </span>
    </p>
   </div>
   <div class='ocr_carea' id='block_1_54' title="bbox 1835 2481 3417 2539">
    <p class='ocr_par' dir='ltr' id='par_1_54' title="bbox 1835 2481 3417 2539">
     <span class='ocr_line' id='line_1_54' title="bbox 1835 2481 3417 2539; baseline 0.002 -4"><span class='ocrx_word' id='word_1_304' title='bbox 1835 2481 2029 2535; x_wconf 89' lang='lat' dir='ltr'><strong>mentis</strong></span> <span class='ocrx_word' id='word_1_305' title='bbox 2060 2481 2408 2536; x_wconf 80' lang='lat' dir='ltr'><strong>amicitiarum</strong></span> <span class='ocrx_word' id='word_1_306' title='bbox 2440 2483 2612 2537; x_wconf 90' lang='lat' dir='ltr'><strong>cultus</strong></span> <span class='ocrx_word' id='word_1_307' title='bbox 2641 2483 2920 2538; x_wconf 86' lang='lat' dir='ltr'><strong>adolescit.</strong></span> <span class='ocrx_word' id='word_1_308' title='bbox 2969 2481 3102 2538; x_wconf 87' lang='lat' dir='ltr'><strong>Cum</strong></span> <span class='ocrx_word' id='word_1_309' title='bbox 3136 2482 3248 2539; x_wconf 75' lang='lat' dir='ltr'><strong>btet:</strong></span> <span class='ocrx_word' id='word_1_310' title='bbox 3281 2485 3417 2539; x_wconf 83' lang='lat' dir='ltr'><strong>scri-</strong></span> 
     </span>
    </p>
   </div>
   <div class='ocr_carea' id='block_1_55' title="bbox 1834 2572 3420 2647">
    <p class='ocr_par' dir='ltr' id='par_1_55' title="bbox 1834 2572 3420 2647">
     <span class='ocr_line' id='line_1_55' title="bbox 1834 2572 3420 2647; baseline 0.003 -19"><span class='ocrx_word' id='word_1_311' title='bbox 1834 2572 2052 2642; x_wconf 87' lang='lat' dir='ltr'><strong>berem,</strong></span> <span class='ocrx_word' id='word_1_312' title='bbox 2083 2577 2210 2629; x_wconf 89' lang='lat' dir='ltr'><strong>mihi</strong></span> <span class='ocrx_word' id='word_1_313' title='bbox 2239 2579 2443 2630; x_wconf 91' lang='lat' dir='ltr'><strong>sanitas</strong></span> <span class='ocrx_word' id='word_1_314' title='bbox 2474 2586 2621 2631; x_wconf 90' lang='lat' dir='ltr'><strong>recte</strong></span> <span class='ocrx_word' id='word_1_315' title='bbox 2649 2577 2986 2646; x_wconf 83' lang='lat' dir='ltr'><strong>suppetebat.</strong></span> <span class='ocrx_word' id='word_1_316' title='bbox 3035 2576 3199 2647; x_wconf 84' lang='lat' dir='ltr'><strong>Cujus</strong></span> <span class='ocrx_word' id='word_1_317' title='bbox 3226 2577 3302 2632; x_wconf 87' lang='lat' dir='ltr'><strong>rei</strong></span> <span class='ocrx_word' id='word_1_318' title='bbox 3333 2579 3420 2632; x_wconf 92' lang='lat' dir='ltr'><strong>ln-</strong></span> 
     </span>
    </p>
   </div>
   <div class='ocr_carea' id='block_1_56' title="bbox 1834 2667 3420 2740">
    <p class='ocr_par' dir='ltr' id='par_1_56' title="bbox 1834 2667 3420 2740">
     <span class='ocr_line' id='line_1_56' title="bbox 1834 2667 3420 2740; baseline 0.006 -18"><span class='ocrx_word' id='word_1_319' title='bbox 1834 2667 2029 2722; x_wconf 89' lang='lat' dir='ltr'><strong>dicium</strong></span> <span class='ocrx_word' id='word_1_320' title='bbox 2062 2679 2340 2738; x_wconf 86' lang='lat' dir='ltr'><strong>propterea</strong></span> <span class='ocrx_word' id='word_1_321' title='bbox 2382 2671 2634 2739; x_wconf 80' lang='lat' dir='ltr'><strong>singulari</strong></span> <span class='ocrx_word' id='word_1_322' title='bbox 2683 2672 3025 2740; x_wconf 88' lang='lat' dir='ltr'><strong>generositati</strong></span> <span class='ocrx_word' id='word_1_323' title='bbox 3072 2680 3176 2728; x_wconf 73' lang='lat' dir='ltr'><strong>tuae</strong></span> <span class='ocrx_word' id='word_1_324' title='bbox 3218 2674 3420 2732; x_wconf 87' lang='lat' dir='ltr'><strong>credidi</strong></span> 
     </span>
    </p>
   </div>
   <div class='ocr_carea' id='block_1_57' title="bbox 1835 2760 3460 2842">
    <p class='ocr_par' dir='ltr' id='par_1_57' title="bbox 1835 2760 3460 2842">
     <span class='ocr_line' id='line_1_57' title="bbox 1835 2760 3460 2842; baseline 0.005 -27"><span class='ocrx_word' id='word_1_325' title='bbox 1835 2760 2207 2826; x_wconf 89' lang='lat' dir='ltr'><strong>deferendum,</strong></span> <span class='ocrx_word' id='word_1_326' title='bbox 2241 2771 2298 2816; x_wconf 93' lang='lat' dir='ltr'><strong>ut</strong></span> <span class='ocrx_word' id='word_1_327' title='bbox 2326 2763 2685 2833; x_wconf 82' lang='lat' dir='ltr'><strong>cognitionem</strong></span> <span class='ocrx_word' id='word_1_328' title='bbox 2716 2773 2819 2819; x_wconf 76' lang='lat' dir='ltr'><strong>tute</strong></span> <span class='ocrx_word' id='word_1_329' title='bbox 2847 2765 3119 2836; x_wconf 86' lang='lat' dir='ltr'><strong>sospitatis</strong></span> <span class='ocrx_word' id='word_1_330' title='bbox 3144 2765 3272 2822; x_wconf 88' lang='lat' dir='ltr'><strong>mihi</strong></span> <span class='ocrx_word' id='word_1_331' title='bbox 3297 2783 3419 2823; x_wconf 88' lang='lat' dir='ltr'><strong>mu-</strong></span> <span class='ocrx_word' id='word_1_332' title='bbox 3449 2834 3460 2842; x_wconf 35' lang='grc' dir='ltr'><strong>ο</strong></span> 
     </span>
    </p>
   </div>
   <div class='ocr_carea' id='block_1_58' title="bbox 1837 2857 2708 2929">
    <p class='ocr_par' dir='ltr' id='par_1_58' title="bbox 1837 2857 2708 2929">
     <span class='ocr_line' id='line_1_58' title="bbox 1837 2857 2708 2929; baseline 0.006 -19"><span class='ocrx_word' id='word_1_333' title='bbox 1837 2867 1960 2912; x_wconf 89' lang='lat' dir='ltr'><strong>tuus</strong></span> <span class='ocrx_word' id='word_1_334' title='bbox 1991 2858 2250 2929; x_wconf 78' lang='lat' dir='ltr'><strong>rependat</strong></span> <span class='ocrx_word' id='word_1_335' title='bbox 2279 2857 2519 2913; x_wconf 71' lang='lat' dir='ltr'><strong>affectus.</strong></span> <span class='ocrx_word' id='word_1_336' title='bbox 2558 2858 2708 2915; x_wconf 84' lang='lat' dir='ltr'><strong>Vale.</strong></span> 
     </span>
    </p>
   </div>
   <div class='ocr_carea' id='block_1_59' title="bbox 2465 2947 2806 3002">
    <p class='ocr_par' dir='ltr' id='par_1_59' title="bbox 2465 2947 2806 3002">
     <span class='ocr_line' id='line_1_59' title="bbox 2465 2947 2806 3002; baseline 0.006 -2"><span class='ocrx_word' id='word_1_337' title='bbox 2465 2947 2676 3002; x_wconf 84' lang='lat' dir='ltr'><strong>EPIST.</strong></span> <span class='ocrx_word' id='word_1_338' title='bbox 2717 2949 2806 3002; x_wconf 79' lang='lat' dir='ltr'><strong>IX.</strong></span> 
     </span>
    </p>
   </div>
   <div class='ocr_carea' id='block_1_60' title="bbox 2310 3053 2950 3094">
    <p class='ocr_par' dir='ltr' id='par_1_60' title="bbox 2310 3053 2950 3094">
     <span class='ocr_line' id='line_1_60' title="bbox 2310 3053 2950 3094; baseline 0.002 -3"><span class='ocrx_word' id='word_1_339' title='bbox 2310 3055 2362 3092; x_wconf 69' lang='grc' dir='ltr'><strong>ετ</strong></span> <span class='ocrx_word' id='word_1_340' title='bbox 2375 3054 2616 3093; x_wconf 62' lang='grc' dir='ltr'><strong>ἃΙὶΙΛϐΙΙυς</strong></span> <span class='ocrx_word' id='word_1_341' title='bbox 2651 3053 2950 3094; x_wconf 79' lang='grc' dir='ltr'><strong>τηεουοιιο.</strong></span> 
     </span>
    </p>
   </div>
   <div class='ocr_carea' id='block_1_61' title="bbox 1912 3129 3421 3200">
    <p class='ocr_par' dir='ltr' id='par_1_61' title="bbox 1912 3129 3421 3200">
     <span class='ocr_line' id='line_1_61' title="bbox 1912 3129 3421 3200; baseline 0.004 -18"><span class='ocrx_word' id='word_1_342' title='bbox 1912 3129 2116 3186; x_wconf 87' lang='lat' dir='ltr'><strong>Vereor</strong></span> <span class='ocrx_word' id='word_1_343' title='bbox 2141 3130 2459 3200; x_wconf 70' lang='lat' dir='ltr'><strong>eloquentize</strong></span> <span class='ocrx_word' id='word_1_344' title='bbox 2482 3139 2586 3183; x_wconf 68' lang='lat' dir='ltr'><strong>tute</strong></span> <span class='ocrx_word' id='word_1_345' title='bbox 2608 3131 2806 3198; x_wconf 90' lang='lat' dir='ltr'><strong>scripta</strong></span> <span class='ocrx_word' id='word_1_346' title='bbox 2835 3139 3020 3185; x_wconf 87' lang='lat' dir='ltr'><strong>nostra</strong></span> <span class='ocrx_word' id='word_1_347' title='bbox 3046 3131 3421 3199; x_wconf 87' lang='lat' dir='ltr'><strong>committere;</strong></span> 
     </span>
    </p>
   </div>
   <div class='ocr_carea' id='block_1_62' title="bbox 1839 3224 3425 3297">
    <p class='ocr_par' dir='ltr' id='par_1_62' title="bbox 1839 3224 3425 3297">
     <span class='ocr_line' id='line_1_62' title="bbox 1839 3224 3425 3297; baseline 0.001 -18"><span class='ocrx_word' id='word_1_348' title='bbox 1839 3224 1933 3280; x_wconf 81' lang='lat' dir='ltr'><strong>sed</strong></span> <span class='ocrx_word' id='word_1_349' title='bbox 1963 3239 2068 3279; x_wconf 92' lang='lat' dir='ltr'><strong>non</strong></span> <span class='ocrx_word' id='word_1_350' title='bbox 2104 3228 2278 3280; x_wconf 87' lang='lat' dir='ltr'><strong>minus</strong></span> <span class='ocrx_word' id='word_1_351' title='bbox 2315 3241 2481 3280; x_wconf 85' lang='lat' dir='ltr'><strong>caveo</strong></span> <span class='ocrx_word' id='word_1_352' title='bbox 2511 3228 2679 3279; x_wconf 88' lang='lat' dir='ltr'><strong>amori</strong></span> <span class='ocrx_word' id='word_1_353' title='bbox 2711 3233 2802 3279; x_wconf 93' lang='lat' dir='ltr'><strong>tuo</strong></span> <span class='ocrx_word' id='word_1_354' title='bbox 2848 3239 3088 3280; x_wconf 88' lang='lat' dir='ltr'><strong>meorum</strong></span> <span class='ocrx_word' id='word_1_355' title='bbox 3137 3226 3425 3297; x_wconf 80' lang='lat' dir='ltr'><strong>quidquam</strong></span> 
     </span>
    </p>
   </div>
   <div class='ocr_carea' id='block_1_63' title="bbox 1841 3317 3427 3386">
    <p class='ocr_par' dir='ltr' id='par_1_63' title="bbox 1841 3317 3427 3386">
     <span class='ocr_line' id='line_1_63' title="bbox 1841 3317 3427 3386; baseline 0.003 -16"><span class='ocrx_word' id='word_1_356' title='bbox 1841 3332 2058 3386; x_wconf 80' lang='lat' dir='ltr'><strong>negare.</strong></span> <span class='ocrx_word' id='word_1_357' title='bbox 2087 3319 2224 3371; x_wconf 89' lang='lat' dir='ltr'><strong>Duas</strong></span> <span class='ocrx_word' id='word_1_358' title='bbox 2251 3317 2409 3386; x_wconf 89' lang='lat' dir='ltr'><strong>igitur</strong></span> <span class='ocrx_word' id='word_1_359' title='bbox 2437 3317 2795 3371; x_wconf 85' lang='lat' dir='ltr'><strong>oratiunculas</strong></span> <span class='ocrx_word' id='word_1_360' title='bbox 2824 3331 2994 3384; x_wconf 90' lang='lat' dir='ltr'><strong>nuper</strong></span> <span class='ocrx_word' id='word_1_361' title='bbox 3017 3318 3187 3372; x_wconf 85' lang='lat' dir='ltr'><strong>editas</strong></span> <span class='ocrx_word' id='word_1_362' title='bbox 3214 3332 3242 3371; x_wconf 89' lang='lat' dir='ltr'><strong>a</strong></span> <span class='ocrx_word' id='word_1_363' title='bbox 3273 3318 3427 3374; x_wconf 84' lang='lat' dir='ltr'><strong>nobis</strong></span> 
     </span>
    </p>
   </div>
   <div class='ocr_carea' id='block_1_64' title="bbox 1841 3408 3427 3466">
    <p class='ocr_par' dir='ltr' id='par_1_64' title="bbox 1841 3408 3427 3466">
     <span class='ocr_line' id='line_1_64' title="bbox 1841 3408 3427 3466; baseline 0.001 -4"><span class='ocrx_word' id='word_1_364' title='bbox 1841 3410 1978 3463; x_wconf 88' lang='lat' dir='ltr'><strong>misi.</strong></span> <span class='ocrx_word' id='word_1_365' title='bbox 2019 3411 2212 3463; x_wconf 74' lang='lat' dir='ltr'><strong>Earum</strong></span> <span class='ocrx_word' id='word_1_366' title='bbox 2242 3423 2343 3462; x_wconf 91' lang='lat' dir='ltr'><strong>una</strong></span> <span class='ocrx_word' id='word_1_367' title='bbox 2368 3408 2432 3461; x_wconf 86' lang='lat' dir='ltr'><strong>ad</strong></span> <span class='ocrx_word' id='word_1_368' title='bbox 2459 3409 2689 3462; x_wconf 89' lang='lat' dir='ltr'><strong>urbanos</strong></span> <span class='ocrx_word' id='word_1_369' title='bbox 2721 3408 2891 3463; x_wconf 69' lang='lat' dir='ltr'><strong>fames</strong></span> <span class='ocrx_word' id='word_1_370' title='bbox 2923 3409 3270 3464; x_wconf 87' lang='lat' dir='ltr'><strong>resultantem</strong></span> <span class='ocrx_word' id='word_1_371' title='bbox 3300 3424 3427 3466; x_wconf 85' lang='lat' dir='ltr'><strong>can-</strong></span> 
     </span>
    </p>
   </div>
   <div class='ocr_carea' id='block_1_65' title="bbox 165 3493 3428 3572">
    <p class='ocr_par' dir='ltr' id='par_1_65' title="bbox 165 3493 3428 3572">
     <span class='ocr_line' id='line_1_65' title="bbox 165 3493 3428 3572; baseline 0.001 -19"><span class='ocrx_word' id='word_1_372' title='bbox 165 3501 485 3570; x_wconf 83' lang='lat' dir='ltr'><strong>impatienter</strong></span> <span class='ocrx_word' id='word_1_373' title='bbox 516 3511 784 3570; x_wconf 82' lang='lat' dir='ltr'><strong>exoptem.</strong></span> <span class='ocrx_word' id='word_1_374' title='bbox 810 3501 940 3555; x_wconf 83' lang='lat' dir='ltr'><strong>Nam</strong></span> <span class='ocrx_word' id='word_1_375' title='bbox 961 3501 1049 3570; x_wconf 92' lang='lat' dir='ltr'><strong>qui</strong></span> <span class='ocrx_word' id='word_1_376' title='bbox 1072 3501 1310 3556; x_wconf 92' lang='lat' dir='ltr'><strong>omnium</strong></span> <span class='ocrx_word' id='word_1_377' title='bbox 1334 3515 1580 3554; x_wconf 88' lang='lat' dir='ltr'><strong>sermone</strong></span> <span class='ocrx_word' id='word_1_378' title='bbox 1607 3499 1740 3554; x_wconf 89' lang='lat' dir='ltr'><strong>cele-</strong></span> <span class='ocrx_word' id='word_1_379' title='bbox 1765 3493 1810 3555; x_wconf 86' lang='lat' dir='ltr'><strong><em>C</em></strong></span> <span class='ocrx_word' id='word_1_380' title='bbox 1843 3501 2079 3556; x_wconf 90' lang='lat' dir='ltr'><strong>didatum</strong></span> <span class='ocrx_word' id='word_1_381' title='bbox 2107 3501 2306 3567; x_wconf 91' lang='lat' dir='ltr'><strong>tenuit;</strong></span> <span class='ocrx_word' id='word_1_382' title='bbox 2338 3501 2490 3556; x_wconf 89' lang='lat' dir='ltr'><strong>alteri</strong></span> <span class='ocrx_word' id='word_1_383' title='bbox 2516 3510 2884 3572; x_wconf 89' lang='lat' dir='ltr'><strong>argumentum</strong></span> <span class='ocrx_word' id='word_1_384' title='bbox 2917 3501 3058 3556; x_wconf 88' lang='lat' dir='ltr'><strong>dedit</strong></span> <span class='ocrx_word' id='word_1_385' title='bbox 3082 3501 3191 3572; x_wconf 89' lang='lat' dir='ltr'><strong>jam</strong></span> <span class='ocrx_word' id='word_1_386' title='bbox 3225 3501 3428 3572; x_wconf 90' lang='lat' dir='ltr'><strong>pridem</strong></span> 
     </span>
    </p>
   </div>
   <div class='ocr_carea' id='block_1_66' title="bbox 164 3591 1742 3663">
    <p class='ocr_par' dir='ltr' id='par_1_66' title="bbox 164 3591 1742 3663">
     <span class='ocr_line' id='line_1_66' title="bbox 164 3591 1742 3663; baseline -0.002 -16"><span class='ocrx_word' id='word_1_387' title='bbox 164 3595 385 3659; x_wconf 87' lang='lat' dir='ltr'><strong>brantur,</strong></span> <span class='ocrx_word' id='word_1_388' title='bbox 402 3605 459 3650; x_wconf 91' lang='lat' dir='ltr'><strong>et</strong></span> <span class='ocrx_word' id='word_1_389' title='bbox 480 3593 835 3663; x_wconf 78' lang='lat' dir='ltr'><strong>improbitatis</strong></span> <span class='ocrx_word' id='word_1_390' title='bbox 859 3593 1016 3648; x_wconf 86' lang='lat' dir='ltr'><strong>laude</strong></span> <span class='ocrx_word' id='word_1_391' title='bbox 1045 3591 1319 3661; x_wconf 88' lang='lat' dir='ltr'><strong>conspicui</strong></span> <span class='ocrx_word' id='word_1_392' title='bbox 1351 3601 1492 3656; x_wconf 91' lang='lat' dir='ltr'><strong>sunt,</strong></span> <span class='ocrx_word' id='word_1_393' title='bbox 1511 3591 1742 3661; x_wconf 85' lang='lat' dir='ltr'><strong>incogni-</strong></span> 
     </span>
    </p>
   </div>
   <div class='ocr_carea' id='block_1_67' title="bbox 163 3683 1736 3758">
    <p class='ocr_par' dir='ltr' id='par_1_67' title="bbox 163 3683 1736 3758">
     <span class='ocr_line' id='line_1_67' title="bbox 163 3683 1736 3758; baseline 0 -20"><span class='ocrx_word' id='word_1_394' title='bbox 163 3695 236 3740; x_wconf 84' lang='lat' dir='ltr'><strong>tus</strong></span> <span class='ocrx_word' id='word_1_395' title='bbox 257 3702 464 3758; x_wconf 90' lang='lat' dir='ltr'><strong>quoque</strong></span> <span class='ocrx_word' id='word_1_396' title='bbox 489 3688 555 3741; x_wconf 91' lang='lat' dir='ltr'><strong>ad</strong></span> <span class='ocrx_word' id='word_1_397' title='bbox 589 3702 790 3742; x_wconf 90' lang='lat' dir='ltr'><strong>morem</strong></span> <span class='ocrx_word' id='word_1_398' title='bbox 824 3687 1052 3755; x_wconf 77' lang='lat' dir='ltr'><strong>preprize</strong></span> <span class='ocrx_word' id='word_1_399' title='bbox 1080 3684 1456 3740; x_wconf 83' lang='lat' dir='ltr'><strong>familiaritatis</strong></span> <span class='ocrx_word' id='word_1_400' title='bbox 1489 3683 1736 3738; x_wconf 80' lang='lat' dir='ltr'><strong>invitant.</strong></span> 
     </span>
    </p>
   </div>
   <div class='ocr_carea' id='block_1_68' title="bbox 162 3776 1736 3847">
    <p class='ocr_par' dir='ltr' id='par_1_68' title="bbox 162 3776 1736 3847">
     <span class='ocr_line' id='line_1_68' title="bbox 162 3776 1736 3847; baseline -0.001 -17"><span class='ocrx_word' id='word_1_401' title='bbox 162 3777 288 3846; x_wconf 64' lang='lat' dir='ltr'><strong>Ergo</strong></span> <span class='ocrx_word' id='word_1_402' title='bbox 309 3779 354 3835; x_wconf 86' lang='lat' dir='ltr'><strong>si</strong></span> <span class='ocrx_word' id='word_1_403' title='bbox 386 3780 506 3834; x_wconf 71' lang='lat' dir='ltr'><strong>btec</strong></span> <span class='ocrx_word' id='word_1_404' title='bbox 534 3779 823 3834; x_wconf 82' lang='lat' dir='ltr'><strong>voluntatis</strong></span> <span class='ocrx_word' id='word_1_405' title='bbox 865 3794 998 3833; x_wconf 67' lang='lat' dir='ltr'><strong>mete</strong></span> <span class='ocrx_word' id='word_1_406' title='bbox 1040 3794 1144 3833; x_wconf 93' lang='lat' dir='ltr'><strong>non</strong></span> <span class='ocrx_word' id='word_1_407' title='bbox 1187 3778 1492 3847; x_wconf 89' lang='lat' dir='ltr'><strong>aspernaris</strong></span> <span class='ocrx_word' id='word_1_408' title='bbox 1523 3776 1736 3842; x_wconf 90' lang='lat' dir='ltr'><strong>indicia,</strong></span> 
     </span>
    </p>
   </div>
   <div class='ocr_carea' id='block_1_69' title="bbox 162 3867 1739 3940">
    <p class='ocr_par' dir='ltr' id='par_1_69' title="bbox 162 3867 1739 3940">
     <span class='ocr_line' id='line_1_69' title="bbox 162 3867 1739 3940; baseline -0.003 -18"><span class='ocrx_word' id='word_1_409' title='bbox 162 3871 401 3938; x_wconf 87' lang='lat' dir='ltr'><strong>repende,</strong></span> <span class='ocrx_word' id='word_1_410' title='bbox 432 3886 637 3940; x_wconf 69' lang='lat' dir='ltr'><strong>qumso,</strong></span> <span class='ocrx_word' id='word_1_411' title='bbox 670 3870 991 3940; x_wconf 91' lang='lat' dir='ltr'><strong>colloquium</strong></span> <span class='ocrx_word' id='word_1_412' title='bbox 1012 3910 1028 3935; x_wconf 95' lang='lat'><strong>,</strong></span> <span class='ocrx_word' id='word_1_413' title='bbox 1070 3878 1128 3923; x_wconf 91' lang='lat' dir='ltr'><strong>ut</strong></span> <span class='ocrx_word' id='word_1_414' title='bbox 1165 3867 1291 3923; x_wconf 92' lang='lat' dir='ltr'><strong>facti</strong></span> <span class='ocrx_word' id='word_1_415' title='bbox 1324 3869 1425 3921; x_wconf 92' lang='lat' dir='ltr'><strong>mei</strong></span> <span class='ocrx_word' id='word_1_416' title='bbox 1455 3868 1739 3923; x_wconf 83' lang='lat' dir='ltr'><strong>confirma-</strong></span> 
     </span>
    </p>
   </div>
   <div class='ocr_carea' id='block_1_70' title="bbox 162 3957 1738 4031">
    <p class='ocr_par' dir='ltr' id='par_1_70' title="bbox 162 3957 1738 4031">
     <span class='ocr_line' id='line_1_70' title="bbox 162 3957 1738 4031; baseline 0.001 -19"><span class='ocrx_word' id='word_1_417' title='bbox 162 3961 293 4016; x_wconf 89' lang='lat' dir='ltr'><strong>tione</strong></span> <span class='ocrx_word' id='word_1_418' title='bbox 316 3962 590 4027; x_wconf 86' lang='lat' dir='ltr'><strong>delecter;</strong></span> <span class='ocrx_word' id='word_1_419' title='bbox 636 3961 878 4031; x_wconf 82' lang='lat' dir='ltr'><strong>quamvis</strong></span> <span class='ocrx_word' id='word_1_420' title='bbox 919 3971 1118 4015; x_wconf 64' lang='lat' dir='ltr'><strong>mutuae</strong></span> <span class='ocrx_word' id='word_1_421' title='bbox 1163 3957 1464 4014; x_wconf 74' lang='lat' dir='ltr'><strong>aﬂectionis</strong></span> <span class='ocrx_word' id='word_1_422' title='bbox 1493 3958 1738 4030; x_wconf 82' lang='lat' dir='ltr'><strong>sponsio-</strong></span> 
     </span>
    </p>
   </div>
   <div class='ocr_carea' id='block_1_71' title="bbox 163 4051 858 4123">
    <p class='ocr_par' dir='ltr' id='par_1_71' title="bbox 163 4051 858 4123">
     <span class='ocr_line' id='line_1_71' title="bbox 163 4051 858 4123; baseline 0.003 -17"><span class='ocrx_word' id='word_1_423' title='bbox 163 4066 270 4106; x_wconf 74' lang='lat' dir='ltr'><strong>nem</strong></span> <span class='ocrx_word' id='word_1_424' title='bbox 295 4053 404 4123; x_wconf 86' lang='lat' dir='ltr'><strong>jam</strong></span> <span class='ocrx_word' id='word_1_425' title='bbox 436 4062 672 4109; x_wconf 87' lang='lat' dir='ltr'><strong>teneam.</strong></span> <span class='ocrx_word' id='word_1_426' title='bbox 705 4051 858 4108; x_wconf 81' lang='lat' dir='ltr'><strong>Vale.</strong></span> 
     </span>
    </p>
   </div>
   <div class='ocr_carea' id='block_1_72' title="bbox 782 4143 1111 4200">
    <p class='ocr_par' dir='ltr' id='par_1_72' title="bbox 782 4143 1111 4200">
     <span class='ocr_line' id='line_1_72' title="bbox 782 4143 1111 4200; baseline 0.006 -2"><span class='ocrx_word' id='word_1_427' title='bbox 782 4143 1001 4200; x_wconf 84' lang='lat' dir='ltr'><strong>EPIST.</strong></span> <span class='ocrx_word' id='word_1_428' title='bbox 1048 4145 1111 4200; x_wconf 87' lang='lat' dir='ltr'><strong>V.</strong></span> 
     </span>
    </p>
   </div>
   <div class='ocr_carea' id='block_1_73' title="bbox 618 4253 1267 4294">
    <p class='ocr_par' dir='ltr' id='par_1_73' title="bbox 618 4253 1267 4294">
     <span class='ocr_line' id='line_1_73' title="bbox 618 4253 1267 4294; baseline 0.002 -2"><span class='ocrx_word' id='word_1_429' title='bbox 618 4253 928 4293; x_wconf 67' lang='grc' dir='ltr'>εῖιιιιιειιυε</span> <span class='ocrx_word' id='word_1_430' title='bbox 965 4253 1267 4294; x_wconf 60' lang='grc' dir='ltr'><strong>1³11Εο00110.</strong></span> 
     </span>
    </p>
   </div>
   <div class='ocr_carea' id='block_1_74' title="bbox 221 4329 1734 4402">
    <p class='ocr_par' dir='ltr' id='par_1_74' title="bbox 221 4329 1734 4402">
     <span class='ocr_line' id='line_1_74' title="bbox 221 4329 1734 4402; baseline -0.001 -16"><span class='ocrx_word' id='word_1_431' title='bbox 221 4329 466 4402; x_wconf 76' lang='lat' dir='ltr'><strong>Spectata</strong></span> <span class='ocrx_word' id='word_1_432' title='bbox 488 4341 570 4386; x_wconf 91' lang='lat' dir='ltr'><strong>est</strong></span> <span class='ocrx_word' id='word_1_433' title='bbox 593 4330 710 4394; x_wconf 90' lang='lat' dir='ltr'><strong>tibi,</strong></span> <span class='ocrx_word' id='word_1_434' title='bbox 733 4341 791 4385; x_wconf 90' lang='lat' dir='ltr'><strong>ut</strong></span> <span class='ocrx_word' id='word_1_435' title='bbox 810 4331 1063 4396; x_wconf 90' lang='lat' dir='ltr'><strong>arbitror,</strong></span> <span class='ocrx_word' id='word_1_436' title='bbox 1089 4331 1338 4386; x_wconf 68' lang='lat' dir='ltr'><strong>amicitiae</strong></span> <span class='ocrx_word' id='word_1_437' title='bbox 1362 4345 1494 4385; x_wconf 79' lang='lat' dir='ltr'><strong>meae</strong></span> <span class='ocrx_word' id='word_1_438' title='bbox 1518 4330 1734 4385; x_wconf 90' lang='lat' dir='ltr'><strong>veritas.</strong></span> 
     </span>
    </p>
   </div>
   <div class='ocr_carea' id='block_1_75' title="bbox 160 4419 1734 4478">
    <p class='ocr_par' dir='ltr' id='par_1_75' title="bbox 160 4419 1734 4478">
     <span class='ocr_line' id='line_1_75' title="bbox 160 4419 1734 4478; baseline 0.004 -7"><span class='ocrx_word' id='word_1_439' title='bbox 160 4419 280 4475; x_wconf 90' lang='lat' dir='ltr'><strong>Ilinc</strong></span> <span class='ocrx_word' id='word_1_440' title='bbox 327 4421 528 4476; x_wconf 89' lang='lat' dir='ltr'><strong>factum</strong></span> <span class='ocrx_word' id='word_1_441' title='bbox 577 4429 634 4476; x_wconf 91' lang='lat' dir='ltr'><strong>ut</strong></span> <span class='ocrx_word' id='word_1_442' title='bbox 658 4437 744 4477; x_wconf 91' lang='lat' dir='ltr'><strong>me</strong></span> <span class='ocrx_word' id='word_1_443' title='bbox 784 4421 840 4476; x_wconf 92' lang='lat' dir='ltr'><strong>in</strong></span> <span class='ocrx_word' id='word_1_444' title='bbox 867 4424 1196 4477; x_wconf 91' lang='lat' dir='ltr'><strong>consortium</strong></span> <span class='ocrx_word' id='word_1_445' title='bbox 1231 4422 1488 4476; x_wconf 81' lang='lat' dir='ltr'><strong>festorum</strong></span> <span class='ocrx_word' id='word_1_446' title='bbox 1522 4432 1734 4478; x_wconf 90' lang='lat' dir='ltr'><strong>tuorum</strong></span> 
     </span>
    </p>
   </div>
   <div class='ocr_carea' id='block_1_76' title="bbox 159 4511 1735 4579">
    <p class='ocr_par' dir='ltr' id='par_1_76' title="bbox 159 4511 1735 4579">
     <span class='ocr_line' id='line_1_76' title="bbox 159 4511 1735 4579; baseline 0.003 -17"><span class='ocrx_word' id='word_1_447' title='bbox 159 4511 330 4565; x_wconf 84' lang='lat' dir='ltr'><strong>consul</strong></span> <span class='ocrx_word' id='word_1_448' title='bbox 368 4511 592 4566; x_wconf 88' lang='lat' dir='ltr'><strong>ascires.</strong></span> <span class='ocrx_word' id='word_1_449' title='bbox 638 4511 968 4575; x_wconf 70' lang='lat' dir='ltr'><strong>Praestetur,</strong></span> <span class='ocrx_word' id='word_1_450' title='bbox 1012 4527 1110 4567; x_wconf 92' lang='lat' dir='ltr'><strong>oro</strong></span> <span class='ocrx_word' id='word_1_451' title='bbox 1136 4556 1150 4579; x_wconf 93' lang='lat'><strong>,</strong></span> <span class='ocrx_word' id='word_1_452' title='bbox 1195 4512 1278 4568; x_wconf 91' lang='lat' dir='ltr'><strong>his</strong></span> <span class='ocrx_word' id='word_1_453' title='bbox 1322 4512 1511 4568; x_wconf 91' lang='lat' dir='ltr'><strong>litteris</strong></span> <span class='ocrx_word' id='word_1_454' title='bbox 1548 4513 1735 4567; x_wconf 90' lang='lat' dir='ltr'><strong>eadem</strong></span> 
     </span>
    </p>
   </div>
   <div class='ocr_carea' id='block_1_77' title="bbox 161 4600 1736 4674">
    <p class='ocr_par' dir='ltr' id='par_1_77' title="bbox 161 4600 1736 4674">
     <span class='ocr_line' id='line_1_77' title="bbox 161 4600 1736 4674; baseline 0.006 -25"><span class='ocrx_word' id='word_1_455' title='bbox 161 4600 280 4656; x_wconf 89' lang='lat' dir='ltr'><strong>tidcs</strong></span> <span class='ocrx_word' id='word_1_456' title='bbox 313 4618 436 4671; x_wconf 63' lang='lat' dir='ltr'><strong>qua:</strong></span> <span class='ocrx_word' id='word_1_457' title='bbox 463 4618 562 4658; x_wconf 91' lang='lat' dir='ltr'><strong>nos</strong></span> <span class='ocrx_word' id='word_1_458' title='bbox 590 4603 904 4658; x_wconf 90' lang='lat' dir='ltr'><strong>evocatione</strong></span> <span class='ocrx_word' id='word_1_459' title='bbox 933 4603 1122 4674; x_wconf 90' lang='lat' dir='ltr'><strong>dignos</strong></span> <span class='ocrx_word' id='word_1_460' title='bbox 1144 4603 1428 4674; x_wconf 86' lang='lat' dir='ltr'><strong>judicavit.</strong></span> <span class='ocrx_word' id='word_1_461' title='bbox 1465 4605 1561 4658; x_wconf 89' lang='lat' dir='ltr'><strong>Diu</strong></span> <span class='ocrx_word' id='word_1_462' title='bbox 1597 4605 1736 4659; x_wconf 89' lang='lat' dir='ltr'><strong>inter</strong></span> 
     </span>
    </p>
   </div>
   <div class='ocr_carea' id='block_1_78' title="bbox 159 4693 1736 4750">
    <p class='ocr_par' dir='ltr' id='par_1_78' title="bbox 159 4693 1736 4750">
     <span class='ocr_line' id='line_1_78' title="bbox 159 4693 1736 4750; baseline 0.004 -6"><span class='ocrx_word' id='word_1_463' title='bbox 159 4693 467 4750; x_wconf 83' lang='lat' dir='ltr'><strong>desiderium</strong></span> <span class='ocrx_word' id='word_1_464' title='bbox 497 4696 572 4750; x_wconf 91' lang='lat' dir='ltr'><strong>tui</strong></span> <span class='ocrx_word' id='word_1_465' title='bbox 613 4703 668 4750; x_wconf 92' lang='lat' dir='ltr'><strong>et</strong></span> <span class='ocrx_word' id='word_1_466' title='bbox 700 4695 841 4750; x_wconf 90' lang='lat' dir='ltr'><strong>unici</strong></span> <span class='ocrx_word' id='word_1_467' title='bbox 873 4696 977 4750; x_wconf 90' lang='lat' dir='ltr'><strong>mei</strong></span> <span class='ocrx_word' id='word_1_468' title='bbox 1009 4711 1191 4750; x_wconf 91' lang='lat' dir='ltr'><strong>curam</strong></span> <span class='ocrx_word' id='word_1_469' title='bbox 1237 4695 1429 4750; x_wconf 89' lang='lat' dir='ltr'><strong>dubius</strong></span> <span class='ocrx_word' id='word_1_470' title='bbox 1456 4695 1736 4750; x_wconf 89' lang='lat' dir='ltr'><strong>electionis</strong></span> 
     </span>
    </p>
   </div>
   <div class='ocr_carea' id='block_1_79' title="bbox 158 4785 1735 4856">
    <p class='ocr_par' dir='ltr' id='par_1_79' title="bbox 158 4785 1735 4856">
     <span class='ocr_line' id='line_1_79' title="bbox 158 4785 1735 4856; baseline 0.004 -21"><span class='ocrx_word' id='word_1_471' title='bbox 158 4785 393 4852; x_wconf 84' lang='lat' dir='ltr'><strong>pependi.</strong></span> <span class='ocrx_word' id='word_1_472' title='bbox 437 4785 583 4841; x_wconf 85' lang='lat' dir='ltr'><strong>Tuus</strong></span> <span class='ocrx_word' id='word_1_473' title='bbox 615 4785 788 4840; x_wconf 88' lang='lat' dir='ltr'><strong>honor</strong></span> <span class='ocrx_word' id='word_1_474' title='bbox 827 4785 1086 4841; x_wconf 77' lang='lat' dir='ltr'><strong>suadebat</strong></span> <span class='ocrx_word' id='word_1_475' title='bbox 1127 4786 1510 4856; x_wconf 86' lang='lat' dir='ltr'><strong>profectionem</strong></span> <span class='ocrx_word' id='word_1_476' title='bbox 1536 4826 1552 4852; x_wconf 89' lang='lat'><strong>,</strong></span> <span class='ocrx_word' id='word_1_477' title='bbox 1593 4785 1735 4842; x_wconf 91' lang='lat' dir='ltr'><strong>illius</strong></span> 
     </span>
    </p>
   </div>
   <div class='ocr_carea' id='block_1_80' title="bbox 1846 3593 3427 3664">
    <p class='ocr_par' dir='ltr' id='par_1_80' title="bbox 1846 3593 3427 3664">
     <span class='ocr_line' id='line_1_80' title="bbox 1846 3593 3427 3664; baseline 0.001 -16"><span class='ocrx_word' id='word_1_478' title='bbox 1846 3593 2063 3649; x_wconf 91' lang='lat' dir='ltr'><strong>decreto</strong></span> <span class='ocrx_word' id='word_1_479' title='bbox 2107 3603 2326 3648; x_wconf 83' lang='lat' dir='ltr'><strong>senatus</strong></span> <span class='ocrx_word' id='word_1_480' title='bbox 2372 3594 2669 3662; x_wconf 87' lang='lat' dir='ltr'><strong>improbata</strong></span> <span class='ocrx_word' id='word_1_481' title='bbox 2719 3608 2968 3648; x_wconf 90' lang='lat' dir='ltr'><strong>censura.</strong></span> <span class='ocrx_word' id='word_1_482' title='bbox 3021 3593 3127 3649; x_wconf 89' lang='lat' dir='ltr'><strong>Sed</strong></span> <span class='ocrx_word' id='word_1_483' title='bbox 3165 3593 3427 3664; x_wconf 87' lang='lat' dir='ltr'><strong>judicium</strong></span> 
     </span>
    </p>
   </div>
   <div class='ocr_carea' id='block_1_81' title="bbox 1845 3685 3428 3756">
    <p class='ocr_par' dir='ltr' id='par_1_81' title="bbox 1845 3685 3428 3756">
     <span class='ocr_line' id='line_1_81' title="bbox 1845 3685 3428 3756; baseline 0.002 -18"><span class='ocrx_word' id='word_1_484' title='bbox 1845 3701 2020 3739; x_wconf 91' lang='lat' dir='ltr'><strong>meum</strong></span> <span class='ocrx_word' id='word_1_485' title='bbox 2046 3724 2061 3750; x_wconf 90' lang='lat'><strong>,</strong></span> <span class='ocrx_word' id='word_1_486' title='bbox 2093 3700 2212 3738; x_wconf 92' lang='lat' dir='ltr'><strong>cum</strong></span> <span class='ocrx_word' id='word_1_487' title='bbox 2244 3701 2331 3740; x_wconf 91' lang='lat' dir='ltr'><strong>res</strong></span> <span class='ocrx_word' id='word_1_488' title='bbox 2358 3696 2472 3738; x_wconf 89' lang='lat' dir='ltr'><strong>acta</strong></span> <span class='ocrx_word' id='word_1_489' title='bbox 2504 3695 2586 3740; x_wconf 89' lang='lat' dir='ltr'><strong>est</strong></span> <span class='ocrx_word' id='word_1_490' title='bbox 2613 3726 2627 3750; x_wconf 98' lang='lat'><strong>,</strong></span> <span class='ocrx_word' id='word_1_491' title='bbox 2661 3685 2899 3740; x_wconf 90' lang='lat' dir='ltr'><strong>habitum</strong></span> <span class='ocrx_word' id='word_1_492' title='bbox 2945 3685 3237 3756; x_wconf 82' lang='lat' dir='ltr'><strong>propagavi</strong></span> <span class='ocrx_word' id='word_1_493' title='bbox 3265 3701 3428 3756; x_wconf 88' lang='lat' dir='ltr'><strong>opere</strong></span> 
     </span>
    </p>
   </div>
   <div class='ocr_carea' id='block_1_82' title="bbox 1845 3775 3429 3846">
    <p class='ocr_par' dir='ltr' id='par_1_82' title="bbox 1845 3775 3429 3846">
     <span class='ocr_line' id='line_1_82' title="bbox 1845 3775 3429 3846; baseline 0.001 -16"><span class='ocrx_word' id='word_1_494' title='bbox 1845 3775 2093 3846; x_wconf 64' lang='lat' dir='ltr'><strong>largiore.</strong></span> <span class='ocrx_word' id='word_1_495' title='bbox 2153 3775 2258 3830; x_wconf 76' lang='lat' dir='ltr'><strong>Nec</strong></span> <span class='ocrx_word' id='word_1_496' title='bbox 2307 3775 2437 3829; x_wconf 90' lang='lat' dir='ltr'><strong>mihi</strong></span> <span class='ocrx_word' id='word_1_497' title='bbox 2491 3775 2619 3830; x_wconf 88' lang='lat' dir='ltr'><strong>vitio</strong></span> <span class='ocrx_word' id='word_1_498' title='bbox 2657 3785 2837 3831; x_wconf 89' lang='lat' dir='ltr'><strong>vertas</strong></span> <span class='ocrx_word' id='word_1_499' title='bbox 2883 3775 3072 3846; x_wconf 69' lang='lat' dir='ltr'><strong>prisca:</strong></span> <span class='ocrx_word' id='word_1_500' title='bbox 3124 3778 3429 3833; x_wconf 88' lang='lat' dir='ltr'><strong>severitatis</strong></span> 
     </span>
    </p>
   </div>
   <div class='ocr_carea' id='block_1_83' title="bbox 1841 3869 3426 3940">
    <p class='ocr_par' dir='ltr' id='par_1_83' title="bbox 1841 3869 3426 3940">
     <span class='ocr_line' id='line_1_83' title="bbox 1841 3869 3426 3940; baseline 0 -16"><span class='ocrx_word' id='word_1_501' title='bbox 1841 3870 2136 3940; x_wconf 90' lang='lat' dir='ltr'><strong>repulsam.</strong></span> <span class='ocrx_word' id='word_1_502' title='bbox 2177 3869 2309 3924; x_wconf 87' lang='lat' dir='ltr'><strong>Nam</strong></span> <span class='ocrx_word' id='word_1_503' title='bbox 2353 3871 2483 3925; x_wconf 88' lang='lat' dir='ltr'><strong>solis</strong></span> <span class='ocrx_word' id='word_1_504' title='bbox 2526 3870 2771 3940; x_wconf 65' lang='lat' dir='ltr'><strong>quaedam</strong></span> <span class='ocrx_word' id='word_1_505' title='bbox 2814 3871 3054 3940; x_wconf 91' lang='lat' dir='ltr'><strong>speciosa</strong></span> <span class='ocrx_word' id='word_1_506' title='bbox 3100 3870 3426 3938; x_wconf 85' lang='lat' dir='ltr'><strong>nominibus,</strong></span> 
     </span>
    </p>
   </div>
   <div class='ocr_carea' id='block_1_84' title="bbox 1842 3960 3428 4032">
    <p class='ocr_par' dir='ltr' id='par_1_84' title="bbox 1842 3960 3428 4032">
     <span class='ocr_line' id='line_1_84' title="bbox 1842 3960 3428 4032; baseline -0.001 -16"><span class='ocrx_word' id='word_1_507' title='bbox 1842 3977 1940 4016; x_wconf 89' lang='lat' dir='ltr'><strong>usu</strong></span> <span class='ocrx_word' id='word_1_508' title='bbox 1971 3971 2026 4016; x_wconf 90' lang='lat' dir='ltr'><strong>et</strong></span> <span class='ocrx_word' id='word_1_509' title='bbox 2053 3960 2386 4032; x_wconf 78' lang='lat' dir='ltr'><strong>experiundo</strong></span> <span class='ocrx_word' id='word_1_510' title='bbox 2423 3961 2711 4032; x_wconf 87' lang='lat' dir='ltr'><strong>plurimum</strong></span> <span class='ocrx_word' id='word_1_511' title='bbox 2755 3970 2969 4016; x_wconf 82' lang='lat' dir='ltr'><strong>nocent.</strong></span> <span class='ocrx_word' id='word_1_512' title='bbox 3020 3961 3276 4016; x_wconf 79' lang='lat' dir='ltr'><strong>Rationes</strong></span> <span class='ocrx_word' id='word_1_513' title='bbox 3305 3976 3428 4016; x_wconf 89' lang='lat' dir='ltr'><strong>sen-</strong></span> 
     </span>
    </p>
   </div>
   <div class='ocr_carea' id='block_1_85' title="bbox 1841 4053 3424 4121">
    <p class='ocr_par' dir='ltr' id='par_1_85' title="bbox 1841 4053 3424 4121">
     <span class='ocr_line' id='line_1_85' title="bbox 1841 4053 3424 4121; baseline -0.001 -11"><span class='ocrx_word' id='word_1_514' title='bbox 1841 4055 2022 4110; x_wconf 73' lang='lat' dir='ltr'><strong>tentia:</strong></span> <span class='ocrx_word' id='word_1_515' title='bbox 2051 4069 2184 4110; x_wconf 70' lang='lat' dir='ltr'><strong>mete</strong></span> <span class='ocrx_word' id='word_1_516' title='bbox 2226 4055 2397 4111; x_wconf 87' lang='lat' dir='ltr'><strong>lector</strong></span> <span class='ocrx_word' id='word_1_517' title='bbox 2440 4054 2697 4110; x_wconf 87' lang='lat' dir='ltr'><strong>invenies.</strong></span> <span class='ocrx_word' id='word_1_518' title='bbox 2745 4054 2879 4108; x_wconf 83' lang='lat' dir='ltr'><strong>Volo</strong></span> <span class='ocrx_word' id='word_1_519' title='bbox 2923 4062 3098 4110; x_wconf 88' lang='lat' dir='ltr'><strong>tamen</strong></span> <span class='ocrx_word' id='word_1_520' title='bbox 3147 4053 3211 4107; x_wconf 91' lang='lat' dir='ltr'><strong>ad</strong></span> <span class='ocrx_word' id='word_1_521' title='bbox 3242 4053 3424 4121; x_wconf 90' lang='lat' dir='ltr'><strong>inspe-</strong></span> 
     </span>
    </p>
   </div>
   <div class='ocr_carea' id='block_1_86' title="bbox 1839 4143 3424 4215">
    <p class='ocr_par' dir='ltr' id='par_1_86' title="bbox 1839 4143 3424 4215">
     <span class='ocr_line' id='line_1_86' title="bbox 1839 4143 3424 4215; baseline -0.001 -15"><span class='ocrx_word' id='word_1_522' title='bbox 1839 4145 2071 4201; x_wconf 63' lang='lat' dir='ltr'><strong>ctionem</strong></span> <span class='ocrx_word' id='word_1_523' title='bbox 2137 4146 2400 4200; x_wconf 89' lang='lat' dir='ltr'><strong>dictorum</strong></span> <span class='ocrx_word' id='word_1_524' title='bbox 2467 4149 2602 4214; x_wconf 89' lang='lat' dir='ltr'><strong>parti</strong></span> <span class='ocrx_word' id='word_1_525' title='bbox 2664 4145 2876 4215; x_wconf 91' lang='lat' dir='ltr'><strong>utrique</strong></span> <span class='ocrx_word' id='word_1_526' title='bbox 2936 4159 3122 4214; x_wconf 57' lang='lat' dir='ltr'><strong>aequus</strong></span> <span class='ocrx_word' id='word_1_527' title='bbox 3180 4143 3424 4199; x_wconf 85' lang='lat' dir='ltr'><strong>accedas.</strong></span> 
     </span>
    </p>
   </div>
   <div class='ocr_carea' id='block_1_87' title="bbox 1840 4236 3424 4305">
    <p class='ocr_par' dir='ltr' id='par_1_87' title="bbox 1840 4236 3424 4305">
     <span class='ocr_line' id='line_1_87' title="bbox 1840 4236 3424 4305; baseline -0.003 -12"><span class='ocrx_word' id='word_1_528' title='bbox 1840 4237 2159 4303; x_wconf 73' lang='lat' dir='ltr'><strong>Ilerebitur,</strong></span> <span class='ocrx_word' id='word_1_529' title='bbox 2194 4248 2252 4292; x_wconf 92' lang='lat' dir='ltr'><strong>nt</strong></span> <span class='ocrx_word' id='word_1_530' title='bbox 2282 4253 2469 4305; x_wconf 85' lang='lat' dir='ltr'><strong>spero,</strong></span> <span class='ocrx_word' id='word_1_531' title='bbox 2501 4236 2762 4291; x_wconf 87' lang='lat' dir='ltr'><strong>orationis</strong></span> <span class='ocrx_word' id='word_1_532' title='bbox 2789 4236 3046 4303; x_wconf 89' lang='lat' dir='ltr'><strong>assertio,</strong></span> <span class='ocrx_word' id='word_1_533' title='bbox 3077 4245 3135 4290; x_wconf 94' lang='lat' dir='ltr'><strong>ut</strong></span> <span class='ocrx_word' id='word_1_534' title='bbox 3179 4246 3233 4290; x_wconf 94' lang='lat' dir='ltr'><strong>tu</strong></span> <span class='ocrx_word' id='word_1_535' title='bbox 3263 4237 3424 4291; x_wconf 91' lang='lat' dir='ltr'><strong>etiam</strong></span> 
     </span>
    </p>
   </div>
   <div class='ocr_carea' id='block_1_88' title="bbox 1837 4328 3426 4402">
    <p class='ocr_par' dir='ltr' id='par_1_88' title="bbox 1837 4328 3426 4402">
     <span class='ocr_line' id='line_1_88' title="bbox 1837 4328 3426 4402; baseline 0 -17"><span class='ocrx_word' id='word_1_536' title='bbox 1837 4329 2120 4385; x_wconf 73' lang='lat' dir='ltr'><strong>vetustatis</strong></span> <span class='ocrx_word' id='word_1_537' title='bbox 2148 4339 2402 4400; x_wconf 86' lang='lat' dir='ltr'><strong>patronus</strong></span> <span class='ocrx_word' id='word_1_538' title='bbox 2430 4328 2732 4384; x_wconf 89' lang='lat' dir='ltr'><strong>auctoritati</strong></span> <span class='ocrx_word' id='word_1_539' title='bbox 2764 4328 2968 4383; x_wconf 85' lang='lat' dir='ltr'><strong>ordinis</strong></span> <span class='ocrx_word' id='word_1_540' title='bbox 2996 4343 3211 4384; x_wconf 90' lang='lat' dir='ltr'><strong>manum</strong></span> <span class='ocrx_word' id='word_1_541' title='bbox 3249 4330 3426 4402; x_wconf 85' lang='lat' dir='ltr'><strong>porri-</strong></span> 
     </span>
    </p>
   </div>
   <div class='ocr_carea' id='block_1_89' title="bbox 1839 4423 2146 4494">
    <p class='ocr_par' dir='ltr' id='par_1_89' title="bbox 1839 4423 2146 4494">
     <span class='ocr_line' id='line_1_89' title="bbox 1839 4423 2146 4494; baseline -0.003 -16"><span class='ocrx_word' id='word_1_542' title='bbox 1839 4437 1954 4494; x_wconf 70' lang='lat' dir='ltr'><strong>gas.</strong></span> <span class='ocrx_word' id='word_1_543' title='bbox 1995 4423 2146 4478; x_wconf 74' lang='lat' dir='ltr'><strong>Vale.</strong></span> 
     </span>
    </p>
   </div>
   <div class='ocr_carea' id='block_1_90' title="bbox 2462 4511 2791 4568">
    <p class='ocr_par' dir='ltr' id='par_1_90' title="bbox 2462 4511 2791 4568">
     <span class='ocr_line' id='line_1_90' title="bbox 2462 4511 2791 4568; baseline -0.006 0"><span class='ocrx_word' id='word_1_544' title='bbox 2462 4511 2677 4568; x_wconf 83' lang='lat' dir='ltr'><strong>EPIST.</strong></span> <span class='ocrx_word' id='word_1_545' title='bbox 2722 4511 2791 4566; x_wconf 76' lang='grc' dir='ltr'><strong>Χ.</strong></span> 
     </span>
    </p>
   </div>
   <div class='ocr_carea' id='block_1_91' title="bbox 2316 4615 2958 4658">
    <p class='ocr_par' dir='ltr' id='par_1_91' title="bbox 2316 4615 2958 4658">
     <span class='ocr_line' id='line_1_91' title="bbox 2316 4615 2958 4658; baseline -0.003 0"><span class='ocrx_word' id='word_1_546' title='bbox 2316 4617 2621 4658; x_wconf 67' lang='grc' dir='ltr'><strong>εγωιλοιιυε</strong></span> <span class='ocrx_word' id='word_1_547' title='bbox 2659 4615 2958 4657; x_wconf 70' lang='grc' dir='ltr'><strong>’ΠΗ-2000110.</strong></span> 
     </span>
    </p>
   </div>
   <div class='ocr_carea' id='block_1_92' title="bbox 1912 4691 3429 4763">
    <p class='ocr_par' dir='ltr' id='par_1_92' title="bbox 1912 4691 3429 4763">
     <span class='ocr_line' id='line_1_92' title="bbox 1912 4691 3429 4763; baseline 0 -16"><span class='ocrx_word' id='word_1_548' title='bbox 1912 4696 2079 4763; x_wconf 85' lang='lat' dir='ltr'><strong>Quam</strong></span> <span class='ocrx_word' id='word_1_549' title='bbox 2114 4697 2274 4750; x_wconf 89' lang='lat' dir='ltr'><strong>timco</strong></span> <span class='ocrx_word' id='word_1_550' title='bbox 2311 4710 2378 4749; x_wconf 93' lang='lat' dir='ltr'><strong>ne</strong></span> <span class='ocrx_word' id='word_1_551' title='bbox 2419 4709 2580 4750; x_wconf 90' lang='lat' dir='ltr'><strong>aures</strong></span> <span class='ocrx_word' id='word_1_552' title='bbox 2611 4704 2729 4748; x_wconf 89' lang='lat' dir='ltr'><strong>tuas</strong></span> <span class='ocrx_word' id='word_1_553' title='bbox 2755 4693 3030 4748; x_wconf 89' lang='lat' dir='ltr'><strong>existimer</strong></span> <span class='ocrx_word' id='word_1_554' title='bbox 3054 4691 3252 4748; x_wconf 77' lang='lat' dir='ltr'><strong>lactare</strong></span> <span class='ocrx_word' id='word_1_555' title='bbox 3278 4691 3429 4748; x_wconf 88' lang='lat' dir='ltr'><strong>blan-</strong></span> 
     </span>
    </p>
   </div>
   <div class='ocr_carea' id='block_1_93' title="bbox 1840 4785 3427 4854">
    <p class='ocr_par' dir='ltr' id='par_1_93' title="bbox 1840 4785 3427 4854">
     <span class='ocr_line' id='line_1_93' title="bbox 1840 4785 3427 4854; baseline -0.004 -10"><span class='ocrx_word' id='word_1_556' title='bbox 1840 4789 2019 4844; x_wconf 85' lang='lat' dir='ltr'><strong>ditiis!</strong></span> <span class='ocrx_word' id='word_1_557' title='bbox 2067 4788 2385 4842; x_wconf 71' lang='lat' dir='ltr'><strong>CODSIIInlUS</strong></span> <span class='ocrx_word' id='word_1_558' title='bbox 2426 4787 2512 4842; x_wconf 94' lang='lat' dir='ltr'><strong>hic</strong></span> <span class='ocrx_word' id='word_1_559' title='bbox 2553 4797 2674 4840; x_wconf 90' lang='lat' dir='ltr'><strong>tuus</strong></span> <span class='ocrx_word' id='word_1_560' title='bbox 2705 4785 2826 4840; x_wconf 88' lang='lat' dir='ltr'><strong>talis</strong></span> <span class='ocrx_word' id='word_1_561' title='bbox 2855 4796 2933 4840; x_wconf 80' lang='lat' dir='ltr'><strong>est</strong></span> <span class='ocrx_word' id='word_1_562' title='bbox 2974 4793 3032 4838; x_wconf 93' lang='lat' dir='ltr'><strong>ut</strong></span> <span class='ocrx_word' id='word_1_563' title='bbox 3057 4799 3233 4839; x_wconf 91' lang='lat' dir='ltr'><strong>meum</strong></span> <span class='ocrx_word' id='word_1_564' title='bbox 3261 4785 3427 4854; x_wconf 88' lang='lat' dir='ltr'><strong>gemi-</strong></span> 
     </span>
    </p>
   </div>
   <div class='ocr_carea' id='block_1_94' title="bbox 157 4874 3427 4949">
    <p class='ocr_par' dir='ltr' id='par_1_94' title="bbox 157 4874 3427 4949">
     <span class='ocr_line' id='line_1_94' title="bbox 157 4874 3427 4949; baseline 0 -22"><span class='ocrx_word' id='word_1_565' title='bbox 157 4876 409 4932; x_wconf 88' lang='lat' dir='ltr'><strong>institutio</strong></span> <span class='ocrx_word' id='word_1_566' title='bbox 439 4881 806 4949; x_wconf 65' lang='lat' dir='ltr'><strong>praetendebat</strong></span> <span class='ocrx_word' id='word_1_567' title='bbox 836 4881 1022 4935; x_wconf 90' lang='lat' dir='ltr'><strong>obvias</strong></span> <span class='ocrx_word' id='word_1_568' title='bbox 1053 4895 1262 4935; x_wconf 90' lang='lat' dir='ltr'><strong>manus.</strong></span> <span class='ocrx_word' id='word_1_569' title='bbox 1313 4880 1550 4935; x_wconf 84' lang='lat' dir='ltr'><strong>Tandem</strong></span> <span class='ocrx_word' id='word_1_570' title='bbox 1581 4896 1728 4936; x_wconf 44' lang='lat' dir='ltr'><strong>secu.</strong></span> <span class='ocrx_word' id='word_1_571' title='bbox 1761 4879 1814 4941; x_wconf 87' lang='lat' dir='ltr'><strong>D</strong></span> <span class='ocrx_word' id='word_1_572' title='bbox 1840 4895 1996 4936; x_wconf 77' lang='lat' dir='ltr'><strong>nasse</strong></span> <span class='ocrx_word' id='word_1_573' title='bbox 2024 4879 2290 4933; x_wconf 86' lang='lat' dir='ltr'><strong>videatur.</strong></span> <span class='ocrx_word' id='word_1_574' title='bbox 2328 4877 2479 4932; x_wconf 83' lang='lat' dir='ltr'><strong>Nunc</strong></span> <span class='ocrx_word' id='word_1_575' title='bbox 2518 4878 2625 4932; x_wconf 82' lang='lat' dir='ltr'><strong>voti</strong></span> <span class='ocrx_word' id='word_1_576' title='bbox 2664 4876 2767 4932; x_wconf 90' lang='lat' dir='ltr'><strong>mei</strong></span> <span class='ocrx_word' id='word_1_577' title='bbox 2805 4891 3011 4931; x_wconf 87' lang='lat' dir='ltr'><strong>suntma</strong></span> <span class='ocrx_word' id='word_1_578' title='bbox 3053 4890 3119 4930; x_wconf 87' lang='lat' dir='ltr'><strong>eo</strong></span> <span class='ocrx_word' id='word_1_579' title='bbox 3164 4874 3427 4944; x_wconf 86' lang='lat' dir='ltr'><strong>processit</strong></span> 
     </span>
    </p>
   </div>
   <div class='ocr_carea' id='block_1_95' title="bbox 158 4971 1730 5041">
    <p class='ocr_par' dir='ltr' id='par_1_95' title="bbox 158 4971 1730 5041">
     <span class='ocr_line' id='line_1_95' title="bbox 158 4971 1730 5041; baseline 0.004 -23"><span class='ocrx_word' id='word_1_580' title='bbox 158 4977 232 5022; x_wconf 88' lang='lat' dir='ltr'><strong>tus</strong></span> <span class='ocrx_word' id='word_1_581' title='bbox 257 4983 375 5024; x_wconf 89' lang='lat' dir='ltr'><strong>sum</strong></span> <span class='ocrx_word' id='word_1_582' title='bbox 407 4972 544 5041; x_wconf 92' lang='lat' dir='ltr'><strong>quod</strong></span> <span class='ocrx_word' id='word_1_583' title='bbox 575 4972 690 5040; x_wconf 89' lang='lat' dir='ltr'><strong>ipse</strong></span> <span class='ocrx_word' id='word_1_584' title='bbox 721 4971 958 5026; x_wconf 90' lang='lat' dir='ltr'><strong>fecisses.</strong></span> <span class='ocrx_word' id='word_1_585' title='bbox 985 4971 1170 5026; x_wconf 86' lang='lat' dir='ltr'><strong>Officia</strong></span> <span class='ocrx_word' id='word_1_586' title='bbox 1214 4973 1356 5026; x_wconf 94' lang='lat' dir='ltr'><strong>enim</strong></span> <span class='ocrx_word' id='word_1_587' title='bbox 1389 4971 1476 5025; x_wconf 83' lang='lat' dir='ltr'><strong>illa</strong></span> <span class='ocrx_word' id='word_1_588' title='bbox 1505 4971 1730 5037; x_wconf 60' lang='lat' dir='ltr'><strong>lgctitite,</strong></span> 
     </span>
    </p>
   </div>
   <div class='ocr_carea' id='block_1_96' title="bbox 156 5060 1735 5131">
    <p class='ocr_par' dir='ltr' id='par_1_96' title="bbox 156 5060 1735 5131">
     <span class='ocr_line' id='line_1_96' title="bbox 156 5060 1735 5131; baseline 0.003 -18"><span class='ocrx_word' id='word_1_589' title='bbox 156 5060 246 5116; x_wconf 69' lang='lat' dir='ltr'><strong>ista</strong></span> <span class='ocrx_word' id='word_1_590' title='bbox 292 5063 524 5131; x_wconf 89' lang='lat' dir='ltr'><strong>pietatis.</strong></span> <span class='ocrx_word' id='word_1_591' title='bbox 579 5063 707 5118; x_wconf 82' lang='lat' dir='ltr'><strong>Tuae</strong></span> <span class='ocrx_word' id='word_1_592' title='bbox 756 5063 1124 5130; x_wconf 63' lang='lat' dir='ltr'><strong>amplitudinis</strong></span> <span class='ocrx_word' id='word_1_593' title='bbox 1177 5063 1415 5118; x_wconf 90' lang='lat' dir='ltr'><strong>curulem</strong></span> <span class='ocrx_word' id='word_1_594' title='bbox 1463 5065 1735 5131; x_wconf 88' lang='lat' dir='ltr'><strong>stipabunt</strong></span> 
     </span>
    </p>
   </div>
   <div class='ocr_carea' id='block_1_97' title="bbox 120 5153 1729 5223">
    <p class='ocr_par' dir='ltr' id='par_1_97' title="bbox 120 5153 1729 5223">
     <span class='ocr_line' id='line_1_97' title="bbox 120 5153 1729 5223; baseline -0.001 -15"><span class='ocrx_word' id='word_1_595' title='bbox 120 5153 400 5222; x_wconf 83' lang='lat' dir='ltr'><strong>.ubsequia</strong></span> <span class='ocrx_word' id='word_1_596' title='bbox 429 5155 738 5209; x_wconf 90' lang='lat' dir='ltr'><strong>multorum.</strong></span> <span class='ocrx_word' id='word_1_597' title='bbox 789 5155 924 5209; x_wconf 88' lang='lat' dir='ltr'><strong>Iluic</strong></span> <span class='ocrx_word' id='word_1_598' title='bbox 967 5155 1018 5209; x_wconf 93' lang='lat' dir='ltr'><strong>in</strong></span> <span class='ocrx_word' id='word_1_599' title='bbox 1050 5155 1166 5209; x_wconf 91' lang='lat' dir='ltr'><strong>solo</strong></span> <span class='ocrx_word' id='word_1_600' title='bbox 1211 5165 1360 5223; x_wconf 88' lang='lat' dir='ltr'><strong>patre</strong></span> <span class='ocrx_word' id='word_1_601' title='bbox 1405 5164 1587 5208; x_wconf 88' lang='lat' dir='ltr'><strong>vntum</strong></span> <span class='ocrx_word' id='word_1_602' title='bbox 1628 5162 1729 5208; x_wconf 90' lang='lat' dir='ltr'><strong>est.</strong></span> 
     </span>
    </p>
   </div>
   <div class='ocr_carea' id='block_1_98' title="bbox 157 5241 1735 5315">
    <p class='ocr_par' dir='ltr' id='par_1_98' title="bbox 157 5241 1735 5315">
     <span class='ocr_line' id='line_1_98' title="bbox 157 5241 1735 5315; baseline 0.004 -23"><span class='ocrx_word' id='word_1_603' title='bbox 157 5241 302 5297; x_wconf 84' lang='lat' dir='ltr'><strong>I&#39;lura</strong></span> <span class='ocrx_word' id='word_1_604' title='bbox 334 5259 430 5312; x_wconf 86' lang='lat' dir='ltr'><strong>pro</strong></span> <span class='ocrx_word' id='word_1_605' title='bbox 451 5246 602 5299; x_wconf 91' lang='lat' dir='ltr'><strong>nobis</strong></span> <span class='ocrx_word' id='word_1_606' title='bbox 624 5245 1115 5315; x_wconf 89' lang='lat' dir='ltr'><strong>indulgentissimus</strong></span> <span class='ocrx_word' id='word_1_607' title='bbox 1138 5245 1190 5298; x_wconf 91' lang='lat' dir='ltr'><strong>in</strong></span> <span class='ocrx_word' id='word_1_608' title='bbox 1221 5259 1349 5298; x_wconf 80' lang='lat' dir='ltr'><strong>sus</strong></span> <span class='ocrx_word' id='word_1_609' title='bbox 1379 5253 1498 5298; x_wconf 91' lang='lat' dir='ltr'><strong>tuus</strong></span> <span class='ocrx_word' id='word_1_610' title='bbox 1522 5243 1735 5298; x_wconf 82' lang='lat' dir='ltr'><strong>animus</strong></span> 
     </span>
    </p>
   </div>
   <div class='ocr_carea' id='block_1_99' title="bbox 154 5337 1728 5407">
    <p class='ocr_par' dir='ltr' id='par_1_99' title="bbox 154 5337 1728 5407">
     <span class='ocr_line' id='line_1_99' title="bbox 154 5337 1728 5407; baseline 0.003 -21"><span class='ocrx_word' id='word_1_611' title='bbox 154 5343 318 5388; x_wconf 64' lang='lat' dir='ltr'><strong>secum</strong></span> <span class='ocrx_word' id='word_1_612' title='bbox 351 5337 614 5406; x_wconf 87' lang='lat' dir='ltr'><strong>loquetur.</strong></span> <span class='ocrx_word' id='word_1_613' title='bbox 665 5337 763 5392; x_wconf 88' lang='lat' dir='ltr'><strong>Cui</strong></span> <span class='ocrx_word' id='word_1_614' title='bbox 814 5352 913 5407; x_wconf 78' lang='lat' dir='ltr'><strong>ego</strong></span> <span class='ocrx_word' id='word_1_615' title='bbox 964 5337 1326 5392; x_wconf 85' lang='lat' dir='ltr'><strong>excusationis</strong></span> <span class='ocrx_word' id='word_1_616' title='bbox 1376 5353 1507 5391; x_wconf 71' lang='lat' dir='ltr'><strong>mea:</strong></span> <span class='ocrx_word' id='word_1_617' title='bbox 1551 5347 1728 5404; x_wconf 87' lang='lat' dir='ltr'><strong>partes</strong></span> 
     </span>
    </p>
   </div>
   <div class='ocr_carea' id='block_1_100' title="bbox 154 5422 1728 5499">
    <p class='ocr_par' dir='ltr' id='par_1_100' title="bbox 154 5422 1728 5499">
     <span class='ocr_line' id='line_1_100' title="bbox 154 5422 1728 5499; baseline -0.001 -17"><span class='ocrx_word' id='word_1_618' title='bbox 154 5422 400 5497; x_wconf 65' lang='lat' dir='ltr'><strong>iniungo,</strong></span> <span class='ocrx_word' id='word_1_619' title='bbox 428 5429 548 5498; x_wconf 85' lang='lat' dir='ltr'><strong>quia</strong></span> <span class='ocrx_word' id='word_1_620' title='bbox 601 5430 782 5484; x_wconf 87' lang='lat' dir='ltr'><strong>verbis</strong></span> <span class='ocrx_word' id='word_1_621' title='bbox 819 5429 1024 5499; x_wconf 90' lang='lat' dir='ltr'><strong>agenda</strong></span> <span class='ocrx_word' id='word_1_622' title='bbox 1067 5445 1175 5484; x_wconf 88' lang='lat' dir='ltr'><strong>non</strong></span> <span class='ocrx_word' id='word_1_623' title='bbox 1214 5437 1341 5484; x_wconf 90' lang='lat' dir='ltr'><strong>sunt</strong></span> <span class='ocrx_word' id='word_1_624' title='bbox 1378 5443 1499 5499; x_wconf 74' lang='lat' dir='ltr'><strong>qua:</strong></span> <span class='ocrx_word' id='word_1_625' title='bbox 1537 5428 1728 5484; x_wconf 68' lang='lat' dir='ltr'><strong>mellus</strong></span> 
     </span>
    </p>
   </div>
   <div class='ocr_carea' id='block_1_101' title="bbox 151 5518 964 5592">
    <p class='ocr_par' dir='ltr' id='par_1_101' title="bbox 151 5518 964 5592">
     <span class='ocr_line' id='line_1_101' title="bbox 151 5518 964 5592; baseline 0.006 -22"><span class='ocrx_word' id='word_1_626' title='bbox 151 5518 524 5592; x_wconf 85' lang='lat' dir='ltr'><strong>interpretatur</strong></span> <span class='ocrx_word' id='word_1_627' title='bbox 552 5522 783 5579; x_wconf 68' lang='lat' dir='ltr'><strong>aﬂ‘ccﬁo.</strong></span> <span class='ocrx_word' id='word_1_628' title='bbox 813 5523 964 5578; x_wconf 84' lang='lat' dir='ltr'><strong>Vale.</strong></span> 
     </span>
    </p>
   </div>
   <div class='ocr_carea' id='block_1_102' title="bbox 763 5615 1109 5671">
    <p class='ocr_par' dir='ltr' id='par_1_102' title="bbox 763 5615 1109 5671">
     <span class='ocr_line' id='line_1_102' title="bbox 763 5615 1109 5671; baseline -0.006 -1"><span class='ocrx_word' id='word_1_629' title='bbox 763 5615 981 5671; x_wconf 75' lang='lat' dir='ltr'><strong>EI‘IST.</strong></span> <span class='ocrx_word' id='word_1_630' title='bbox 1027 5615 1109 5669; x_wconf 89' lang='lat' dir='ltr'><strong>VI.</strong></span> 
     </span>
    </p>
   </div>
   <div class='ocr_carea' id='block_1_103' title="bbox 616 5724 1250 5764">
    <p class='ocr_par' dir='ltr' id='par_1_103' title="bbox 616 5724 1250 5764">
     <span class='ocr_line' id='line_1_103' title="bbox 616 5724 1250 5764; baseline -0.002 -1"><span class='ocrx_word' id='word_1_631' title='bbox 616 5724 926 5764; x_wconf 66' lang='lat' dir='ltr'><strong>SYHIACIIUS</strong></span> <span class='ocrx_word' id='word_1_632' title='bbox 953 5725 1250 5764; x_wconf 72' lang='grc' dir='ltr'><strong>τηεουοιιο.</strong></span> 
     </span>
    </p>
   </div>
   <div class='ocr_carea' id='block_1_104' title="bbox 215 5797 1694 5860">
    <p class='ocr_par' dir='ltr' id='par_1_104' title="bbox 215 5797 1694 5860">
     <span class='ocr_line' id='line_1_104' title="bbox 215 5797 1694 5860; baseline 0 -6"><span class='ocrx_word' id='word_1_633' title='bbox 215 5797 413 5856; x_wconf 83' lang='lat' dir='ltr'><strong>Filiqu</strong></span> <span class='ocrx_word' id='word_1_634' title='bbox 436 5819 616 5860; x_wconf 85' lang='lat' dir='ltr'><strong>meum</strong></span> <span class='ocrx_word' id='word_1_635' title='bbox 650 5803 961 5858; x_wconf 81' lang='lat' dir='ltr'><strong>Flavianum</strong></span> <span class='ocrx_word' id='word_1_636' title='bbox 1007 5802 1318 5858; x_wconf 81' lang='lat' dir='ltr'><strong>consulatus</strong></span> <span class='ocrx_word' id='word_1_637' title='bbox 1359 5809 1480 5857; x_wconf 89' lang='lat' dir='ltr'><strong>tuus</strong></span> <span class='ocrx_word' id='word_1_638' title='bbox 1512 5812 1694 5856; x_wconf 75' lang='lat' dir='ltr'><strong>revocr.</strong></span> 
     </span>
    </p>
   </div>
   <div class='ocr_carea' id='block_1_105' title="bbox 1840 4968 3426 5041">
    <p class='ocr_par' dir='ltr' id='par_1_105' title="bbox 1840 4968 3426 5041">
     <span class='ocr_line' id='line_1_105' title="bbox 1840 4968 3426 5041; baseline -0.004 -13"><span class='ocrx_word' id='word_1_639' title='bbox 1840 4983 1896 5029; x_wconf 94' lang='lat' dir='ltr'><strong>ut</strong></span> <span class='ocrx_word' id='word_1_640' title='bbox 1923 4974 2107 5028; x_wconf 91' lang='lat' dir='ltr'><strong>titulos</strong></span> <span class='ocrx_word' id='word_1_641' title='bbox 2131 4973 2247 5041; x_wconf 84' lang='lat' dir='ltr'><strong>ejus</strong></span> <span class='ocrx_word' id='word_1_642' title='bbox 2276 4974 2490 5041; x_wconf 85' lang='lat' dir='ltr'><strong>longum</strong></span> <span class='ocrx_word' id='word_1_643' title='bbox 2522 4970 2715 5026; x_wconf 89' lang='lat' dir='ltr'><strong>fruaris</strong></span> <span class='ocrx_word' id='word_1_644' title='bbox 2737 5015 2752 5040; x_wconf 94' lang='lat'><strong>,</strong></span> <span class='ocrx_word' id='word_1_645' title='bbox 2787 4979 2841 5026; x_wconf 87' lang='lat' dir='ltr'><strong>et</strong></span> <span class='ocrx_word' id='word_1_646' title='bbox 2867 4983 3046 5039; x_wconf 61' lang='lat' dir='ltr'><strong>a‘ques</strong></span> <span class='ocrx_word' id='word_1_647' title='bbox 3069 4969 3191 5023; x_wconf 73' lang='lat' dir='ltr'><strong>vita:</strong></span> <span class='ocrx_word' id='word_1_648' title='bbox 3221 4968 3426 5022; x_wconf 88' lang='lat' dir='ltr'><strong>diutur-</strong></span> 
     </span>
    </p>
   </div>
   <div class='ocr_carea' id='block_1_106' title="bbox 1838 5061 3425 5132">
    <p class='ocr_par' dir='ltr' id='par_1_106' title="bbox 1838 5061 3425 5132">
     <span class='ocr_line' id='line_1_106' title="bbox 1838 5061 3425 5132; baseline -0.003 -12"><span class='ocrx_word' id='word_1_649' title='bbox 1838 5065 2003 5121; x_wconf 91' lang='lat' dir='ltr'><strong>nitate</strong></span> <span class='ocrx_word' id='word_1_650' title='bbox 2025 5079 2226 5120; x_wconf 92' lang='lat' dir='ltr'><strong>moram</strong></span> <span class='ocrx_word' id='word_1_651' title='bbox 2251 5063 2324 5117; x_wconf 89' lang='lat' dir='ltr'><strong>ttti</strong></span> <span class='ocrx_word' id='word_1_652' title='bbox 2350 5063 2576 5132; x_wconf 68' lang='lat' dir='ltr'><strong>prremii.</strong></span> <span class='ocrx_word' id='word_1_653' title='bbox 2603 5063 2826 5132; x_wconf 78' lang='lat' dir='ltr'><strong>Dignum</strong></span> <span class='ocrx_word' id='word_1_654' title='bbox 2847 5061 3042 5131; x_wconf 88' lang='lat' dir='ltr'><strong>quippe</strong></span> <span class='ocrx_word' id='word_1_655' title='bbox 3063 5069 3144 5114; x_wconf 93' lang='lat' dir='ltr'><strong>est</strong></span> <span class='ocrx_word' id='word_1_656' title='bbox 3171 5073 3425 5131; x_wconf 88' lang='lat' dir='ltr'><strong>compen-</strong></span> 
     </span>
    </p>
   </div>
   <div class='ocr_carea' id='block_1_107' title="bbox 1837 5153 3125 5229">
    <p class='ocr_par' dir='ltr' id='par_1_107' title="bbox 1837 5153 3125 5229">
     <span class='ocr_line' id='line_1_107' title="bbox 1837 5153 3125 5229; baseline -0.006 -15"><span class='ocrx_word' id='word_1_657' title='bbox 1837 5159 1940 5214; x_wconf 88' lang='lat' dir='ltr'><strong>sari</strong></span> <span class='ocrx_word' id='word_1_658' title='bbox 1967 5158 2182 5229; x_wconf 86' lang='lat' dir='ltr'><strong>prolixo.</strong></span> <span class='ocrx_word' id='word_1_659' title='bbox 2199 5155 2393 5228; x_wconf 87' lang='lat' dir='ltr'><strong>gaudio</strong></span> <span class='ocrx_word' id='word_1_660' title='bbox 2413 5170 2586 5210; x_wconf 82' lang='lat' dir='ltr'><strong>seram</strong></span> <span class='ocrx_word' id='word_1_661' title='bbox 2611 5154 2953 5210; x_wconf 89' lang='lat' dir='ltr'><strong>solutionem.</strong></span> <span class='ocrx_word' id='word_1_662' title='bbox 2980 5153 3125 5208; x_wconf 87' lang='lat' dir='ltr'><strong>Vale.</strong></span> 
     </span>
    </p>
   </div>
   <div class='ocr_carea' id='block_1_108' title="bbox 2459 5246 2807 5302">
    <p class='ocr_par' dir='ltr' id='par_1_108' title="bbox 2459 5246 2807 5302">
     <span class='ocr_line' id='line_1_108' title="bbox 2459 5246 2807 5302; baseline -0.006 -1"><span class='ocrx_word' id='word_1_663' title='bbox 2459 5247 2671 5302; x_wconf 81' lang='lat' dir='ltr'><strong>EPIST.</strong></span> <span class='ocrx_word' id='word_1_664' title='bbox 2717 5246 2807 5301; x_wconf 79' lang='lat' dir='ltr'><strong>XI.</strong></span> 
     </span>
    </p>
   </div>
   <div class='ocr_carea' id='block_1_109' title="bbox 2308 5353 2940 5394">
    <p class='ocr_par' dir='ltr' id='par_1_109' title="bbox 2308 5353 2940 5394">
     <span class='ocr_line' id='line_1_109' title="bbox 2308 5353 2940 5394; baseline -0.008 1"><span class='ocrx_word' id='word_1_665' title='bbox 2308 5354 2612 5394; x_wconf 67' lang='grc' dir='ltr'>δῑιιιιλςιιυε</span> <span class='ocrx_word' id='word_1_666' title='bbox 2641 5353 2940 5393; x_wconf 73' lang='grc' dir='ltr'><strong>τιιιῑουοιιο.</strong></span> 
     </span>
    </p>
   </div>
   <div class='ocr_carea' id='block_1_110' title="bbox 1905 5423 3421 5493">
    <p class='ocr_par' dir='ltr' id='par_1_110' title="bbox 1905 5423 3421 5493">
     <span class='ocr_line' id='line_1_110' title="bbox 1905 5423 3421 5493; baseline -0.006 -5"><span class='ocrx_word' id='word_1_667' title='bbox 1905 5432 2204 5488; x_wconf 63' lang='lat' dir='ltr'><strong>Adventum</strong></span> <span class='ocrx_word' id='word_1_668' title='bbox 2243 5438 2389 5485; x_wconf 91' lang='lat' dir='ltr'><strong>tuum</strong></span> <span class='ocrx_word' id='word_1_669' title='bbox 2423 5447 2598 5485; x_wconf 90' lang='lat' dir='ltr'><strong>serum</strong></span> <span class='ocrx_word' id='word_1_670' title='bbox 2630 5445 2748 5485; x_wconf 86' lang='lat' dir='ltr'><strong>esse</strong></span> <span class='ocrx_word' id='word_1_671' title='bbox 2778 5427 3032 5480; x_wconf 89' lang='lat' dir='ltr'><strong>mirabar.</strong></span> <span class='ocrx_word' id='word_1_672' title='bbox 3073 5423 3179 5481; x_wconf 85' lang='lat' dir='ltr'><strong>Sed</strong></span> <span class='ocrx_word' id='word_1_673' title='bbox 3209 5425 3297 5480; x_wconf 84' lang='lat' dir='ltr'><strong>ubi</strong></span> <span class='ocrx_word' id='word_1_674' title='bbox 3329 5441 3421 5493; x_wconf 81' lang='lat' dir='ltr'><strong>pa-</strong></span> 
     </span>
    </p>
   </div>
   <div class='ocr_carea' id='block_1_111' title="bbox 1831 5515 3418 5598">
    <p class='ocr_par' dir='ltr' id='par_1_111' title="bbox 1831 5515 3418 5598">
     <span class='ocr_line' id='line_1_111' title="bbox 1831 5515 3418 5598; baseline -0.006 -19"><span class='ocrx_word' id='word_1_675' title='bbox 1831 5525 2024 5579; x_wconf 76' lang='lat' dir='ltr'><strong>telacta</strong></span> <span class='ocrx_word' id='word_1_676' title='bbox 2073 5539 2229 5577; x_wconf 60' lang='lat' dir='ltr'><strong>causa</strong></span> <span class='ocrx_word' id='word_1_677' title='bbox 2281 5520 2582 5585; x_wconf 76' lang='lat' dir='ltr'><strong>tarditatis,</strong></span> <span class='ocrx_word' id='word_1_678' title='bbox 2631 5529 2684 5574; x_wconf 90' lang='lat' dir='ltr'><strong>et</strong></span> <span class='ocrx_word' id='word_1_679' title='bbox 2732 5528 2788 5598; x_wconf 78' lang='lat' dir='ltr'><strong>te</strong></span> <span class='ocrx_word' id='word_1_680' title='bbox 2827 5518 2976 5571; x_wconf 89' lang='lat' dir='ltr'><strong>brevi</strong></span> <span class='ocrx_word' id='word_1_681' title='bbox 3010 5515 3178 5572; x_wconf 63' lang='lat' dir='ltr'><strong>affore</strong></span> <span class='ocrx_word' id='word_1_682' title='bbox 3223 5519 3418 5584; x_wconf 70' lang='lat' dir='ltr'><strong>srripta</strong></span> 
     </span>
    </p>
   </div>
   <div class='ocr_carea' id='block_1_112' title="bbox 1835 5608 3418 5685">
    <p class='ocr_par' dir='ltr' id='par_1_112' title="bbox 1835 5608 3418 5685">
     <span class='ocr_line' id='line_1_112' title="bbox 1835 5608 3418 5685; baseline -0.004 -15"><span class='ocrx_word' id='word_1_683' title='bbox 1835 5615 2130 5685; x_wconf 70' lang='lat' dir='ltr'><strong>praenuntia</strong></span> <span class='ocrx_word' id='word_1_684' title='bbox 2163 5612 2596 5683; x_wconf 88' lang='lat' dir='ltr'><strong>spoponderunt;</strong></span> <span class='ocrx_word' id='word_1_685' title='bbox 2645 5611 2694 5664; x_wconf 93' lang='lat' dir='ltr'><strong>in</strong></span> <span class='ocrx_word' id='word_1_686' title='bbox 2721 5608 2970 5679; x_wconf 90' lang='lat' dir='ltr'><strong>gaudium</strong></span> <span class='ocrx_word' id='word_1_687' title='bbox 2998 5624 3124 5662; x_wconf 84' lang='lat' dir='ltr'><strong>cura</strong></span> <span class='ocrx_word' id='word_1_688' title='bbox 3156 5624 3418 5664; x_wconf 77' lang='lat' dir='ltr'><strong>conversa</strong></span> 
     </span>
    </p>
   </div>
   <div class='ocr_carea' id='block_1_113' title="bbox 1835 5700 3419 5776">
    <p class='ocr_par' dir='ltr' id='par_1_113' title="bbox 1835 5700 3419 5776">
     <span class='ocr_line' id='line_1_113' title="bbox 1835 5700 3419 5776; baseline -0.009 -14"><span class='ocrx_word' id='word_1_689' title='bbox 1835 5716 1936 5762; x_wconf 89' lang='lat' dir='ltr'><strong>est.</strong></span> <span class='ocrx_word' id='word_1_690' title='bbox 1978 5706 2118 5776; x_wconf 86' lang='lat' dir='ltr'><strong>Ergo</strong></span> <span class='ocrx_word' id='word_1_691' title='bbox 2161 5703 2375 5774; x_wconf 85' lang='lat' dir='ltr'><strong>hospitii</strong></span> <span class='ocrx_word' id='word_1_692' title='bbox 2403 5716 2625 5758; x_wconf 88' lang='lat' dir='ltr'><strong>securus</strong></span> <span class='ocrx_word' id='word_1_693' title='bbox 2649 5714 2966 5771; x_wconf 88' lang='lat' dir='ltr'><strong>appropera,</strong></span> <span class='ocrx_word' id='word_1_694' title='bbox 3009 5709 3064 5756; x_wconf 84' lang='lat' dir='ltr'><strong>et</strong></span> <span class='ocrx_word' id='word_1_695' title='bbox 3091 5700 3419 5770; x_wconf 76' lang='lat' dir='ltr'><strong>aliquantuli</strong></span> 
     </span>
    </p>
   </div>
   <div class='ocr_carea' id='block_1_114' title="bbox 1834 5793 3404 5862">
    <p class='ocr_par' dir='ltr' id='par_1_114' title="bbox 1834 5793 3404 5862">
     <span class='ocr_line' id='line_1_114' title="bbox 1834 5793 3404 5862; baseline -0.006 -5"><span class='ocrx_word' id='word_1_696' title='bbox 1834 5799 2015 5858; x_wconf 74' lang='lat' dir='ltr'><strong>Romae</strong></span> <span class='ocrx_word' id='word_1_697' title='bbox 2051 5798 2335 5855; x_wconf 86' lang='lat' dir='ltr'><strong>intervallo</strong></span> <span class='ocrx_word' id='word_1_698' title='bbox 2368 5795 2564 5861; x_wconf 83' lang='lat' dir='ltr'><strong>quietis</strong></span> <span class='ocrx_word' id='word_1_699' title='bbox 2596 5793 2820 5861; x_wconf 87' lang='lat' dir='ltr'><strong>refotus,</strong></span> <span class='ocrx_word' id='word_1_700' title='bbox 2852 5794 3308 5862; x_wconf 76' lang='lat' dir='ltr'><strong>au-picatissimes</strong></span> <span class='ocrx_word' id='word_1_701' title='bbox 3346 5797 3404 5848; x_wconf 62' lang='grc' dir='ltr'><strong>ξει-</strong></span> 
     </span>
    </p>
   </div>
  </div>
