3932 6434
487 379 590 434 ΞΠ

1663 382 1726 448 0.
1771 372 2117 442 ΑὐΒΕιΙυὸ
2152 373 2592 442 ΞῩΜΜΑΟΙΗῘΞ.
2867 406 2879 417 κ
3624 385 3713 444 ειε

488 495 616 552 tolle
641 494 831 552 fasces.
858 495 1045 553 Nostra
1075 513 1197 570 erga
1225 506 1273 552 te
1296 497 1568 567 diligentia
1593 496 1848 569 quidquid
1874 498 2072 553 instru-
2098 500 2149 560 Α
2177 511 2289 561 sus,
2320 504 2372 549 et
2399 495 2464 550 ad
2496 499 2689 549 bonam
2714 506 2852 547 Viam
2892 503 3128 558 morum,
3162 491 3529 548 causidicinam
3551 499 3706 554 credin

487 597 607 643 ctus
636 589 933 644 consularis
961 590 1161 661 flagitat
1196 590 1516 660 providebit.
1551 590 1703 645 Vale.

1106 700 1318 758 EPIST.
1354 701 1467 757 XII.

955 810 1271 850 SVlUIACIIIJS
1297 811 1599 851 TBEODUIIO.

561 888 778 944 Frustra
825 891 1038 959 speravi
1085 891 1151 944 de
1195 891 1622 961 peregrinatione
1649 890 1922 956 solatium,
1952 905 2076 946 cum

489 981 730 1036 omnium
776 993 966 1037 moesta
1013 981 1183 1037 facies
1225 984 1396 1038 nullas
1439 999 1583 1052 argro
1633 985 1812 1038 animo
1860 989 2077 1053 praestet

491 1072 751 1128 inducias.
790 1076 866 1127 An
895 1074 1175 1145 quisquam
1207 1084 1314 1129 tam
1362 1075 1496 1130 duro
1544 1073 1756 1143 ingenio
1785 1082 1942 1128 nattts
1970 1081 2075 1139 est,

490 1174 546 1215 ut
574 1165 863 1218 multorum
902 1164 1045 1219 curis
1076 1165 1278 1220 doloris
1316 1180 1514 1219 vacuus
1552 1165 1801 1219 intersit?
1848 1165 1998 1230 Quod
2030 1165 2075 1219 si

487 1270 675 1308 verum
705 1256 956 1311 concedis
981 1299 996 1325 ,
1042 1272 1128 1312 me
1156 1258 1505 1312 etiam'crede
1543 1259 1682 1312 inter
1707 1259 1893 1311 anxios
1921 1271 2074 1311 usum

486 1344 661 1414 ipsum
700 1345 896 1401 laetitiae
925 1346 1320 1416 quodammodo
1366 1347 1632 1403 amisisse.
1673 1347 1858 1403 Restat
1887 1358 1943 1402 ut
1972 1339 2075 1404 tua:

488 1437 1051 1493 litterre'medicinam
1099 1439 1230 1494 mihi
1274 1439 1507 1506 faciant,
1549 1456 1682 1510 quas
1729 1442 1798 1496 ita
1851 1441 2077 1496 libenter

489 1528 735 1599 accipio,
777 1541 832 1583 ut
875 1530 1019 1586 nulla
1062 1531 1352 1586 assiduitas
1397 1533 1526 1588 satis
1567 1533 1768 1588 factura
1811 1533 2072 1588 videatur.

490 1621 603 1690 Ego
644 1635 754 1690 prae
799 1635 991 1677 eventu
1037 1623 1424 1687 occasionum,
1467 1638 1599 1694 quas
1646 1623 1755 1678 fors
1798 1622 2074 1686 obtulerit,

485 1713 793 1782 exemplum
824 1713 962 1768 dabo
990 1713 1282 1782 frequentis
1308 1715 1493 1771 ofticii.
1539 1715 1684 1770 Tunc
1713 1716 1854 1771 enim
1887 1717 2077 1784 proba-

487 1803 569 1858 bis
593 1812 772 1874 gratas
796 1819 916 1860 esse
951 1805 1045 1860 tibi
1077 1807 1280 1862 litteras
1312 1822 1457 1862 meas
1478 1823 1598 1861 eum
1627 1818 1742 1862 tuas
1770 1823 2073 1880 sumpsero.

486 1894 643 1952 Vale.

1094 1970 1307 2048 etus'r.
1348 1947 1479 2027 'xtu.

865 2093 869 2096 -
958 2075 1269 2119 SVIIIIACRUS
1307 2080 1607 2120 THEODORO.

559 2151 884 2224 Iampridem
917 2154 1048 2210 nihil
1092 2158 1305 2224 scribis,
1337 2174 1548 2229 aequum
1582 2169 1722 2214 esset
1754 2159 1874 2216 huic
1904 2160 2075 2231 culpa:

491 2243 744 2300 talionem
770 2247 970 2316 reponi.
1005 2245 1109 2303 Sed
1135 2249 1367 2304 arbitror
1393 2249 1646 2305 imitanda
1677 2266 1780 2305 non
1810 2266 1929 2307 esse
1957 2267 2076 2321 qua:

490 2338 674 2394 doleas
707 2357 722 2392 :
751 2349 807 2395 et
832 2342 1010 2395 animo
1033 2342 1334 2412 persuadeo
1361 2343 1496 2398 alias
1525 2346 1698 2411 [otius
1726 2344 2078 2400 intervenisse

490 2432 882 2510 causasofficii
908 2433 1218 2500 differendi,
1255 2450 1415 2506 quam
1457 2437 1684 2491 residem
1725 2437 2073 2493 voluntatem.

491 2526 1030 2595 Quanquam-vereor
1073 2544 1139 2584 ne
1171 2528 1368 2584 factum
1413 2541 1560 2584 tuum
1605 2531 1858 2601 hmcipsa
1890 2542 2079 2602 gravet

493 2613 813 2680 humanitas.
853 2616 986 2673 Nam
1019 2620 1108 2688 qui
1153 2620 1279 2674 mihi
1327 2637 1422 2685 pro
1451 2631 1502 2677 te
1529 2622 1821 2686 satisfacio,
1851 2624 2077 2680 ostendo

492 2720 578 2760 me
604 2705 732 2760 nihil
758 2707 862 2763 tale
883 2709 1162 2766 meruisse.
1193 2711 1378 2767 Scribe
1403 2729 1531 2781 ergo
1554 2715 1662 2783 jam
1687 2717 1878 2785 smpius
1903 2719 1960 2772 'et
1986 2732 2078 2772 eo-

491 2798 1034 2872 piosius,priusquam
1069 2805 1284 2870 praefata
1317 2822 1418 2875 ope
1443 2799 1527 2863 dei
1558 2810 1608 2862 in
1639 2809 1882 2864 L'ueanos
1909 2810 2078 2867 saltus

492 2892 606 2946 vela
640 2891 915 2948 faciamus.
970 2895 1103 2960 Quid
1131 2897 1278 2974 enim
1307 2898 1460 2967 juvat
1489 2885 1746 2969 proximis
1773 2902 2077 2972 regionib'us

492 2985 784 3049 immorari,
809 2999 927 3040 cum
955 3001 1079 3043 ecce
1107 2988 1266 3044 nulla:
1290 2991 1476 3046 littera:
1501 2991 1808 3047 deferantur
1835 3001 1888 3047 et
1913 2993 2078 3048 silen-

491 3076 619 3133 tium
669 3087 816 3134 tuum
867 3078 1092 3135 honeste
1154 3082 1320 3150 possit
1372 3097 1630 3140 excusare
1675 3084 2076 3156 longinquitas?

490 3167 642 3223 Vale.

538 3169 646 3225 ale.
796 3202 808 3218 ο
900 3233 910 3243 ,

1083 3242 1299 3302 ΕΡὶδΤ.
1346 3247 1479 3301 XIV.

963 3347 1273 3392 SVIUIACIIUS
1302 3352 1601 3392 THEODORO.

565 3427 884 3499 Attemptum
940 3442 1021 3484 est
1075 3431 1167 3485 tibi
1219 3432 1469 3500 generle
1527 3432 1843 3502 perfugium.
1897 3432 2080 3502 Neque

493 3521 634 3572 enim
683 3529 836 3590 potes
866 3522 1106 3577 solt-mne
1149 3522 1275 3576 illud
1309 3532 1363 3577 et
1398 3524 1760 3594 pervulgatum
1791 3539 1960 3594 genus
1987 3525 2082 3579 de—

494 3610 750 3666 fensionis
775 3612 1024 3667 inducere
1054 3631 1066 3667 :
1099 3629 1246 3681 meas
1274 3623 1325 3668 te
1352 3614 1525 3669 adhuc
1551 3615 1755 3669 litteras
1784 3617 2004 3682 aperiri,
2024 3625 2082 3671 ut

494 3703 718 3769 quadam
738 3703 994 3773 religione
1015 3705 1260 3759 solvaris.
1281 3705 1599 3760 Iamdudum
1625 3705 1715 3760 tibi
1738 3706 1903 3776 stylus
1927 3721 2079 3762 meus

495 3791 621 3846 facit
647 3794 963 3862 auspicium,
990 3795 1073 3850 cui
1103 3809 1206 3849 non
1245 3795 1422 3851 abnuo
1453 3795 1712 3852 redditam
1743 3797 1911 3852 vicem
1938 3815 1951 3851 :
1982 3799 2076 3853 sed

494 3884 732 3938 aemulari
776 3885 1009 3940 studium
1064 3897 1303 3942 nostrum
1353 3887 1512 3943 etiam
1553 3888 1854 3942 voluntario
1892 3896 2078 3957 postea

495 3975 672 4032 officio
698 3977 948 4032 debuisti.
969 3979 1052 4033 An
1081 3990 1360 4049 exspectas
1384 3990 1441 4034 ut
1463 3989 1514 4035 te
1543 3980 1628 4034 illa
1653 3981 2080 4050 expostulatione

496 4069 885 4140 perstringam?
913 4071 992 4125 Tu
1037 4071 1136 4127 nisi
1177 4073 1318 4127 malo
1342 4082 1557 4127 coactus
1594 4081 1739 4128 recte
1771 4071 1947 4127 facere
1986 4088 2080 4125 ne-

493 4163 635 4216 scis?
665 4161 863 4217 Omitto
895 4163 1064 4234 plura,
1099 4172 1153 4220 et
1195 4165 1247 4219 in
1289 4164 1548 4235 reliquum
1593 4164 1721 4220 mihi
1748 4164 2076 4232 diligentiam

495 4263 636 4308 tuam
659 4256 928 4324 spondeo:
956 4273 1114 4327 quam
1136 4257 1264 4311 mihi
1292 4257 1480 4328 religio
1503 4257 1649 4327 parvi
1675 4256 1877 4324 habuit,
1900 4255 2077 4311 saltim

505 4347 788 4402 tdmoni‘tio
812 4348 990 4403 ucstra
1022 4349 1310 4418 reparabit.
1345 4348 1493 4404 Vale.

1096 4463 1308 4518 EPIST.
1358 4463 1474 4517 XV.

963 4569 1270 4610 SDHIACIIIIS
1308 4569 1608 4610 TIIEODOIIO.

2176 590 2528 659 profuturam.
2581 586 2734 642 Uide
2781 586 2979 642 Letum
3011 595 3092 642 est
3135 596 3191 640 ut
3240 586 3460 641 Domino
3487 599 3531 642 et
3583 589 3716 648 fratre

2177 699 2298 738 meo
2321 681 2573 752 prafecto
2603 689 2725 735 ante
2752 680 2999 736 consulto
3024 679 3088 734 ad
3122 689 3294 736 castra
3321 680 3542 736 forensia
3567 685 3714 740 mitte-

2176 787 2342 838 retur,
2394 789 2460 826 eo
2509 773 2806 843 praesertim
2849 781 3091 840 tempore
3142 788 3248 844 quo
3303 781 3393 828 tuo
3435 773 3718 830 adm'niculo

2175 865 2344 934 possit
2383 863 2606 918 institui.
2643 863 2982 932 Quapropter
3023 864 3213 932 pignus
3241 873 3385 918 tuum
3429 866 3628 933 suscipe
3650 865 3717 918 iu-

2177 955 2508 1011 formandum
2535 956 2688 1010 bonis
2719 955 2955 1010 fraterna
2983 955 3240 1023 religione
3271 954 3562 1025 przeeeptis.
3593 955 3733 1012 Vale.‘

2760 1048 2973 1103 EPIST.
3017 1047 3178 1104 XVII.

2222 1216 2224 1218 γ
2645 1155 2949 1197 εγιιιηειιυς
2987 1156 3271 1196 ιιλῦκιιω.

2249 1235 2470 1290 Brevem
2518 1235 2676 1290 decet
2703 1247 2825 1288 esse
2854 1248 3156 1288 sermonem
3195 1248 3298 1304 quo
3325 1232 3524 1288 reditus
3552 1231 3720 1285 iudica-

2178 1338 2286 1385 tur.
2333 1329 2467 1396 Quid
2519 1328 2662 1383 enim
2711 1327 2931 1381 mandes
2956 1327 3190 1396 pagina,
3242 1341 3362 1381 eum
3411 1325 3580 1380 omnia
3625 1338 3722 1393 qute

2175 1422 2374 1488 scripto
2397 1421 2658 1475 committi
2688 1421 2882 1483 so'ent,
2909 1419 3098 1473 fabulis
3126 1418 3297 1487 potius
3325 1416 3549 1473 debeant
3579 1431 3722 1470 reser-

2175 1513 2326 1566 vari?
2359 1511 2469 1565 lloc
2509 1521 2591 1566 est
2636 1518 3008 1581 argumentari
3053 1509 3396 1579 praseutium
3441 1508 3722 1568 litterarum,

2175 1619 2327 1675 quas,
2357 1603 2402 1658 si
2431 1603 2504 1659 dii
2526 1613 2709 1660 votum
2736 1602 3000 1672 juverint,
3033 1617 3159 1656 mox
3192 1615 3502 1671 sequemur.
3533 1598 3666 1654 Vale.

2744 1690 2960 1746 EPIST.
3004 1689 3186 1750 XVIII.

2655 1801 2962 1842 SYIIACIIUS
3001 1799 3281 1840 IAGNILLO.

2248 1878 2452 1936 Suades
2495 1886 2553 1932 ut
2603 1877 2841 1943 redeam,
2891 1892 2957 1931 ne
2984 1876 3068 1945 jus
3103 1875 3287 1946 prtedii
3319 1874 3486 1929 nostri
3533 1873 3728 1927 violenta

2179 1971 2456 2042 perturbet
2505 1970 2752 2038 irruptio.
2803 1967 2873 2022 At
2925 1981 3027 2037 ego
3067 1978 3196 2036 puto
3235 1981 3338 2021 non
3394 1966 3567 2020 minus
3611 1975 3728 2017 tuam

2177 2053 2359 2124 curam
2382 2083 2540 2138 quam
2565 2082 2737 2120 meam
2769 2066 3110 2136 praesentiam
3143 2073 3490 2133 promovere.
3524 2059 3729 2130 Conjicio

2177 2161 2488 2232 exaggerari
2531 2160 2777 2229 religiose
2828 2158 2984 2212 istam
3030 2155 3464 2227 trepidationem,
3512 2153 3627 2207 dum
3662 2164 3731 2205 me

2179 2256 2400 2310 Romam
2429 2251 2611 2307 studes
2641 2250 2937 2306 retrahere.
2989 2250 3098 2319 Ego
3139 2255 3317 2302 autem
3369 2245 3530 2314 hujus
3579 2242 3731 2304 taedio.

2180 2362 2284 2402 non
2332 2344 2491 2399 modo
2533 2359 2717 2398 amore
2765 2342 2856 2396 otii
2898 2341 3089 2396 abesse
3133 2338 3429 2409 plusculum
3477 2335 3657 2406 cupio:
3691 2342 3732 2389 et

2177 2437 2301 2507 quia
2349 2436 2504 2490 inane
2547 2436 2652 2488 erit
2697 2431 2952 2502 quidquid
3004 2439 3212 2485 remoto
3257 2438 3417 2498 atque
3468 2423 3734 2481 inconsulto

2182 2541 2492 2598 possessore
2523 2534 2778 2582 tentatur.
2810 2521 3106 2578 Consilium
3138 2523 3266 2576 mo
3295 2520 3376 2576 rei
3398 2518 3616 2591 agendae
3636 2527 3735 2570 tuus

2179 2629 2234 2676 et
2273 2619 2522 2683 aliorum,
2547 2616 2740 2688 quibus
2783 2613 2928 2670 cordi
2971 2629 3176 2682 sumus,
3212 2621 3472 2667 tractatus
3503 2608 3732 2665 inveniet.

2178 2712 2306 2768 Meae
2327 2709 2489 2781 quieti
2517 2707 2693 2764 nullus
2716 2707 2951 2762 invideat
2975 2745 2992 2772 ,
3019 2705 3140 2776 quia
3188 2703 3398 2774 longius
3419 2696 3736 2772 producenda

2177 2815 2280 2872 est,
2317 2819 2436 2858 cum
2483 2802 2657 2856 vicem
2704 2808 2940 2854 nostram
2982 2797 3242 2853 bon‘orum
3286 2795 3582 2850 amicorum
3627 2800 3734 2844 cura

2178 2896 2441 2967 fungatur.
2475 2893 2631 2972 Vale.

2772 2980 2987 3039 EPIST.
3029 2977 3171 3035 XIX.

2653 3090 2957 3132 svuuacuus
2994 3073 3280 3129 maxime.

2251 3170 2476 3241 Semper
2505 3179 2556 3225 te
2585 3170 2638 3224 in
2671 3169 2904 3238 primore
2929 3167 3272 3222 all‘ectionum
3303 3176 3545 3219 mearum
3587 3159 3739 3214 fronte

2104 3243 2147 3303 (ἶ
2181 3265 2467 3318 constituo.
2521 3254 2708 3315 Merito
2752 3260 2983 3331 incertus
3028 3256 3211 3321 animi,
3253 3252 3619 3324 cognitionem
3648 3260 3734 3303 tua!

2180 3355 2366 3410 salutis
2388 3363 2639 3422 exspecto
2669 3370 2681 3405 :
2716 3366 2872 3421 quam
2905 3351 2948 3405 si
2982 3358 3194 3403 mutuus
3233 3359 3410 3401 sermo
3436 3340 3739 3415 prastiterit,

2178 3448 2406 3502 reditum
2440 3456 2680 3501 nostrum
2708 3443 2955 3498 alacritas
2982 3441 3248 3496 incitabit.
3281 3435 3437 3492 Vale.

2786 3533 3001 3591 EPIST.
3041 3533 3163 3592 XX.

2653 3642 2970 3684 svunacuos
3001 3610 3290 3681 triennio.

2252 3721 2356 3778 Nos
2387 3731 2535 3777 tuum
2568 3729 2927 3790 prteoptamus
2957 3716 3264 3771 adventum.
3297 3711 3378 3769 Tu
3420 3711 3603 3768 missis
3643 3721 3745 3764 tnu-

2183 3811 2398 3870 neribus
2443 3811 2704 3868 desideria
2754 3818 2934 3865 nostra
2975 3807 3183 3862 solaris.
3219 3803 3524 3862 Admodum
3555 3799 3747 3874 quidem

2181 3907 2419 3962 delector
2439 3905 2628 3960 oblatis
2653 3945 2667 3968 ,
2697 3901 2789 3958 sed
2820 3901 2923 3956 hoc
2953 3900 3071 3968 ipso
3090 3899 3150 3954 of
3151 3898 3270 3952 ficio
3294 3897 3489 3952 damna
3517 3895 3750 3956 absentia!

2182 4012 2285 4054 tua:
2314 3998 2528 4068 gravius
2570 3995 2896 4049 sentiuntur.
2940 3992 3184 4049 Pleniora
3223 3988 3366 4052 enim
3411 3995 3655 4066 prmsidia
3684 3999 3751 4043 al-

2181 4106 2284 4162 que
2327 4098 2644 4145 ornamenta
2689 4086 2757 4146 de
2805 4084 2976 4144 antica
3030 4087 3290 4157 praesente
3319 4098 3651 4156 caperemus.
3698 4084 3753 4134 At

2183 4182 2493 4240 ηυωεληιθῑ
2519 4182 2693 4236 votiva
2722 4180 2990 4236 candidati
3020 4179 3121 4234 mei
3154 4177 3389 4248 negotii,
3417 4185 3474 4230 et
3495 4171 3754 4245 qutestoris

2184 4288 2469 4349 apparatus
2514 4273 2750 4328 fraudari
2799 4287 2897 4327 nos
2927 4285 3231 4341 conqueror
3269 4270 3532 4324 societate
3560 4276 3751 4321 tuorum

2183 4367 2554 4423 consiliorum.
2591 4363 2657 4420 Et
2687 4373 2864 4418 tamen
2906 4361 3154 4417 obeunda
3185 4375 3284 4415 nec
3324 4359 3512 4430 procul
3566 4357 3754 4411 locatus

2185 4459 2407 4514 omittis.
2461 4457 2595 4512 Nam
2647 4464 2702 4510 ct
2743 4463 2920 4510 vestes
2966 4453 3289 4516 subsericas,
3338 4465 3472 4522 quas
3531 4448 3755 4503 homines

2184 4551 2290 4607 mei
2316 4559 2435 4620 post
2474 4548 2766 4603 illationem
2779 4545 2943 4616 pretii
2976 4543 3341 4614 retentabant,
3366 4551 3420 4596 et
3445 4541 3752 4594 instructum

503 4697 506 4700 .
571 4644 817 4700 Proxime
858 4645 1081 4699 Romam
1123 4659 1398 4715 regressus
1425 4660 1455 4698 a
1491 4645 1765 4700 scribendi
1797 4653 2080 4700 consuelu-
2106 4617 2158 4677 D
2184 4643 2448 4712 reliquum
2479 4637 2835 4694 muneralium
2870 4635 3212 4705 przeniioruut
3241 4642 3362 4688 tuus
3382 4633 3562 4702 coegit
3588 4627 3756 4684 iustiu-

495 4738 621 4793 tline
677 4752 782 4791 non
836 4747 939 4792 tam
990 4736 1196 4791 desidia
1256 4753 1415 4807 quam
1462 4742 1809 4808 occupatione
1857 4737 2078 4793 desrivi.

495 4837 670 4901 Atque
697 4831 816 4885 ideo
848 4840 967 4901 peto
988 4830 1054 4886 in
1075 4831 1271 4886 bonam
1312 4839 1516 4901 partem
1550 4830 1913 4902 purgationem
1944 4847 2081 4902 prm-

499 4925 670 4979 teritte
694 4924 1068 4979 taciturnitatis
1096 4925 1348 4994 accipias,
1375 4940 1692 4994 mecumque
1722 4925 1914 4982 laeteris
1937 4927 2077 4994 quod

499 5015 708 5070 homini
767 5015 936 5071 nostri
993 5016 1278 5071 Theodosii
1329 5031 1481 5070 sacro
1543 5016 1830 5086 divinaque
1878 5016 2079 5086 judicio

501 5107 672 5160 merui
699 5105 1047 5160 Consulatum
1073 5124 1084 5158 :
1115 5107 1266 5174 cujus
1305 5107 1586 5176 n‘tuitiplex
1609 5117 1892 5176 apparatus
1937 5117 2080 5162 luam

497 5198 728 5267 requirit
755 5197 1092 5252 induStriam.
1123 5197 1229 5253 Sed
1262 5212 1446 5252 rursus
1476 5199 1707 5252 occurrit
1732 5208 1856 5252 vt~to
1891 5210 1943 5252 et
1972 5209 2084 5252 stu-

497 5290 603 5345 tliis
634 5289 789 5356 meis,
825 5305 893 5344 ne
921 5287 1138 5344 ltouoris
1158 5289 1230 5343 ttti
1258 5298 1492 5358 tempora
1519 5287 1925 5341 contrahantur.
1943 5287 2083 5352 Qua-
2167 5315 2187 5339 ο

499 5395 716 5454 propter
758 5393 861 5439 tua:
901 5384 1151 5454 permitto
1192 5383 1469 5437 sententia:
1502 5390 1558 5434 ut
1605 5381 1648 5433 si
1691 5379 1870 5432 votivo
1909 5378 2085 5433 olficio

499 5477 690 5531 domus
730 5487 928 5532 nostra:
973 5476 1236 5530 interesse
1273 5474 1577 5539 desideras,
1608 5470 2085 5527 adminiStrationis

501 5566 684 5638 labore
710 5565 953 5621 solvaris.
986 5565 1146 5619 Vale.

1098 5659 1312 5717 LI’IST.
1355 5658 1494 5713 XVI.

975 5767 1279 5808 SVNMACIIUS
1319 5766 1614 5807 τηεοροιιο.

575 5844 770 5903 Sancto
802 5845 1091 5915 Lamp-dio
1112 5859 1364 5911 germano
1389 5854 1499 5909 tuo,
1529 5853 1580 5898 et
1606 5843 1668 5898 ad
1698 5857 1845 5912 spem
1875 5857 2088 5910 proces-

2181 4744 2318 4790 ctus.
2342 4735 2480 4803 Opto
2510 4733 2669 4803 igitur
2689 4729 2780 4786 tibi
2807 4739 3107 4799 promptum
3130 4727 3223 4782 Dei
3250 4728 3483 4781 favorem
3518 4723 3766 4801 reditum:

2181 4842 2285 4895 que
2308 4825 2514 4881 felicem
2540 4841 2556 4880 :
2579 4823 2843 4893 simulque
2865 4838 2984 4889 oro,
3007 4819 3052 4876 si
3078 4820 3188 4875 fors
3206 4817 3417 4875 dederit
3439 4817 3755 4872 facultatem.

2183 4919 2441 4974 functioni
2480 4926 2682 4972 nostra:
2744 4916 3011 4970 interesse
3051 4912 3414 4982 depretieres;
3465 4907 3620 4977 cujus
3670 4915 3756 4956 vo-

2184 5013 2355 5079 luptas
2386 5025 2574 5080 magna
2600 5019 2748 5078 parte
2769 5006 3150 5067 cumulabitur,
3176 5003 3222 5058 si
3246 5000 3448 5058 laetitiae
3475 5013 3629 5056 novae
3649 5008 3762 5068 par-

2188 5101 2356 5170 ticeps
2387 5100 2720 5156 desideratus
2741 5098 3053 5153 accesseris.
3088 5095 3239 5150 Vale.

2780 5187 2993 5243 EPIST.
3034 5187 3176 5242 XXI.

2673 5296 2985 5337 ευίδιλειιυε
3023 5294 3307 5336 IIAGNILLO.

2261 5376 2439 5430 Potuit
2469 5374 2584 5430 sine
2615 5374 2805 5428 litteris
2836 5371 3037 5427 nostris
3060 5379 3276 5427 sanctus
3300 5369 3548 5425 Aurelius
3571 5368 3614 5423 si
3641 5362 3759 5435 quid

2196 5471 2264 5526 de
2307 5487 2391 5525 me
2433 5483 2702 5540 quaeres
2732 5468 3016 5536 explicare.
3067 5464 3176 5521 Sed
3203 5465 3325 5534 quia
3365 5463 3638 5517 fastidiosa
3682 5473 3760 5512 sa-

2196 5562 2384 5617 lutatio
2427 5569 2544 5626 eSt,
2592 5575 2712 5629 quae
2759 5559 2904 5614 nmio
2953 5571 3203 5613 sermone
3247 5556 3533 5618 defertur,
3589 5547 3759 5607 innexi

2194 5657 2390 5726 scripta
2422 5653 2701 5708 mandatis.
2743 5654 2854 5706 Ave
2885 5649 3044 5721 igitur
3082 5648 3202 5703 dico
3225 5647 3342 5711 tibi,
3371 5644 3643 5712 simulque
3679 5640 3762 5692 tie-

2197 5761 2404 5817 [.rccor,
2435 5744 2730 5800 secundum
2784 5740 3272 5807 commonitorium,
3313 5752 3421 5809 quo
3461 5736 3762 5790 summatim

2194 5838 2398 5896 tnuztcri
2431 5836 2774 5908 praeparanda
2807 5833 3073 5904 rescripsi,
3117 5843 3172 5889 ut
3211 5833 3344 5902 ipce,
3377 5827 3516 5887 salva
3543 5826 3639 5893 jud
3666 5822 3766 5877 cia-
