3932 6438
109 403 112 406 ’
191 409 293 464 ἐξ)

187 602 444 669 exhibeas
464 623 480 673 ;
501 618 554 662 et
583 605 824 660 homines
853 612 1067 659 nostros
1086 604 1481 672 comparandis,
1511 619 1631 674 qua:
1671 620 1764 672 po-

187 704 292 758 scit
328 699 514 764 editio,
539 698 739 768 justum
771 695 1098 766 impendium
1128 698 1430 750 ministrare
1460 696 1759 766 praecipias.

188 793 344 850 Vale.

766 880 980 938 EPIST.
1019 879 1184 935 XXII.

655 987 964 1028 εῖκυλεηυε
1004 986 1284 1026 υλακιιιο.

256 1068 614 1138 ρυωειοτίυηι
633 1067 839 1138 parvuli
858 1066 1023 1120 nostri
1051 1082 1240 1120 munus
1266 1064 1590 1129 acceleraus,
1615 1080 1765 1119 enm-

185 1165 334 1218 muni
362 1165 532 1216 amico
560 1159 782 1215 Aurelio
806 1159 1045 1226 quaedam
1072 1158 1429 1224 comparanda
1459 1167 1550 1209 aut
1582 1155 1761 1224 provi-

184 1255 361 1310 denda
388 1252 654 1310 mandavi.
704 1251 808 1306 Sed
837 1251 959 1319 quia
989 1247 1212 1317 publicis
1245 1246 1473 1315 negotiis
1517 1256 1570 1300 et
1612 1245 1762 1299 varia

183 1346 546 1416 injunctorum
586 1340 934 1410 occupatione
961 1339 1316 1408 distringitur,
1355 1338 1639 1391 Eusebium
1685 1335 1764 1390 fa-

184 1437 446 1492 miliarem
484 1435 757 1506 speciatim
814 1436 977 1494 misi.
1025 1433 1178 1500 cujus
1230 1430 1595 1484 admonitione
1633 1443 1759 1484 cura

183 1539 276 1582 tua
309 1529 361 1581 in
388 1525 634 1582 ell‘ectum
661 1525 899 1578 omnium
929 1531 1264 1591 provocetur.
1298 1521 1360 1574 Et
1383 1521 1502 1590 quia
1548 1520 1760 1588 longum

183 1620 364 1673 visum
390 1629 472 1674 est
497 1617 711 1672 litterali
736 1615 879 1671 serie
917 1614 1120 1682 agenda
1148 1613 1432 1683 coinplecti
1451 1653 1466 1676 ,
1496 1628 1602 1666 non
1641 1627 1761 1682 gra-

182 1712 330 1768 veris
390 1710 854 1766 commonitorium
926 1706 1150 1762 strictim
1217 1705 1483 1776 signatum
1545 1718 1761 1774 percut-

175 1819 343 1870 τετε,
375 1803 512 1874 quod
540 1804 670 1857 satis
694 1814 815 1856 esse
841 1799 1071 1854 arbitror
1106 1797 1169 1852 ad
1200 1797 1596 1852 incitamentum
1639 1796 1761 1850 dili-

1347 447 1350 450 .
1399 403 1871 462 EPISTOLAIIUII
1912 404 2114 463 LIBER
2153 409 2212 466 V.

189 520 269 574 ria
309 515 717 580 existimatione,
750 527 932 569 curam
981 512 1158 569 fratris
1189 513 1441 580 teIigiosi,
1486 523 1542 570 ut
1594 516 1759 582 soles,
1787 517 1839 576 Α

3344 423 3449 481 250

2413 518 2624 578 EPIST.
2667 521 2903 580 XXVIII.

2334 625 2650 668 εγιιιιλειιοε
2688 631 2977 672 υλῦκιιιο.

1935 698 2265 768 Antecapere
2302 702 2566 758 scribendi
2624 708 2867 763 ordinem
2910 709 3011 765 mei
3051 727 3286 770 muneris
3327 713 3445 772 fuit.

1868 791 2040 847 llaltcs
2070 793 2297 848 festinati
2328 796 2484 851 oflicii
2515 798 2760 867 gloriam,
2803 817 2922 856 cum
2953 817 3052 870 ego
3093 808 3262 862 fatear
3286 808 3447 864 tardi-

1865 893 2047 940 tatem.
2083 886 2140 938 Et
2175 897 2320 941 ρει-ιο
2361 889 2502 955 potui
2543 889 2776 960 allegare
2807 891 3006 961 aliquid
3047 893 3100 948 in
3149 899 3446 952 excusatio-

1865 990 1984 1027 nvm
2017 991 2306 1031 morarum.
2340 977 2622 1046 Supererat
2663 982 2790 1034 mihi
2825 981 3107 1051 plurimum
3136 987 3252 1050 vite,
3286 987 3447 1043 malui

1866 1073 1915 1119 te
1944 1066 2010 1120 de
2039 1067 2238 1121 laboris
2267 1071 2434 1123 nostri
2461 1070 2793 1125 absolutione
2821 1071 2996 1128 facere
3029 1090 3295 1131 securum.
3341 1077 3447 1133 Sed

1865 1159 1951 1224 pio
1992 1157 2168 1211 studio
2215 1161 2508 1224 prawenire
2555 1163 2732 1216 nullus
2760 1173 2840 1217 est
2869 1164 3050 1220 rubor.
3105 1169 3236 1221 Ama
3289 1168 3447 1239 igitur

1863 1258 2053 1312 Sponte
2082 1248 2382 1318 cedentem,
2413 1253 2495 1304 cui
2525 1251 2636 1306 haec
2662 1253 2773 1322 ipsa
2799 1254 3114 1323 simplicitas
3151 1259 3444 1316 conciliare

1863 1339 2020 1393 debv!
2059 1341 2360 1410 frequentes
2400 1343 2604 1398 litteras
2637 1353 2780 1411 luas;
2814 1361 2946 1414 quas
2975 1349 3020 1401 si
3060 1364 3163 1402 ttnn
3201 1349 3448 1420 adaequa-

1865 1446 1993 1486 vero
2024 1433 2134 1500 pari
2183 1449 2423 1500 numera,
2477 1449 2660 1489 rursus
2709 1437 2801 1491 tibi
2850 1439 3127 1506 prmtttittm
3178 1439 3448 1496 confessio

1864 1538 1980 1578 mea
2003 1523 2178 1579 faciet.
2216 1524 2364 1581 Vale.

2434 1596 2643 1652 EPIST.
2687 1597 2878 1654 XXIX.

2337 1704 2647 1744 SVIIIIACIIL'S
2688 1707 2969 1746 IIAGNILLO.

1938 1777 2184 1832 Amicum
2212 1795 2386 1833 meum
2415 1781 2480 1833 ad
2503 1781 2716 1835 Brittios
2739 1793 3096 1838 revertentem
3123 1784 3312 1840 litteris
3333 1800 3450 1841 cre-

179 1865 554 1964 εεηιίξείυω,
602 1891 783 1960 Neque
833 1890 976 1944 enim
1027 1903 1209 1958 preces
1241 1896 1455 1956 ονοιιιει
1499 1867 1846 1952 umbem-8
1871 1870 1975 1964 didi
2004 1871 2456 1964 prosequendum,
2506 1865 2698 1964 ut'tibi
2749 1873 3085 1964 salutationis
3133 1890 3324 1930 munus
3357 1892 3451 1931 ex-

179 2000 306 2040 cum
335 1983 447 2038 sola
473 1983 627 2038 amici
650 1981 894 2037 voluntas
916 1980 1146 2035 studium
1173 1987 1318 2032 tuum
1341 1978 1529 2032 debeat
1549 1993 1764 2033 acuere.

182 2078 339 2133 Vtile.

753 2163 967 2220 EPIST.
1014 2161 1200 2217 XXIII.

664 2269 974 2309 SYIIIACHUS
997 2267 1284 2309 Πλακιιιο.

253 2349 596 2405 Δηειειθεῗυω
658 2355 900 2402 nostrum
965 2346 1201 2415 dignaris
1263 2357 1577 2413 agnoscere.
1631 2342 1764 2398 Nam

176 2441 326 2496 domi
355 2454 497 2508 smpe
524 2437 723 2492 vidisti.
754 2437 879 2491 llaec
903 2436 974 2490 illi
1006 2436 1194 2490 notitia
1219 2433 1357 2504 apud
1386 2441 1438 2488 te
1467 2434 1625 2490 debet
1646 2449 1766 2488 esse

175 2531 462 2601 suﬂragio,
517 2527 728 2584 etiamsi
781 2527 939 2582 nullis
965 2526 1250 2594 jnvaretur
1298 2525 1565 2594 alloquiis.
1615 2524 1768 2580 Nunc

174 2625 429 2679 dubitare
461 2637 566 2676 non
608 2633 819 2690 possum
856 2619 1262 2674 cumulatiorem
1298 2619 1441 2672 circa
1481 2632 1606 2673 eum
1653 2617 1766 2672 fore

176 2730 368 2770 curam
398 2724 560 2776 tuam,
576 2726 698 2766 cum
720 2719 1000 2782 etvetusta
1021 2708 1273 2780 cognitio,
1297 2717 1350 2765 et
1377 2722 1566 2765 recens
1585 2723 1770 2764 sermo

177 2804 545 2862 commendet.
839 2849 848 2854 _

763 2892 978 2948 EPIST.
1017 2891 1207 2948 XXIV.

657 3001 969 3042 SVIIIACHUS
999 3001 1278 3042 IAGNILLO.

246 3076 553 3134 Familiaris
595 3079 812 3133 emersit
855 3078 1083 3144 occasio,
1117 3092 1238 3147 quae
1281 3075 1375 3131 tibi
1405 3074 1592 3131 salutis
1632 3088 1766 3130 mea:

177 3182 490 3242 apportaret
527 3171 652 3225 indit
673 3171 742 3224 ia.
775 3169 956 3239 Neque
981 3171 1122 3226 enim
1147 3170 1388 3224 dubitare
1418 3185 1634 3240 possum
1667 3169 1760 3224 tibi

175 3259 382 3319 litteras
405 3278 550 3318 meas
576 3277 697 3318 esse
731 3261 1028 3317 reddendas
1058 3277 1191 3331 quas
1219 3261 1468 3318 Silvanus
1499 3260 1564 3316 ad
1594 3261 1764 3316 animi

177 3356 349 3410 nostri
375 3347 704 3426 diligentiam
739 3355 1010 3423 pertinens
1049 3353 1342 3410 exhibebit.
1376 3353 1473 3408 Cui
1504 3353 1618 3414 hac
1648 3352 1764 3422 ipsa

176 3450 378 3516 recepti
411 3447 571 3503 officii
596 3447 991 3504 commendatio
1013 3447 1153 3516 apud
1180 3455 1232 3501 te
1256 3446 1413 3501 debet
1434 3460 1554 3502 esse
1574 3445 1764 3501 suifra-

177 3541 284 3608 gio.
317 3540 579 3594 Caeterum
617 3548 674 3594 ut
718 3539 1044 3609 respondeas
1087 3553 1192 3593 non
1237 3539 1441 3602 laboro,
1472 3553 1594 3593 cum
1627 3537 1762 3592 mihi

178 3637 498 3701 scriptorum
528 3644 737 3692 tuorum
769 3632 1194 3690 vicissitudinem
1241 3641 1421 3688 mutua
1451 3632 1762 3704 polliceatur

178 3723 416 3779 aﬂ'ectio.
450 3723 598 3780 Vale.

749 3818 970 3875 EPIST.
1025 3817 1193 3875 XXV.

223 3977 226 3980 ,
624 3920 957 3982 tsvntttcuus
986 3926 1267 3967 IAGIILLO.

247 4010 451 4061 Parens
488 4019 617 4060 sana
651 4014 755 4074 est,
795 4017 848 4060 et
875 4006 942 4059 ad
979 4005 1282 4073 patientiam
1313 4005 1514 4066 doloris
1539 4008 1762 4066 adduci-

178 4107 283 4151 tur.
315 4097 492 4165 Quare
536 4097 671 4152 hanc
701 4093 906 4165 paltem
945 4107 1192 4151 curarunt
1233 4099 1466 4170 depone,
1504 4110 1764 4159 mentem-

173 4203 279 4257 que
319 4187 388 4242 ad
415 4188 632 4244 meliora
658 4205 944 4252 omnesne.
973 4191 1129 4251 Certe
1167 4194 1210 4248 si
1238 4194 1441 4263 aliquid
1481 4194 1546 4248 ab
1587 4207 1648 4248 re
1675 4201 1760 4246 tua

171 4288 400 4352 etii‘est,
427 4289 623 4346 nostris
653 4288 878 4359 negotiis
902 4285 1227 4357 diligentiam
1249 4285 1466 4355 dignare
1487 4294 1757 4353 praestare,

176 4390 236 4436 ut
260 4394 442 4448 operte
476 4379 545 4433 sit
573 4381 799 4449 pretium
827 4377 967 4448 quod
1009 4377 1061 4432 in
1101 4385 1354 4432 exactore
1387 4374 1648 4430 mittendo
1677 4374 1763 4428 lit-

177 4471 309 4527 teris
333 4480 387 4526 et
411 4471 629 4525 monitis
651 4469 754 4525 tuis
775 4467 1030 4524 satisfeci.
1057 4467 1204 4524 Vale.

750 4577 966 4634 EPIST.
1005 4576 1192 4635 XXVI.

646 4686 956 4727 SVIIIACBUS
1010 4685 1296 4727 IAGNILLO.

249 4782 412 4838 Multa
438 4783 673 4850 Oceano,
703 4795 759 4838 ut
785 4783 1103 4853 recordaris,
1134 4793 1187 4838 et
1208 4781 1420 4846 litteris,
1449 4789 1502 4836 et
1525 4794 1737 4835 contnuo

178 4876 398 4930 nitoriis
425 4876 690 4946 implenda
742 4877 1140 4940 mandavimus;
1173 4876 1367 4945 quibus
1407 4872 1763 4943 exsequendis

175 4985 278 5038 par
309 4983 431 5023 esse
461 4967 564 5022 non
594 4969 806 5037 poterit,
833 4967 932 5022 nisi
962 4977 1052 5022 tuo
1081 4968 1308 5036 impulsu
1334 4976 1389 5022 et
1433 4965 1645 5019 monitis
1675 4979 1766 5018 ttr-

179 5070 390 5129 geatur.
423 5057 550 5125 Qua:
572 5073 691 5114 cum
721 5059 772 5113 in
800 5057 1044 5113 effectum
1070 5067 1120 5112 te
1137 5059 1358 5126 juvante
1384 5055 1763 5126 processerint,

177 5165 372 5220 quaeso
394 5159 450 5204 ut
479 5149 1096 5218 indicioperscriptionis
1121 5149 1572 5219 exspectationem
1591 5162 1763 5202 meam

177 5258 289 5298 non
323 5243 554 5312 graveris
575 5243 860 5297 instruere.
887 5241 1032 5296 Vale.

741 5351 957 5408 EPIST.
1001 5349 1210 5406 XXVII.

661 5458 962 5499 SYIIACIIUS
999 5457 1277 5498 MAGNILLO.

233 5557 501 5615 'Numidte
521 5557 800 5613 familiaris
829 5557 991 5610 nostri
1020 5555 1284 5610 adventus
1314 5551 1453 5607 haud
1481 5551 1766 5607 mediocri-

179 5658 265 5706 ter
296 5648 424 5704 tnihi
448 5649 644 5720 gaudio
675 5647 788 5701 fuit.
817 5647 962 5701 Hanc
983 5645 1219 5700 lat-titiam
1243 5653 1364 5699 tuus
1391 5658 1570 5699 sermo
1596 5643 1764 5714 gemi-

177 5739 357 5797 navit.
384 5741 595 5795 Duobus
626 5741 784 5808 igitur
809 5754 836 5790 a
869 5747 919 5792 te
947 5735 1512 5802 ntuneribusaﬂ‘ectus,
1537 5736 1765 5791 amicum

181 5830 280 5887 tibi
315 5843 434 5888 cum
465 5829 716 5886 litterarii
752 5829 1068 5884 salutatione
1098 5827 1341 5884 restituo.
1379 5825 1526 5882 Vale.

1867 1961 2159 2025 solverem,
2189 1971 2244 2015 et
2275 1961 2347 2016 illi
2377 1962 2860 2017 commendationis
2888 1963 3086 2032 aliquid
3114 1965 3449 2021 exhiberem.

1867 2054 2060 2119 Quaeso
2083 2053 2240 2122 igitur
2270 2063 2343 2120 te,
2371 2065 2426 2109 ut
2455 2065 2509 2108 et
2536 2055 2671 2109 meis
2700 2055 2890 2109 litteris
2912 2057 3224 2113 vicissitudo
3261 2057 3452 2114 redda-

1869 2155 1973 2214 tur,
2005 2148 2155 2203 etilli
2186 2147 2426 2203 defensio
2457 2150 2607 2218 plcna
2627 2149 2934 2232 “proveniat.
2969 2149 3116 2206 Vale.

2443 2283 2660 2340 EPIST.
2703 2284 2874 2339 XXX.

2330 2386 2652 2429 'SVIUACIIUS
2687 2390 2974 2432 IAGNILLOo

1939 2463 2184 2518 Proxime
2205 2462 2418 2534 quidem
2453 2465 2585 2518 urbe
2630 2464 2898 2535 digrersus
2927 2481 3003 2520 es.
3057 2465 3162 2522 Sed
3203 2482 3303 2536 ego
3341 2466 3451 2537 jam

1867 2556 2015 2625 quasi
2047 2557 2344 2610 inveterato
2374 2555 2448 2609 tui
2489 2554 2759 2610 desiderio
2789 2547 2983 2611 novum
3014 2557 3226 2628 aliquod
3264 2573 3454 2612 munus

1865 2649 2153 2703 convenire
2197 2649 2441 2714 credens,
2485 2649 2722 2704 cilicium
2769 2650 3036 2705 scribendi
3087 2652 3309 2718 arripui.
3358 2666 3455 2707 nec

1868 2745 2179 2807 exspectato
2209 2739 2419 2804 ordine,
2445 2755 2542 2795 nec
2569 2755 2718 2796 more
2734 2751 2964 2806 servato,
2993 2743 3080 2812 qui
3109 2743 3248 2797 solet
3268 2743 3456 2798 amicis

1867 2845 1987 2887 esse
2016 2847 2110 2900 pro
2135 2832 2272 2898 lege,
2294 2840 2349 2886 ut
2379 2849 2614 2902 prrmgre
2636 2834 2794 2890 locati
2827 2838 2971 2903 prius
3001 2835 3234 2889 tribuant
3260 2835 3454 2902 scripta

1867 2935 2025 2989 quam
2059 2930 2292 2974 sumant.
2328 2921 2390 2975 Et
2421 2937 2602 2975 revera
2628 2921 2842 2977 alfectio
2863 2922 3038 2976 omnis
3065 2923 3349 2989 impatiens
3373 2932 3456 2977 est

1865 3013 2026 3068 etiam
2069 3012 2229 3082 justae
2258 3028 2320 3067 ac
2367 3013 2493 3081 legit
2519 3028 2620 3067 mae
2663 3014 2943 3068 tarditatis.
2998 3015 3131 3083 ltupi
3164 3029 3289 3083 ergo
3327 3028 3456 3068 con-

1865 3104 2202 3160 suetudinem
2231 3105 2485 3175 religione
2508 3105 2731 3174 majore,
2762 3121 2919 3174 quam
2947 3105 2991 3160 si
3016 3120 3232 3159 servare
3255 3103 3456 3158 voluis-

1789 3228 1835 3292 ϐ
1867 3210 2000 3251 sem.
2034 3195 2163 3263 Qun
2191 3211 2277 3251 res
2305 3195 2348 3250 si
2379 3195 2474 3250 tibi
2503 3205 2650 3266 grata
2687 3206 2800 3261 est,
2844 3204 2898 3249 et
2941 3195 3068 3249 mihi
3101 3195 3255 3249 fenus
3305 3193 3454 3248 solve

1869 3285 2147 3356 colloquii,
2178 3293 2232 3342 et
2260 3287 2511 3356 perlaturi
2537 3286 2716 3340 talium
2746 3287 3038 3341 litterarum
3072 3285 3334 3350 benignus
3364 3299 3453 3338 ar-

1866 3379 2002 3435 ride.
2033 3379 2127 3433 Cui
2147 3389 2204 3434 ut
2227 3379 2358 3433 nihil
2385 3380 2549 3449 magis
2577 3381 2719 3449 potui
2753 3390 3004 3448 pratstare
3035 3394 3192 3448 quam
3216 3377 3448 3445 litteras,

1867 3471 1938 3528 ita
1967 3471 2098 3527 nihil
2127 3474 2330 3543 poteris
2355 3473 2473 3542 plus
2505 3468 2734 3527 tribuere
2757 3488 2914 3542 quam
2941 3470 3197 3526 favorem.
3227 3468 3379 3524 Vale.

2443 3585 2656 3640 EPIST.
2690 3585 2884 3640 XXXI.

2343 3692 2650 3734 SVIIIACIIIIS
2689 3692 2972 3733 MAGNILLO.

1935 3771 2290 3842 PrOpinquam
2335 3768 2506 3824 sancti
2547 3769 2880 3839 Asclepiadis
2913 3766 3216 3837 pli'losot-lti
3247 3767 3452 3836 absque

1862 3860 2056 3918 litteris
2085 3865 2221 3917 meis
2270 3861 2420 3918 abire
2453 3875 2547 3930 par
2575 3875 2680 3915 non
2734 3859 2850 3915 fuit.
2903 3859 3032 3913 Nam
3068 3858 3211 3912 illius
3261 3858 3450 3912 merita

1864 3961 2248 4023 poposcerunt,
2286 3961 2343 4006 ut
2367 3953 2432 4006 ad
2460 3967 2640 4007 curam
2666 3951 2912 4020 praeclari
2937 3951 3034 4006 viri
3060 3951 3334 4017 pertinens
3360 3957 3451 4003 tuo

1863 4043 2165 4114 patrocinio
2197 4044 2518 4098 traderetur.
2547 4043 2652 4097 Pro
2693 4056 2796 4111 qua
2828 4057 2932 4096 non
2963 4040 3194 4094 arbitror
3239 4038 3447 4094 ambitu

1863 4124 2036 4204 longae
2085 4133 2344 4188 orationis
2395 4133 2684 4198 utendum,
2736 4147 2857 4185 cum
2896 4145 3015 4184 eam
3066 4127 3446 4181 humanitatem

1863 4235 1968 4282 tute
1997 4225 2375 4293 contemplatio
2425 4223 2659 4293 parentis
2696 4223 2813 4277 sine
2845 4220 3162 4289 cujusquam
3192 4216 3449 4288 petitione

1861 4317 2185 4374 commodat.
2222 4315 2371 4370 Vale.

2422 4381 2635 4438 EPIST.
2674 4381 2890 4438 XXXII.

2333 4489 2648 4529 SVIIIACBUS
2693 4485 2978 4528 IAGNILLO.

1786 4592 1842 4654 Ι)
1934 4569 2118 4624 deet
2145 4566 2397 4638 pigetque
2417 4567 2528 4636 jam
2551 4565 2807 4621 scribere.
2851 4564 3135 4633 Quousque
3155 4563 3297 4619 enim
3324 4562 3447 4634 styli

1864 4661 2096 4730 imagine
2141 4657 2530 4728 jucunditatem
2600 4656 2707 4711 vivi
2757 4657 3026 4710 sermonis
3078 4655 3448 4710 imitabimur?

1862 4751 1998 4817 Quid
2026 4749 2167 4820 Quod
2197 4750 2358 4803 etiam
2406 4746 2640 4801 felicitas
2671 4744 2899 4816 publica,
2933 4753 2987 4800 et
3029 4759 3129 4814 pax
3150 4745 3294 4799 orbis
3323 4744 3449 4797 hor-

1863 4851 2002 4895 tatur
2031 4851 2086 4894 ιιι
2132 4839 2297 4893 larem
2336 4837 2600 4905 repetas?
2646 4836 2760 4904 Qua
2806 4837 2857 4890 in
2890 4852 2949 4891 re
2981 4834 3075 4890 tibi
3118 4845 3448 4905 opportunus

1865 4931 2108 4984 incentor
2153 4927 2317 4982 frater
2347 4936 2528 4982 noster
2563 4926 2869 4981 Pontianus
2897 4927 3137 4992 accedet,
3183 4927 3444 4979 bonorum

1870 5017 2032 5088 petitu
2077 5018 2295 5071 sortitus
2345 5015 2480 5069 hanc
2519 5029 2776 5082 Operam;
2825 5023 2883 5069 ut
2915 5015 3006 5068 tibi
3043 5015 3110 5069 ob
3160 5029 3271 5068 rem
3317 5029 3450 5065 uxo-

1873 5109 2005 5163 riam
2033 5109 2355 5173 detttoranti,
2388 5107 2716 5162 desiderium
2742 5107 3042 5163 reviseudze
3073 5105 3229 5162 Urbis
3258 5105 3450 5161 admo-

1874 5208 2016 5256 veat.
2049 5200 2198 5255 Vale.

2416 5270 2628 5326 EPIST.
2668 5266 2908 5324 XXXIII.

2352 5374 2656 5416 SYHIACIIUS
2699 5371 2981 5414 IAGNILLO.

1938 5452 2075 5508 Nolo
2098 5467 2317 5523 puerum
2339 5454 2641 5508 crimineris
2661 5453 2731 5507 ob
2751 5450 2979 5506 reditum
2999 5447 3305 5504 tardiorem.
3331 5449 3444 5506 Mea

1865 5544 2200 5599 conturbatio
2229 5559 2327 5614 pro
2369 5542 2719 5614 Symmacho,
2773 5555 2945 5610 neque
2993 5540 3058 5594 ad
3106 5541 3444 5596 scribendum

1869 5644 2078 5705 tempus
2098 5636 2334 5702 invenit,
2357 5641 2411 5703 et
2438 5647 2714 5688 recursum
2743 5629 2999 5687 tabellarii
3021 5645 3191 5701 usque
3212 5631 3277 5686 ad
3296 5645 3444 5699 spem

1870 5732 2064 5788 bonam
2099 5730 2326 5786 distulit.
2357 5728 2520 5800 .Nunc
2542 5727 2666 5797 quia
2694 5725 2991 5797 periculum
3016 5727 3131 5797 ejus
3157 5727 3208 5781 in
3235 5724 3447 5795 aegritu-

1871 5822 2050 5878 dinem
2075 5823 2254 5887 vertit,
2290 5819 2389 5877 hoc
2425 5818 2598 5876 insunt
2634 5817 2779 5892 loqui
2809 5816 2946 5888 apud
2979 5825 3030 5873 te
3059 5815 3224 5872 licuit.
3265 5812 3443 5868 Faciet
