3932 6446
491 373 592 429 251

1659 371 1724 438 Q.
1768 374 1806 426 A
1819 369 2108 428 URELIUS
2144 370 2585 429 SYMMACIIUS.

492 484 667 538 divina
711 482 1007 546 miseratio,
1036 497 1154 553 quae
1183 482 1298 552 pias
1327 494 1484 537 aures
1527 482 1760 551 applicat
1799 483 1938 536 votis
1979 497 2068 546 ιιι-
2094 490 2146 550 Α
2176 493 2428 549 pervetus
2451 481 2712 538 debitum.
2733 477 3050 534 Jamdudum
3080 480 3222 535 enim
3243 479 3510 548 Rempnb.
3538 482 3728 539 virtutis-

494 583 722 641 rentum,
757 586 814 628 ut
842 574 935 629 tibi
962 589 1089 628 mox
1121 573 1320 641 denuo,
1346 574 1488 646 quod
1515 574 1665 645 iuvet
1694 573 1954 640 animum,
1985 589 2072 628 se-

495 667 692 723 curitas
722 682 842 722 mea
870 666 1094 721 nuntiet.
1119 665 1268 721 Vale.

1041 756 1258 813 EPIST.
1302 756 1541 812 XXXIV.

923 865 1232 906 εγηιιλειιυε
1273 865 1648 904 ιιεριυεετιοκι.

574 942 765 998 Votum
791 943 918 998 mihi
944 959 1049 997 non
1081 943 1250 997 defuit
1278 943 1485 998 itineris
1510 943 1772 1005 ordiendi,
1804 941 1897 997 sed
1929 941 2078 995 tarda

499 1035 745 1089 evocatio
784 1034 1129 1103 perveniendi
1173 1043 1383 1103 tempus
1432 1035 1675 1087 ai-ctavit.
1738 1037 1911 1102 Atque
1962 1033 2082 1086 i-leo

501 1125 855 1180 verecundius
887 1126 1057 1179 visum
1091 1135 1172 1180 est
1219 1126 1425 1179 veniam
1467 1139 1711 1194 poscere,
1753 1139 1911 1192 quam
1958 1138 2078 1190 per-

502 1227 622 1269 acto
662 1216 897 1269 consulis
929 1216 1108 1270 officio
1158 1215 1462 1284 pervenire.
1494 1217 1668 1283 Super
1697 1216 1796 1269 hoc
1841 1214 2085 1283 plenissi-

504 1325 618 1364 mas
647 1319 700 1365 et
721 1310 786 1364 ad
820 1311 883 1364 ι).
919 1309 984 1364 Ν.
1009 1310 1488 1365 clementissimum
1525 1312 1816 1380 principem
1843 1311 1950 1377 iam
1983 1312 2085 1362 du-

505 1405 630 1457 dum
663 1404 864 1458 litteras
890 1403 1032 1466 dedi.
1063 1414 1118 1459 et
1147 1405 1212 1458 ad
1238 1414 1484 1468 czeteros,
1513 1407 1602 1475 qui
1647 1421 1732 1458 me
1773 1405 1962 1458 adesse
1997 1418 2087 1456 vu-

506 1498 748 1561 luerunt;
776 1512 909 1562 quas
926 1498 1084 1552 etiam
1119 1514 1259 1559 nunc
1291 1499 1483 1553 Festus
1513 1513 1676 1569 agens
1705 1498 1756 1552 in
1781 1499 1939 1553 rebus
1967 1513 2090 1565 pru-

509 1587 780 1642 ficisceudi
809 1588 1151 1644 cunctatione
1175 1599 1494 1644 remoratur.
1536 1589 1603 1643 Et
1638 1590 1757 1659 quia
1791 1598 1976 1643 vereor
2023 1603 2090 1642 ne

505 1686 594 1730 aut
641 1677 838 1732 Ialeant
867 1693 1152 1748 suppressa
1185 1695 1304 1749 quae
1349 1681 1559 1749 scripsi,
1599 1689 1688 1734 aut
1732 1695 1825 1749 per
1866 1679 2091 1733 tumulos

505 1769 739 1822 resoluta
782 1769 1065 1838 vitientur,
1105 1773 1391 1826 consilium
1428 1773 1524 1825 fuit
1554 1781 1610 1825 ut
1636 1772 1700 1825 ad
1739 1781 1789 1826 te
1817 1771 2088 1825 dominum

2178 579 2277 632 bus
2303 575 2585 646 obligasti:
2612 589 2732 642 quae
2757 582 2912 627 nacta
2931 573 3124 628 divinat
3151 573 3274 628 ﬁdei
3301 575 3615 644 principem,
3643 579 3729 635 sibi

2176 667 2568 737 quodammodo
2594 665 2952 728 consulatum,
2982 679 3142 733 quem
3171 663 3264 719 tibi
3291 666 3551 730 solveret.
3585 669 3729 737 impe-

2181 760 2352 814 travit.
2389 759 2464 812 Ad
2490 758 2647 826 hujus
2667 757 3030 812 celebritatem
3054 765 3178 810 voto
3193 756 3355 811 alacri
3377 759 3728 828 cucurrissent,

2180 852 2283 907 nisi
2312 851 2618 920 diplomatis
2671 849 2808 904 sacri
2843 848 2988 901 tarda
3028 847 3254 917 perlatio
3287 858 3551 903 arctasset
3591 851 3733 906 inter-

2181 942 2379 996 v..|lum
2410 941 2637 994 dierum.
2682 940 2923 994 Accessit
2952 938 3158 1008 hyemis
3192 939 3594 1008 contemplatio.
3635 956 3734 1010 qua

2183 1047 2377 1099 magno
2422 1030 2640 1100 frigore,
2673 1041 2728 1086 et
2751 1029 3003 1084 brevibus
3047 1030 3184 1084 lueis
3229 1030 3377 1085 horis
3409 1038 3640 1086 moratur
3659 1047 3736 1086 ex-

2183 1136 2394 1178 cursus.
2427 1122 2574 1176 Meus
2605 1131 2779 1175 tamen
2821 1121 3054 1185 animus,
3091 1135 3268 1175 meum
3297 1120 3548 1190 gaudium
3585 1131 3734 1177 tecum

2185 1225 2286 1270 est.
2331 1214 2439 1283 Ego
2478 1215 2626 1267 solus
2663 1213 2847 1267 dolere
2867 1211 3042 1266 debeo
3065 1212 3206 1281 quod
3255 1213 3388 1268 mihi
3429 1221 3630 1268 tantum
3659 1214 3738 1269 bo-

2187 1321 2312 1360 num
2343 1319 2498 1359 casus
2541 1304 2806 1358 inviderit.
2845 1303 2962 1358 Tibi
3007 1315 3062 1358 et
3097 1305 3442 1374 praesentium
3482 1305 3738 1363 satisfaciet

2188 1414 2464 1464 numerus,
2493 1408 2547 1454 et
2567 1399 2743 1452 cultus
2769 1399 3090 1453 absentium.
3117 1398 3265 1454 Vale.

2731 1489 2941 1544 EPIST.
2986 1490 3224 1545 XXXIX.

2673 1596 2982 1636 SYIIIACIIUS
3021 1597 3307 1638 NEOTEBIO.

2266 1673 2465 1728 Amicis
2486 1673 2628 1742 iusta
2657 1673 2996 1742 cupientibus
3023 1675 3141 1728 usui
3169 1690 3291 1730 esse
3331 1675 3607 1742 debemus,
3631 1690 3737 1745 pra.

2193 1767 2348 1833 cipue
2377 1765 2525 1820 fratri
2567 1777 2748 1820 nostro
2775 1766 3103 1832 Alexandro,
3133 1784 3290 1839 quem
3327 1769 3534 1838 indicio
3576 1771 3739 1842 proba.

505 1873 558 1915 ct
586 1859 805 1916 fratrem
835 1878 1012 1917 meum
1040 1863 1364 1932 exemplaria
1393 1865 1571 1918 omnia
1596 1863 1947 1919 mitteremus.
1970 1864 2084 1918 Erit
2115 1863 2163 1922 B
2190 1874 2307 1913 mus
2332 1869 2386 1913 et
2422 1874 2606 1912 amore
2631 1859 3057 1928 complectimur.
3093 1861 3246 1916 Hune
3275 1863 3404 1918 licet
3433 1863 3638 1918 noveris
3669 1863 3738 1919 Ιιοι

508 1963 611 2006 tuae
649 1954 788 2008 circa
818 1970 904 2008 me
943 1953 1243 2009 affectionis
1269 1954 1338 2009 de
1365 1956 1600 2008 omnium
1633 1969 1811 2009 rerum
1851 1957 1952 2009 title
1983 1955 2086 2009 late

508 2045 764 2101 scribere.
808 2046 1123 2101 Reddantur
1147 2047 1309 2102 etiam
1347 2048 1494 2102 vobis
1525 2048 1779 2102 chartula:
1809 2063 1964 2103 curas
1990 2051 2086 2101 do-

508 2140 759 2196 mestiras
799 2142 1168 2210 continentes,
1223 2144 1417 2214 quibus
1475 2143 1714 2197 dei-ursis
1757 2142 2091 2197 aestimabitis

509 2231 636 2299 quid
664 2233 925 2288 bonorum
958 2241 1258 2304 temporum
1285 2232 1494 2302 iustitia
1534 2239 1590 2288 et
1631 2230 1770 2286 fama
1799 2230 2086 2286 desideret.

510 2323 663 2381 Vale.

1068 2395 1286 2452 EPIST.
1329 2396 1547 2451 XXXV.

934 2504 1239 2545 SYMIACIIUS
1270 2505 1652 2546 IIEPIIE‘TIONI.

582 2575 889 2648 Sequuntur
916 2579 1194 2635 abcessum
1225 2589 1372 2634 tuum
1420 2579 1771 2635 litteratorum
1803 2578 2090 2645 cohortes;

511 2678 564 2723 et
586 2677 643 2722 ut
669 2670 842 2724 solent
872 2672 1110 2726 Athenas
1133 2671 1334 2726 Atticas
1367 2672 1639 2740 reliqnave
1681 2671 1951 2741 gymnaia
1979 2671 2092 2723 lliu-

509 2775 687 2815 sarum
711 2771 925 2831 petere;
959 2764 1030 2818 ita
1063 2763 1518 2835 peregrinationes
1550 2774 1669 2819 tuas
1698 2764 1965 2818 desiderio
1989 2773 2097 2817 tra-

508 2851 672 2908 hente
705 2854 1044 2911 comitantur.
1087 2855 1197 2911 Nec
1237 2856 1354 2922 tibi,
1385 2865 1443 2909 ut
1486 2857 1718 2921 aestimo,
1761 2855 1963 2910 militiae
2002 2854 2096 2909 sti-
2174 2840 2181 2848 ’

509 2944 718 3011 pendiis
745 2946 1005 3013 aflluenti,
1044 2948 1339 3003 amicorum
1379 2955 1676 3003 conventus
1706 2962 1966 3002 onerosus
1989 2957 2090 3002 est.

509 3031 679 3089 Pasce
709 3035 869 3105 igitur
901 3038 1138 3092 eruditos
1172 3039 1444 3109 dignitatis
1485 3047 1588 3093 tum
1627 3040 1815 3108 copiis,
1847 3048 1902 3092 et
1938 3055 2097 3109 spera

510 3126 686 3190 plures
725 3127 816 3181 tibi
867 3128 1105 3198 hospites
1153 3145 1214 3182 ac
1259 3142 1428 3185 tutum
1479 3129 1778 3198 adfuturos,
1812 3143 2094 3202 postquam

510 3215 763 3271 Romana:
799 3219 1090 3286 iuventutis
1121 3224 1392 3292 magistris
1429 3222 1668 3278 subsidia
1717 3223 1972 3280 solemnis
1997 3225 2096 3280 ali-
2121 3227 2167 3291 C

510 3307 700 3363 monia:
728 3309 964 3365 detracta
994 3320 1136 3366 sunt.
1163 3312 1312 3368 Vale.

1053 3403 1264 3459 EPIST.
1306 3403 1548 3461 XXXVI.

933 3509 1245 3550 SYMMACIIUS
1280 3513 1668 3554 “EPBESTIONI.

580 3583 803 3654 Egrum
848 3587 1096 3654 proxime
1134 3588 1368 3643 animum
1419 3597 1564 3643 tuum
1618 3591 1914 3646 litterarum
1963 3607 2099 3662 quas

510 3677 734 3730 miseras
770 3677 998 3733 lectione
1027 3681 1291 3750 cognovi,
1325 3684 1658 3752 multumque
1700 3687 1920 3740 miratus
1961 3689 2098 3744 inter

510 3769 977 3834 coniunctissimos
1025 3771 1297 3827 fortuitam
1335 3774 1512 3829 subito
1563 3777 1846 3832 emersirse
1885 3779 2092 3834 discor-

509 3859 680 3924 diam;
705 3859 978 3914 dominum
1005 3873 1057 3918 et
1085 3862 1302 3920 fratrem
1327 3881 1502 3920 meum
1539 3868 1814 3922 obsecravi
1849 3885 1913 3923 ne
1942 3885 1970 3923 a
1998 3885 2096 3924 suo

509 3964 659 4004 more
701 3951 1007 4009 dissentiat.
1043 3955 1120 4010 Te
1149 3972 1278 4011 vero
1324 3973 1428 4011 non
1476 3975 1596 4014 meo
1633 3968 1862 4026 tantum,
1909 3977 2094 4016 verum

508 4045 669 4099 etiam
695 4055 786 4100 tuo
817 4050 1031 4104 nomine
1058 4065 1188 4118 rogo
1217 4060 1273 4105 ut
1298 4053 1509 4108 caeteris
1551 4053 1708 4108 bonis
1739 4069 1946 4108 morum
1980 4067 2101 4110 tuo-

508 4152 649 4204 rum,
697 4139 927 4194 similcin
981 4142 1288 4210 patientiam
1347 4154 1588 4211 prmstcs,
1627 4144 1874 4216 ferasque
1913 4149 2092 4202 omnia

508 4245 626 4297 (ιιιεὲ
657 4232 793 4286 solet
822 4233 1018 4289 habere
1047 4238 1497 4306 peregrinationis
1519 4239 1777 4294 conditio.
1810 4240 1980 4309 Spero
2001 4257 2096 4297 au-

509 4333 614 4375 tem
647 4333 702 4376 et
733 4326 820 4379 lilii
851 4327 954 4381 mei
987 4327 1220 4384 Flaviani
1251 4331 1648 4401 conciliatione,
1682 4344 1734 4388 et
1758 4333 1972 4390 Eusebii
1996 4337 2097 4390 Ar-

511 4414 696 4468 chiatri
726 4415 996 4473 blanditiis
1023 4423 1198 4474 omnia
1235 4437 1391 4490 posse
1414 4425 1664 4494 mitigari.
1702 4426 1850 4482 Vale.

1032 4529 1252 4588 EPIST.
1296 4533 1560 4590 XXXVII.

949 4635 1250 4678 SYIIIACIIUS
1276 4641 1665 4682 BEPII.£STIONI.

583 4707 800 4763 Litterae
850 4718 952 4764 ιιιευ
1000 4709 1261 4776 Spartana
1313 4714 1578 4772 brevitate
1625 4719 1908 4776 succinctae
1949 4730 2096 4789 sunt,

515 4799 606 4852 sed
651 4799 811 4854 rebus
853 4801 1180 4868 exuberant;
1211 4815 1264 4860 et
1305 4821 1426 4862 cum
1475 4822 1722 4864 moveant
1761 4813 1827 4865 de
1877 4813 2098 4868 raritate

513 4890 926 4957 querimoniam,
989 4903 1166 4948 tamen
1217 4897 1376 4952 ofﬁcii
1421 4899 1744 4968 plenitudine
1787 4903 2098 4959 memoriam

514 4983 873 5037 successionis
895 4986 1200 5041 obliterant.
1231 4989 1379 5054 Quod
1405 4991 1449 5044 si
1473 5006 1566 5047 eas
1593 4994 1781 5048 creber
1804 5009 1927 5048 usus
1948 5011 2103 5050 exer-

515 5085 662 5140 ceat;
692 5075 1015 5130 desiderium
1046 5094 1222 5133 meum
1250 5082 1368 5138 sine
1403 5084 1617 5139 fastidio
1644 5088 1902 5142 satietatis
1922 5089 2104 5156 exple-

517 5166 666 5220 bunt.
690 5167 796 5222 Sed
837 5169 994 5224 Video
1023 5172 1148 5238 quid
1190 5173 1415 5230 obsistat
1449 5179 1652 5245 animo,
1687 5180 1812 5249 quid
1849 5182 2106 5246 impediat

520 5258 869 5313 voluntatem.
906 5262 1166 5317 Eusebius
1197 5277 1379 5320 noster
1411 5278 1460 5322 te
1483 5267 1675 5322 fabulis
1701 5279 1755 5324 et
1787 5271 1987 5338 poculis
2013 5271 2107 5325 de-

521 5358 780 5401 moratur.
812 5349 978 5416 Quem
1007 5369 1132 5407 cum
1176 5355 1470 5412 reddideris
1497 5373 1641 5413 cura:
1678 5360 1952 5414 hortorum
1980 5375 2106 5416 suu-

522 5450 662 5501 rum,
695 5437 809 5493 fore
832 5441 1062 5497 arbitror
1085 5454 1142 5498 ut
1162 5447 1370 5500 animus
1401 5455 1522 5501 tuus
1537 5447 1866 5516 iocularibus
1893 5451 2108 5521 ineptiis

525 5527 801 5590 absolutus.
826 5533 891 5588 ad
919 5539 1128 5606 negotia
1153 5539 1290 5592 seria
1316 5539 1640 5594 conferatur.
1673 5539 1822 5596 Vale.
1867 5561 1874 5566 υ

1043 5625 1262 5686 EPIST.
1305 5630 1594 5687 XXXVIII.

1015 5735 1320 5780 ειυιιλειιυε
1351 5740 1630 5783 NEOTERIO.

600 5813 775 5885 Supra
803 5815 1017 5874 modum
1061 5820 1264 5890 gaudeo
1297 5820 1560 5876 reddittuu
1591 5836 1711 5878 esse
1757 5822 1958 5880 meritis
2005 5825 2110 5882 tuis

2192 1967 2383 2005 norum
2411 1950 2682 2005 desiderio
2706 1964 2810 2005 non
2843 1951 3070 2018 moveri,
3094 1955 3399 2008 communis
3421 1963 3594 2010 tamen
3620 1969 3741 2010 vere

2190 2045 2379 2100 cundia
2421 2059 2524 2099 non
2553 2045 2679 2099 sinit
2707 2045 3015 2099 te'stimouin
3047 2059 3236 2100 carere
3265 2047 3502 2112 militiae,
3536 2062 3650 2103 cum
3683 2046 3740 2102 illi

2192 2137 2394 2191 tribuni
2420 2151 2482 2192 ac
2512 2133 2704 2190 nbtarii
2743 2136 3056 2206 dignit'atem
3095 2138 3347 2193 dominus
3378 2138 3742 2194 Valentinianus

2192 2227 2461 2297 Augustus
2491 2236 2615 2282 ante
2647 2227 2996 2297 irru'ptiouem
3033 2228 3368 2298 tyrannicam
3400 2237 3589 2299 sponte
3609 2228 3741 2283 detu-

2193 2320 2333 2375 lerit.
2364 2321 2560 2386 Qumso
2602 2319 2764 2390 igitur
2792 2329 2850 2375 ut
2878 2321 3286 2392 prterogativam
3317 2323 3460 2377 sacri
3493 2321 3742 2378 testimonii

2195 2422 2248 2468 te
2275 2414 2550 2469 aunitente
2593 2407 2881 2473 merra'tur.
2917 2414 3096 2470 Facile
3123 2424 3206 2470 est
3242 2417 3388 2471 enim
3433 2426 3490 2472 ut
3534 2417 3628 2471 sub
3661 2424 3742 2471 tatu

2195 2507 2282 2576 pio
2303 2508 2660 2577 gubernatore
2682 2507 2836 2577 Reip.
2864 2504 3161 2563 intert'uiiia
3178 2509 3460 2566 hominum
3487 2511 3651 2566 vincat
3669 2521 3744 2564 se-

2194 2599 2302 2653 culi
2326 2600 2653 2662 humanitas.
2686 2599 2836 2654 Vale.

2807 2691 3022 2748 EPIST.
3063 2693 3173 2749 XL.

2677 2800 2990 2840 svnuacuns
3017 2789 3301 2840 ιιεοτειίιο.

2271 2881 2621 2951 Impatienter
2647 2885 2945 2937 amicorum
2983 2884 3134 2939 soleo
3181 2884 3420 2952 perferre
3468 2882 3744 2938 discessum.

2197 2970 2302 3026 Sed
2330 2987 2426 3028 eos
2453 2973 2542 3042 qui
2570 2973 2634 3027 ad
2670 2973 3006 3041 prasentiam
3032 2982 3176 3028 tttam
3199 2975 3385 3029 relicta
3409 2977 3540 3030 urbe
3562 2980 3744 3027 conten-

2197 3063 2330 3119 dunt
2357 3065 2423 3117 ad
2462 3081 2547 3119 mc
2576 3066 2740 3119 credo
2769 3075 3044 3120 venturos.
3075 3064 3235 3132 Quid,
3268 3065 3415 3134 quod
3455 3067 3746 3131 sequestrata

2199 3159 2484 3214 affectione
2506 3158 2718 3212 invideo
2744 3169 2915 3214 tecum
2938 3157 3161 3212 futuris?
3186 3156 3294 3214 Soli
3317 3159 3463 3212 enim
3495 3159 3622 3211 bona
3646 3164 3740 3222 pre

2197 3252 2384 3306 sentite
2413 3261 2514 3304 tua:
2541 3251 2774 3318 capient,
2805 3266 3032 3320 quorum
3073 3249 3203 3304 mihi
3244 3250 3547 3305 communis
3579 3246 3748 3301 fructus
3797 3249 3802 3252 ’

2197 3359 2319 3399 esse
2348 3344 2586 3398 deberet.
2620 3343 2690 3400 Ut
2725 3354 2782 3398 ut
2817 3352 2899 3398 est
2944 3353 3120 3398 tamen
3166 3343 3266 3398 ista
3305 3341 3562 3406 conditio,
3589 3338 3750 3394 fratres

2197 3447 2411 3492 nostros
2439 3438 2654 3492 (Telsum
2684 3447 2843 3506 atque
2872 3437 3147 3491 Ticianum
3173 3435 3482 3506 probabiles
3505 3433 3640 3489 viros
3663 3443 3747 3484 non

2198 3529 2399 3584 invitus
2428 3530 2608 3594 emisi,
2635 3540 2815 3584 certus
2853 3528 3053 3595 aliquid
3080 3529 3145 3582 ad
3181 3541 3276 3582 nos
3304 3542 3372 3581 ex
3411 3525 3596 3580 fabulis
3621 3531 3750 3590 atque

2197 3623 2404 3675 actbus
2427 3624 2531 3676 tuis
2562 3636 2746 3675 eorum
2789 3619 3049 3675 relatione
3078 3619 3393 3674 rediturum.
3423 3619 3563 3686 Quos
3586 3621 3637 3667 ut
3661 3625 3751 3666 ma-

2199 3721 2315 3767 ture
2353 3713 2480 3768 Urbi
2509 3712 2808 3779 studiisque
2838 3712 3085 3766 restituas
3117 3711 3348 3765 vicissim
3380 3707 3608 3781 postulo.
3642 3703 3750 3758 Nam

2197 3803 2241 3855 si
2271 3802 2408 3872 apud
2440 3815 2490 3858 te
2523 3805 2661 3858 hanc
2697 3803 3010 3870 petitionem
3039 3801 3390 3869 dissimulem,
3427 3801 3636 3856 videbor
3672 3807 3748 3848 eo-

2198 3911 2314 3949 rum
2353 3897 2834 3964 peregrinatibnem
2861 3910 2966 3948 non
3010 3906 3111 3949 tute
3143 3895 3399 3950 detulisse
3445 3888 3751 3952 reverentia?»

2197 3986 2290 4040 sed
2319 4002 2437 4042 meo
2469 3986 2782 4057 przcstitisse
2812 3985 3043 4038 fistittio.
3081 3985 3250 4040 Vale.

2794 4074 3011 4131 EPIST.
3054 4075 3190 4131 XLI.

2682 4182 2992 4223 SVIIIIACHUS
3023 4181 3307 4222 NEOTERIO.

2269 4260 2403 4316 Cum
2445 4260 2612 4315 sciam
2651 4268 2704 4315 te
2750 4260 2931 4314 animo
2962 4260 3228 4330 placabili,
3277 4259 3456 4328 recepi
3495 4270 3586 4325 tro
3610 4248 3754 4309 amico

2197 4370 2415 4423 operam
2448 4354 2617 4409 veniae
2661 4353 3016 4424 postulandm.
3049 4353 3233 4420 Neque
3270 4353 3412 4407 enim
3460 4352 3537 4406 sic
3572 4363 3598 4401 a
3634 4347 3754 4400 recto

2198 4448 2339 4503 devii
2367 4463 2571 4510 smnus,
2613 4455 2670 4501 ut
2705 4458 2756 4502 te
2788 4461 3016 4514 unquam
3061 4453 3265 4499 temere
3301 4443 3506 4500 moveri
3547 4436 3754 4506 suapice-

2207 4557 2346 4594 mur.
2397 4540 2489 4594 Vir
2524 4540 2851 4594 clarissimus
2895 4537 3176 4608 Epictetus
3206 4536 3594 4592 causidicorum
3631 4535 3755 4583 moro

2204 4634 2512 4701 prolapsus.
2541 4631 2668 4684 dum
2694 4631 2811 4684 vult
2827 4630 3119 4698 impensius
3142 4629 3350 4698 placere
3372 4631 3754 4694 suscepto.san-

2202 4734 2345 4778 ctum
2372 4723 2437 4777 Sa
2455 4722 2634 4776 binum
2659 4723 2938 4791 probatum
2960 4721 3211 4775 omnibus
3236 4719 3410 4787 bonis,
3443 4719 3646 4774 incauto
3663 4719 3754 4762 SH"

2204 4831 2363 4870 mone
2405 4815 2742 4884 perstrinxit.
2803 4815 2872 4868 Ea
2914 4829 3003 4868 res
3043 4812 3281 4868 omnium
3322 4819 3557 4866 vestrum
3596 4799 3756 4872 quibus

2208 4909 2299 4962 ille
2320 4923 2464 4961 curae
2488 4919 2566 4961 est
2595 4908 2805 4961 animos
2826 4905 3062 4960 creditur
3079 4896 3449 4972 exasperasse.
3474 4900 3580 4956 Nec
3601 4897 3756 4952 imme'

2205 5000 2327 5054 rito.
2360 5000 2592 5066 Qucrela
2636 4998 2860 5054 rectoris
2895 4995 3055 5051 etiam
3099 4994 3448 5063 praetorianas
3477 4987 3612 5045 acuit
3633 4989 3758 5054 pote-

2210 5103 2401 5147 states.
2437 5091 2574 5158 Quid
2618 5091 2817 5146 multa?
2847 5088 3120 5158 Epictetus
3147 5095 3284 5156 togae
3328 5083 3551 5141 forensis
3585 5077 3759 5131 honore

2210 5184 2448 5253 privatus
2474 5192 2572 5246 est,
2611 5183 2866 5250 plurimis
2890 5178 3278 5248 praeferendus,
3309 5179 3397 5246 qui
3429 5176 3576 5230 firmo
3604 5174 3760 5239 patroo

2209 5273 2353 5327 cinio
2389 5283 2768 5342 proteguntur.
2809 5271 2960 5326 Nunc
2998 5272 3087 5326 illa
3130 5269 3405 5325 clientium
3446 5263 3590 5320 turba
3629 5253 3759 5311 unius

2213 5363 2435 5418 fortuito
2460 5362 2631 5417 errori
2665 5363 2907 5417 insultat.
2938 5361 3086 5427 Quod
3114 5377 3179 5415 ue
3199 5360 3288 5414 diu
3315 5364 3526 5413 maneat
3549 5365 3626 5406 tua
3649 5355 3760 5416 ρτω·

2217 5457 2387 5511 stabit
2415 5455 2736 5509 humanitas.
2765 5453 2910 5510 Satis
2939 5453 3120 5507 datum
3153 5461 3236 5507 est
3275 5446 3609 5506 correctioni.
3636 5435 3761 5492 Nunc

2217 5548 2486 5616 ingenium
2520 5557 2666 5598 tuum
2717 5545 2944 5615 respice.
2989 5543 3121 5597 Illud
3169 5556 3330 5596 causa
3377 5531 3640 5596 meruerit.
3677 5523 3760 5578 ίιοθ

2221 5639 2394 5693 tribue
2426 5637 2654 5691 lenitati.
2688 5635 2811 5691 Scio
2840 5635 3098 5690 illustrem
3130 5633 3302 5686 virum
3336 5629 3627 5702 praefectum
3656 5624 3761 5712 pr?

2218 5729 2357 5784 torio
2388 5729 2470 5783 his
2499 5743 2711 5798 quoque
2742 5725 2933 5782 litteris
2961 5728 3064 5780 tuis
3088 5734 3332 5795 prompte
3361 5729 3642 5778 cessurum.
3669 5706 3762 5760 Et"

2220 5823 2313 5878 tibi
2345 5821 2616 5892 Epictetus
2652 5839 2697 5875 ιτ.
2730 5837 2778 5876 c.
2809 5821 2970 5875 etiam
3005 5816 3400 5874 emendationis
3425 5827 3529 5870 sua:
3560 5802 3753 5863 debitor.
