  <div class='ocr_page' id='page_1' title='image "/cluster/home/n/w/nwhite01/storage/ocr_20150623/18/hvd.32044015471337/134.png"; bbox 0 0 3932 6432; ppageno 0'>
   <div class='ocr_carea' id='block_1_1' title="bbox 135 400 247 457">
    <p class='ocr_par' dir='ltr' id='par_1_1' title="bbox 135 400 247 457">
     <span class='ocr_line' id='line_1_1' title="bbox 135 400 247 457; baseline 0 0"><span class='ocrx_word' id='word_1_1' title='bbox 135 400 247 457; x_wconf 72' lang='grc'><strong>255</strong></span> 
     </span>
    </p>
   </div>
   <div class='ocr_carea' id='block_1_2' title="bbox 1351 379 2152 441">
    <p class='ocr_par' dir='ltr' id='par_1_2' title="bbox 1351 379 2152 441">
     <span class='ocr_line' id='line_1_2' title="bbox 1351 379 2152 441; baseline -0.007 -1"><span class='ocrx_word' id='word_1_2' title='bbox 1351 381 1827 441; x_wconf 76' lang='lat' dir='ltr'><strong>EPISTULARUM</strong></span> <span class='ocrx_word' id='word_1_3' title='bbox 1866 379 2067 436; x_wconf 78' lang='lat' dir='ltr'><strong>LIBER</strong></span> <span class='ocrx_word' id='word_1_4' title='bbox 2113 381 2152 434; x_wconf 73' lang='grc' dir='ltr'><strong>Υ</strong></span> 
     </span>
    </p>
   </div>
   <div class='ocr_carea' id='block_1_3' title="bbox 3288 379 3390 435">
    <p class='ocr_par' dir='ltr' id='par_1_3' title="bbox 3288 379 3390 435">
     <span class='ocr_line' id='line_1_3' title="bbox 3288 379 3390 435; baseline 0.01 -3"><span class='ocrx_word' id='word_1_5' title='bbox 3288 379 3390 435; x_wconf 64' lang='grc' dir='ltr'><strong>εει</strong></span> 
     </span>
    </p>
   </div>
   <div class='ocr_carea' id='block_1_4' title="bbox 137 488 3392 584">
    <p class='ocr_par' dir='ltr' id='par_1_4' title="bbox 137 488 3392 584">
     <span class='ocr_line' id='line_1_4' title="bbox 137 488 3392 584; baseline -0.006 -20"><span class='ocrx_word' id='word_1_6' title='bbox 137 527 296 584; x_wconf 85' lang='lat' dir='ltr'><strong>quem</strong></span> <span class='ocrx_word' id='word_1_7' title='bbox 328 510 490 580; x_wconf 76' lang='lat' dir='ltr'><strong>paulo</strong></span> <span class='ocrx_word' id='word_1_8' title='bbox 517 516 644 563; x_wconf 88' lang='lat' dir='ltr'><strong>ante</strong></span> <span class='ocrx_word' id='word_1_9' title='bbox 665 503 1023 560; x_wconf 89' lang='lat' dir='ltr'><strong>inconsultum</strong></span> <span class='ocrx_word' id='word_1_10' title='bbox 1045 502 1245 554; x_wconf 86' lang='lat' dir='ltr'><strong>fecerat</strong></span> <span class='ocrx_word' id='word_1_11' title='bbox 1285 497 1574 566; x_wconf 88' lang='lat' dir='ltr'><strong>impunitas</strong></span> <span class='ocrx_word' id='word_1_12' title='bbox 1600 510 1715 550; x_wconf 88' lang='lat' dir='ltr'><strong>ma-</strong></span> <span class='ocrx_word' id='word_1_13' title='bbox 1743 496 1792 555; x_wconf 69' lang='lat' dir='ltr'><strong>lt</strong></span> <span class='ocrx_word' id='word_1_14' title='bbox 1819 494 1884 548; x_wconf 89' lang='lat' dir='ltr'><strong>ad</strong></span> <span class='ocrx_word' id='word_1_15' title='bbox 1907 497 2058 563; x_wconf 81' lang='lat' dir='ltr'><strong>cujus</strong></span> <span class='ocrx_word' id='word_1_16' title='bbox 2083 493 2317 548; x_wconf 88' lang='lat' dir='ltr'><strong>officium</strong></span> <span class='ocrx_word' id='word_1_17' title='bbox 2348 501 2397 547; x_wconf 91' lang='lat' dir='ltr'><strong>te</strong></span> <span class='ocrx_word' id='word_1_18' title='bbox 2427 500 2651 563; x_wconf 86' lang='lat' dir='ltr'><strong>tuosque</strong></span> <span class='ocrx_word' id='word_1_19' title='bbox 2684 507 2835 548; x_wconf 89' lang='lat' dir='ltr'><strong>amor</strong></span> <span class='ocrx_word' id='word_1_20' title='bbox 2860 489 3156 547; x_wconf 75' lang='lat' dir='ltr'><strong>communis</strong></span> <span class='ocrx_word' id='word_1_21' title='bbox 3179 488 3392 550; x_wconf 78' lang='lat' dir='ltr'><strong>invitat.</strong></span> 
     </span>
    </p>
   </div>
   <div class='ocr_carea' id='block_1_5' title="bbox 137 599 928 679">
    <p class='ocr_par' dir='ltr' id='par_1_5' title="bbox 137 599 928 679">
     <span class='ocr_line' id='line_1_5' title="bbox 137 599 928 679; baseline -0.018 -17"><span class='ocrx_word' id='word_1_22' title='bbox 137 602 240 679; x_wconf 68' lang='grc' dir='ltr'><strong>εὸτι</strong></span> <span class='ocrx_word' id='word_1_23' title='bbox 273 604 626 676; x_wconf 73' lang='lat' dir='ltr'><strong>peccantium.</strong></span> <span class='ocrx_word' id='word_1_24' title='bbox 654 599 807 653; x_wconf 84' lang='lat' dir='ltr'><strong>Vale.</strong></span> <span class='ocrx_word' id='word_1_25' title='bbox 915 619 928 633; x_wconf 87' lang='lat'><strong>-</strong></span> 
     </span>
    </p>
   </div>
   <div class='ocr_carea' id='block_1_6' title="bbox 731 682 1140 742">
    <p class='ocr_par' dir='ltr' id='par_1_6' title="bbox 731 682 1140 742">
     <span class='ocr_line' id='line_1_6' title="bbox 731 682 1140 742; baseline -0.02 1"><span class='ocrx_word' id='word_1_26' title='bbox 731 685 942 742; x_wconf 82' lang='lat' dir='ltr'><strong>EPIST.</strong></span> <span class='ocrx_word' id='word_1_27' title='bbox 985 682 1140 738; x_wconf 80' lang='lat' dir='ltr'><strong>XLII.</strong></span> 
     </span>
    </p>
   </div>
   <div class='ocr_carea' id='block_1_7' title="bbox 599 789 1218 836">
    <p class='ocr_par' dir='ltr' id='par_1_7' title="bbox 599 789 1218 836">
     <span class='ocr_line' id='line_1_7' title="bbox 599 789 1218 836; baseline -0.021 0"><span class='ocrx_word' id='word_1_28' title='bbox 599 795 910 836; x_wconf 71' lang='grc' dir='ltr'><strong>εϊιηιλςιιυς</strong></span> <span class='ocrx_word' id='word_1_29' title='bbox 937 789 1218 832; x_wconf 71' lang='grc' dir='ltr'><strong>ΝΕΟΤΕΠΙΟ.</strong></span> 
     </span>
    </p>
   </div>
   <div class='ocr_carea' id='block_1_8' title="bbox 214 881 1719 968">
    <p class='ocr_par' dir='ltr' id='par_1_8' title="bbox 214 881 1719 968">
     <span class='ocr_line' id='line_1_8' title="bbox 214 881 1719 968; baseline -0.018 -9"><span class='ocrx_word' id='word_1_30' title='bbox 214 904 492 960; x_wconf 83' lang='lat' dir='ltr'><strong>Placuisse</strong></span> <span class='ocrx_word' id='word_1_31' title='bbox 535 899 736 968; x_wconf 87' lang='lat' dir='ltr'><strong>judicio</strong></span> <span class='ocrx_word' id='word_1_32' title='bbox 766 908 857 949; x_wconf 90' lang='lat' dir='ltr'><strong>tuo</strong></span> <span class='ocrx_word' id='word_1_33' title='bbox 887 895 1116 948; x_wconf 86' lang='lat' dir='ltr'><strong>amicum</strong></span> <span class='ocrx_word' id='word_1_34' title='bbox 1159 901 1334 941; x_wconf 89' lang='lat' dir='ltr'><strong>meum</strong></span> <span class='ocrx_word' id='word_1_35' title='bbox 1376 881 1719 937; x_wconf 84' lang='lat' dir='ltr'><strong>Drinnacium</strong></span> 
     </span>
    </p>
   </div>
   <div class='ocr_carea' id='block_1_9' title="bbox 141 973 1723 1066">
    <p class='ocr_par' dir='ltr' id='par_1_9' title="bbox 141 973 1723 1066">
     <span class='ocr_line' id='line_1_9' title="bbox 141 973 1723 1066; baseline -0.018 -12"><span class='ocrx_word' id='word_1_36' title='bbox 141 999 281 1055; x_wconf 86' lang='lat' dir='ltr'><strong>satis</strong></span> <span class='ocrx_word' id='word_1_37' title='bbox 314 995 546 1066; x_wconf 93' lang='lat' dir='ltr'><strong>gaudeo.</strong></span> <span class='ocrx_word' id='word_1_38' title='bbox 578 992 709 1046; x_wconf 85' lang='lat' dir='ltr'><strong>Nam</strong></span> <span class='ocrx_word' id='word_1_39' title='bbox 745 987 874 1042; x_wconf 93' lang='lat' dir='ltr'><strong>mihi</strong></span> <span class='ocrx_word' id='word_1_40' title='bbox 915 997 1130 1055; x_wconf 90' lang='lat' dir='ltr'><strong>quoque</strong></span> <span class='ocrx_word' id='word_1_41' title='bbox 1165 980 1452 1049; x_wconf 88' lang='lat' dir='ltr'><strong>plurimum</strong></span> <span class='ocrx_word' id='word_1_42' title='bbox 1502 973 1723 1027; x_wconf 83' lang='lat' dir='ltr'><strong>honoris</strong></span> 
     </span>
    </p>
   </div>
   <div class='ocr_carea' id='block_1_10' title="bbox 143 1065 1724 1157">
    <p class='ocr_par' dir='ltr' id='par_1_10' title="bbox 143 1065 1724 1157">
     <span class='ocr_line' id='line_1_10' title="bbox 143 1065 1724 1157; baseline -0.02 -12"><span class='ocrx_word' id='word_1_43' title='bbox 143 1065 378 1152; x_wconf 83' lang='lat' dir='ltr'><strong>accedit,</strong></span> <span class='ocrx_word' id='word_1_44' title='bbox 406 1085 614 1157; x_wconf 89' lang='lat' dir='ltr'><strong>quoties</strong></span> <span class='ocrx_word' id='word_1_45' title='bbox 643 1079 906 1136; x_wconf 91' lang='lat' dir='ltr'><strong>sententia</strong></span> <span class='ocrx_word' id='word_1_46' title='bbox 941 1084 1122 1130; x_wconf 89' lang='lat' dir='ltr'><strong>nostra</strong></span> <span class='ocrx_word' id='word_1_47' title='bbox 1154 1067 1461 1126; x_wconf 81' lang='lat' dir='ltr'><strong>concordat.</strong></span> <span class='ocrx_word' id='word_1_48' title='bbox 1499 1065 1724 1119; x_wconf 82' lang='lat' dir='ltr'><strong>Fruetur</strong></span> 
     </span>
    </p>
   </div>
   <div class='ocr_carea' id='block_1_11' title="bbox 144 1155 1726 1252">
    <p class='ocr_par' dir='ltr' id='par_1_11' title="bbox 144 1155 1726 1252">
     <span class='ocr_line' id='line_1_11' title="bbox 144 1155 1726 1252; baseline -0.018 -17"><span class='ocrx_word' id='word_1_49' title='bbox 144 1181 308 1252; x_wconf 84' lang='lat' dir='ltr'><strong>igitur</strong></span> <span class='ocrx_word' id='word_1_50' title='bbox 335 1155 609 1232; x_wconf 86' lang='lat' dir='ltr'><strong>uberrimo</strong></span> <span class='ocrx_word' id='word_1_51' title='bbox 640 1169 957 1226; x_wconf 68' lang='lat' dir='ltr'><strong>innocentia!</strong></span> <span class='ocrx_word' id='word_1_52' title='bbox 977 1181 1086 1219; x_wconf 78' lang='lat' dir='ltr'><strong>suze</strong></span> <span class='ocrx_word' id='word_1_53' title='bbox 1109 1164 1305 1224; x_wconf 87' lang='lat' dir='ltr'><strong>fructu,</strong></span> <span class='ocrx_word' id='word_1_54' title='bbox 1329 1159 1458 1212; x_wconf 90' lang='lat' dir='ltr'><strong>mihi</strong></span> <span class='ocrx_word' id='word_1_55' title='bbox 1488 1155 1726 1210; x_wconf 78' lang='lat' dir='ltr'><strong>honestis</strong></span> 
     </span>
    </p>
   </div>
   <div class='ocr_carea' id='block_1_12' title="bbox 145 1248 1618 1335">
    <p class='ocr_par' dir='ltr' id='par_1_12' title="bbox 145 1248 1618 1335">
     <span class='ocr_line' id='line_1_12' title="bbox 145 1248 1618 1335; baseline -0.018 -8"><span class='ocrx_word' id='word_1_56' title='bbox 145 1248 310 1327; x_wconf 68' lang='lat' dir='ltr'><strong>carus</strong></span> <span class='ocrx_word' id='word_1_57' title='bbox 331 1270 392 1325; x_wconf 92' lang='lat' dir='ltr'><strong>of</strong></span> <span class='ocrx_word' id='word_1_58' title='bbox 393 1269 545 1334; x_wconf 88' lang='lat' dir='ltr'><strong>ficiis,</strong></span> <span class='ocrx_word' id='word_1_59' title='bbox 567 1265 658 1319; x_wconf 86' lang='lat' dir='ltr'><strong>tibi</strong></span> <span class='ocrx_word' id='word_1_60' title='bbox 681 1264 836 1335; x_wconf 77' lang='lat' dir='ltr'><strong>iustis</strong></span> <span class='ocrx_word' id='word_1_61' title='bbox 854 1258 1082 1330; x_wconf 88' lang='lat' dir='ltr'><strong>negotiis</strong></span> <span class='ocrx_word' id='word_1_62' title='bbox 1097 1253 1442 1324; x_wconf 86' lang='lat' dir='ltr'><strong>approbatus.</strong></span> <span class='ocrx_word' id='word_1_63' title='bbox 1465 1248 1618 1305; x_wconf 86' lang='lat' dir='ltr'><strong>Vale.</strong></span> 
     </span>
    </p>
   </div>
   <div class='ocr_carea' id='block_1_13' title="bbox 666 1385 1159 1448">
    <p class='ocr_par' dir='ltr' id='par_1_13' title="bbox 666 1385 1159 1448">
     <span class='ocr_line' id='line_1_13' title="bbox 666 1385 1159 1448; baseline -0.02 1"><span class='ocrx_word' id='word_1_64' title='bbox 666 1432 674 1440; x_wconf 71' lang='grc'>.</span> <span class='ocrx_word' id='word_1_65' title='bbox 725 1391 937 1448; x_wconf 85' lang='lat' dir='ltr'><strong>EPIST.</strong></span> <span class='ocrx_word' id='word_1_66' title='bbox 979 1385 1159 1443; x_wconf 78' lang='lat' dir='ltr'><strong>XLIII.</strong></span> 
     </span>
    </p>
   </div>
   <div class='ocr_carea' id='block_1_14' title="bbox 628 1491 1243 1542">
    <p class='ocr_par' dir='ltr' id='par_1_14' title="bbox 628 1491 1243 1542">
     <span class='ocr_line' id='line_1_14' title="bbox 628 1491 1243 1542; baseline -0.018 -1"><span class='ocrx_word' id='word_1_67' title='bbox 628 1497 933 1542; x_wconf 70' lang='lat' dir='ltr'><strong>SYIIIIACIIUS</strong></span> <span class='ocrx_word' id='word_1_68' title='bbox 958 1491 1243 1534; x_wconf 75' lang='lat' dir='ltr'><strong>NEOTOBIO.</strong></span> 
     </span>
    </p>
   </div>
   <div class='ocr_carea' id='block_1_15' title="bbox 221 1583 1730 1673">
    <p class='ocr_par' dir='ltr' id='par_1_15' title="bbox 221 1583 1730 1673">
     <span class='ocr_line' id='line_1_15' title="bbox 221 1583 1730 1673; baseline -0.015 -14"><span class='ocrx_word' id='word_1_69' title='bbox 221 1605 324 1673; x_wconf 81' lang='lat' dir='ltr'><strong>Qui</strong></span> <span class='ocrx_word' id='word_1_70' title='bbox 361 1601 560 1658; x_wconf 81' lang='lat' dir='ltr'><strong>amanti</strong></span> <span class='ocrx_word' id='word_1_71' title='bbox 592 1612 756 1668; x_wconf 88' lang='lat' dir='ltr'><strong>nugas</strong></span> <span class='ocrx_word' id='word_1_72' title='bbox 785 1609 908 1650; x_wconf 87' lang='lat' dir='ltr'><strong>suas</strong></span> <span class='ocrx_word' id='word_1_73' title='bbox 935 1605 988 1648; x_wconf 89' lang='lat' dir='ltr'><strong>et</strong></span> <span class='ocrx_word' id='word_1_74' title='bbox 1031 1593 1379 1647; x_wconf 83' lang='lat' dir='ltr'><strong>deliramenta</strong></span> <span class='ocrx_word' id='word_1_75' title='bbox 1417 1583 1730 1648; x_wconf 82' lang='lat' dir='ltr'><strong>committit,</strong></span> 
     </span>
    </p>
   </div>
   <div class='ocr_carea' id='block_1_16' title="bbox 148 1677 1730 1755">
    <p class='ocr_par' dir='ltr' id='par_1_16' title="bbox 148 1677 1730 1755">
     <span class='ocr_line' id='line_1_16' title="bbox 148 1677 1730 1755; baseline -0.012 -4"><span class='ocrx_word' id='word_1_76' title='bbox 148 1711 261 1751; x_wconf 85' lang='lat' dir='ltr'><strong>non</strong></span> <span class='ocrx_word' id='word_1_77' title='bbox 292 1695 462 1749; x_wconf 84' lang='lat' dir='ltr'><strong>debet</strong></span> <span class='ocrx_word' id='word_1_78' title='bbox 491 1677 774 1746; x_wconf 78' lang='lat' dir='ltr'><strong>formidare</strong></span> <span class='ocrx_word' id='word_1_79' title='bbox 810 1686 1091 1755; x_wconf 88' lang='lat' dir='ltr'><strong>judicium.</strong></span> <span class='ocrx_word' id='word_1_80' title='bbox 1122 1681 1542 1735; x_wconf 88' lang='lat' dir='ltr'><strong>Commemlatur</strong></span> <span class='ocrx_word' id='word_1_81' title='bbox 1589 1679 1730 1732; x_wconf 79' lang='lat' dir='ltr'><strong>enim</strong></span> 
     </span>
    </p>
   </div>
   <div class='ocr_carea' id='block_1_17' title="bbox 149 1768 1733 1854">
    <p class='ocr_par' dir='ltr' id='par_1_17' title="bbox 149 1768 1733 1854">
     <span class='ocr_line' id='line_1_17' title="bbox 149 1768 1733 1854; baseline -0.011 -14"><span class='ocrx_word' id='word_1_82' title='bbox 149 1785 420 1854; x_wconf 73' lang='lat' dir='ltr'><strong>religione</strong></span> <span class='ocrx_word' id='word_1_83' title='bbox 457 1780 711 1852; x_wconf 85' lang='lat' dir='ltr'><strong>quidquid</strong></span> <span class='ocrx_word' id='word_1_84' title='bbox 755 1776 966 1846; x_wconf 78' lang='lat' dir='ltr'><strong>culpari</strong></span> <span class='ocrx_word' id='word_1_85' title='bbox 1007 1781 1189 1844; x_wconf 83' lang='lat' dir='ltr'><strong>posset</strong></span> <span class='ocrx_word' id='word_1_86' title='bbox 1235 1771 1499 1826; x_wconf 81' lang='lat' dir='ltr'><strong>examine.</strong></span> <span class='ocrx_word' id='word_1_87' title='bbox 1545 1768 1733 1824; x_wconf 80' lang='lat' dir='ltr'><strong>Merito</strong></span> 
     </span>
    </p>
   </div>
   <div class='ocr_carea' id='block_1_18' title="bbox 1825 586 1974 640">
    <p class='ocr_par' dir='ltr' id='par_1_18' title="bbox 1825 586 1974 640">
     <span class='ocr_line' id='line_1_18' title="bbox 1825 586 1974 640; baseline -0.007 -3"><span class='ocrx_word' id='word_1_88' title='bbox 1825 586 1974 640; x_wconf 78' lang='lat' dir='ltr'><strong>Vale.</strong></span> 
     </span>
    </p>
   </div>
   <div class='ocr_carea' id='block_1_19' title="bbox 2377 671 2836 727">
    <p class='ocr_par' dir='ltr' id='par_1_19' title="bbox 2377 671 2836 727">
     <span class='ocr_line' id='line_1_19' title="bbox 2377 671 2836 727; baseline -0.002 -1"><span class='ocrx_word' id='word_1_89' title='bbox 2377 671 2586 727; x_wconf 81' lang='lat' dir='ltr'><strong>EPIST.</strong></span> <span class='ocrx_word' id='word_1_90' title='bbox 2629 673 2836 727; x_wconf 84' lang='lat' dir='ltr'>XLVII.</span> 
     </span>
    </p>
   </div>
   <div class='ocr_carea' id='block_1_20' title="bbox 2343 779 2882 819">
    <p class='ocr_par' dir='ltr' id='par_1_20' title="bbox 2343 779 2882 819">
     <span class='ocr_line' id='line_1_20' title="bbox 2343 779 2882 819; baseline 0.002 -3"><span class='ocrx_word' id='word_1_91' title='bbox 2343 779 2648 819; x_wconf 68' lang='lat' dir='ltr'><strong>SVMIILCIIUS</strong></span> <span class='ocrx_word' id='word_1_92' title='bbox 2691 780 2882 818; x_wconf 77' lang='lat' dir='ltr'><strong>FELICI.</strong></span> 
     </span>
    </p>
   </div>
   <div class='ocr_carea' id='block_1_21' title="bbox 1892 855 3398 920">
    <p class='ocr_par' dir='ltr' id='par_1_21' title="bbox 1892 855 3398 920">
     <span class='ocr_line' id='line_1_21' title="bbox 1892 855 3398 920; baseline -0.003 -9"><span class='ocrx_word' id='word_1_93' title='bbox 1892 857 2092 912; x_wconf 85' lang='lat' dir='ltr'><strong>Scribis</strong></span> <span class='ocrx_word' id='word_1_94' title='bbox 2122 859 2471 910; x_wconf 81' lang='lat' dir='ltr'><strong>reverentiam</strong></span> <span class='ocrx_word' id='word_1_95' title='bbox 2523 856 2690 909; x_wconf 86' lang='lat' dir='ltr'><strong>nostri</strong></span> <span class='ocrx_word' id='word_1_96' title='bbox 2727 856 2791 908; x_wconf 85' lang='lat' dir='ltr'><strong>ad</strong></span> <span class='ocrx_word' id='word_1_97' title='bbox 2815 869 3001 909; x_wconf 87' lang='lat' dir='ltr'><strong>omnes</strong></span> <span class='ocrx_word' id='word_1_98' title='bbox 3027 855 3172 920; x_wconf 79' lang='lat' dir='ltr'><strong>viger</strong></span> <span class='ocrx_word' id='word_1_99' title='bbox 3192 874 3224 909; x_wconf 92' lang='grc'><strong>·.</strong></span> <span class='ocrx_word' id='word_1_100' title='bbox 3256 855 3398 908; x_wconf 77' lang='lat' dir='ltr'><strong>Gau-</strong></span> 
     </span>
    </p>
   </div>
   <div class='ocr_carea' id='block_1_22' title="bbox 1823 947 3394 1017">
    <p class='ocr_par' dir='ltr' id='par_1_22' title="bbox 1823 947 3394 1017">
     <span class='ocr_line' id='line_1_22' title="bbox 1823 947 3394 1017; baseline -0.001 -15"><span class='ocrx_word' id='word_1_101' title='bbox 1823 948 1925 1002; x_wconf 91' lang='lat' dir='ltr'><strong>deo</strong></span> <span class='ocrx_word' id='word_1_102' title='bbox 1963 947 2268 1017; x_wconf 66' lang='lat' dir='ltr'><strong>huiusmodi</strong></span> <span class='ocrx_word' id='word_1_103' title='bbox 2321 949 2652 1012; x_wconf 80' lang='lat' dir='ltr'><strong>testimonio,</strong></span> <span class='ocrx_word' id='word_1_104' title='bbox 2697 947 2789 1000; x_wconf 89' lang='lat' dir='ltr'><strong>sed</strong></span> <span class='ocrx_word' id='word_1_105' title='bbox 2823 947 3074 1015; x_wconf 60' lang='lat' dir='ltr'><strong>profiteor</strong></span> <span class='ocrx_word' id='word_1_106' title='bbox 3100 961 3261 1015; x_wconf 86' lang='lat' dir='ltr'><strong>opera</strong></span> <span class='ocrx_word' id='word_1_107' title='bbox 3309 956 3394 1000; x_wconf 85' lang='lat' dir='ltr'><strong>tua</strong></span> 
     </span>
    </p>
   </div>
   <div class='ocr_carea' id='block_1_23' title="bbox 1825 1038 3398 1095">
    <p class='ocr_par' dir='ltr' id='par_1_23' title="bbox 1825 1038 3398 1095">
     <span class='ocr_line' id='line_1_23' title="bbox 1825 1038 3398 1095; baseline -0.004 0"><span class='ocrx_word' id='word_1_108' title='bbox 1825 1041 1940 1095; x_wconf 86' lang='lat' dir='ltr'><strong>fieri</strong></span> <span class='ocrx_word' id='word_1_109' title='bbox 1983 1051 2042 1094; x_wconf 91' lang='lat' dir='ltr'><strong>ut</strong></span> <span class='ocrx_word' id='word_1_110' title='bbox 2089 1041 2267 1094; x_wconf 85' lang='lat' dir='ltr'><strong>taliter</strong></span> <span class='ocrx_word' id='word_1_111' title='bbox 2304 1039 2470 1094; x_wconf 79' lang='lat' dir='ltr'><strong>vireat</strong></span> <span class='ocrx_word' id='word_1_112' title='bbox 2498 1039 2826 1094; x_wconf 81' lang='lat' dir='ltr'><strong>existimatio</strong></span> <span class='ocrx_word' id='word_1_113' title='bbox 2863 1055 3004 1094; x_wconf 86' lang='lat' dir='ltr'><strong>mea.</strong></span> <span class='ocrx_word' id='word_1_114' title='bbox 3046 1038 3126 1094; x_wconf 86' lang='lat' dir='ltr'><strong>&#39;I&#39;tt</strong></span> <span class='ocrx_word' id='word_1_115' title='bbox 3171 1039 3298 1092; x_wconf 89' lang='lat' dir='ltr'><strong>mihi</strong></span> <span class='ocrx_word' id='word_1_116' title='bbox 3340 1054 3398 1092; x_wconf 81' lang='lat' dir='ltr'><strong>es</strong></span> 
     </span>
    </p>
   </div>
   <div class='ocr_carea' id='block_1_24' title="bbox 1827 1131 3398 1201">
    <p class='ocr_par' dir='ltr' id='par_1_24' title="bbox 1827 1131 3398 1201">
     <span class='ocr_line' id='line_1_24' title="bbox 1827 1131 3398 1201; baseline -0.003 -16"><span class='ocrx_word' id='word_1_117' title='bbox 1827 1131 2000 1185; x_wconf 78' lang='lat' dir='ltr'><strong>fautor</strong></span> <span class='ocrx_word' id='word_1_118' title='bbox 2029 1131 2262 1186; x_wconf 87' lang='lat' dir='ltr'><strong>rumoris</strong></span> <span class='ocrx_word' id='word_1_119' title='bbox 2287 1131 2538 1196; x_wconf 86' lang='lat' dir='ltr'><strong>secundi;</strong></span> <span class='ocrx_word' id='word_1_120' title='bbox 2571 1147 2740 1200; x_wconf 87' lang='lat' dir='ltr'><strong>neque</strong></span> <span class='ocrx_word' id='word_1_121' title='bbox 2763 1132 2860 1186; x_wconf 93' lang='lat' dir='ltr'><strong>hac</strong></span> <span class='ocrx_word' id='word_1_122' title='bbox 2886 1142 3088 1185; x_wconf 84' lang='lat' dir='ltr'><strong>tantum</strong></span> <span class='ocrx_word' id='word_1_123' title='bbox 3116 1133 3283 1201; x_wconf 84' lang='lat' dir='ltr'><strong>gratia</strong></span> <span class='ocrx_word' id='word_1_124' title='bbox 3306 1146 3398 1182; x_wconf 83' lang='lat' dir='ltr'><strong>va-</strong></span> 
     </span>
    </p>
   </div>
   <div class='ocr_carea' id='block_1_25' title="bbox 1826 1221 3400 1290">
    <p class='ocr_par' dir='ltr' id='par_1_25' title="bbox 1826 1221 3400 1290">
     <span class='ocr_line' id='line_1_25' title="bbox 1826 1221 3400 1290; baseline -0.001 -14"><span class='ocrx_word' id='word_1_125' title='bbox 1826 1223 2006 1276; x_wconf 87' lang='lat' dir='ltr'><strong>datum</strong></span> <span class='ocrx_word' id='word_1_126' title='bbox 2049 1238 2134 1277; x_wconf 91' lang='lat' dir='ltr'><strong>me</strong></span> <span class='ocrx_word' id='word_1_127' title='bbox 2163 1223 2356 1276; x_wconf 74' lang='lat' dir='ltr'><strong>si-ntio.</strong></span> <span class='ocrx_word' id='word_1_128' title='bbox 2389 1223 2520 1278; x_wconf 87' lang='lat' dir='ltr'><strong>Nam</strong></span> <span class='ocrx_word' id='word_1_129' title='bbox 2551 1222 2680 1277; x_wconf 93' lang='lat' dir='ltr'><strong>illud</strong></span> <span class='ocrx_word' id='word_1_130' title='bbox 2704 1224 2864 1278; x_wconf 90' lang='lat' dir='ltr'><strong>etiam</strong></span> <span class='ocrx_word' id='word_1_131' title='bbox 2908 1221 3048 1290; x_wconf 89' lang='lat' dir='ltr'><strong>quod</strong></span> <span class='ocrx_word' id='word_1_132' title='bbox 3088 1234 3138 1276; x_wconf 84' lang='lat' dir='ltr'><strong>te</strong></span> <span class='ocrx_word' id='word_1_133' title='bbox 3175 1222 3400 1290; x_wconf 66' lang='lat' dir='ltr'><strong>praesule</strong></span> 
     </span>
    </p>
   </div>
   <div class='ocr_carea' id='block_1_26' title="bbox 1829 1315 3402 1386">
    <p class='ocr_par' dir='ltr' id='par_1_26' title="bbox 1829 1315 3402 1386">
     <span class='ocr_line' id='line_1_26' title="bbox 1829 1315 3402 1386; baseline -0.001 -18"><span class='ocrx_word' id='word_1_134' title='bbox 1829 1317 2089 1386; x_wconf 83' lang='lat' dir='ltr'><strong>processit</strong></span> <span class='ocrx_word' id='word_1_135' title='bbox 2113 1316 2177 1371; x_wconf 91' lang='lat' dir='ltr'><strong>ad</strong></span> <span class='ocrx_word' id='word_1_136' title='bbox 2208 1318 2486 1369; x_wconf 77' lang='lat' dir='ltr'><strong>commoda</strong></span> <span class='ocrx_word' id='word_1_137' title='bbox 2521 1315 2884 1382; x_wconf 89' lang='lat' dir='ltr'><strong>proximorum</strong></span> <span class='ocrx_word' id='word_1_138' title='bbox 2913 1329 3184 1378; x_wconf 90' lang='lat' dir='ltr'><strong>meorum,</strong></span> <span class='ocrx_word' id='word_1_139' title='bbox 3216 1328 3402 1382; x_wconf 86' lang='lat' dir='ltr'><strong>quam-</strong></span> 
     </span>
    </p>
   </div>
   <div class='ocr_carea' id='block_1_27' title="bbox 1828 1404 3398 1476">
    <p class='ocr_par' dir='ltr' id='par_1_27' title="bbox 1828 1404 3398 1476">
     <span class='ocr_line' id='line_1_27' title="bbox 1828 1404 3398 1476; baseline -0.004 -13"><span class='ocrx_word' id='word_1_140' title='bbox 1828 1412 1909 1463; x_wconf 89' lang='lat' dir='ltr'><strong>vis</strong></span> <span class='ocrx_word' id='word_1_141' title='bbox 1946 1409 2166 1476; x_wconf 66' lang='lat' dir='ltr'><strong>iustitiae</strong></span> <span class='ocrx_word' id='word_1_142' title='bbox 2205 1407 2408 1469; x_wconf 88' lang='lat' dir='ltr'><strong>datum,</strong></span> <span class='ocrx_word' id='word_1_143' title='bbox 2459 1406 2551 1460; x_wconf 90' lang='lat' dir='ltr'><strong>tibi</strong></span> <span class='ocrx_word' id='word_1_144' title='bbox 2599 1415 2773 1460; x_wconf 91' lang='lat' dir='ltr'><strong>tamen</strong></span> <span class='ocrx_word' id='word_1_145' title='bbox 2821 1404 3049 1460; x_wconf 80' lang='lat' dir='ltr'><strong>refertur</strong></span> <span class='ocrx_word' id='word_1_146' title='bbox 3101 1415 3398 1471; x_wconf 88' lang='lat' dir='ltr'><strong>acceptum.</strong></span> 
     </span>
    </p>
   </div>
   <div class='ocr_carea' id='block_1_28' title="bbox 1831 1494 3402 1570">
    <p class='ocr_par' dir='ltr' id='par_1_28' title="bbox 1831 1494 3402 1570">
     <span class='ocr_line' id='line_1_28' title="bbox 1831 1494 3402 1570; baseline -0.004 -14"><span class='ocrx_word' id='word_1_147' title='bbox 1831 1500 1994 1556; x_wconf 75' lang='lat' dir='ltr'><strong>Cesso</strong></span> <span class='ocrx_word' id='word_1_148' title='bbox 2029 1501 2237 1570; x_wconf 91' lang='lat' dir='ltr'><strong>longius</strong></span> <span class='ocrx_word' id='word_1_149' title='bbox 2261 1514 2502 1568; x_wconf 75' lang='lat' dir='ltr'><strong>pergere,</strong></span> <span class='ocrx_word' id='word_1_150' title='bbox 2528 1497 2780 1567; x_wconf 86' lang='lat' dir='ltr'><strong>quoniam</strong></span> <span class='ocrx_word' id='word_1_151' title='bbox 2805 1497 2855 1552; x_wconf 87' lang='lat' dir='ltr'><strong>in</strong></span> <span class='ocrx_word' id='word_1_152' title='bbox 2880 1495 3286 1550; x_wconf 84' lang='lat' dir='ltr'><strong>remu&#39;neraudis</strong></span> <span class='ocrx_word' id='word_1_153' title='bbox 3308 1494 3402 1550; x_wconf 85' lang='lat' dir='ltr'><strong>be-</strong></span> 
     </span>
    </p>
   </div>
   <div class='ocr_carea' id='block_1_29' title="bbox 1832 1585 3404 1660">
    <p class='ocr_par' dir='ltr' id='par_1_29' title="bbox 1832 1585 3404 1660">
     <span class='ocr_line' id='line_1_29' title="bbox 1832 1585 3404 1660; baseline -0.004 -16"><span class='ocrx_word' id='word_1_154' title='bbox 1832 1590 2228 1660; x_wconf 86' lang='lat' dir='ltr'><strong>neliciisjejuna</strong></span> <span class='ocrx_word' id='word_1_155' title='bbox 2254 1599 2335 1644; x_wconf 92' lang='lat' dir='ltr'><strong>est</strong></span> <span class='ocrx_word' id='word_1_156' title='bbox 2358 1589 2642 1643; x_wconf 85' lang='lat' dir='ltr'><strong>verborum</strong></span> <span class='ocrx_word' id='word_1_157' title='bbox 2667 1585 2995 1643; x_wconf 88' lang='lat' dir='ltr'><strong>vicissitudo.</strong></span> <span class='ocrx_word' id='word_1_158' title='bbox 3011 1585 3177 1642; x_wconf 87' lang='lat' dir='ltr'><strong>Simul</strong></span> <span class='ocrx_word' id='word_1_159' title='bbox 3197 1585 3404 1638; x_wconf 82' lang='lat' dir='ltr'><strong>obs&#39;rc-</strong></span> 
     </span>
    </p>
   </div>
   <div class='ocr_carea' id='block_1_30' title="bbox 1834 1674 3404 1752">
    <p class='ocr_par' dir='ltr' id='par_1_30' title="bbox 1834 1674 3404 1752">
     <span class='ocr_line' id='line_1_30' title="bbox 1834 1674 3404 1752; baseline -0.005 -18"><span class='ocrx_word' id='word_1_160' title='bbox 1834 1691 1965 1752; x_wconf 91' lang='lat' dir='ltr'><strong>punt</strong></span> <span class='ocrx_word' id='word_1_161' title='bbox 2008 1697 2170 1752; x_wconf 69' lang='lat' dir='ltr'><strong>curae,</strong></span> <span class='ocrx_word' id='word_1_162' title='bbox 2204 1694 2334 1749; x_wconf 87' lang='lat' dir='ltr'><strong>quas</strong></span> <span class='ocrx_word' id='word_1_163' title='bbox 2373 1677 2564 1732; x_wconf 86' lang='lat' dir='ltr'><strong>officiis</strong></span> <span class='ocrx_word' id='word_1_164' title='bbox 2611 1676 2959 1730; x_wconf 84' lang='lat' dir='ltr'><strong>familiaribus</strong></span> <span class='ocrx_word' id='word_1_165' title='bbox 2996 1674 3165 1728; x_wconf 85' lang='lat' dir='ltr'><strong>tenuis</strong></span> <span class='ocrx_word' id='word_1_166' title='bbox 3215 1675 3404 1740; x_wconf 73' lang='lat' dir='ltr'><strong>patria:</strong></span> 
     </span>
    </p>
   </div>
   <div class='ocr_carea' id='block_1_31' title="bbox 1839 1765 3401 1840">
    <p class='ocr_par' dir='ltr' id='par_1_31' title="bbox 1839 1765 3401 1840">
     <span class='ocr_line' id='line_1_31' title="bbox 1839 1765 3401 1840; baseline -0.003 -18"><span class='ocrx_word' id='word_1_167' title='bbox 1839 1773 2012 1826; x_wconf 75' lang='lat' dir='ltr'><strong>victus</strong></span> <span class='ocrx_word' id='word_1_168' title='bbox 2032 1772 2271 1840; x_wconf 87' lang='lat' dir='ltr'><strong>opponit.</strong></span> <span class='ocrx_word' id='word_1_169' title='bbox 2307 1770 2414 1824; x_wconf 84' lang='lat' dir='ltr'><strong>Ero</strong></span> <span class='ocrx_word' id='word_1_170' title='bbox 2440 1770 2578 1836; x_wconf 83' lang='lat' dir='ltr'><strong>apud</strong></span> <span class='ocrx_word' id='word_1_171' title='bbox 2611 1776 2663 1822; x_wconf 89' lang='lat' dir='ltr'><strong>te</strong></span> <span class='ocrx_word' id='word_1_172' title='bbox 2691 1765 2911 1836; x_wconf 84' lang='lat' dir='ltr'><strong>posthac</strong></span> <span class='ocrx_word' id='word_1_173' title='bbox 2951 1765 3239 1833; x_wconf 72' lang='lat' dir='ltr'><strong>loquacior,</strong></span> <span class='ocrx_word' id='word_1_174' title='bbox 3281 1778 3401 1818; x_wconf 87' lang='lat' dir='ltr'><strong>cum</strong></span> 
     </span>
    </p>
   </div>
   <div class='ocr_carea' id='block_1_32' title="bbox 149 1856 3403 1938">
    <p class='ocr_par' dir='ltr' id='par_1_32' title="bbox 149 1856 3403 1938">
     <span class='ocr_line' id='line_1_32' title="bbox 149 1856 3403 1938; baseline -0.006 -7"><span class='ocrx_word' id='word_1_175' title='bbox 149 1889 380 1931; x_wconf 87' lang='lat' dir='ltr'><strong>securus</strong></span> <span class='ocrx_word' id='word_1_176' title='bbox 419 1871 805 1928; x_wconf 86' lang='lat' dir='ltr'><strong>oratiunculam</strong></span> <span class='ocrx_word' id='word_1_177' title='bbox 836 1882 994 1938; x_wconf 89' lang='lat' dir='ltr'><strong>quam</strong></span> <span class='ocrx_word' id='word_1_178' title='bbox 1041 1865 1280 1935; x_wconf 80' lang='lat' dir='ltr'><strong>proxime</strong></span> <span class='ocrx_word' id='word_1_179' title='bbox 1330 1863 1382 1915; x_wconf 89' lang='lat' dir='ltr'><strong>in</strong></span> <span class='ocrx_word' id='word_1_180' title='bbox 1428 1870 1616 1916; x_wconf 66' lang='lat' dir='ltr'><strong>senatu</strong></span> <span class='ocrx_word' id='word_1_181' title='bbox 1643 1862 1738 1914; x_wconf 70' lang='grc' dir='ltr'><strong>ιη·</strong></span> <span class='ocrx_word' id='word_1_182' title='bbox 1766 1861 1813 1922; x_wconf 88' lang='grc' dir='ltr'><strong>Β</strong></span> <span class='ocrx_word' id='word_1_183' title='bbox 1843 1864 2093 1920; x_wconf 71' lang='grc' dir='ltr'><strong>ιονῐονθι-ἰι</strong></span> <span class='ocrx_word' id='word_1_184' title='bbox 2126 1863 2359 1917; x_wconf 87' lang='lat' dir='ltr'><strong>studium</strong></span> <span class='ocrx_word' id='word_1_185' title='bbox 2389 1877 2564 1916; x_wconf 87' lang='lat' dir='ltr'><strong>meum</strong></span> <span class='ocrx_word' id='word_1_186' title='bbox 2593 1861 2670 1915; x_wconf 86' lang='lat' dir='ltr'><strong>rei</strong></span> <span class='ocrx_word' id='word_1_187' title='bbox 2712 1857 3076 1914; x_wconf 77' lang='lat' dir='ltr'><strong>frumentaria:</strong></span> <span class='ocrx_word' id='word_1_188' title='bbox 3114 1856 3403 1914; x_wconf 76' lang='lat' dir='ltr'><strong>instaurata</strong></span> 
     </span>
    </p>
   </div>
   <div class='ocr_carea' id='block_1_33' title="bbox 151 1953 1732 2031">
    <p class='ocr_par' dir='ltr' id='par_1_33' title="bbox 151 1953 1732 2031">
     <span class='ocr_line' id='line_1_33' title="bbox 151 1953 1732 2031; baseline -0.01 -9"><span class='ocrx_word' id='word_1_189' title='bbox 151 1968 266 2031; x_wconf 90' lang='lat' dir='ltr'><strong>bui,</strong></span> <span class='ocrx_word' id='word_1_190' title='bbox 297 1967 364 2018; x_wconf 88' lang='lat' dir='ltr'><strong>ad</strong></span> <span class='ocrx_word' id='word_1_191' title='bbox 395 1974 448 2020; x_wconf 87' lang='lat' dir='ltr'><strong>te</strong></span> <span class='ocrx_word' id='word_1_192' title='bbox 470 1964 621 2028; x_wconf 90' lang='lat' dir='ltr'><strong>misi;</strong></span> <span class='ocrx_word' id='word_1_193' title='bbox 653 1963 721 2017; x_wconf 90' lang='lat' dir='ltr'><strong>de</strong></span> <span class='ocrx_word' id='word_1_194' title='bbox 748 1975 852 2030; x_wconf 87' lang='lat' dir='ltr'><strong>qua</strong></span> <span class='ocrx_word' id='word_1_195' title='bbox 877 1959 1148 2014; x_wconf 91' lang='lat' dir='ltr'><strong>dominum</strong></span> <span class='ocrx_word' id='word_1_196' title='bbox 1181 1969 1356 2010; x_wconf 88' lang='lat' dir='ltr'><strong>meum</strong></span> <span class='ocrx_word' id='word_1_197' title='bbox 1387 1953 1600 2007; x_wconf 86' lang='lat' dir='ltr'><strong>fratrem</strong></span> <span class='ocrx_word' id='word_1_198' title='bbox 1633 1967 1732 2006; x_wconf 88' lang='lat' dir='ltr'><strong>no-</strong></span> 
     </span>
    </p>
   </div>
   <div class='ocr_carea' id='block_1_34' title="bbox 151 2045 1734 2120">
    <p class='ocr_par' dir='ltr' id='par_1_34' title="bbox 151 2045 1734 2120">
     <span class='ocr_line' id='line_1_34' title="bbox 151 2045 1734 2120; baseline -0.011 -8"><span class='ocrx_word' id='word_1_199' title='bbox 151 2068 331 2112; x_wconf 90' lang='lat' dir='ltr'><strong>strum</strong></span> <span class='ocrx_word' id='word_1_200' title='bbox 366 2056 667 2109; x_wconf 88' lang='lat' dir='ltr'><strong>Carterium</strong></span> <span class='ocrx_word' id='word_1_201' title='bbox 708 2065 880 2107; x_wconf 88' lang='lat' dir='ltr'><strong>tecum</strong></span> <span class='ocrx_word' id='word_1_202' title='bbox 934 2050 1087 2120; x_wconf 81' lang='lat' dir='ltr'><strong>plene</strong></span> <span class='ocrx_word' id='word_1_203' title='bbox 1129 2047 1360 2102; x_wconf 84' lang='lat' dir='ltr'><strong>arbitror</strong></span> <span class='ocrx_word' id='word_1_204' title='bbox 1385 2045 1734 2099; x_wconf 90' lang='lat' dir='ltr'><strong>collocutum.</strong></span> 
     </span>
    </p>
   </div>
   <div class='ocr_carea' id='block_1_35' title="bbox 151 2133 1737 2216">
    <p class='ocr_par' dir='ltr' id='par_1_35' title="bbox 151 2133 1737 2216">
     <span class='ocr_line' id='line_1_35' title="bbox 151 2133 1737 2216; baseline -0.009 -14"><span class='ocrx_word' id='word_1_205' title='bbox 151 2148 291 2202; x_wconf 80' lang='lat' dir='ltr'><strong>Nam</strong></span> <span class='ocrx_word' id='word_1_206' title='bbox 324 2145 564 2216; x_wconf 88' lang='lat' dir='ltr'><strong>petitioni</strong></span> <span class='ocrx_word' id='word_1_207' title='bbox 611 2153 808 2198; x_wconf 66' lang='lat' dir='ltr'><strong>nostra:</strong></span> <span class='ocrx_word' id='word_1_208' title='bbox 837 2141 1050 2196; x_wconf 88' lang='lat' dir='ltr'><strong>auditor</strong></span> <span class='ocrx_word' id='word_1_209' title='bbox 1091 2137 1348 2194; x_wconf 84' lang='lat' dir='ltr'><strong>interfuit.</strong></span> <span class='ocrx_word' id='word_1_210' title='bbox 1384 2136 1448 2190; x_wconf 88' lang='lat' dir='ltr'><strong>Et</strong></span> <span class='ocrx_word' id='word_1_211' title='bbox 1493 2133 1737 2206; x_wconf 76' lang='lat' dir='ltr'><strong>quamvis</strong></span> 
     </span>
    </p>
   </div>
   <div class='ocr_carea' id='block_1_36' title="bbox 154 2228 1734 2300">
    <p class='ocr_par' dir='ltr' id='par_1_36' title="bbox 154 2228 1734 2300">
     <span class='ocr_line' id='line_1_36' title="bbox 154 2228 1734 2300; baseline -0.009 -7"><span class='ocrx_word' id='word_1_212' title='bbox 154 2240 326 2293; x_wconf 86' lang='lat' dir='ltr'><strong>totius</strong></span> <span class='ocrx_word' id='word_1_213' title='bbox 362 2237 566 2291; x_wconf 90' lang='lat' dir='ltr'><strong>ordinis</strong></span> <span class='ocrx_word' id='word_1_214' title='bbox 605 2235 838 2290; x_wconf 89' lang='lat' dir='ltr'><strong>secunda</strong></span> <span class='ocrx_word' id='word_1_215' title='bbox 886 2233 1134 2300; x_wconf 73' lang='lat' dir='ltr'><strong>suffragia</strong></span> <span class='ocrx_word' id='word_1_216' title='bbox 1178 2230 1404 2298; x_wconf 66' lang='lat' dir='ltr'><strong>coepisse</strong></span> <span class='ocrx_word' id='word_1_217' title='bbox 1439 2228 1734 2293; x_wconf 88' lang='lat' dir='ltr'><strong>videamur,</strong></span> 
     </span>
    </p>
   </div>
   <div class='ocr_carea' id='block_1_37' title="bbox 155 2319 1734 2385">
    <p class='ocr_par' dir='ltr' id='par_1_37' title="bbox 155 2319 1734 2385">
     <span class='ocr_line' id='line_1_37' title="bbox 155 2319 1734 2385; baseline -0.009 -2"><span class='ocrx_word' id='word_1_218' title='bbox 155 2331 212 2383; x_wconf 85' lang='lat' dir='ltr'><strong>in</strong></span> <span class='ocrx_word' id='word_1_219' title='bbox 260 2341 316 2385; x_wconf 87' lang='lat' dir='ltr'><strong>te</strong></span> <span class='ocrx_word' id='word_1_220' title='bbox 358 2344 477 2382; x_wconf 89' lang='lat' dir='ltr'><strong>uno-</strong></span> <span class='ocrx_word' id='word_1_221' title='bbox 509 2339 684 2382; x_wconf 87' lang='lat' dir='ltr'><strong>tamen</strong></span> <span class='ocrx_word' id='word_1_222' title='bbox 723 2341 987 2383; x_wconf 83' lang='lat' dir='ltr'><strong>summam</strong></span> <span class='ocrx_word' id='word_1_223' title='bbox 1041 2321 1335 2378; x_wconf 87' lang='lat' dir='ltr'><strong>testimonii</strong></span> <span class='ocrx_word' id='word_1_224' title='bbox 1387 2319 1734 2373; x_wconf 81' lang='lat' dir='ltr'><strong>collocamus.</strong></span> 
     </span>
    </p>
   </div>
   <div class='ocr_carea' id='block_1_38' title="bbox 158 2410 1738 2492">
    <p class='ocr_par' dir='ltr' id='par_1_38' title="bbox 158 2410 1738 2492">
     <span class='ocr_line' id='line_1_38' title="bbox 158 2410 1738 2492; baseline -0.009 -13"><span class='ocrx_word' id='word_1_225' title='bbox 158 2424 350 2479; x_wconf 78' lang='lat' dir='ltr'><strong>Facito</strong></span> <span class='ocrx_word' id='word_1_226' title='bbox 371 2424 533 2492; x_wconf 78' lang='lat' dir='ltr'><strong>igitur</strong></span> <span class='ocrx_word' id='word_1_227' title='bbox 561 2437 646 2477; x_wconf 88' lang='lat' dir='ltr'><strong>me</strong></span> <span class='ocrx_word' id='word_1_228' title='bbox 669 2432 874 2476; x_wconf 87' lang='lat' dir='ltr'><strong>certum</strong></span> <span class='ocrx_word' id='word_1_229' title='bbox 897 2419 1176 2473; x_wconf 65' lang='lat' dir='ltr'><strong>sententiae</strong></span> <span class='ocrx_word' id='word_1_230' title='bbox 1200 2425 1322 2479; x_wconf 71' lang='lat' dir='ltr'><strong>tum,</strong></span> <span class='ocrx_word' id='word_1_231' title='bbox 1349 2423 1401 2469; x_wconf 91' lang='lat' dir='ltr'><strong>et</strong></span> <span class='ocrx_word' id='word_1_232' title='bbox 1427 2412 1586 2468; x_wconf 93' lang='lat' dir='ltr'><strong>simul</strong></span> <span class='ocrx_word' id='word_1_233' title='bbox 1611 2410 1738 2480; x_wconf 90' lang='lat' dir='ltr'><strong>quid</strong></span> 
     </span>
    </p>
   </div>
   <div class='ocr_carea' id='block_1_39' title="bbox 157 2502 1742 2585">
    <p class='ocr_par' dir='ltr' id='par_1_39' title="bbox 157 2502 1742 2585">
     <span class='ocr_line' id='line_1_39' title="bbox 157 2502 1742 2585; baseline -0.01 -16"><span class='ocrx_word' id='word_1_234' title='bbox 157 2531 345 2570; x_wconf 86' lang='lat' dir='ltr'><strong>rerum</strong></span> <span class='ocrx_word' id='word_1_235' title='bbox 375 2529 531 2585; x_wconf 82' lang='lat' dir='ltr'><strong>geras</strong></span> <span class='ocrx_word' id='word_1_236' title='bbox 559 2513 728 2583; x_wconf 84' lang='lat' dir='ltr'><strong>pande</strong></span> <span class='ocrx_word' id='word_1_237' title='bbox 758 2511 992 2580; x_wconf 89' lang='lat' dir='ltr'><strong>cupienti</strong></span> <span class='ocrx_word' id='word_1_238' title='bbox 1026 2527 1040 2562; x_wconf 87' lang='lat'>:</span> <span class='ocrx_word' id='word_1_239' title='bbox 1068 2516 1128 2562; x_wconf 95' lang='lat' dir='ltr'><strong>ut</strong></span> <span class='ocrx_word' id='word_1_240' title='bbox 1167 2507 1305 2577; x_wconf 84' lang='lat' dir='ltr'><strong>quod</strong></span> <span class='ocrx_word' id='word_1_241' title='bbox 1335 2521 1398 2560; x_wconf 90' lang='lat' dir='ltr'><strong>ex</strong></span> <span class='ocrx_word' id='word_1_242' title='bbox 1444 2505 1578 2585; x_wconf 84' lang='lat' dir='ltr'><strong>meis</strong></span> <span class='ocrx_word' id='word_1_243' title='bbox 1608 2502 1742 2558; x_wconf 85' lang='lat' dir='ltr'><strong>acti-</strong></span> 
     </span>
    </p>
   </div>
   <div class='ocr_carea' id='block_1_40' title="bbox 157 2580 1741 2674">
    <p class='ocr_par' dir='ltr' id='par_1_40' title="bbox 157 2580 1741 2674">
     <span class='ocr_line' id='line_1_40' title="bbox 157 2580 1741 2674; baseline -0.008 -12"><span class='ocrx_word' id='word_1_244' title='bbox 157 2610 264 2662; x_wconf 73' lang='lat' dir='ltr'><strong>bos</strong></span> <span class='ocrx_word' id='word_1_245' title='bbox 287 2606 586 2674; x_wconf 83' lang='lat' dir='ltr'><strong>voluptatis</strong></span> <span class='ocrx_word' id='word_1_246' title='bbox 611 2605 863 2674; x_wconf 86' lang='lat' dir='ltr'><strong>accipies,</strong></span> <span class='ocrx_word' id='word_1_247' title='bbox 907 2615 1116 2657; x_wconf 89' lang='lat' dir='ltr'><strong>tuorum</strong></span> <span class='ocrx_word' id='word_1_248' title='bbox 1163 2609 1344 2655; x_wconf 80' lang='lat' dir='ltr'><strong>mutua</strong></span> <span class='ocrx_word' id='word_1_249' title='bbox 1383 2580 1741 2653; x_wconf 80' lang='lat' dir='ltr'><strong>insinuatione</strong></span> 
     </span>
    </p>
   </div>
   <div class='ocr_carea' id='block_1_41' title="bbox 155 2698 691 2771">
    <p class='ocr_par' dir='ltr' id='par_1_41' title="bbox 155 2698 691 2771">
     <span class='ocr_line' id='line_1_41' title="bbox 155 2698 691 2771; baseline -0.006 -15"><span class='ocrx_word' id='word_1_250' title='bbox 155 2715 508 2771; x_wconf 87' lang='lat' dir='ltr'><strong>compenses.</strong></span> <span class='ocrx_word' id='word_1_251' title='bbox 540 2698 691 2754; x_wconf 83' lang='lat' dir='ltr'><strong>Vale.</strong></span> 
     </span>
    </p>
   </div>
   <div class='ocr_carea' id='block_1_42' title="bbox 666 2785 1180 2844">
    <p class='ocr_par' dir='ltr' id='par_1_42' title="bbox 666 2785 1180 2844">
     <span class='ocr_line' id='line_1_42' title="bbox 666 2785 1180 2844; baseline -0.01 -1"><span class='ocrx_word' id='word_1_252' title='bbox 666 2785 670 2788; x_wconf 36' lang='grc'><em>⁴</em></span> <span class='ocrx_word' id='word_1_253' title='bbox 742 2787 958 2844; x_wconf 81' lang='lat' dir='ltr'><strong>EPIST.</strong></span> <span class='ocrx_word' id='word_1_254' title='bbox 1001 2785 1180 2842; x_wconf 78' lang='lat' dir='ltr'><strong>XLIV.</strong></span> 
     </span>
    </p>
   </div>
   <div class='ocr_carea' id='block_1_43' title="bbox 648 2890 1268 2935">
    <p class='ocr_par' dir='ltr' id='par_1_43' title="bbox 648 2890 1268 2935">
     <span class='ocr_line' id='line_1_43' title="bbox 648 2890 1268 2935; baseline -0.011 0"><span class='ocrx_word' id='word_1_255' title='bbox 648 2894 955 2935; x_wconf 65' lang='lat' dir='ltr'><strong>SVIIACIIUB</strong></span> <span class='ocrx_word' id='word_1_256' title='bbox 981 2890 1268 2932; x_wconf 71' lang='lat' dir='ltr'><strong>NEOTERIO.</strong></span> 
     </span>
    </p>
   </div>
   <div class='ocr_carea' id='block_1_44' title="bbox 236 2957 1746 3036">
    <p class='ocr_par' dir='ltr' id='par_1_44' title="bbox 236 2957 1746 3036">
     <span class='ocr_line' id='line_1_44' title="bbox 236 2957 1746 3036; baseline -0.009 -10"><span class='ocrx_word' id='word_1_257' title='bbox 236 2969 566 3026; x_wconf 68' lang='lat' dir='ltr'><strong>Dissimulati</strong></span> <span class='ocrx_word' id='word_1_258' title='bbox 590 2971 750 3024; x_wconf 82' lang='lat' dir='ltr'><strong>officii</strong></span> <span class='ocrx_word' id='word_1_259' title='bbox 768 2969 1141 3036; x_wconf 74' lang='lat' dir='ltr'><strong>objurgatione</strong></span> <span class='ocrx_word' id='word_1_260' title='bbox 1163 2962 1423 3020; x_wconf 89' lang='lat' dir='ltr'><strong>morderis</strong></span> <span class='ocrx_word' id='word_1_261' title='bbox 1451 2961 1504 3017; x_wconf 92' lang='lat' dir='ltr'><strong>in</strong></span> <span class='ocrx_word' id='word_1_262' title='bbox 1523 2957 1746 3028; x_wconf 87' lang='lat' dir='ltr'><strong>epistola</strong></span> 
     </span>
    </p>
   </div>
   <div class='ocr_carea' id='block_1_45' title="bbox 159 3048 1749 3128">
    <p class='ocr_par' dir='ltr' id='par_1_45' title="bbox 159 3048 1749 3128">
     <span class='ocr_line' id='line_1_45' title="bbox 159 3048 1749 3128; baseline -0.007 -16"><span class='ocrx_word' id='word_1_263' title='bbox 159 3059 470 3124; x_wconf 81' lang='lat' dir='ltr'><strong>blandiore,</strong></span> <span class='ocrx_word' id='word_1_264' title='bbox 497 3074 598 3128; x_wconf 90' lang='lat' dir='ltr'><strong>qua</strong></span> <span class='ocrx_word' id='word_1_265' title='bbox 631 3060 724 3111; x_wconf 89' lang='lat' dir='ltr'><strong>tibi</strong></span> <span class='ocrx_word' id='word_1_266' title='bbox 754 3057 933 3112; x_wconf 88' lang='lat' dir='ltr'><strong>refero</strong></span> <span class='ocrx_word' id='word_1_267' title='bbox 962 3057 1184 3125; x_wconf 80' lang='lat' dir='ltr'><strong>gratiam</strong></span> <span class='ocrx_word' id='word_1_268' title='bbox 1217 3050 1482 3108; x_wconf 84' lang='lat' dir='ltr'><strong>sermonis</strong></span> <span class='ocrx_word' id='word_1_269' title='bbox 1501 3048 1706 3116; x_wconf 78' lang='lat' dir='ltr'><strong>accepti</strong></span> <span class='ocrx_word' id='word_1_270' title='bbox 1730 3089 1749 3116; x_wconf 85' lang='lat'><strong>,</strong></span> 
     </span>
    </p>
   </div>
   <div class='ocr_carea' id='block_1_46' title="bbox 163 3141 1749 3218">
    <p class='ocr_par' dir='ltr' id='par_1_46' title="bbox 163 3141 1749 3218">
     <span class='ocr_line' id='line_1_46' title="bbox 163 3141 1749 3218; baseline -0.007 -15"><span class='ocrx_word' id='word_1_271' title='bbox 163 3152 296 3204; x_wconf 64' lang='lat' dir='ltr'><strong>licet</strong></span> <span class='ocrx_word' id='word_1_272' title='bbox 324 3150 616 3218; x_wconf 83' lang='lat' dir='ltr'><strong>cegitarem</strong></span> <span class='ocrx_word' id='word_1_273' title='bbox 644 3147 731 3202; x_wconf 92' lang='lat' dir='ltr'><strong>illa</strong></span> <span class='ocrx_word' id='word_1_274' title='bbox 763 3148 936 3216; x_wconf 88' lang='lat' dir='ltr'><strong>potius</strong></span> <span class='ocrx_word' id='word_1_275' title='bbox 969 3144 1137 3199; x_wconf 89' lang='lat' dir='ltr'><strong>amica</strong></span> <span class='ocrx_word' id='word_1_276' title='bbox 1165 3157 1284 3198; x_wconf 82' lang='lat' dir='ltr'><strong>esse</strong></span> <span class='ocrx_word' id='word_1_277' title='bbox 1317 3141 1600 3210; x_wconf 88' lang='lat' dir='ltr'><strong>colloquia,</strong></span> <span class='ocrx_word' id='word_1_278' title='bbox 1629 3152 1749 3207; x_wconf 70' lang='lat' dir='ltr'><strong>qua:</strong></span> 
     </span>
    </p>
   </div>
   <div class='ocr_carea' id='block_1_47' title="bbox 165 3224 1820 3313">
    <p class='ocr_par' dir='ltr' id='par_1_47' title="bbox 165 3224 1820 3313">
     <span class='ocr_line' id='line_1_47' title="bbox 165 3224 1820 3313; baseline -0.008 -15"><span class='ocrx_word' id='word_1_279' title='bbox 165 3255 368 3313; x_wconf 76' lang='lat' dir='ltr'><strong>sponte</strong></span> <span class='ocrx_word' id='word_1_280' title='bbox 395 3245 735 3297; x_wconf 85' lang='lat' dir='ltr'><strong>tribuuntur:</strong></span> <span class='ocrx_word' id='word_1_281' title='bbox 765 3251 820 3295; x_wconf 94' lang='lat' dir='ltr'><strong>at</strong></span> <span class='ocrx_word' id='word_1_282' title='bbox 863 3241 915 3295; x_wconf 90' lang='lat' dir='ltr'><strong>in</strong></span> <span class='ocrx_word' id='word_1_283' title='bbox 956 3237 1314 3308; x_wconf 87' lang='lat' dir='ltr'><strong>respondente</strong></span> <span class='ocrx_word' id='word_1_284' title='bbox 1355 3232 1547 3288; x_wconf 89' lang='lat' dir='ltr'><strong>referri</strong></span> <span class='ocrx_word' id='word_1_285' title='bbox 1582 3230 1746 3299; x_wconf 85' lang='lat' dir='ltr'><strong>magis</strong></span> <span class='ocrx_word' id='word_1_286' title='bbox 1773 3224 1820 3288; x_wconf 82' lang='lat' dir='ltr'><strong><em>C</em></strong></span> 
     </span>
    </p>
   </div>
   <div class='ocr_carea' id='block_1_48' title="bbox 166 3324 1748 3405">
    <p class='ocr_par' dir='ltr' id='par_1_48' title="bbox 166 3324 1748 3405">
     <span class='ocr_line' id='line_1_48' title="bbox 166 3324 1748 3405; baseline -0.011 -10"><span class='ocrx_word' id='word_1_287' title='bbox 166 3342 535 3394; x_wconf 70' lang='lat' dir='ltr'><strong>necessariam</strong></span> <span class='ocrx_word' id='word_1_288' title='bbox 575 3338 750 3391; x_wconf 82' lang='lat' dir='ltr'><strong>vicem</strong></span> <span class='ocrx_word' id='word_1_289' title='bbox 780 3349 938 3405; x_wconf 90' lang='lat' dir='ltr'><strong>quam</strong></span> <span class='ocrx_word' id='word_1_290' title='bbox 981 3331 1181 3386; x_wconf 89' lang='lat' dir='ltr'><strong>deferri</strong></span> <span class='ocrx_word' id='word_1_291' title='bbox 1224 3337 1570 3400; x_wconf 89' lang='lat' dir='ltr'><strong>spontancam</strong></span> <span class='ocrx_word' id='word_1_292' title='bbox 1615 3324 1748 3379; x_wconf 87' lang='lat' dir='ltr'><strong>scri-</strong></span> 
     </span>
    </p>
   </div>
   <div class='ocr_carea' id='block_1_49' title="bbox 167 3416 1751 3500">
    <p class='ocr_par' dir='ltr' id='par_1_49' title="bbox 167 3416 1751 3500">
     <span class='ocr_line' id='line_1_49' title="bbox 167 3416 1751 3500; baseline -0.009 -16"><span class='ocrx_word' id='word_1_293' title='bbox 167 3433 434 3500; x_wconf 85' lang='lat' dir='ltr'><strong>ptionem.</strong></span> <span class='ocrx_word' id='word_1_294' title='bbox 468 3431 579 3499; x_wconf 83' lang='lat' dir='ltr'><strong>Ego</strong></span> <span class='ocrx_word' id='word_1_295' title='bbox 606 3439 784 3484; x_wconf 89' lang='lat' dir='ltr'><strong>tamen</strong></span> <span class='ocrx_word' id='word_1_296' title='bbox 824 3428 897 3482; x_wconf 91' lang='lat' dir='ltr'><strong>ita</strong></span> <span class='ocrx_word' id='word_1_297' title='bbox 932 3425 1152 3479; x_wconf 86' lang='lat' dir='ltr'><strong>affectus</strong></span> <span class='ocrx_word' id='word_1_298' title='bbox 1183 3437 1300 3476; x_wconf 88' lang='lat' dir='ltr'><strong>sum</strong></span> <span class='ocrx_word' id='word_1_299' title='bbox 1347 3419 1538 3474; x_wconf 85' lang='lat' dir='ltr'><strong>litteris</strong></span> <span class='ocrx_word' id='word_1_300' title='bbox 1566 3416 1751 3487; x_wconf 85' lang='lat' dir='ltr'><strong>proxi-</strong></span> 
     </span>
    </p>
   </div>
   <div class='ocr_carea' id='block_1_50' title="bbox 167 3511 1750 3588">
    <p class='ocr_par' dir='ltr' id='par_1_50' title="bbox 167 3511 1750 3588">
     <span class='ocr_line' id='line_1_50' title="bbox 167 3511 1750 3588; baseline -0.011 -11"><span class='ocrx_word' id='word_1_301' title='bbox 167 3524 296 3588; x_wconf 84' lang='lat' dir='ltr'><strong>mis,</strong></span> <span class='ocrx_word' id='word_1_302' title='bbox 328 3532 386 3576; x_wconf 92' lang='lat' dir='ltr'><strong>ut</strong></span> <span class='ocrx_word' id='word_1_303' title='bbox 405 3527 612 3576; x_wconf 85' lang='lat' dir='ltr'><strong>nescire</strong></span> <span class='ocrx_word' id='word_1_304' title='bbox 651 3535 740 3574; x_wconf 87' lang='lat' dir='ltr'><strong>me</strong></span> <span class='ocrx_word' id='word_1_305' title='bbox 784 3517 956 3572; x_wconf 73' lang='lat' dir='ltr'><strong>fati-ar</strong></span> <span class='ocrx_word' id='word_1_306' title='bbox 984 3513 1281 3571; x_wconf 77' lang='lat' dir='ltr'><strong>reddideris</strong></span> <span class='ocrx_word' id='word_1_307' title='bbox 1319 3511 1420 3565; x_wconf 88' lang='lat' dir='ltr'><strong>hoc</strong></span> <span class='ocrx_word' id='word_1_308' title='bbox 1454 3522 1651 3562; x_wconf 87' lang='lat' dir='ltr'><strong>munus</strong></span> <span class='ocrx_word' id='word_1_309' title='bbox 1682 3521 1750 3561; x_wconf 91' lang='lat' dir='ltr'><strong>an</strong></span> 
     </span>
    </p>
   </div>
   <div class='ocr_carea' id='block_1_51' title="bbox 167 3598 1754 3680">
    <p class='ocr_par' dir='ltr' id='par_1_51' title="bbox 167 3598 1754 3680">
     <span class='ocr_line' id='line_1_51' title="bbox 167 3598 1754 3680; baseline -0.008 -15"><span class='ocrx_word' id='word_1_310' title='bbox 167 3613 413 3668; x_wconf 81' lang='lat' dir='ltr'><strong>dederis.</strong></span> <span class='ocrx_word' id='word_1_311' title='bbox 452 3613 644 3667; x_wconf 84' lang='lat' dir='ltr'><strong>Verum</strong></span> <span class='ocrx_word' id='word_1_312' title='bbox 675 3612 847 3680; x_wconf 90' lang='lat' dir='ltr'><strong>cogita</strong></span> <span class='ocrx_word' id='word_1_313' title='bbox 887 3609 1010 3678; x_wconf 89' lang='lat' dir='ltr'><strong>quid</strong></span> <span class='ocrx_word' id='word_1_314' title='bbox 1040 3607 1247 3678; x_wconf 69' lang='lat' dir='ltr'><strong>pagina:</strong></span> <span class='ocrx_word' id='word_1_315' title='bbox 1277 3614 1380 3658; x_wconf 74' lang='lat' dir='ltr'><strong>tum</strong></span> <span class='ocrx_word' id='word_1_316' title='bbox 1407 3598 1754 3667; x_wconf 74' lang='lat' dir='ltr'><strong>iucunditatis</strong></span> 
     </span>
    </p>
   </div>
   <div class='ocr_carea' id='block_1_52' title="bbox 170 3695 1752 3773">
    <p class='ocr_par' dir='ltr' id='par_1_52' title="bbox 170 3695 1752 3773">
     <span class='ocr_line' id='line_1_52' title="bbox 170 3695 1752 3773; baseline -0.009 -14"><span class='ocrx_word' id='word_1_317' title='bbox 170 3707 443 3760; x_wconf 73' lang='lat' dir='ltr'><strong>habitune</strong></span> <span class='ocrx_word' id='word_1_318' title='bbox 473 3706 599 3768; x_wconf 86' lang='lat' dir='ltr'><strong>sint,</strong></span> <span class='ocrx_word' id='word_1_319' title='bbox 627 3717 761 3773; x_wconf 89' lang='lat' dir='ltr'><strong>quas</strong></span> <span class='ocrx_word' id='word_1_320' title='bbox 801 3717 904 3756; x_wconf 91' lang='lat' dir='ltr'><strong>non</strong></span> <span class='ocrx_word' id='word_1_321' title='bbox 955 3701 1260 3756; x_wconf 80' lang='lat' dir='ltr'><strong>admonitus</strong></span> <span class='ocrx_word' id='word_1_322' title='bbox 1295 3695 1601 3756; x_wconf 86' lang='lat' dir='ltr'><strong>exhibebis;</strong></span> <span class='ocrx_word' id='word_1_323' title='bbox 1632 3706 1752 3745; x_wconf 91' lang='lat' dir='ltr'><strong>cum</strong></span> 
     </span>
    </p>
   </div>
   <div class='ocr_carea' id='block_1_53' title="bbox 170 3781 1757 3866">
    <p class='ocr_par' dir='ltr' id='par_1_53' title="bbox 170 3781 1757 3866">
     <span class='ocr_line' id='line_1_53' title="bbox 170 3781 1757 3866; baseline -0.009 -15"><span class='ocrx_word' id='word_1_324' title='bbox 170 3800 260 3851; x_wconf 75' lang='lat' dir='ltr'><strong>lue</strong></span> <span class='ocrx_word' id='word_1_325' title='bbox 290 3812 502 3866; x_wconf 85' lang='lat' dir='ltr'><strong>quoque</strong></span> <span class='ocrx_word' id='word_1_326' title='bbox 530 3797 660 3850; x_wconf 90' lang='lat' dir='ltr'><strong>mihi</strong></span> <span class='ocrx_word' id='word_1_327' title='bbox 690 3793 974 3851; x_wconf 85' lang='lat' dir='ltr'><strong>admodum</strong></span> <span class='ocrx_word' id='word_1_328' title='bbox 1004 3803 1170 3862; x_wconf 69' lang='lat' dir='ltr'><strong>gratae</strong></span> <span class='ocrx_word' id='word_1_329' title='bbox 1187 3791 1314 3857; x_wconf 89' lang='lat' dir='ltr'><strong>sint,</strong></span> <span class='ocrx_word' id='word_1_330' title='bbox 1342 3801 1475 3859; x_wconf 90' lang='lat' dir='ltr'><strong>quas</strong></span> <span class='ocrx_word' id='word_1_331' title='bbox 1504 3781 1757 3854; x_wconf 81' lang='lat' dir='ltr'><strong>rependis</strong></span> 
     </span>
    </p>
   </div>
   <div class='ocr_carea' id='block_1_54' title="bbox 170 3886 659 3944">
    <p class='ocr_par' dir='ltr' id='par_1_54' title="bbox 170 3886 659 3944">
     <span class='ocr_line' id='line_1_54' title="bbox 170 3886 659 3944; baseline -0.006 -1"><span class='ocrx_word' id='word_1_332' title='bbox 170 3905 250 3944; x_wconf 72' lang='lat' dir='ltr'><strong>ex</strong></span> <span class='ocrx_word' id='word_1_333' title='bbox 271 3889 480 3943; x_wconf 71' lang='lat' dir='ltr'><strong>debito.</strong></span> <span class='ocrx_word' id='word_1_334' title='bbox 503 3886 659 3942; x_wconf 87' lang='lat' dir='ltr'><strong>Vale.</strong></span> 
     </span>
    </p>
   </div>
   <div class='ocr_carea' id='block_1_55' title="bbox 767 3973 1182 4033">
    <p class='ocr_par' dir='ltr' id='par_1_55' title="bbox 767 3973 1182 4033">
     <span class='ocr_line' id='line_1_55' title="bbox 767 3973 1182 4033; baseline -0.007 -1"><span class='ocrx_word' id='word_1_335' title='bbox 767 3976 981 4033; x_wconf 81' lang='lat' dir='ltr'><strong>EPIST.</strong></span> <span class='ocrx_word' id='word_1_336' title='bbox 1021 3973 1182 4030; x_wconf 77' lang='lat' dir='ltr'><strong>XLV.</strong></span> 
     </span>
    </p>
   </div>
   <div class='ocr_carea' id='block_1_56' title="bbox 668 4079 1284 4124">
    <p class='ocr_par' dir='ltr' id='par_1_56' title="bbox 668 4079 1284 4124">
     <span class='ocr_line' id='line_1_56' title="bbox 668 4079 1284 4124; baseline -0.011 1"><span class='ocrx_word' id='word_1_337' title='bbox 668 4082 973 4124; x_wconf 70' lang='grc' dir='ltr'><strong>εηηηοιιυς</strong></span> <span class='ocrx_word' id='word_1_338' title='bbox 1000 4079 1284 4122; x_wconf 67' lang='grc' dir='ltr'><strong>κεοτειιιο.</strong></span> 
     </span>
    </p>
   </div>
   <div class='ocr_carea' id='block_1_57' title="bbox 247 4153 1760 4232">
    <p class='ocr_par' dir='ltr' id='par_1_57' title="bbox 247 4153 1760 4232">
     <span class='ocr_line' id='line_1_57' title="bbox 247 4153 1760 4232; baseline -0.009 -12"><span class='ocrx_word' id='word_1_339' title='bbox 247 4165 411 4220; x_wconf 84' lang='lat' dir='ltr'><strong>Facis</strong></span> <span class='ocrx_word' id='word_1_340' title='bbox 436 4173 490 4218; x_wconf 90' lang='lat' dir='ltr'><strong>ut</strong></span> <span class='ocrx_word' id='word_1_341' title='bbox 521 4163 675 4219; x_wconf 90' lang='lat' dir='ltr'><strong>decet</strong></span> <span class='ocrx_word' id='word_1_342' title='bbox 709 4162 851 4232; x_wconf 90' lang='lat' dir='ltr'><strong>quod</strong></span> <span class='ocrx_word' id='word_1_343' title='bbox 886 4162 1052 4216; x_wconf 87' lang='lat' dir='ltr'><strong>utium</strong></span> <span class='ocrx_word' id='word_1_344' title='bbox 1096 4171 1273 4212; x_wconf 86' lang='lat' dir='ltr'><strong>meum</strong></span> <span class='ocrx_word' id='word_1_345' title='bbox 1303 4153 1624 4223; x_wconf 85' lang='lat' dir='ltr'><strong>scriptorum</strong></span> <span class='ocrx_word' id='word_1_346' title='bbox 1671 4165 1760 4206; x_wconf 82' lang='lat' dir='ltr'><strong>as-</strong></span> 
     </span>
    </p>
   </div>
   <div class='ocr_carea' id='block_1_58' title="bbox 173 4243 1758 4320">
    <p class='ocr_par' dir='ltr' id='par_1_58' title="bbox 173 4243 1758 4320">
     <span class='ocr_line' id='line_1_58' title="bbox 173 4243 1758 4320; baseline -0.011 -9"><span class='ocrx_word' id='word_1_347' title='bbox 173 4257 442 4311; x_wconf 72' lang='lat' dir='ltr'><strong>siduitate</strong></span> <span class='ocrx_word' id='word_1_348' title='bbox 492 4255 716 4309; x_wconf 85' lang='lat' dir='ltr'><strong>solaris:</strong></span> <span class='ocrx_word' id='word_1_349' title='bbox 748 4251 1011 4320; x_wconf 88' lang='lat' dir='ltr'><strong>siquidem</strong></span> <span class='ocrx_word' id='word_1_350' title='bbox 1051 4265 1117 4305; x_wconf 88' lang='lat' dir='ltr'><strong>ex</strong></span> <span class='ocrx_word' id='word_1_351' title='bbox 1145 4257 1237 4302; x_wconf 92' lang='lat' dir='ltr'><strong>tuo</strong></span> <span class='ocrx_word' id='word_1_352' title='bbox 1267 4260 1451 4300; x_wconf 87' lang='lat' dir='ltr'><strong>amore</strong></span> <span class='ocrx_word' id='word_1_353' title='bbox 1485 4243 1758 4310; x_wconf 67' lang='lat' dir='ltr'><strong>colijectas</strong></span> 
     </span>
    </p>
   </div>
   <div class='ocr_carea' id='block_1_59' title="bbox 170 4336 1759 4417">
    <p class='ocr_par' dir='ltr' id='par_1_59' title="bbox 170 4336 1759 4417">
     <span class='ocr_line' id='line_1_59' title="bbox 170 4336 1759 4417; baseline -0.009 -15"><span class='ocrx_word' id='word_1_354' title='bbox 170 4347 479 4417; x_wconf 88' lang='lat' dir='ltr'><strong>jucundum</strong></span> <span class='ocrx_word' id='word_1_355' title='bbox 509 4361 628 4401; x_wconf 86' lang='lat' dir='ltr'><strong>esse</strong></span> <span class='ocrx_word' id='word_1_356' title='bbox 667 4359 879 4409; x_wconf 88' lang='lat' dir='ltr'><strong>munus,</strong></span> <span class='ocrx_word' id='word_1_357' title='bbox 908 4341 1046 4410; x_wconf 87' lang='lat' dir='ltr'><strong>quod</strong></span> <span class='ocrx_word' id='word_1_358' title='bbox 1087 4356 1151 4396; x_wconf 86' lang='lat' dir='ltr'><strong>ex</strong></span> <span class='ocrx_word' id='word_1_359' title='bbox 1183 4349 1273 4394; x_wconf 91' lang='lat' dir='ltr'><strong>tuo</strong></span> <span class='ocrx_word' id='word_1_360' title='bbox 1318 4336 1653 4390; x_wconf 86' lang='lat' dir='ltr'><strong>sanctissimo</strong></span> <span class='ocrx_word' id='word_1_361' title='bbox 1695 4347 1759 4387; x_wconf 85' lang='lat' dir='ltr'><strong>ac</strong></span> 
     </span>
    </p>
   </div>
   <div class='ocr_carea' id='block_1_60' title="bbox 177 4424 1758 4507">
    <p class='ocr_par' dir='ltr' id='par_1_60' title="bbox 177 4424 1758 4507">
     <span class='ocr_line' id='line_1_60' title="bbox 177 4424 1758 4507; baseline -0.011 -11"><span class='ocrx_word' id='word_1_362' title='bbox 177 4443 460 4497; x_wconf 87' lang='lat' dir='ltr'><strong>luculento</strong></span> <span class='ocrx_word' id='word_1_363' title='bbox 483 4456 577 4494; x_wconf 86' lang='lat' dir='ltr'><strong>ore</strong></span> <span class='ocrx_word' id='word_1_364' title='bbox 604 4437 878 4507; x_wconf 84' lang='lat' dir='ltr'><strong>profluxit.</strong></span> <span class='ocrx_word' id='word_1_365' title='bbox 902 4433 1094 4488; x_wconf 81' lang='lat' dir='ltr'><strong>ltefero</strong></span> <span class='ocrx_word' id='word_1_366' title='bbox 1119 4434 1274 4502; x_wconf 88' lang='lat' dir='ltr'><strong>igitur</strong></span> <span class='ocrx_word' id='word_1_367' title='bbox 1298 4430 1465 4484; x_wconf 87' lang='lat' dir='ltr'><strong>vicem</strong></span> <span class='ocrx_word' id='word_1_368' title='bbox 1496 4427 1662 4495; x_wconf 82' lang='lat' dir='ltr'><strong>magis</strong></span> <span class='ocrx_word' id='word_1_369' title='bbox 1690 4424 1758 4478; x_wconf 91' lang='lat' dir='ltr'><strong>ad</strong></span> 
     </span>
    </p>
   </div>
   <div class='ocr_carea' id='block_1_61' title="bbox 183 4516 1757 4598">
    <p class='ocr_par' dir='ltr' id='par_1_61' title="bbox 183 4516 1757 4598">
     <span class='ocr_line' id='line_1_61' title="bbox 183 4516 1757 4598; baseline -0.01 -12"><span class='ocrx_word' id='word_1_370' title='bbox 183 4531 552 4587; x_wconf 68' lang='lat' dir='ltr'><strong>teetimonium</strong></span> <span class='ocrx_word' id='word_1_371' title='bbox 597 4529 804 4598; x_wconf 69' lang='lat' dir='ltr'><strong>gratim,</strong></span> <span class='ocrx_word' id='word_1_372' title='bbox 847 4541 1004 4596; x_wconf 82' lang='lat' dir='ltr'><strong>quam</strong></span> <span class='ocrx_word' id='word_1_373' title='bbox 1048 4523 1113 4578; x_wconf 90' lang='lat' dir='ltr'><strong>ad</strong></span> <span class='ocrx_word' id='word_1_374' title='bbox 1161 4520 1595 4591; x_wconf 72' lang='lat' dir='ltr'><strong>:eqnipuranilum</strong></span> <span class='ocrx_word' id='word_1_375' title='bbox 1641 4516 1757 4570; x_wconf 74' lang='lat' dir='ltr'><strong>offi—</strong></span> 
     </span>
    </p>
   </div>
   <div class='ocr_carea' id='block_1_62' title="bbox 178 4594 1837 4690">
    <p class='ocr_par' dir='ltr' id='par_1_62' title="bbox 178 4594 1837 4690">
     <span class='ocr_line' id='line_1_62' title="bbox 178 4594 1837 4690; baseline -0.011 -14"><span class='ocrx_word' id='word_1_376' title='bbox 178 4626 327 4676; x_wconf 86' lang='lat' dir='ltr'><strong>cium</strong></span> <span class='ocrx_word' id='word_1_377' title='bbox 356 4638 464 4689; x_wconf 84' lang='lat' dir='ltr'><strong>quo</strong></span> <span class='ocrx_word' id='word_1_378' title='bbox 487 4635 572 4675; x_wconf 90' lang='lat' dir='ltr'><strong>me</strong></span> <span class='ocrx_word' id='word_1_379' title='bbox 596 4594 828 4690; x_wconf 70' lang='lat' dir='ltr'><strong>agnosco</strong></span> <span class='ocrx_word' id='word_1_380' title='bbox 848 4594 1168 4673; x_wconf 87' lang='lat' dir='ltr'><strong>devinctum.</strong></span> <span class='ocrx_word' id='word_1_381' title='bbox 1202 4614 1308 4669; x_wconf 88' lang='lat' dir='ltr'><strong>Sed</strong></span> <span class='ocrx_word' id='word_1_382' title='bbox 1343 4611 1443 4665; x_wconf 91' lang='lat' dir='ltr'><strong>hoc</strong></span> <span class='ocrx_word' id='word_1_383' title='bbox 1477 4610 1594 4678; x_wconf 87' lang='lat' dir='ltr'><strong>ipso</strong></span> <span class='ocrx_word' id='word_1_384' title='bbox 1614 4608 1756 4662; x_wconf 89' lang='lat' dir='ltr'><strong>arbi-</strong></span> <span class='ocrx_word' id='word_1_385' title='bbox 1787 4594 1837 4657; x_wconf 82' lang='grc' dir='ltr'><strong>Ι)</strong></span> 
     </span>
    </p>
   </div>
   <div class='ocr_carea' id='block_1_63' title="bbox 181 4696 1762 4779">
    <p class='ocr_par' dir='ltr' id='par_1_63' title="bbox 181 4696 1762 4779">
     <span class='ocr_line' id='line_1_63' title="bbox 181 4696 1762 4779; baseline -0.008 -13"><span class='ocrx_word' id='word_1_386' title='bbox 181 4724 302 4766; x_wconf 81' lang='lat' dir='ltr'><strong>tror</strong></span> <span class='ocrx_word' id='word_1_387' title='bbox 342 4727 431 4765; x_wconf 91' lang='lat' dir='ltr'><strong>me</strong></span> <span class='ocrx_word' id='word_1_388' title='bbox 466 4711 759 4779; x_wconf 76' lang='lat' dir='ltr'><strong>digniorem</strong></span> <span class='ocrx_word' id='word_1_389' title='bbox 796 4723 918 4764; x_wconf 84' lang='lat' dir='ltr'><strong>esse</strong></span> <span class='ocrx_word' id='word_1_390' title='bbox 959 4707 1226 4777; x_wconf 89' lang='lat' dir='ltr'><strong>colloquio</strong></span> <span class='ocrx_word' id='word_1_391' title='bbox 1278 4702 1579 4778; x_wconf 86' lang='lat' dir='ltr'><strong>crebriore;</strong></span> <span class='ocrx_word' id='word_1_392' title='bbox 1620 4696 1762 4768; x_wconf 88' lang='lat' dir='ltr'><strong>quod</strong></span> 
     </span>
    </p>
   </div>
   <div class='ocr_carea' id='block_1_64' title="bbox 185 4791 1761 4871">
    <p class='ocr_par' dir='ltr' id='par_1_64' title="bbox 185 4791 1761 4871">
     <span class='ocr_line' id='line_1_64' title="bbox 185 4791 1761 4871; baseline -0.007 -15"><span class='ocrx_word' id='word_1_393' title='bbox 185 4805 329 4857; x_wconf 86' lang='lat' dir='ltr'><strong>hanc</strong></span> <span class='ocrx_word' id='word_1_394' title='bbox 357 4801 455 4856; x_wconf 88' lang='lat' dir='ltr'><strong>tibi</strong></span> <span class='ocrx_word' id='word_1_395' title='bbox 484 4801 710 4871; x_wconf 87' lang='lat' dir='ltr'><strong>palmam</strong></span> <span class='ocrx_word' id='word_1_396' title='bbox 740 4800 928 4866; x_wconf 86' lang='lat' dir='ltr'><strong>reddo,</strong></span> <span class='ocrx_word' id='word_1_397' title='bbox 962 4798 1114 4866; x_wconf 82' lang='lat' dir='ltr'><strong>quasi</strong></span> <span class='ocrx_word' id='word_1_398' title='bbox 1143 4796 1315 4852; x_wconf 90' lang='lat' dir='ltr'><strong>victus</strong></span> <span class='ocrx_word' id='word_1_399' title='bbox 1347 4794 1532 4857; x_wconf 81' lang='lat' dir='ltr'><strong>fenore</strong></span> <span class='ocrx_word' id='word_1_400' title='bbox 1553 4791 1761 4847; x_wconf 84' lang='lat' dir='ltr'><strong>littera-</strong></span> 
     </span>
    </p>
   </div>
   <div class='ocr_carea' id='block_1_65' title="bbox 186 4892 516 4948">
    <p class='ocr_par' dir='ltr' id='par_1_65' title="bbox 186 4892 516 4948">
     <span class='ocr_line' id='line_1_65' title="bbox 186 4892 516 4948; baseline -0.006 0"><span class='ocrx_word' id='word_1_401' title='bbox 186 4909 329 4948; x_wconf 87' lang='lat' dir='ltr'><strong>rum.</strong></span> <span class='ocrx_word' id='word_1_402' title='bbox 365 4892 516 4948; x_wconf 86' lang='lat' dir='ltr'><strong>Vale.</strong></span> 
     </span>
    </p>
   </div>
   <div class='ocr_carea' id='block_1_66' title="bbox 756 4982 1192 5038">
    <p class='ocr_par' dir='ltr' id='par_1_66' title="bbox 756 4982 1192 5038">
     <span class='ocr_line' id='line_1_66' title="bbox 756 4982 1192 5038; baseline -0.007 0"><span class='ocrx_word' id='word_1_403' title='bbox 756 4982 970 5038; x_wconf 84' lang='lat' dir='ltr'><strong>EPIST.</strong></span> <span class='ocrx_word' id='word_1_404' title='bbox 1013 4982 1192 5038; x_wconf 82' lang='lat' dir='ltr'><strong>XLVI.</strong></span> 
     </span>
    </p>
   </div>
   <div class='ocr_carea' id='block_1_67' title="bbox 663 5088 1296 5133">
    <p class='ocr_par' dir='ltr' id='par_1_67' title="bbox 663 5088 1296 5133">
     <span class='ocr_line' id='line_1_67' title="bbox 663 5088 1296 5133; baseline -0.008 0"><span class='ocrx_word' id='word_1_405' title='bbox 663 5093 967 5133; x_wconf 66' lang='lat' dir='ltr'><strong>SYIIACIIUS</strong></span> <span class='ocrx_word' id='word_1_406' title='bbox 1015 5088 1296 5130; x_wconf 73' lang='lat' dir='ltr'><strong>NEOTEBIO.</strong></span> 
     </span>
    </p>
   </div>
   <div class='ocr_carea' id='block_1_68' title="bbox 274 5159 1765 5236">
    <p class='ocr_par' dir='ltr' id='par_1_68' title="bbox 274 5159 1765 5236">
     <span class='ocr_line' id='line_1_68' title="bbox 274 5159 1765 5236; baseline -0.005 -14"><span class='ocrx_word' id='word_1_407' title='bbox 274 5170 562 5226; x_wconf 85' lang='lat' dir='ltr'><strong>Venturum</strong></span> <span class='ocrx_word' id='word_1_408' title='bbox 591 5180 642 5225; x_wconf 90' lang='lat' dir='ltr'><strong>te</strong></span> <span class='ocrx_word' id='word_1_409' title='bbox 673 5171 735 5222; x_wconf 86' lang='lat' dir='ltr'><strong>ad</strong></span> <span class='ocrx_word' id='word_1_410' title='bbox 758 5183 1096 5224; x_wconf 89' lang='lat' dir='ltr'><strong>communem</strong></span> <span class='ocrx_word' id='word_1_411' title='bbox 1133 5167 1358 5236; x_wconf 87' lang='lat' dir='ltr'><strong>patriam</strong></span> <span class='ocrx_word' id='word_1_412' title='bbox 1397 5163 1536 5218; x_wconf 88' lang='lat' dir='ltr'><strong>fama</strong></span> <span class='ocrx_word' id='word_1_413' title='bbox 1567 5159 1765 5231; x_wconf 84' lang='lat' dir='ltr'><strong>promi-</strong></span> 
     </span>
    </p>
   </div>
   <div class='ocr_carea' id='block_1_69' title="bbox 191 5254 1765 5329">
    <p class='ocr_par' dir='ltr' id='par_1_69' title="bbox 191 5254 1765 5329">
     <span class='ocr_line' id='line_1_69' title="bbox 191 5254 1765 5329; baseline -0.007 -13"><span class='ocrx_word' id='word_1_414' title='bbox 191 5273 363 5316; x_wconf 86' lang='lat' dir='ltr'><strong>serat.</strong></span> <span class='ocrx_word' id='word_1_415' title='bbox 411 5261 686 5328; x_wconf 87' lang='lat' dir='ltr'><strong>lnsperato</strong></span> <span class='ocrx_word' id='word_1_416' title='bbox 716 5260 908 5329; x_wconf 83' lang='lat' dir='ltr'><strong>gaudio</strong></span> <span class='ocrx_word' id='word_1_417' title='bbox 935 5258 1222 5328; x_wconf 84' lang='lat' dir='ltr'><strong>gloriabar.</strong></span> <span class='ocrx_word' id='word_1_418' title='bbox 1259 5255 1364 5310; x_wconf 86' lang='lat' dir='ltr'><strong>Sed</strong></span> <span class='ocrx_word' id='word_1_419' title='bbox 1396 5254 1481 5308; x_wconf 89' lang='lat' dir='ltr'><strong>ubi</strong></span> <span class='ocrx_word' id='word_1_420' title='bbox 1512 5266 1765 5322; x_wconf 89' lang='lat' dir='ltr'><strong>processu</strong></span> 
     </span>
    </p>
   </div>
   <div class='ocr_carea' id='block_1_70' title="bbox 191 5345 1768 5418">
    <p class='ocr_par' dir='ltr' id='par_1_70' title="bbox 191 5345 1768 5418">
     <span class='ocr_line' id='line_1_70' title="bbox 191 5345 1768 5418; baseline -0.006 -9"><span class='ocrx_word' id='word_1_421' title='bbox 191 5356 406 5409; x_wconf 86' lang='lat' dir='ltr'><strong>dierum</strong></span> <span class='ocrx_word' id='word_1_422' title='bbox 433 5368 615 5407; x_wconf 90' lang='lat' dir='ltr'><strong>rumor</strong></span> <span class='ocrx_word' id='word_1_423' title='bbox 640 5351 898 5418; x_wconf 82' lang='lat' dir='ltr'><strong>intepuit,</strong></span> <span class='ocrx_word' id='word_1_424' title='bbox 931 5347 1278 5403; x_wconf 88' lang='lat' dir='ltr'><strong>animadverti</strong></span> <span class='ocrx_word' id='word_1_425' title='bbox 1307 5347 1436 5400; x_wconf 90' lang='lat' dir='ltr'><strong>mihi</strong></span> <span class='ocrx_word' id='word_1_426' title='bbox 1472 5345 1573 5412; x_wconf 78' lang='lat' dir='ltr'><strong>hoc</strong></span> <span class='ocrx_word' id='word_1_427' title='bbox 1600 5358 1768 5414; x_wconf 87' lang='lat' dir='ltr'><strong>genus</strong></span> 
     </span>
    </p>
   </div>
   <div class='ocr_carea' id='block_1_71' title="bbox 193 5437 1766 5514">
    <p class='ocr_par' dir='ltr' id='par_1_71' title="bbox 193 5437 1766 5514">
     <span class='ocr_line' id='line_1_71' title="bbox 193 5437 1766 5514; baseline -0.007 -15"><span class='ocrx_word' id='word_1_428' title='bbox 193 5457 483 5514; x_wconf 79' lang='lat' dir='ltr'><strong>superesse</strong></span> <span class='ocrx_word' id='word_1_429' title='bbox 503 5441 701 5506; x_wconf 90' lang='lat' dir='ltr'><strong>solatii,</strong></span> <span class='ocrx_word' id='word_1_430' title='bbox 726 5439 866 5508; x_wconf 88' lang='lat' dir='ltr'><strong>quod</strong></span> <span class='ocrx_word' id='word_1_431' title='bbox 893 5439 959 5493; x_wconf 89' lang='lat' dir='ltr'><strong>ad</strong></span> <span class='ocrx_word' id='word_1_432' title='bbox 991 5437 1258 5493; x_wconf 84' lang='lat' dir='ltr'><strong>scribendi</strong></span> <span class='ocrx_word' id='word_1_433' title='bbox 1283 5452 1432 5494; x_wconf 76' lang='lat' dir='ltr'><strong>usum</strong></span> <span class='ocrx_word' id='word_1_434' title='bbox 1461 5448 1766 5502; x_wconf 79' lang='lat' dir='ltr'><strong>moremque</strong></span> 
     </span>
    </p>
   </div>
   <div class='ocr_carea' id='block_1_72' title="bbox 195 5524 1771 5600">
    <p class='ocr_par' dir='ltr' id='par_1_72' title="bbox 195 5524 1771 5600">
     <span class='ocr_line' id='line_1_72' title="bbox 195 5524 1771 5600; baseline -0.007 -11"><span class='ocrx_word' id='word_1_435' title='bbox 195 5548 526 5590; x_wconf 87' lang='lat' dir='ltr'><strong>remearem.</strong></span> <span class='ocrx_word' id='word_1_436' title='bbox 561 5532 775 5599; x_wconf 36' lang='lat' dir='ltr'><strong>Fungi-r</strong></span> <span class='ocrx_word' id='word_1_437' title='bbox 798 5531 955 5600; x_wconf 75' lang='lat' dir='ltr'><strong>igitur</strong></span> <span class='ocrx_word' id='word_1_438' title='bbox 982 5524 1300 5582; x_wconf 77' lang='lat' dir='ltr'><strong>salutatiOne</strong></span> <span class='ocrx_word' id='word_1_439' title='bbox 1327 5527 1568 5589; x_wconf 69' lang='lat' dir='ltr'><strong>«licenda,</strong></span> <span class='ocrx_word' id='word_1_440' title='bbox 1599 5533 1771 5578; x_wconf 74' lang='lat' dir='ltr'><strong>tuum-</strong></span> 
     </span>
    </p>
   </div>
   <div class='ocr_carea' id='block_1_73' title="bbox 191 5620 1774 5697">
    <p class='ocr_par' dir='ltr' id='par_1_73' title="bbox 191 5620 1774 5697">
     <span class='ocr_line' id='line_1_73' title="bbox 191 5620 1774 5697; baseline -0.007 -15"><span class='ocrx_word' id='word_1_441' title='bbox 191 5641 305 5697; x_wconf 86' lang='lat' dir='ltr'><strong>que</strong></span> <span class='ocrx_word' id='word_1_442' title='bbox 327 5625 698 5682; x_wconf 76' lang='lat' dir='ltr'><strong>excellentium</strong></span> <span class='ocrx_word' id='word_1_443' title='bbox 727 5637 910 5692; x_wconf 66' lang='lat' dir='ltr'><strong>quaeso</strong></span> <span class='ocrx_word' id='word_1_444' title='bbox 939 5629 996 5676; x_wconf 90' lang='lat' dir='ltr'><strong>ut</strong></span> <span class='ocrx_word' id='word_1_445' title='bbox 1028 5621 1155 5676; x_wconf 90' lang='lat' dir='ltr'><strong>mihi</strong></span> <span class='ocrx_word' id='word_1_446' title='bbox 1184 5620 1464 5674; x_wconf 88' lang='lat' dir='ltr'><strong>adventum</strong></span> <span class='ocrx_word' id='word_1_447' title='bbox 1495 5629 1640 5672; x_wconf 90' lang='lat' dir='ltr'><strong>tuum</strong></span> <span class='ocrx_word' id='word_1_448' title='bbox 1671 5631 1774 5688; x_wconf 85' lang='lat' dir='ltr'><strong>pro</strong></span> 
     </span>
    </p>
   </div>
   <div class='ocr_carea' id='block_1_74' title="bbox 192 5711 1775 5786">
    <p class='ocr_par' dir='ltr' id='par_1_74' title="bbox 192 5711 1775 5786">
     <span class='ocr_line' id='line_1_74' title="bbox 192 5711 1775 5786; baseline -0.005 -12"><span class='ocrx_word' id='word_1_449' title='bbox 192 5719 396 5775; x_wconf 84' lang='lat' dir='ltr'><strong>litteris</strong></span> <span class='ocrx_word' id='word_1_450' title='bbox 425 5717 684 5786; x_wconf 82' lang='lat' dir='ltr'><strong>largiaris.</strong></span> <span class='ocrx_word' id='word_1_451' title='bbox 724 5716 820 5772; x_wconf 85' lang='lat' dir='ltr'><strong>Est</strong></span> <span class='ocrx_word' id='word_1_452' title='bbox 843 5715 986 5771; x_wconf 91' lang='lat' dir='ltr'><strong>enim</strong></span> <span class='ocrx_word' id='word_1_453' title='bbox 1014 5729 1173 5769; x_wconf 89' lang='lat' dir='ltr'><strong>causa</strong></span> <span class='ocrx_word' id='word_1_454' title='bbox 1211 5715 1406 5777; x_wconf 76' lang='lat' dir='ltr'><strong>votiva,</strong></span> <span class='ocrx_word' id='word_1_455' title='bbox 1432 5728 1549 5784; x_wconf 63' lang='lat' dir='ltr'><strong>quae</strong></span> <span class='ocrx_word' id='word_1_456' title='bbox 1586 5721 1639 5766; x_wconf 92' lang='lat' dir='ltr'><strong>te</strong></span> <span class='ocrx_word' id='word_1_457' title='bbox 1680 5711 1775 5767; x_wconf 89' lang='lat' dir='ltr'><strong>de-</strong></span> 
     </span>
    </p>
   </div>
   <div class='ocr_carea' id='block_1_75' title="bbox 194 5801 1770 5879">
    <p class='ocr_par' dir='ltr' id='par_1_75' title="bbox 194 5801 1770 5879">
     <span class='ocr_line' id='line_1_75' title="bbox 194 5801 1770 5879; baseline -0.006 -14"><span class='ocrx_word' id='word_1_458' title='bbox 194 5811 323 5865; x_wconf 87' lang='lat' dir='ltr'><strong>beat</strong></span> <span class='ocrx_word' id='word_1_459' title='bbox 353 5823 603 5877; x_wconf 85' lang='lat' dir='ltr'><strong>evoeare,</strong></span> <span class='ocrx_word' id='word_1_460' title='bbox 640 5807 982 5879; x_wconf 64' lang='lat' dir='ltr'><strong>quaestorium</strong></span> <span class='ocrx_word' id='word_1_461' title='bbox 1032 5805 1238 5861; x_wconf 89' lang='lat' dir='ltr'><strong>scilicet</strong></span> <span class='ocrx_word' id='word_1_462' title='bbox 1281 5818 1472 5859; x_wconf 90' lang='lat' dir='ltr'><strong>munus</strong></span> <span class='ocrx_word' id='word_1_463' title='bbox 1513 5803 1604 5858; x_wconf 83' lang='lat' dir='ltr'><strong>filii</strong></span> <span class='ocrx_word' id='word_1_464' title='bbox 1645 5801 1770 5866; x_wconf 88' lang='lat' dir='ltr'><strong>mei,</strong></span> 
     </span>
    </p>
   </div>
   <div class='ocr_carea' id='block_1_76' title="bbox 1836 1955 2300 2012">
    <p class='ocr_par' dir='ltr' id='par_1_76' title="bbox 1836 1955 2300 2012">
     <span class='ocr_line' id='line_1_76' title="bbox 1836 1955 2300 2012; baseline -0.009 0"><span class='ocrx_word' id='word_1_465' title='bbox 1836 1957 2118 2012; x_wconf 77' lang='lat' dir='ltr'><strong>securitas.</strong></span> <span class='ocrx_word' id='word_1_466' title='bbox 2151 1955 2300 2010; x_wconf 87' lang='lat' dir='ltr'><strong>Vale.</strong></span> 
     </span>
    </p>
   </div>
   <div class='ocr_carea' id='block_1_77' title="bbox 2394 2041 2880 2099">
    <p class='ocr_par' dir='ltr' id='par_1_77' title="bbox 2394 2041 2880 2099">
     <span class='ocr_line' id='line_1_77' title="bbox 2394 2041 2880 2099; baseline -0.004 0"><span class='ocrx_word' id='word_1_467' title='bbox 2394 2043 2607 2099; x_wconf 82' lang='lat' dir='ltr'><strong>EPIST.</strong></span> <span class='ocrx_word' id='word_1_468' title='bbox 2649 2041 2880 2098; x_wconf 78' lang='lat' dir='ltr'><strong>XLVIII.</strong></span> 
     </span>
    </p>
   </div>
   <div class='ocr_carea' id='block_1_78' title="bbox 2362 2149 2884 2192">
    <p class='ocr_par' dir='ltr' id='par_1_78' title="bbox 2362 2149 2884 2192">
     <span class='ocr_line' id='line_1_78' title="bbox 2362 2149 2884 2192; baseline -0.008 0"><span class='ocrx_word' id='word_1_469' title='bbox 2362 2151 2666 2192; x_wconf 67' lang='grc' dir='ltr'><strong>εγιικλεηυδ</strong></span> <span class='ocrx_word' id='word_1_470' title='bbox 2693 2149 2884 2190; x_wconf 70' lang='lat' dir='ltr'><strong>FELICI.</strong></span> 
     </span>
    </p>
   </div>
   <div class='ocr_carea' id='block_1_79' title="bbox 1912 2245 3411 2322">
    <p class='ocr_par' dir='ltr' id='par_1_79' title="bbox 1912 2245 3411 2322">
     <span class='ocr_line' id='line_1_79' title="bbox 1912 2245 3411 2322; baseline -0.005 -15"><span class='ocrx_word' id='word_1_471' title='bbox 1912 2252 2054 2307; x_wconf 87' lang='lat' dir='ltr'><strong>Bene</strong></span> <span class='ocrx_word' id='word_1_472' title='bbox 2091 2249 2319 2322; x_wconf 82' lang='lat' dir='ltr'><strong>cognitis</strong></span> <span class='ocrx_word' id='word_1_473' title='bbox 2357 2264 2419 2305; x_wconf 90' lang='lat' dir='ltr'><strong>ac</strong></span> <span class='ocrx_word' id='word_1_474' title='bbox 2469 2247 2705 2316; x_wconf 87' lang='lat' dir='ltr'><strong>probatis</strong></span> <span class='ocrx_word' id='word_1_475' title='bbox 2740 2245 3135 2302; x_wconf 88' lang='lat' dir='ltr'><strong>commendatio</strong></span> <span class='ocrx_word' id='word_1_476' title='bbox 3168 2253 3411 2315; x_wconf 75' lang='lat' dir='ltr'><strong>prompta</strong></span> 
     </span>
    </p>
   </div>
   <div class='ocr_carea' id='block_1_80' title="bbox 1839 2336 3412 2406">
    <p class='ocr_par' dir='ltr' id='par_1_80' title="bbox 1839 2336 3412 2406">
     <span class='ocr_line' id='line_1_80' title="bbox 1839 2336 3412 2406; baseline -0.006 -7"><span class='ocrx_word' id='word_1_477' title='bbox 1839 2345 2088 2406; x_wconf 85' lang='lat' dir='ltr'><strong>debetur,</strong></span> <span class='ocrx_word' id='word_1_478' title='bbox 2125 2353 2180 2397; x_wconf 89' lang='lat' dir='ltr'><strong>ut</strong></span> <span class='ocrx_word' id='word_1_479' title='bbox 2212 2344 2277 2398; x_wconf 88' lang='lat' dir='ltr'><strong>ad</strong></span> <span class='ocrx_word' id='word_1_480' title='bbox 2318 2342 2558 2396; x_wconf 90' lang='lat' dir='ltr'><strong>notitiam</strong></span> <span class='ocrx_word' id='word_1_481' title='bbox 2589 2340 2848 2394; x_wconf 90' lang='lat' dir='ltr'><strong>bonorum</strong></span> <span class='ocrx_word' id='word_1_482' title='bbox 2894 2337 2993 2392; x_wconf 88' lang='lat' dir='ltr'><strong>sub</strong></span> <span class='ocrx_word' id='word_1_483' title='bbox 3029 2338 3248 2404; x_wconf 78' lang='lat' dir='ltr'><strong>honesta</strong></span> <span class='ocrx_word' id='word_1_484' title='bbox 3281 2336 3412 2390; x_wconf 84' lang='lat' dir='ltr'><strong>asti-</strong></span> 
     </span>
    </p>
   </div>
   <div class='ocr_carea' id='block_1_81' title="bbox 1843 2427 3415 2506">
    <p class='ocr_par' dir='ltr' id='par_1_81' title="bbox 1843 2427 3415 2506">
     <span class='ocr_line' id='line_1_81' title="bbox 1843 2427 3415 2506; baseline -0.004 -18"><span class='ocrx_word' id='word_1_485' title='bbox 1843 2436 2111 2506; x_wconf 82' lang='lat' dir='ltr'><strong>pulatione</strong></span> <span class='ocrx_word' id='word_1_486' title='bbox 2152 2435 2484 2504; x_wconf 89' lang='lat' dir='ltr'><strong>perveniant.</strong></span> <span class='ocrx_word' id='word_1_487' title='bbox 2513 2432 2821 2487; x_wconf 77' lang='lat' dir='ltr'><strong>Theodotus</strong></span> <span class='ocrx_word' id='word_1_488' title='bbox 2861 2432 3084 2485; x_wconf 75' lang='lat' dir='ltr'><strong>sincerae</strong></span> <span class='ocrx_word' id='word_1_489' title='bbox 3124 2427 3415 2484; x_wconf 78' lang='lat' dir='ltr'><strong>nobilitatis</strong></span> 
     </span>
    </p>
   </div>
   <div class='ocr_carea' id='block_1_82' title="bbox 1841 2519 3417 2592">
    <p class='ocr_par' dir='ltr' id='par_1_82' title="bbox 1841 2519 3417 2592">
     <span class='ocr_line' id='line_1_82' title="bbox 1841 2519 3417 2592; baseline -0.004 -13"><span class='ocrx_word' id='word_1_490' title='bbox 1841 2525 2155 2580; x_wconf 84' lang='lat' dir='ltr'><strong>adolescens</strong></span> <span class='ocrx_word' id='word_1_491' title='bbox 2206 2525 2495 2580; x_wconf 89' lang='lat' dir='ltr'><strong>multorum</strong></span> <span class='ocrx_word' id='word_1_492' title='bbox 2543 2523 2711 2592; x_wconf 87' lang='lat' dir='ltr'><strong>gratia</strong></span> <span class='ocrx_word' id='word_1_493' title='bbox 2761 2521 2926 2583; x_wconf 72' lang='lat' dir='ltr'><strong>viget,</strong></span> <span class='ocrx_word' id='word_1_494' title='bbox 2968 2521 3158 2590; x_wconf 88' lang='lat' dir='ltr'><strong>quibus</strong></span> <span class='ocrx_word' id='word_1_495' title='bbox 3205 2519 3417 2588; x_wconf 84' lang='lat' dir='ltr'><strong>placere</strong></span> 
     </span>
    </p>
   </div>
   <div class='ocr_carea' id='block_1_83' title="bbox 1841 2612 3416 2679">
    <p class='ocr_par' dir='ltr' id='par_1_83' title="bbox 1841 2612 3416 2679">
     <span class='ocr_line' id='line_1_83' title="bbox 1841 2612 3416 2679; baseline -0.006 -8"><span class='ocrx_word' id='word_1_496' title='bbox 1841 2616 2107 2671; x_wconf 82' lang='lat' dir='ltr'><strong>laudabile</strong></span> <span class='ocrx_word' id='word_1_497' title='bbox 2132 2624 2232 2669; x_wconf 80' lang='lat' dir='ltr'><strong>est.</strong></span> <span class='ocrx_word' id='word_1_498' title='bbox 2261 2615 2368 2669; x_wconf 88' lang='lat' dir='ltr'><strong>Sed</strong></span> <span class='ocrx_word' id='word_1_499' title='bbox 2400 2614 2628 2668; x_wconf 73' lang='lat' dir='ltr'><strong>fortuna:</strong></span> <span class='ocrx_word' id='word_1_500' title='bbox 2648 2612 3036 2674; x_wconf 83' lang='lat' dir='ltr'><strong>difficultatem,</strong></span> <span class='ocrx_word' id='word_1_501' title='bbox 3061 2626 3178 2679; x_wconf 70' lang='lat' dir='ltr'><strong>quae</strong></span> <span class='ocrx_word' id='word_1_502' title='bbox 3199 2623 3416 2664; x_wconf 89' lang='lat' dir='ltr'><strong>cursum</strong></span> 
     </span>
    </p>
   </div>
   <div class='ocr_carea' id='block_1_84' title="bbox 1843 2705 3418 2776">
    <p class='ocr_par' dir='ltr' id='par_1_84' title="bbox 1843 2705 3418 2776">
     <span class='ocr_line' id='line_1_84' title="bbox 1843 2705 3418 2776; baseline -0.003 -17"><span class='ocrx_word' id='word_1_503' title='bbox 1843 2707 1964 2760; x_wconf 70' lang='lat' dir='ltr'><strong>vita:</strong></span> <span class='ocrx_word' id='word_1_504' title='bbox 1991 2705 2107 2776; x_wconf 88' lang='lat' dir='ltr'><strong>ejus</strong></span> <span class='ocrx_word' id='word_1_505' title='bbox 2137 2714 2444 2774; x_wconf 80' lang='lat' dir='ltr'><strong>exasperat,</strong></span> <span class='ocrx_word' id='word_1_506' title='bbox 2469 2705 2792 2760; x_wconf 86' lang='lat' dir='ltr'><strong>adminiculo</strong></span> <span class='ocrx_word' id='word_1_507' title='bbox 2819 2714 2908 2759; x_wconf 91' lang='lat' dir='ltr'><strong>tuo</strong></span> <span class='ocrx_word' id='word_1_508' title='bbox 2943 2710 3124 2768; x_wconf 83' lang='lat' dir='ltr'><strong>sperat</strong></span> <span class='ocrx_word' id='word_1_509' title='bbox 3153 2715 3312 2773; x_wconf 84' lang='lat' dir='ltr'><strong>posse</strong></span> <span class='ocrx_word' id='word_1_510' title='bbox 3335 2715 3418 2755; x_wconf 61' lang='lat' dir='ltr'><strong>rea</strong></span> 
     </span>
    </p>
   </div>
   <div class='ocr_carea' id='block_1_85' title="bbox 1844 2791 3418 2867">
    <p class='ocr_par' dir='ltr' id='par_1_85' title="bbox 1844 2791 3418 2867">
     <span class='ocr_line' id='line_1_85' title="bbox 1844 2791 3418 2867; baseline -0.006 -14"><span class='ocrx_word' id='word_1_511' title='bbox 1844 2798 2070 2853; x_wconf 83' lang='lat' dir='ltr'><strong>moveri.</strong></span> <span class='ocrx_word' id='word_1_512' title='bbox 2101 2796 2298 2863; x_wconf 83' lang='lat' dir='ltr'><strong>Qua-so</strong></span> <span class='ocrx_word' id='word_1_513' title='bbox 2329 2797 2488 2867; x_wconf 91' lang='lat' dir='ltr'><strong>igitur</strong></span> <span class='ocrx_word' id='word_1_514' title='bbox 2515 2796 2655 2850; x_wconf 73' lang='lat' dir='ltr'><strong>vritis</strong></span> <span class='ocrx_word' id='word_1_515' title='bbox 2681 2796 2798 2862; x_wconf 88' lang='lat' dir='ltr'><strong>ejus</strong></span> <span class='ocrx_word' id='word_1_516' title='bbox 2838 2794 3098 2864; x_wconf 89' lang='lat' dir='ltr'><strong>benignus</strong></span> <span class='ocrx_word' id='word_1_517' title='bbox 3144 2791 3418 2858; x_wconf 76' lang='lat' dir='ltr'><strong>arrideas,</strong></span> 
     </span>
    </p>
   </div>
   <div class='ocr_carea' id='block_1_86' title="bbox 1846 2881 3419 2954">
    <p class='ocr_par' dir='ltr' id='par_1_86' title="bbox 1846 2881 3419 2954">
     <span class='ocr_line' id='line_1_86' title="bbox 1846 2881 3419 2954; baseline -0.007 -9"><span class='ocrx_word' id='word_1_518' title='bbox 1846 2904 1915 2945; x_wconf 85' lang='lat' dir='ltr'><strong>ne</strong></span> <span class='ocrx_word' id='word_1_519' title='bbox 1941 2897 2033 2944; x_wconf 84' lang='lat' dir='ltr'><strong>aut</strong></span> <span class='ocrx_word' id='word_1_520' title='bbox 2071 2902 2245 2942; x_wconf 89' lang='lat' dir='ltr'><strong>meum</strong></span> <span class='ocrx_word' id='word_1_521' title='bbox 2279 2887 2637 2942; x_wconf 67' lang='lat' dir='ltr'><strong>testimonium</strong></span> <span class='ocrx_word' id='word_1_522' title='bbox 2671 2900 2765 2954; x_wconf 89' lang='lat' dir='ltr'><strong>pro</strong></span> <span class='ocrx_word' id='word_1_523' title='bbox 2806 2884 2971 2938; x_wconf 90' lang='lat' dir='ltr'><strong>nihilo</strong></span> <span class='ocrx_word' id='word_1_524' title='bbox 3013 2884 3249 2936; x_wconf 87' lang='lat' dir='ltr'><strong>habitum</strong></span> <span class='ocrx_word' id='word_1_525' title='bbox 3279 2881 3419 2949; x_wconf 84' lang='lat' dir='ltr'><strong>judi-</strong></span> 
     </span>
    </p>
   </div>
   <div class='ocr_carea' id='block_1_87' title="bbox 1847 2970 3346 3050">
    <p class='ocr_par' dir='ltr' id='par_1_87' title="bbox 1847 2970 3346 3050">
     <span class='ocr_line' id='line_1_87' title="bbox 1847 2970 3346 3050; baseline -0.008 -14"><span class='ocrx_word' id='word_1_526' title='bbox 1847 2988 2018 3050; x_wconf 85' lang='lat' dir='ltr'><strong>cetur,</strong></span> <span class='ocrx_word' id='word_1_527' title='bbox 2051 2990 2143 3034; x_wconf 87' lang='lat' dir='ltr'><strong>aut</strong></span> <span class='ocrx_word' id='word_1_528' title='bbox 2167 2978 2362 3049; x_wconf 77' lang='lat' dir='ltr'><strong>spebus</strong></span> <span class='ocrx_word' id='word_1_529' title='bbox 2389 2977 2531 3033; x_wconf 90' lang='lat' dir='ltr'><strong>illius</strong></span> <span class='ocrx_word' id='word_1_530' title='bbox 2561 2976 2732 3030; x_wconf 89' lang='lat' dir='ltr'><strong>inanis</strong></span> <span class='ocrx_word' id='word_1_531' title='bbox 2759 2975 2936 3030; x_wconf 80' lang='lat' dir='ltr'><strong>exitus</strong></span> <span class='ocrx_word' id='word_1_532' title='bbox 2965 2973 3169 3029; x_wconf 87' lang='lat' dir='ltr'><strong>illudat.</strong></span> <span class='ocrx_word' id='word_1_533' title='bbox 3203 2970 3346 3029; x_wconf 82' lang='lat' dir='ltr'><strong>Vale.</strong></span> 
     </span>
    </p>
   </div>
   <div class='ocr_carea' id='block_1_88' title="bbox 2419 3106 2857 3167">
    <p class='ocr_par' dir='ltr' id='par_1_88' title="bbox 2419 3106 2857 3167">
     <span class='ocr_line' id='line_1_88' title="bbox 2419 3106 2857 3167; baseline -0.014 1"><span class='ocrx_word' id='word_1_534' title='bbox 2419 3106 2628 3167; x_wconf 80' lang='lat' dir='ltr'><strong>EPIST.</strong></span> <span class='ocrx_word' id='word_1_535' title='bbox 2670 3108 2857 3165; x_wconf 79' lang='lat' dir='ltr'><strong>XLIX.</strong></span> 
     </span>
    </p>
   </div>
   <div class='ocr_carea' id='block_1_89' title="bbox 2360 3217 2884 3261">
    <p class='ocr_par' dir='ltr' id='par_1_89' title="bbox 2360 3217 2884 3261">
     <span class='ocr_line' id='line_1_89' title="bbox 2360 3217 2884 3261; baseline -0.01 0"><span class='ocrx_word' id='word_1_536' title='bbox 2360 3219 2664 3261; x_wconf 71' lang='lat' dir='ltr'><strong>SYIHIACIIUS</strong></span> <span class='ocrx_word' id='word_1_537' title='bbox 2694 3217 2884 3258; x_wconf 76' lang='lat' dir='ltr'><strong>FELICI.</strong></span> 
     </span>
    </p>
   </div>
   <div class='ocr_carea' id='block_1_90' title="bbox 1921 3312 3422 3392">
    <p class='ocr_par' dir='ltr' id='par_1_90' title="bbox 1921 3312 3422 3392">
     <span class='ocr_line' id='line_1_90' title="bbox 1921 3312 3422 3392; baseline -0.008 -14"><span class='ocrx_word' id='word_1_538' title='bbox 1921 3322 2059 3378; x_wconf 84' lang='lat' dir='ltr'><strong>Amo</strong></span> <span class='ocrx_word' id='word_1_539' title='bbox 2081 3320 2288 3376; x_wconf 88' lang='lat' dir='ltr'><strong>litteras</strong></span> <span class='ocrx_word' id='word_1_540' title='bbox 2317 3329 2454 3385; x_wconf 87' lang='lat' dir='ltr'><strong>tuas,</strong></span> <span class='ocrx_word' id='word_1_541' title='bbox 2477 3334 2595 3392; x_wconf 77' lang='lat' dir='ltr'><strong>nam</strong></span> <span class='ocrx_word' id='word_1_542' title='bbox 2620 3319 2835 3388; x_wconf 75' lang='lat' dir='ltr'><strong>semper</strong></span> <span class='ocrx_word' id='word_1_543' title='bbox 2865 3313 2992 3370; x_wconf 91' lang='lat' dir='ltr'><strong>mihi</strong></span> <span class='ocrx_word' id='word_1_544' title='bbox 3021 3312 3220 3384; x_wconf 87' lang='lat' dir='ltr'><strong>aliquid</strong></span> <span class='ocrx_word' id='word_1_545' title='bbox 3243 3321 3422 3382; x_wconf 83' lang='lat' dir='ltr'><strong>gratu-</strong></span> 
     </span>
    </p>
   </div>
   <div class='ocr_carea' id='block_1_91' title="bbox 1851 3399 3420 3483">
    <p class='ocr_par' dir='ltr' id='par_1_91' title="bbox 1851 3399 3420 3483">
     <span class='ocr_line' id='line_1_91' title="bbox 1851 3399 3420 3483; baseline -0.005 -17"><span class='ocrx_word' id='word_1_546' title='bbox 1851 3413 2064 3468; x_wconf 89' lang='lat' dir='ltr'><strong>lationis</strong></span> <span class='ocrx_word' id='word_1_547' title='bbox 2088 3422 2390 3483; x_wconf 87' lang='lat' dir='ltr'><strong>apportant.</strong></span> <span class='ocrx_word' id='word_1_548' title='bbox 2439 3411 2551 3481; x_wconf 82' lang='lat' dir='ltr'><strong>Ego</strong></span> <span class='ocrx_word' id='word_1_549' title='bbox 2575 3425 2750 3470; x_wconf 74' lang='lat' dir='ltr'><strong>autem</strong></span> <span class='ocrx_word' id='word_1_550' title='bbox 2790 3399 3080 3483; x_wconf 66' lang='lat' dir='ltr'><strong>bent-factis</strong></span> <span class='ocrx_word' id='word_1_551' title='bbox 3125 3409 3262 3462; x_wconf 86' lang='lat' dir='ltr'><strong>nuda</strong></span> <span class='ocrx_word' id='word_1_552' title='bbox 3304 3423 3420 3460; x_wconf 80' lang='lat' dir='ltr'><strong>ora-</strong></span> 
     </span>
    </p>
   </div>
   <div class='ocr_carea' id='block_1_92' title="bbox 1854 3480 3422 3574">
    <p class='ocr_par' dir='ltr' id='par_1_92' title="bbox 1854 3480 3422 3574">
     <span class='ocr_line' id='line_1_92' title="bbox 1854 3480 3422 3574; baseline -0.006 -14"><span class='ocrx_word' id='word_1_553' title='bbox 1854 3508 1998 3560; x_wconf 89' lang='lat' dir='ltr'><strong>tione</strong></span> <span class='ocrx_word' id='word_1_554' title='bbox 2031 3480 2350 3574; x_wconf 81' lang='lat' dir='ltr'><strong>respondeo.</strong></span> <span class='ocrx_word' id='word_1_555' title='bbox 2382 3480 2571 3558; x_wconf 87' lang='lat' dir='ltr'><strong>Sedut</strong></span> <span class='ocrx_word' id='word_1_556' title='bbox 2603 3517 2690 3558; x_wconf 90' lang='lat' dir='ltr'><strong>res</strong></span> <span class='ocrx_word' id='word_1_557' title='bbox 2719 3510 2822 3569; x_wconf 90' lang='lat' dir='ltr'><strong>est,</strong></span> <span class='ocrx_word' id='word_1_558' title='bbox 2868 3480 3121 3569; x_wconf 64' lang='lat' dir='ltr'><strong>praeclara</strong></span> <span class='ocrx_word' id='word_1_559' title='bbox 3153 3503 3302 3553; x_wconf 66' lang='lat' dir='ltr'><strong>tinens</strong></span> <span class='ocrx_word' id='word_1_560' title='bbox 3337 3507 3422 3551; x_wconf 89' lang='lat' dir='ltr'><strong>tua</strong></span> 
     </span>
    </p>
   </div>
   <div class='ocr_carea' id='block_1_93' title="bbox 1854 3583 3424 3664">
    <p class='ocr_par' dir='ltr' id='par_1_93' title="bbox 1854 3583 3424 3664">
     <span class='ocr_line' id='line_1_93' title="bbox 1854 3583 3424 3664; baseline -0.004 -16"><span class='ocrx_word' id='word_1_561' title='bbox 1854 3594 2075 3664; x_wconf 90' lang='lat' dir='ltr'><strong>perinde</strong></span> <span class='ocrx_word' id='word_1_562' title='bbox 2124 3593 2338 3663; x_wconf 87' lang='lat' dir='ltr'><strong>paginas</strong></span> <span class='ocrx_word' id='word_1_563' title='bbox 2384 3593 2484 3647; x_wconf 77' lang='lat' dir='ltr'><strong>Sibi</strong></span> <span class='ocrx_word' id='word_1_564' title='bbox 2529 3594 2800 3647; x_wconf 81' lang='lat' dir='ltr'><strong>existimat</strong></span> <span class='ocrx_word' id='word_1_565' title='bbox 2847 3590 3178 3657; x_wconf 88' lang='lat' dir='ltr'><strong>fructuosas,</strong></span> <span class='ocrx_word' id='word_1_566' title='bbox 3211 3598 3265 3643; x_wconf 85' lang='lat' dir='ltr'><strong>et</strong></span> <span class='ocrx_word' id='word_1_567' title='bbox 3307 3583 3424 3642; x_wconf 71' lang='lat' dir='ltr'><strong>ideo</strong></span> 
     </span>
    </p>
   </div>
   <div class='ocr_carea' id='block_1_94' title="bbox 1858 3675 3422 3753">
    <p class='ocr_par' dir='ltr' id='par_1_94' title="bbox 1858 3675 3422 3753">
     <span class='ocr_line' id='line_1_94' title="bbox 1858 3675 3422 3753; baseline -0.004 -15"><span class='ocrx_word' id='word_1_568' title='bbox 1858 3689 1993 3739; x_wconf 89' lang='lat' dir='ltr'><strong>hanc</strong></span> <span class='ocrx_word' id='word_1_569' title='bbox 2038 3698 2256 3753; x_wconf 90' lang='lat' dir='ltr'><strong>operam</strong></span> <span class='ocrx_word' id='word_1_570' title='bbox 2309 3685 2714 3752; x_wconf 75' lang='lat' dir='ltr'><strong>perseveranter</strong></span> <span class='ocrx_word' id='word_1_571' title='bbox 2765 3681 3014 3750; x_wconf 79' lang='lat' dir='ltr'><strong>advigila,</strong></span> <span class='ocrx_word' id='word_1_572' title='bbox 3051 3675 3208 3749; x_wconf 61' lang='lat' dir='ltr'><strong>quam</strong></span> <span class='ocrx_word' id='word_1_573' title='bbox 3261 3680 3422 3732; x_wconf 88' lang='lat' dir='ltr'><strong>sciam</strong></span> 
     </span>
    </p>
   </div>
   <div class='ocr_carea' id='block_1_95' title="bbox 1855 3771 3425 3847">
    <p class='ocr_par' dir='ltr' id='par_1_95' title="bbox 1855 3771 3425 3847">
     <span class='ocr_line' id='line_1_95' title="bbox 1855 3771 3425 3847; baseline -0.006 -17"><span class='ocrx_word' id='word_1_574' title='bbox 1855 3775 1992 3847; x_wconf 89' lang='lat' dir='ltr'><strong>apud</strong></span> <span class='ocrx_word' id='word_1_575' title='bbox 2028 3785 2078 3830; x_wconf 93' lang='lat' dir='ltr'><strong>te</strong></span> <span class='ocrx_word' id='word_1_576' title='bbox 2102 3791 2198 3845; x_wconf 93' lang='lat' dir='ltr'><strong>pro</strong></span> <span class='ocrx_word' id='word_1_577' title='bbox 2223 3789 2414 3845; x_wconf 79' lang='lat' dir='ltr'><strong>magno</strong></span> <span class='ocrx_word' id='word_1_578' title='bbox 2455 3789 2561 3828; x_wconf 62' lang='lat' dir='ltr'><strong>asre</strong></span> <span class='ocrx_word' id='word_1_579' title='bbox 2601 3773 2832 3828; x_wconf 90' lang='lat' dir='ltr'><strong>censeri.</strong></span> <span class='ocrx_word' id='word_1_580' title='bbox 2883 3772 3085 3826; x_wconf 88' lang='lat' dir='ltr'><strong>Interea</strong></span> <span class='ocrx_word' id='word_1_581' title='bbox 3111 3771 3328 3824; x_wconf 83' lang='lat' dir='ltr'><strong>domino</strong></span> <span class='ocrx_word' id='word_1_582' title='bbox 3372 3777 3425 3822; x_wconf 90' lang='lat' dir='ltr'><strong>et</strong></span> 
     </span>
    </p>
   </div>
   <div class='ocr_carea' id='block_1_96' title="bbox 1858 3861 3425 3939">
    <p class='ocr_par' dir='ltr' id='par_1_96' title="bbox 1858 3861 3425 3939">
     <span class='ocr_line' id='line_1_96' title="bbox 1858 3861 3425 3939; baseline -0.006 -15"><span class='ocrx_word' id='word_1_583' title='bbox 1858 3873 2008 3939; x_wconf 89' lang='lat' dir='ltr'><strong>princ</strong></span> <span class='ocrx_word' id='word_1_584' title='bbox 2030 3869 2081 3938; x_wconf 91' lang='lat' dir='ltr'><strong>pi</strong></span> <span class='ocrx_word' id='word_1_585' title='bbox 2112 3878 2317 3932; x_wconf 87' lang='lat' dir='ltr'><strong>nostro,</strong></span> <span class='ocrx_word' id='word_1_586' title='bbox 2346 3863 2566 3936; x_wconf 65' lang='lat' dir='ltr'><strong>ejusque</strong></span> <span class='ocrx_word' id='word_1_587' title='bbox 2598 3865 2650 3920; x_wconf 89' lang='lat' dir='ltr'><strong>in</strong></span> <span class='ocrx_word' id='word_1_588' title='bbox 2691 3881 2776 3920; x_wconf 90' lang='lat' dir='ltr'><strong>me</strong></span> <span class='ocrx_word' id='word_1_589' title='bbox 2811 3863 3176 3920; x_wconf 69' lang='lat' dir='ltr'><strong>beneficentia:</strong></span> <span class='ocrx_word' id='word_1_590' title='bbox 3205 3861 3286 3930; x_wconf 89' lang='lat' dir='ltr'><strong>egi</strong></span> <span class='ocrx_word' id='word_1_591' title='bbox 3335 3874 3425 3924; x_wconf 85' lang='lat' dir='ltr'><strong>per</strong></span> 
     </span>
    </p>
   </div>
   <div class='ocr_carea' id='block_1_97' title="bbox 1857 3948 3426 4029">
    <p class='ocr_par' dir='ltr' id='par_1_97' title="bbox 1857 3948 3426 4029">
     <span class='ocr_line' id='line_1_97' title="bbox 1857 3948 3426 4029; baseline -0.009 -15"><span class='ocrx_word' id='word_1_592' title='bbox 1857 3960 2131 4029; x_wconf 87' lang='lat' dir='ltr'><strong>epistolam</strong></span> <span class='ocrx_word' id='word_1_593' title='bbox 2174 3960 2369 4028; x_wconf 86' lang='lat' dir='ltr'><strong>gratias</strong></span> <span class='ocrx_word' id='word_1_594' title='bbox 2422 3955 2600 4009; x_wconf 90' lang='lat' dir='ltr'><strong>verbis</strong></span> <span class='ocrx_word' id='word_1_595' title='bbox 2649 3954 2874 4008; x_wconf 86' lang='lat' dir='ltr'><strong>fortasse</strong></span> <span class='ocrx_word' id='word_1_596' title='bbox 2909 3954 3146 4021; x_wconf 76' lang='lat' dir='ltr'><strong>exiguas,</strong></span> <span class='ocrx_word' id='word_1_597' title='bbox 3177 3953 3270 4005; x_wconf 85' lang='lat' dir='ltr'><strong>sed</strong></span> <span class='ocrx_word' id='word_1_598' title='bbox 3301 3948 3426 4002; x_wconf 64' lang='lat' dir='ltr'><strong>alle-</strong></span> 
     </span>
    </p>
   </div>
   <div class='ocr_carea' id='block_1_98' title="bbox 1858 4041 3428 4117">
    <p class='ocr_par' dir='ltr' id='par_1_98' title="bbox 1858 4041 3428 4117">
     <span class='ocr_line' id='line_1_98' title="bbox 1858 4041 3428 4117; baseline -0.009 -10"><span class='ocrx_word' id='word_1_599' title='bbox 1858 4053 2036 4107; x_wconf 91' lang='lat' dir='ltr'><strong>ctione</strong></span> <span class='ocrx_word' id='word_1_600' title='bbox 2085 4051 2244 4104; x_wconf 92' lang='lat' dir='ltr'><strong>animi</strong></span> <span class='ocrx_word' id='word_1_601' title='bbox 2289 4049 2555 4117; x_wconf 87' lang='lat' dir='ltr'><strong>copiosas.</strong></span> <span class='ocrx_word' id='word_1_602' title='bbox 2595 4049 2737 4116; x_wconf 83' lang='lat' dir='ltr'><strong>Quas</strong></span> <span class='ocrx_word' id='word_1_603' title='bbox 2789 4047 2833 4100; x_wconf 88' lang='lat' dir='ltr'><strong>si</strong></span> <span class='ocrx_word' id='word_1_604' title='bbox 2864 4047 3058 4102; x_wconf 86' lang='lat' dir='ltr'><strong>eximia</strong></span> <span class='ocrx_word' id='word_1_605' title='bbox 3112 4041 3428 4098; x_wconf 86' lang='lat' dir='ltr'><strong>unanimitas</strong></span> 
     </span>
    </p>
   </div>
   <div class='ocr_carea' id='block_1_99' title="bbox 1861 4132 3431 4209">
    <p class='ocr_par' dir='ltr' id='par_1_99' title="bbox 1861 4132 3431 4209">
     <span class='ocr_line' id='line_1_99' title="bbox 1861 4132 3431 4209; baseline -0.007 -13"><span class='ocrx_word' id='word_1_606' title='bbox 1861 4151 1971 4207; x_wconf 88' lang='lat' dir='ltr'><strong>tua,</strong></span> <span class='ocrx_word' id='word_1_607' title='bbox 1999 4150 2052 4196; x_wconf 88' lang='lat' dir='ltr'><strong>et</strong></span> <span class='ocrx_word' id='word_1_608' title='bbox 2098 4141 2317 4209; x_wconf 88' lang='lat' dir='ltr'><strong>probata</strong></span> <span class='ocrx_word' id='word_1_609' title='bbox 2356 4139 2485 4193; x_wconf 87' lang='lat' dir='ltr'><strong>mihi</strong></span> <span class='ocrx_word' id='word_1_610' title='bbox 2515 4138 2767 4192; x_wconf 72' lang='lat' dir='ltr'><strong>amicitia:</strong></span> <span class='ocrx_word' id='word_1_611' title='bbox 2810 4135 2959 4199; x_wconf 87' lang='lat' dir='ltr'><strong>fides,</strong></span> <span class='ocrx_word' id='word_1_612' title='bbox 2995 4132 3226 4202; x_wconf 88' lang='lat' dir='ltr'><strong>jucunda</strong></span> <span class='ocrx_word' id='word_1_613' title='bbox 3271 4139 3431 4199; x_wconf 83' lang='lat' dir='ltr'><strong>atque</strong></span> 
     </span>
    </p>
   </div>
   <div class='ocr_carea' id='block_1_100' title="bbox 1857 4221 3430 4300">
    <p class='ocr_par' dir='ltr' id='par_1_100' title="bbox 1857 4221 3430 4300">
     <span class='ocr_line' id='line_1_100' title="bbox 1857 4221 3430 4300; baseline -0.01 -15"><span class='ocrx_word' id='word_1_614' title='bbox 1857 4239 2155 4300; x_wconf 82' lang='lat' dir='ltr'><strong>opportuna</strong></span> <span class='ocrx_word' id='word_1_615' title='bbox 2199 4230 2548 4283; x_wconf 39' lang='lat' dir='ltr'><strong>inslnuaverit</strong></span> <span class='ocrx_word' id='word_1_616' title='bbox 2581 4227 2843 4290; x_wconf 90' lang='lat' dir='ltr'><strong>lectione,</strong></span> <span class='ocrx_word' id='word_1_617' title='bbox 2871 4238 2976 4276; x_wconf 89' lang='lat' dir='ltr'><strong>non</strong></span> <span class='ocrx_word' id='word_1_618' title='bbox 3010 4221 3226 4275; x_wconf 80' lang='lat' dir='ltr'><strong>videbor</strong></span> <span class='ocrx_word' id='word_1_619' title='bbox 3256 4223 3430 4288; x_wconf 74' lang='lat' dir='ltr'><strong>ingra-</strong></span> 
     </span>
    </p>
   </div>
   <div class='ocr_carea' id='block_1_101' title="bbox 1861 4308 3430 4390">
    <p class='ocr_par' dir='ltr' id='par_1_101' title="bbox 1861 4308 3430 4390">
     <span class='ocr_line' id='line_1_101' title="bbox 1861 4308 3430 4390; baseline -0.011 -14"><span class='ocrx_word' id='word_1_620' title='bbox 1861 4331 1972 4386; x_wconf 88' lang='lat' dir='ltr'><strong>tus;</strong></span> <span class='ocrx_word' id='word_1_621' title='bbox 2006 4335 2125 4374; x_wconf 92' lang='lat' dir='ltr'><strong>cum</strong></span> <span class='ocrx_word' id='word_1_622' title='bbox 2161 4318 2488 4390; x_wconf 76' lang='lat' dir='ltr'><strong>probaverit,</strong></span> <span class='ocrx_word' id='word_1_623' title='bbox 2512 4317 2665 4370; x_wconf 91' lang='lat' dir='ltr'><strong>sicuti</strong></span> <span class='ocrx_word' id='word_1_624' title='bbox 2688 4324 2836 4382; x_wconf 83' lang='lat' dir='ltr'><strong>Opto,</strong></span> <span class='ocrx_word' id='word_1_625' title='bbox 2870 4311 3245 4368; x_wconf 80' lang='lat' dir='ltr'><strong>iuvictissimus</strong></span> <span class='ocrx_word' id='word_1_626' title='bbox 3284 4308 3430 4378; x_wconf 85' lang='lat' dir='ltr'><strong>prin-</strong></span> 
     </span>
    </p>
   </div>
   <div class='ocr_carea' id='block_1_102' title="bbox 1858 4401 3429 4483">
    <p class='ocr_par' dir='ltr' id='par_1_102' title="bbox 1858 4401 3429 4483">
     <span class='ocr_line' id='line_1_102' title="bbox 1858 4401 3429 4483; baseline -0.01 -14"><span class='ocrx_word' id='word_1_627' title='bbox 1858 4430 2006 4483; x_wconf 88' lang='lat' dir='ltr'><strong>ceps,</strong></span> <span class='ocrx_word' id='word_1_628' title='bbox 2047 4413 2301 4468; x_wconf 89' lang='lat' dir='ltr'><strong>beneficia</strong></span> <span class='ocrx_word' id='word_1_629' title='bbox 2332 4408 2634 4481; x_wconf 87' lang='lat' dir='ltr'><strong>lmjusmodi</strong></span> <span class='ocrx_word' id='word_1_630' title='bbox 2671 4409 2810 4478; x_wconf 89' lang='lat' dir='ltr'><strong>apud</strong></span> <span class='ocrx_word' id='word_1_631' title='bbox 2841 4419 3132 4462; x_wconf 87' lang='lat' dir='ltr'><strong>memorem</strong></span> <span class='ocrx_word' id='word_1_632' title='bbox 3175 4418 3232 4459; x_wconf 86' lang='lat' dir='ltr'><strong>se</strong></span> <span class='ocrx_word' id='word_1_633' title='bbox 3259 4401 3429 4458; x_wconf 87' lang='lat' dir='ltr'><strong>collo-</strong></span> 
     </span>
    </p>
   </div>
   <div class='ocr_carea' id='block_1_103' title="bbox 1859 4505 2210 4562">
    <p class='ocr_par' dir='ltr' id='par_1_103' title="bbox 1859 4505 2210 4562">
     <span class='ocr_line' id='line_1_103' title="bbox 1859 4505 2210 4562; baseline -0.006 -2"><span class='ocrx_word' id='word_1_634' title='bbox 1859 4521 2033 4562; x_wconf 88' lang='lat' dir='ltr'><strong>casse.</strong></span> <span class='ocrx_word' id='word_1_635' title='bbox 2066 4505 2210 4560; x_wconf 90' lang='lat' dir='ltr'><strong>Vale.</strong></span> 
     </span>
    </p>
   </div>
   <div class='ocr_carea' id='block_1_104' title="bbox 2461 4590 2784 4649">
    <p class='ocr_par' dir='ltr' id='par_1_104' title="bbox 2461 4590 2784 4649">
     <span class='ocr_line' id='line_1_104' title="bbox 2461 4590 2784 4649; baseline -0.006 -2"><span class='ocrx_word' id='word_1_636' title='bbox 2461 4591 2679 4649; x_wconf 83' lang='lat' dir='ltr'><strong>EPIST.</strong></span> <span class='ocrx_word' id='word_1_637' title='bbox 2718 4590 2784 4646; x_wconf 90' lang='lat' dir='ltr'><strong>L.</strong></span> 
     </span>
    </p>
   </div>
   <div class='ocr_carea' id='block_1_105' title="bbox 2372 4695 2908 4739">
    <p class='ocr_par' dir='ltr' id='par_1_105' title="bbox 2372 4695 2908 4739">
     <span class='ocr_line' id='line_1_105' title="bbox 2372 4695 2908 4739; baseline -0.006 -1"><span class='ocrx_word' id='word_1_638' title='bbox 2372 4697 2677 4739; x_wconf 67' lang='lat' dir='ltr'><strong>SVIMACBUS</strong></span> <span class='ocrx_word' id='word_1_639' title='bbox 2716 4695 2908 4736; x_wconf 71' lang='lat' dir='ltr'><strong>FELICI.</strong></span> 
     </span>
    </p>
   </div>
   <div class='ocr_carea' id='block_1_106' title="bbox 1939 4790 3432 4855">
    <p class='ocr_par' dir='ltr' id='par_1_106' title="bbox 1939 4790 3432 4855">
     <span class='ocr_line' id='line_1_106' title="bbox 1939 4790 3432 4855; baseline -0.009 0"><span class='ocrx_word' id='word_1_640' title='bbox 1939 4797 2184 4855; x_wconf 70' lang='lat' dir='ltr'><strong>Relatum</strong></span> <span class='ocrx_word' id='word_1_641' title='bbox 2233 4795 2286 4851; x_wconf 90' lang='lat' dir='ltr'><strong>iu</strong></span> <span class='ocrx_word' id='word_1_642' title='bbox 2341 4796 2574 4851; x_wconf 75' lang='lat' dir='ltr'><strong>cultores</strong></span> <span class='ocrx_word' id='word_1_643' title='bbox 2622 4803 2740 4850; x_wconf 90' lang='lat' dir='ltr'><strong>tuos</strong></span> <span class='ocrx_word' id='word_1_644' title='bbox 2793 4791 3065 4848; x_wconf 81' lang='lat' dir='ltr'><strong>Aurelium</strong></span> <span class='ocrx_word' id='word_1_645' title='bbox 3121 4790 3432 4845; x_wconf 78' lang='lat' dir='ltr'><strong>familirem</strong></span> 
     </span>
    </p>
   </div>
   <div class='ocr_carea' id='block_1_107' title="bbox 1869 4885 3435 4959">
    <p class='ocr_par' dir='ltr' id='par_1_107' title="bbox 1869 4885 3435 4959">
     <span class='ocr_line' id='line_1_107' title="bbox 1869 4885 3435 4959; baseline -0.01 -12"><span class='ocrx_word' id='word_1_646' title='bbox 1869 4906 2045 4947; x_wconf 83' lang='lat' dir='ltr'><strong>meum</strong></span> <span class='ocrx_word' id='word_1_647' title='bbox 2073 4887 2297 4959; x_wconf 87' lang='lat' dir='ltr'><strong>gaudeo,</strong></span> <span class='ocrx_word' id='word_1_648' title='bbox 2326 4902 2430 4942; x_wconf 91' lang='lat' dir='ltr'><strong>non</strong></span> <span class='ocrx_word' id='word_1_649' title='bbox 2462 4887 2604 4941; x_wconf 90' lang='lat' dir='ltr'><strong>illius</strong></span> <span class='ocrx_word' id='word_1_650' title='bbox 2648 4885 2807 4940; x_wconf 91' lang='lat' dir='ltr'><strong>modo</strong></span> <span class='ocrx_word' id='word_1_651' title='bbox 2843 4885 3057 4938; x_wconf 89' lang='lat' dir='ltr'><strong>nomine</strong></span> <span class='ocrx_word' id='word_1_652' title='bbox 3088 4896 3242 4951; x_wconf 83' lang='lat' dir='ltr'><strong>quem</strong></span> <span class='ocrx_word' id='word_1_653' title='bbox 3287 4895 3435 4935; x_wconf 80' lang='lat' dir='ltr'><strong>tuen-</strong></span> 
     </span>
    </p>
   </div>
   <div class='ocr_carea' id='block_1_108' title="bbox 1870 4971 3434 5046">
    <p class='ocr_par' dir='ltr' id='par_1_108' title="bbox 1870 4971 3434 5046">
     <span class='ocr_line' id='line_1_108' title="bbox 1870 4971 3434 5046; baseline -0.009 -8"><span class='ocrx_word' id='word_1_654' title='bbox 1870 4983 1998 5038; x_wconf 90' lang='lat' dir='ltr'><strong>dum</strong></span> <span class='ocrx_word' id='word_1_655' title='bbox 2023 4982 2302 5035; x_wconf 86' lang='lat' dir='ltr'><strong>summatis</strong></span> <span class='ocrx_word' id='word_1_656' title='bbox 2323 4980 2419 5034; x_wconf 91' lang='lat' dir='ltr'><strong>viri</strong></span> <span class='ocrx_word' id='word_1_657' title='bbox 2452 4995 2576 5033; x_wconf 89' lang='lat' dir='ltr'><strong>cura</strong></span> <span class='ocrx_word' id='word_1_658' title='bbox 2605 4978 2866 5046; x_wconf 88' lang='lat' dir='ltr'><strong>suscepit,</strong></span> <span class='ocrx_word' id='word_1_659' title='bbox 2898 4975 2990 5030; x_wconf 91' lang='lat' dir='ltr'><strong>sed</strong></span> <span class='ocrx_word' id='word_1_660' title='bbox 3020 4990 3139 5028; x_wconf 83' lang='lat' dir='ltr'><strong>tneo</strong></span> <span class='ocrx_word' id='word_1_661' title='bbox 3169 4971 3395 5027; x_wconf 76' lang='lat' dir='ltr'><strong>maxime</strong></span> <span class='ocrx_word' id='word_1_662' title='bbox 3419 5010 3434 5034; x_wconf 88' lang='lat'><strong>,</strong></span> 
     </span>
    </p>
   </div>
   <div class='ocr_carea' id='block_1_109' title="bbox 1871 5062 3438 5140">
    <p class='ocr_par' dir='ltr' id='par_1_109' title="bbox 1871 5062 3438 5140">
     <span class='ocr_line' id='line_1_109' title="bbox 1871 5062 3438 5140; baseline -0.009 -12"><span class='ocrx_word' id='word_1_663' title='bbox 1871 5075 2027 5140; x_wconf 88' lang='lat' dir='ltr'><strong>cujus</strong></span> <span class='ocrx_word' id='word_1_664' title='bbox 2053 5073 2410 5127; x_wconf 88' lang='lat' dir='ltr'><strong>testimonium</strong></span> <span class='ocrx_word' id='word_1_665' title='bbox 2447 5070 2631 5139; x_wconf 74' lang='lat' dir='ltr'><strong>iudicii</strong></span> <span class='ocrx_word' id='word_1_666' title='bbox 2693 5073 2858 5122; x_wconf 85' lang='lat' dir='ltr'><strong>instar</strong></span> <span class='ocrx_word' id='word_1_667' title='bbox 2900 5065 3150 5120; x_wconf 73' lang='lat' dir='ltr'><strong>habuisti.</strong></span> <span class='ocrx_word' id='word_1_668' title='bbox 3202 5062 3438 5117; x_wconf 82' lang='lat' dir='ltr'><strong>Accessit</strong></span> 
     </span>
    </p>
   </div>
   <div class='ocr_carea' id='block_1_110' title="bbox 1867 5153 3438 5225">
    <p class='ocr_par' dir='ltr' id='par_1_110' title="bbox 1867 5153 3438 5225">
     <span class='ocr_line' id='line_1_110' title="bbox 1867 5153 3438 5225; baseline -0.009 -8"><span class='ocrx_word' id='word_1_669' title='bbox 1867 5163 1992 5217; x_wconf 84' lang='lat' dir='ltr'><strong>huic</strong></span> <span class='ocrx_word' id='word_1_670' title='bbox 2020 5161 2228 5215; x_wconf 87' lang='lat' dir='ltr'><strong>muneri</strong></span> <span class='ocrx_word' id='word_1_671' title='bbox 2259 5160 2465 5215; x_wconf 76' lang='lat' dir='ltr'><strong>auctior</strong></span> <span class='ocrx_word' id='word_1_672' title='bbox 2491 5175 2555 5212; x_wconf 90' lang='lat' dir='ltr'><strong>ex</strong></span> <span class='ocrx_word' id='word_1_673' title='bbox 2599 5159 2790 5212; x_wconf 89' lang='lat' dir='ltr'><strong>litteris</strong></span> <span class='ocrx_word' id='word_1_674' title='bbox 2822 5155 2896 5209; x_wconf 91' lang='lat' dir='ltr'><strong>tui</strong></span> <span class='ocrx_word' id='word_1_675' title='bbox 2923 5153 3086 5225; x_wconf 88' lang='lat' dir='ltr'><strong>gratia</strong></span> <span class='ocrx_word' id='word_1_676' title='bbox 3119 5156 3438 5220; x_wconf 88' lang='lat' dir='ltr'><strong>(quanquam</strong></span> 
     </span>
    </p>
   </div>
   <div class='ocr_carea' id='block_1_111' title="bbox 1865 5240 3440 5322">
    <p class='ocr_par' dir='ltr' id='par_1_111' title="bbox 1865 5240 3440 5322">
     <span class='ocr_line' id='line_1_111' title="bbox 1865 5240 3440 5322; baseline -0.01 -12"><span class='ocrx_word' id='word_1_677' title='bbox 1865 5255 2033 5310; x_wconf 86' lang='lat' dir='ltr'><strong>estin</strong></span> <span class='ocrx_word' id='word_1_678' title='bbox 2073 5253 2211 5317; x_wconf 88' lang='lat' dir='ltr'><strong>illis,</strong></span> <span class='ocrx_word' id='word_1_679' title='bbox 2238 5252 2378 5322; x_wconf 89' lang='lat' dir='ltr'><strong>quod</strong></span> <span class='ocrx_word' id='word_1_680' title='bbox 2427 5259 2697 5304; x_wconf 85' lang='lat' dir='ltr'><strong>amantem</strong></span> <span class='ocrx_word' id='word_1_681' title='bbox 2740 5249 2906 5317; x_wconf 89' lang='lat' dir='ltr'><strong>possit</strong></span> <span class='ocrx_word' id='word_1_682' title='bbox 2949 5245 3252 5307; x_wconf 80' lang='lat' dir='ltr'><strong>offendere,</strong></span> <span class='ocrx_word' id='word_1_683' title='bbox 3296 5240 3440 5294; x_wconf 88' lang='lat' dir='ltr'><strong>brevi</strong></span> 
     </span>
    </p>
   </div>
   <div class='ocr_carea' id='block_1_112' title="bbox 1867 5321 3440 5407">
    <p class='ocr_par' dir='ltr' id='par_1_112' title="bbox 1867 5321 3440 5407">
     <span class='ocr_line' id='line_1_112' title="bbox 1867 5321 3440 5407; baseline -0.008 -9"><span class='ocrx_word' id='word_1_684' title='bbox 1867 5344 2015 5398; x_wconf 88' lang='lat' dir='ltr'><strong>enim</strong></span> <span class='ocrx_word' id='word_1_685' title='bbox 2045 5351 2196 5398; x_wconf 89' lang='lat' dir='ltr'><strong>erant</strong></span> <span class='ocrx_word' id='word_1_686' title='bbox 2226 5321 2571 5407; x_wconf 83' lang='lat' dir='ltr'><strong>transcursu)</strong></span> <span class='ocrx_word' id='word_1_687' title='bbox 2621 5354 2738 5406; x_wconf 79' lang='lat' dir='ltr'><strong>qua:</strong></span> <span class='ocrx_word' id='word_1_688' title='bbox 2774 5352 2894 5391; x_wconf 91' lang='lat' dir='ltr'><strong>cum</strong></span> <span class='ocrx_word' id='word_1_689' title='bbox 2943 5335 3072 5388; x_wconf 89' lang='lat' dir='ltr'><strong>mihi</strong></span> <span class='ocrx_word' id='word_1_690' title='bbox 3119 5321 3440 5399; x_wconf 84' lang='lat' dir='ltr'><strong>voluptatem</strong></span> 
     </span>
    </p>
   </div>
   <div class='ocr_carea' id='block_1_113' title="bbox 1869 5424 3442 5503">
    <p class='ocr_par' dir='ltr' id='par_1_113' title="bbox 1869 5424 3442 5503">
     <span class='ocr_line' id='line_1_113' title="bbox 1869 5424 3442 5503; baseline -0.01 -11"><span class='ocrx_word' id='word_1_691' title='bbox 1869 5438 2116 5499; x_wconf 88' lang='lat' dir='ltr'><strong>afferant,</strong></span> <span class='ocrx_word' id='word_1_692' title='bbox 2147 5443 2340 5503; x_wconf 85' lang='lat' dir='ltr'><strong>negant</strong></span> <span class='ocrx_word' id='word_1_693' title='bbox 2369 5434 2690 5486; x_wconf 56' lang='lat' dir='ltr'><strong>satietatem.</strong></span> <span class='ocrx_word' id='word_1_694' title='bbox 2725 5430 2791 5483; x_wconf 84' lang='lat' dir='ltr'><strong>Et</strong></span> <span class='ocrx_word' id='word_1_695' title='bbox 2821 5429 2934 5481; x_wconf 74' lang='lat' dir='ltr'><strong>[nec</strong></span> <span class='ocrx_word' id='word_1_696' title='bbox 2953 5438 3028 5480; x_wconf 73' lang='lat' dir='ltr'><strong>esu</strong></span> <span class='ocrx_word' id='word_1_697' title='bbox 3059 5436 3247 5478; x_wconf 91' lang='lat' dir='ltr'><strong>natura</strong></span> <span class='ocrx_word' id='word_1_698' title='bbox 3275 5424 3442 5478; x_wconf 88' lang='lat' dir='ltr'><strong>bona-</strong></span> 
     </span>
    </p>
   </div>
   <div class='ocr_carea' id='block_1_114' title="bbox 1873 5515 3437 5589">
    <p class='ocr_par' dir='ltr' id='par_1_114' title="bbox 1873 5515 3437 5589">
     <span class='ocr_line' id='line_1_114' title="bbox 1873 5515 3437 5589; baseline -0.009 -5"><span class='ocrx_word' id='word_1_699' title='bbox 1873 5545 1996 5585; x_wconf 86' lang='lat' dir='ltr'><strong>rum</strong></span> <span class='ocrx_word' id='word_1_700' title='bbox 2046 5542 2222 5582; x_wconf 85' lang='lat' dir='ltr'><strong>rerum</strong></span> <span class='ocrx_word' id='word_1_701' title='bbox 2261 5535 2318 5580; x_wconf 94' lang='lat' dir='ltr'><strong>ut</strong></span> <span class='ocrx_word' id='word_1_702' title='bbox 2356 5524 2460 5578; x_wconf 89' lang='lat' dir='ltr'><strong>illis</strong></span> <span class='ocrx_word' id='word_1_703' title='bbox 2494 5523 2593 5576; x_wconf 86' lang='lat' dir='ltr'><strong>frui</strong></span> <span class='ocrx_word' id='word_1_704' title='bbox 2630 5520 2888 5589; x_wconf 83' lang='lat' dir='ltr'><strong>prolixius</strong></span> <span class='ocrx_word' id='word_1_705' title='bbox 2927 5518 3093 5584; x_wconf 71' lang='lat' dir='ltr'><strong>telis,</strong></span> <span class='ocrx_word' id='word_1_706' title='bbox 3142 5530 3241 5571; x_wconf 84' lang='lat' dir='ltr'><strong>nec</strong></span> <span class='ocrx_word' id='word_1_707' title='bbox 3290 5515 3437 5586; x_wconf 82' lang='lat' dir='ltr'><strong>quid-</strong></span> 
     </span>
    </p>
   </div>
   <div class='ocr_carea' id='block_1_115' title="bbox 1873 5609 3442 5692">
    <p class='ocr_par' dir='ltr' id='par_1_115' title="bbox 1873 5609 3442 5692">
     <span class='ocr_line' id='line_1_115' title="bbox 1873 5609 3442 5692; baseline -0.01 -15"><span class='ocrx_word' id='word_1_708' title='bbox 1873 5636 2036 5692; x_wconf 80' lang='lat' dir='ltr'><strong>quam</strong></span> <span class='ocrx_word' id='word_1_709' title='bbox 2089 5618 2277 5674; x_wconf 88' lang='lat' dir='ltr'><strong>durius</strong></span> <span class='ocrx_word' id='word_1_710' title='bbox 2312 5631 2490 5672; x_wconf 83' lang='lat' dir='ltr'><strong>sumas</strong></span> <span class='ocrx_word' id='word_1_711' title='bbox 2543 5628 2701 5684; x_wconf 85' lang='lat' dir='ltr'><strong>quam</strong></span> <span class='ocrx_word' id='word_1_712' title='bbox 2739 5609 2998 5666; x_wconf 88' lang='lat' dir='ltr'><strong>orationis</strong></span> <span class='ocrx_word' id='word_1_713' title='bbox 3043 5610 3247 5680; x_wconf 66' lang='lat' dir='ltr'><strong>placitae</strong></span> <span class='ocrx_word' id='word_1_714' title='bbox 3281 5610 3442 5665; x_wconf 90' lang='lat' dir='ltr'><strong>citum</strong></span> 
     </span>
    </p>
   </div>
   <div class='ocr_carea' id='block_1_116' title="bbox 1881 5700 3435 5776">
    <p class='ocr_par' dir='ltr' id='par_1_116' title="bbox 1881 5700 3435 5776">
     <span class='ocr_line' id='line_1_116' title="bbox 1881 5700 3435 5776; baseline -0.007 -10"><span class='ocrx_word' id='word_1_715' title='bbox 1881 5710 2188 5768; x_wconf 83' lang='lat' dir='ltr'><strong>transitum.</strong></span> <span class='ocrx_word' id='word_1_716' title='bbox 2217 5706 2367 5763; x_wconf 83' lang='lat' dir='ltr'><strong>Adde</strong></span> <span class='ocrx_word' id='word_1_717' title='bbox 2399 5704 2556 5776; x_wconf 84' lang='lat' dir='ltr'><strong>igitur</strong></span> <span class='ocrx_word' id='word_1_718' title='bbox 2585 5703 2824 5772; x_wconf 89' lang='lat' dir='ltr'><strong>epistolis</strong></span> <span class='ocrx_word' id='word_1_719' title='bbox 2853 5703 2954 5758; x_wconf 85' lang='lat' dir='ltr'><strong>tuis</strong></span> <span class='ocrx_word' id='word_1_720' title='bbox 2982 5705 3215 5772; x_wconf 82' lang='lat' dir='ltr'><strong>cupiam,</strong></span> <span class='ocrx_word' id='word_1_721' title='bbox 3244 5700 3364 5765; x_wconf 86' lang='lat' dir='ltr'><strong>vel,</strong></span> <span class='ocrx_word' id='word_1_722' title='bbox 3391 5703 3435 5755; x_wconf 80' lang='lat' dir='ltr'><strong>si</strong></span> 
     </span>
    </p>
   </div>
   <div class='ocr_carea' id='block_1_117' title="bbox 1877 5790 3442 5869">
    <p class='ocr_par' dir='ltr' id='par_1_117' title="bbox 1877 5790 3442 5869">
     <span class='ocr_line' id='line_1_117' title="bbox 1877 5790 3442 5869; baseline -0.008 -15"><span class='ocrx_word' id='word_1_723' title='bbox 1877 5811 2035 5869; x_wconf 80' lang='lat' dir='ltr'><strong>pqles</strong></span> <span class='ocrx_word' id='word_1_724' title='bbox 2058 5839 2074 5866; x_wconf 91' lang='lat'><strong>,</strong></span> <span class='ocrx_word' id='word_1_725' title='bbox 2127 5797 2345 5854; x_wconf 88' lang='lat' dir='ltr'><strong>detrahe</strong></span> <span class='ocrx_word' id='word_1_726' title='bbox 2394 5794 2727 5850; x_wconf 81' lang='lat' dir='ltr'><strong>suavitatem.</strong></span> <span class='ocrx_word' id='word_1_727' title='bbox 2773 5793 2887 5850; x_wconf 81' lang='lat' dir='ltr'><strong>Nisi</strong></span> <span class='ocrx_word' id='word_1_728' title='bbox 2925 5794 2996 5849; x_wconf 88' lang='lat' dir='ltr'><strong>ita</strong></span> <span class='ocrx_word' id='word_1_729' title='bbox 3035 5792 3254 5857; x_wconf 88' lang='lat' dir='ltr'><strong>feceris,</strong></span> <span class='ocrx_word' id='word_1_730' title='bbox 3284 5790 3442 5847; x_wconf 73' lang='lat' dir='ltr'><strong>la‘sur</strong></span> 
     </span>
    </p>
   </div>
  </div>
