3932 6440
553 360 659 417 255

1730 363 1796 429 ρ.
1836 359 2179 418 sunmus
2216 314 2648 418 siunicnus.
3678 368 3786 427 ass

550 477 837 542 rependam
868 475 1081 533 fastidio
1110 488 1202 535 tuo
1228 478 1412 546 verba,
1443 493 1563 549 qua:
1586 478 1735 534 soleo
1760 517 1775 544 ,
1813 490 1865 534 et
1905 478 2124 547 paginas
2154 480 2202 537 Δ
2228 476 2402 531 exitus
2429 476 2654 544 deserit,
2688 476 2954 531 instaurat
2982 476 3229 543 exordia,
3260 493 3539 535 romanum
3560 481 3785 540 crimina-

549 568 838 638 lnngiores.
879 570 1028 624 Va'e.
1407 622 1411 626 .

1166 662 1381 718 EPIST.
1422 662 1506 717 Ll.

1083 770 1393 812 εῐιηλοηυε
1431 769 1622 810 FELICI.

619 852 785 901 Amor
826 846 1043 916 quidem
1091 858 1213 902 tuus
1242 849 1409 903 suasit
1443 858 1503 903 ut
1542 847 1834 901 scriberem
1861 886 1876 911 ,
1908 853 2128 914 preti-r-

546 942 725 993 euntis
758 940 1051 1009 festinatio,
1078 950 1137 996 ut
1164 957 1330 1012 pauca
1377 941 1657 996 dictarem.
1706 940 1883 1007 Quare
1926 940 2127 994 saluta-

547 1030 690 1083 t'one
715 1041 996 1085 contentus
1021 1034 1163 1103 (qua:
1191 1033 1291 1087 etsi
1320 1047 1426 1085 non
1456 1030 1636 1099 explet
1664 1030 1919 1091 officium.
1950 1039 2126 1084 tamen

546 1130 877 1176 contestatur
905 1122 1179 1193 affectum)
1212 1123 1378 1178 redde
1426 1122 1650 1177 inviCt'm
1696 1137 1814 1191 qum
1846 1122 2085 1190 legamus
2107 1164 2123 1188 ,

546 1225 595 1267 et
622 1214 666 1265 si
701 1228 922 1268 necesse
951 1226 1054 1281 est,
1079 1215 1332 1270 :emulare
1357 1215 1698 1269 brevitatem.
1725 1214 1854 1269 Nam
1877 1229 1998 1269 cutn
2025 1216 2123 1269 siin

546 1304 849 1358 nitidissimi
883 1305 956 1359 tui
977 1310 1241 1361 sermonis
1271 1306 1529 1375 cupidus,
1573 1308 1903 1362 conscientia
1945 1317 2123 1362 tamen

546 1393 703 1463 hujus
734 1406 838 1450 tam
869 1406 1105 1466 anguis
1129 1400 1331 1467 pagina:
1361 1414 1465 1454 non
1497 1399 1672 1465 audeo
1698 1416 1726 1453 a
1754 1407 1805 1454 te
1833 1400 2122 1454 verborum

543 1486 749 1557 copiam
782 1484 1075 1558 postulare.
1112 1490 1265 1545 Vale.

1148 1583 1362 1639 EPIST.
1405 1585 1514 1639 LII.

1064 1689 1372 1731 εγδηιλοιιυε
1408 1693 1601 1732 FELICI.

615 1761 827 1817 Vcctori
856 1763 1191 1831 iudicialium
1219 1766 1516 1821 litterarum
1553 1767 1879 1823 reddendam
1909 1771 1998 1825 tibi
2030 1786 2121 1840 pa-

2233 578 2321 622 tur
2343 568 2605 632 tribunal;
2638 582 2743 622 non
2773 568 3128 637 possessionis
3148 570 3518 642 antiquitatem
3541 612 3558 639 ,
3588 591 3685 630 non
3713 592 3784 634 se-

2232 658 2454 712 natoriae
2499 658 2772 727 dignitatis
2810 661 3218 728 praerogativam
3244 700 3259 725 .
3319 677 3425 717 non
3479 664 3782 732 prmlectur:

2230 749 2683 803 existimationem
2714 750 2842 803 sinit
2872 749 3247 807 inconcussam
3272 768 3515 809 manere.
3548 753 3638 810 llis
3656 758 3780 812 ausi-

2233 838 2331 892 bus
2367 839 2517 894 color
2556 838 2753 892 flscalis
2783 839 3052 906 allinitur,
3090 841 3257 897 veluti
3302 842 3373 897 ob
3415 844 3780 914 inquisitionem

2231 929 2509 984 mobilium
2540 944 2603 983 ex
2636 929 2946 999 b0nis,qu:e
2974 932 3165 986 meruit
3187 932 3471 999 Eusebius,
3497 935 3683 991 divine
3699 938 3783 992 du-

2230 1022 2337 1076 tnui
2368 1022 2691 1077 debitorum.
2724 1021 2822 1077 Ubi
2852 1022 2966 1077 haec
2998 1023 3269 1095 diligentia
3300 1026 3391 1081 diu
3419 1027 3619 1097 iacuit?
3644 1028 3782 1100 Cuius

2228 1112 2408 1168 scrinii
2440 1111 2675 1168 colludio
2698 1112 2910 1182 publica
2956 1115 3150 1170 damna
3183 1116 3490 1173 latuerunt?
3528 1120 3583 1175 Si
3613 1134 3781 1189 procu-

2227 1216 2375 1259 rator
2419 1220 2522 1259 non
2564 1205 2874 1261 admoveret
2928 1209 3142 1278 negotio
3190 1224 3289 1263 suo
3341 1210 3583 1279 publicas
3632 1211 3781 1279 faces;

2227 1299 2388 1354 etiam
2424 1314 2567 1352 nunc
2596 1308 2672 1353 tot
2695 1299 2893 1366 officia,
2929 1308 3009 1354 tot
3039 1300 3385 1370 inquisitores
3424 1303 3556 1359 fisco
3588 1305 3781 1374 quaesita

2228 1388 2519 1444 nescirent.
2554 1390 2619 1443 Et
2645 1404 2776 1445 sane
2816 1406 3026 1460 a'quum
3050 1399 3172 1457 est,
3227 1392 3567 1450 ut'defensio
3615 1394 3783 1450 divina:

2226 1482 2417 1538 domus
2442 1484 2758 1539 attentiores
2785 1485 2972 1539 oculos
2995 1495 3213 1555 prazstet
3238 1487 3511 1556 iniunctis.
3530 1489 3664 1557 Quid
3690 1506 3782 1546 mo-

2225 1575 2421 1631 bilibus
2447 1591 2731 1632 commune
2753 1593 2874 1632 cum
2900 1578 3135 1648 praedio?
3160 1579 3346 1636 Nullus
3361 1597 3513 1638 error
3524 1598 3781 1648 sensuum,

2226 1668 2368 1723 nulla
2393 1669 2679 1724 verborum
2715 1671 3088 1741 interpretatio
3118 1683 3295 1743 potest
3326 1677 3543 1731 nomina
3582 1676 3675 1731 ista
3701 1677 3783 1733 rni-

2222 1773 2397 1816 scere.
2427 1760 2631 1815 Dehinc
2659 1776 2687 1814 a
2714 1762 3029 1833 proscriptis
3064 1763 3333 1833 quondam
3364 1767 3516 1821 bonis
3562 1768 3758 1839 Porphy

538 1854 715 1922 ginam
747 1855 893 1919 dedi,
918 1858 1167 1910 amicitiae
1214 1858 1462 1914 deferens
1507 1862 1705 1915 cultum
1737 1863 2070 1917 salutationis
2100 1882 2109 1931 ;

2224 1852 2320 1917 ria,
2346 1862 2400 1907 et
2429 1852 2809 1908 Postltttminus
2838 1854 2999 1910 alieni
3030 1864 3179 1912 sunt.
3207 1856 3373 1912 Multo
3400 1861 3572 1929 magis
3594 1870 3781 1927 emptor

538 1944 805 2013 simulque
826 1960 1117 2015 suggerens
1141 1948 1207 2001 ad
1238 1963 1349 2002 rem
1395 1952 1497 2003 mei
1533 1951 1771 2020 pignoris
1810 1955 2077 2022 pertinere
2097 1996 2112 2021 ,

538 2033 677 2103 quod
704 2036 893 2091 relatio
918 2038 1131 2093 docebit
1152 2039 1216 2092 de
1238 2041 1429 2095 tutoris
1452 2041 1690 2095 faucibus
1703 2044 2112 2103 extrahendum.

538 2124 648 2180 Nec
680 2126 864 2183 laboro
896 2145 991 2198 pro
1024 2132 1325 2186 assertione
1367 2132 1622 2201 iustitize,
1671 2134 1825 2202 cuius
1863 2137 1953 2190 tibi
1989 2154 2115 2194 cura

538 2218 802 2286 praecipua
834 2229 936 2275 est.
985 2221 1090 2277 Sed
1122 2222 1223 2278 hoc
1262 2234 1467 2279 tantum
1503 2226 1674 2281 audeo
1714 2230 2014 2297 postulare,
2060 2241 2117 2286 ut

537 2315 931 2382 quamprimum
964 2332 1223 2388 responsa
1250 2320 1487 2375 caelestia
1522 2322 1685 2377 robur
1718 2323 1945 2379 alierant
1973 2322 2118 2394 iudi-

536 2404 691 2460 catis.
722 2404 875 2463 Vale.
1409 2468 1412 2471 λ

552 2520 557 2525 ·
1139 2500 1354 2557 EPIST.
1396 2503 1522 2559 Llll.

1079 2606 1390 2650 SYIMIACIIDS
1428 2612 1620 2652 FELICI.

606 2680 846 2738 Fratrem
879 2695 1118 2739 nostrum
1144 2685 1443 2756 Helpidinm
1469 2704 1572 2742 non
1592 2690 1765 2745 minus
1787 2690 2113 2747 desiderium

534 2772 608 2827 tui
651 2789 810 2843 quam
854 2776 1077 2845 epistola
1101 2778 1340 2833 consulis
1368 2780 1632 2835 evocavit.
1680 2780 1776 2835 Cui
1814 2783 1912 2836 etsi
1960 2797 2114 2837 amo-

534 2878 647 2918 rem
679 2872 825 2921 tuum
849 2867 1021 2936 prisca
1051 2868 1192 2923 inter
1214 2885 1310 2923 vos
1332 2870 1639 2939 coniunctio
1668 2871 2116 2940 pollicetur,non-

532 2956 662 3010 nihil
687 2964 888 3025 tamen,
922 2967 978 3012 ut
1009 2958 1262 3027 arbitror,
1294 2961 1452 3015 etiam
1486 2963 1670 3031 petitio
1692 2968 1808 3017 mea
1839 2978 2115 3017 commen-

532 3048 762 3104 dationis
784 3048 1016 3119 adiiciet.
1046 3052 1275 3107 Exstrne
1305 3052 1485 3121 igitur,
1514 3068 1697 3123 quaeso
1722 3063 1794 3119 te,
1820 3054 2110 3123 noviscrga

531 3141 757 3193 amicum
819 3142 1095 3196 beneficiis
1141 3154 1380 3197 veterem
1430 3145 1795 3215 diligentiam.
1843 3154 2107 3214 quatenus

532 3233 737 3300 possint
770 3234 1002 3302 perfeCta
1033 3235 1295 3289 cumulari
1320 3276 1336 3303 ,
1369 3246 1421 3290 et
1454 3236 1553 3290 hoc
1574 3236 1705 3289 mihi
1728 3236 2110 3292 minnslubens
2138 3217 2185 3281 (ἶ

534 3326 783 3389 attribue,
818 3336 878 3381 ut
907 3328 1121 3389 merita.
1146 3344 1263 3396 quae
1292 3331 1401 3381 suis
1432 3328 1569 3396 apud
1603 3337 1654 3382 te
1687 3327 1933 3383 fundavit
1956 3329 2112 3385 obse-

531 3418 688 3486 quiis,
717 3418 916 3474 sentiat
948 3435 1070 3473 meo
1101 3418 1282 3473 favore
1307 3419 1564 3475 crevisse.
1594 3419 1750 3475 ~Vale.

1030 3504 1034 3509 ’
1106 3510 1322 3566 EPIST.
1366 3509 1497 3565 LIV.

1030 3616 1335 3656 SYMMACHUS
1374 3617 1567 3657 FELICI.

597 3690 848 3760 Quisquis
874 3690 1028 3744 amici
1054 3690 1248 3744 famam
1271 3690 1512 3759 negligit,
1535 3690 1635 3744 fide
1658 3690 1859 3745 lubric'a
1879 3698 1982 3745 est.
1999 3691 2110 3745 Hoc

527 3797 594 3835 ne
626 3782 757 3834 vitio
788 3781 914 3835 mihi
937 3780 1059 3849 iure
1089 3781 1317 3835 ducatur
1356 3780 1516 3835 etiam
1550 3781 1602 3835 in
1630 3782 1858 3836 aliorum
1898 3781 2109 3851 iniuriis

525 3886 622 3942 pro
652 3880 739 3925 tua
771 3872 1172 3927 existimatione
1200 3872 1483 3927 solliritor.
1518 3873 1633 3939 Qua
1666 3873 1800 3943 lege,
1832 3890 1937 3943 quo
1966 3875 2109 3932 bono

524 3962 737 4031 publico
758 3962 1044 4018 Eusebium
1081 3962 1148 4017 V.
1181 3962 1241 4016 C.
1273 3963 1365 4033 qui
1398 3967 1661 4018 meruisse
1692 3966 1833 4019 inter
1869 3968 2107 4021 notarios

522 4054 725 4120 fertur,
779 4054 1018 4111 incertus
1059 4065 1219 4126 atque
1255 4056 1621 4121 inexliloratus
1668 4067 1984 4127 procurator
2011 4059 2109 4113 eli-

520 4147 627 4202 cuit
653 4159 703 4201 uI
736 4147 910 4203 civilis
943 4147 1129 4217 petitio
1157 4149 1363 4204 urbano
1392 4149 1665 4204 abstrahat
1689 4152 1805 4204 foro
1830 4152 2111 4219 possiden-

520 4248 624 4293 tem
651 4240 989 4294 matronam?
1010 4239 1125 4307 Qna
1156 4239 1207 4294 in
1235 4254 1393 4294 causa
1425 4254 1547 4295 cum
1576 4241 1899 4312 supplicatio
1932 4243 2107 4312 priva-

519 4339 627 4384 tam
655 4338 837 4385 teneat
866 4332 1160 4395 actionem,
1191 4345 1378 4387 sacros
1409 4331 1594 4387 titulos
1635 4348 1893 4401 responsa
1948 4333 2106 4389 mini-

521 4430 719 4475 tantur.
752 4421 949 4489 Qutcso
979 4432 1051 4489 te,
1086 4422 1311 4492 cogites,
1352 4422 1479 4493 quid
1522 4423 1588 4477 de
1623 4422 1864 4494 Augusto
1902 4424 2063 4496 adyto
2086 4466 2102 4493 ,

519 4511 669 4580 cuius
698 4511 933 4581 loqueris
965 4513 1175 4567 oracula
1201 4553 1216 4579 ,
1260 4513 1446 4568 deceat
1492 4514 1789 4583 impetrari.
1844 4515 2101 4571 Fraterna

2220 1945 2415 2000 aedium
2439 1947 2716 2015 Ampelius
2735 1948 2919 2017 procul
2941 1948 3093 2005 abest
3114 1964 3145 2004 a
3168 1951 3490 2020 contagione
3504 1953 3781 2009 mobilium.

2220 2038 2357 2104 Quid
2382 2048 2567 2101 restat,
2599 2039 2701 2093 nisi
2730 2048 2787 2094 ut
2814 2040 3040 2109 aquilas
3077 2050 3255 2097 vestra
3293 2045 3557 2112 privatam
3596 2045 3783 2115 petitio-

2221 2145 2342 2184 nem
2376 2131 2536 2185 nullis
2558 2132 2807 2188 sustineri
2836 2134 3104 2189 radicibus
3132 2134 3369 2205 iudicet.
3412 2137 3496 2191 cui
3526 2152 3695 2193 sacra:
3715 2153 3782 2194 re.

2219 2223 2477 2277 verentiae
2523 2222 2709 2279 umbra
2754 2227 3105 2294 praetexitur?
3148 2226 3275 2282 Haec
3305 2242 3391 2282 me
3436 2228 3488 2283 in
3523 2229 3782 2300 epistolam

2218 2312 2468 2369 conferre
2492 2329 2643 2369 amor
2669 2317 2849 2370 sarculi
2872 2325 2927 2371 et
2945 2317 3178 2372 amicitia
3206 2326 3292 2372 tua
3310 2319 3593 2388 compulit.
3610 2320 3783 2376 Eadem

2219 2404 2335 2459 viro
2364 2405 2560 2459 illustri
2591 2405 2739 2461 fratri
2771 2416 2956 2461 nostro
2980 2406 3243 2477 Sperchio
3269 2424 3477 2463 morum
3499 2410 3620 2479 eius
3645 2423 3783 2465 secu-

2220 2506 2307 2551 tus
2334 2498 2507 2567 palam
2533 2497 2710 2554 facere
2734 2514 3032 2565 curassem,
3065 2501 3290 2571 siquam
3318 2502 3444 2557 mihi
3477 2517 3577 2572 per
3603 2503 3785 2558 litteras

2218 2589 2498 2644 obtulisset
2529 2591 2775 2647 liduciani
2806 2593 2908 2647 sui.
2927 2593 3044 2662 Ipse
3074 2604 3249 2650 autem
3276 2594 3599 2664 principium
3632 2593 3786 2649 facere

2218 2680 2559 2736 conferendis
2586 2692 2774 2737 mutuo
2803 2684 3020 2752 scriptis
3057 2699 3086 2738 a
3125 2685 3213 2738 tali
3248 2699 3446 2755 genere
3489 2699 3600 2740 non
3622 2683 3782 2739 debui.

2220 2769 2336 2825 Erit
2365 2771 2545 2842 itaque
2570 2772 2717 2842 optio
2745 2774 3109 2844 amplitudinis
3139 2784 3242 2830 tua:
3269 2775 3321 2829 in
3351 2789 3510 2831 aures
3535 2774 3652 2845 eius
3681 2788 3785 2845 per-

2217 2861 2360 2917 ferre
2399 2879 2519 2933 qua:
2566 2866 2901 2936 scripsimus.
2954 2867 3177 2938 Dignum
3215 2868 3410 2937 quippe
3443 2876 3527 2923 est
3565 2866 3628 2921 ‘ut
3656 2865 3784 2938 quod

2216 2954 2597 3009 existimationi
2630 2957 2910 3027 utriusque
2944 2957 3219 3029 proﬁciet,
3250 2958 3529 3012 antbOrum
3572 2960 3785 3014 conscit-

2216 3060 2307 3099 sus
2331 3047 2600 3102 emendet.
2632 3047 2760 3103 Vale

2825 3140 3043 3197 EPIST.
3084 3141 3194 3196 LV.

2680 3245 2987 3288 SYIIIACEUS
3025 3248 3328 3288 εΑιιυετιο.

2286 3320 2423 3375 Nolo
2448 3336 2512 3375 es
2546 3323 2785 3377 moribus
2814 3328 3134 3378 caat‘erornm
3154 3367 3169 3390 ,
3199 3326 3288 3394 qui
3338 3338 3532 3379 sensus
3574 3326 3788 3380 Senato-

2214 3410 2326 3465 rios
2349 3418 2599 3476 tu'actant,
2625 3414 2787 3467 etiam
2818 3412 2975 3483 huius
3001 3414 3272 3484 ingenium
3299 3454 3313 3478 ,
3343 3413 3502 3485 quem
3524 3430 3788 3473 commen-

2213 3501 2306 3566 do,
2339 3503 2660 3572 perpendas.
2695 3504 2787 3559 ESt
2814 3505 2956 3559 enim
2987 3519 3093 3558 non
3123 3500 3378 3560 mediocri
3413 3506 3534 3562 loco
3562 3520 3657 3562 aut
3690 3503 3789 3560 inii

2112 3622 2115 3623 ν
2214 3606 2298 3647 ma
2322 3608 2468 3649 sorte
2500 3596 2840 3665 progenitus;
2863 3596 2959 3650 sed
2979 3594 3317 3650 honestatem
3345 3597 3605 3652 nataliutn
3630 3594 3785 3666 pudo-

2211 3699 2270 3739 re
2299 3685 2632 3752 custodiens.
2657 3686 2832 3755 Atque
2872 3686 2992 3741 ideo
3029 3702 3129 3742 nec
3151 3700 3251 3757 ego
3277 3686 3595 3742 indecorum
3622 3686 3788 3757 putavi

2211 3776 2347 3832 bene
2377 3778 2649 3847 cognitum
2684 3780 2931 3849 prosequi
2978 3778 3289 3834 teStimonio
3324 3780 3651 3835 litterarum.
3690 3781 3788 3836 Nec

2212 3870 2499 3940 singularis
2524 3871 2861 3941 generositas
2884 3880 2971 3925 tua
3002 3871 3162 3927 debet
3190 3871 3255 3926 de
3283 3870 3400 3941 eius
3427 3886 3619 3928 amore
3644 3872 3790 3928 dubi-

2211 3974 2356 4027 tare,
2405 3980 2565 4035 quem
2620 3963 2770 4018 videt
2816 3964 2970 4019 nobis
3021 3964 3433 4034 astipulantibus
3485 3962 3787 4035 approbari.

2210 4057 2277 4111 Et
2303 4055 2418 4110 haec
2445 4056 2660 4127 quidem
2689 4071 2791 4125 pro
2811 4056 3098 4111 Ammonio
3141 4055 3272 4110 satis
3319 4055 3459 4111 dicta
3503 4054 3638 4110 sint.
3675 4053 3786 4123 Ipse

2209 4161 2387 4205 autem
2412 4148 2742 4204 desiderium
2765 4148 2838 4202 tui
2870 4147 3136 4203 sermonis
3163 4146 3325 4201 silere
3350 4161 3455 4201 non
3479 4144 3679 4210 debeo,
3706 4158 3785 4200 cu-

2202 4241 2291 4312 jus
2320 4240 2680 4310 appetentiam
2707 4240 3029 4310 scriptorum
3052 4248 3263 4295 tuorum
3292 4238 3486 4294 raritas
3511 4237 3771 4295 vehemen

2209 4334 2313 4391 tius
2338 4335 2609 4391 excitavit.
2644 4333 2797 4389 Vale.

2799 4423 3014 4480 EPIST.
3057 4422 3190 4479 LVI.

2674 4532 2984 4572 SYIIACBUS
3021 4530 3307 4571 SALLUSTIO

518 4610 693 4655 tecutu
733 4601 1095 4657 sollicitudine
1138 4602 1348 4672 loquor.
1400 4603 1802 4672 Rescriptorum
1857 4606 2092 4660 omnium
2122 4595 2175 4654 Ι)
2273 4610 2612 4665 Cumulatius
2639 4610 2873 4664 officium
2906 4608 3035 4664 milti
3058 4651 3075 4677 ,
3097 4624 3256 4680 quam
3286 4622 3670 4678 poposceram,
3699 4607 3789 4663 de-

517 4689 653 4742 fama
680 4698 731 4743 te
763 4692 999 4759 respicit.
1024 4691 1163 4759 Quid
1204 4695 1247 4748 si
1292 4695 1453 4749 etiam
1503 4696 1579 4750 rei
1627 4696 1882 4750 memoria
1939 4695 2095 4751 (idem

515 4788 657 4831 tuam
688 4782 975 4836 convenit?
1003 4784 1303 4854 Ampelium
1336 4785 1498 4840 clara:
1527 4794 1580 4840 et
1602 4785 1821 4840 illustris
1854 4787 2102 4842 recorda-

515 4870 672 4924 tionis
699 4871 867 4926 virnm
899 4887 1090 4942 parvas
1119 4876 1264 4931 aedes
1283 4920 1297 4944 ,
1320 4891 1452 4945 quas
1492 4878 1726 4946 pretioso
1756 4878 1900 4933 auxit
1938 4894 2096 4933 orna-

513 4971 590 5022 tu,
624 4963 723 5017 sub
753 4963 896 5017 clivo
925 4965 1112 5020 salutis
1140 4968 1359 5033 emisse,
1392 4978 1449 5021 ut
1472 4967 1603 5022 civis
1623 5007 1639 5032 ,
1672 4977 1728 5022 ut
1756 4968 1961 5039 collega
2004 4986 2095 5026 re-

515 5052 837 5108 minisceris.
871 5055 1115 5126 Triginta
1145 5072 1407 5113 annorum
1455 5059 1643 5113 diebus
1692 5060 1931 5115 incanuit
1967 5070 2097 5117 tetas

514 5149 890 5209 possessionis.
924 5151 1127 5204 Auctor
1155 5152 1202 5206 ei
1232 5150 1614 5206 Posthuminus
1638 5167 1802 5221 nepos
1816 5153 1959 5209 Juvii
1981 5154 2097 5222 fuit,

512 5233 651 5287 inter
682 5246 871 5293 cetera
903 5241 1143 5307 parentis
1163 5255 1274 5293 sua!
1301 5240 1612 5312 Porphyrius
1635 5242 1772 5298 bona
1805 5244 1941 5299 hanc
1969 5261 2100 5314 quo-

511 5340 615 5394 que
637 5327 861 5395 adeptus
874 5330 1094 5385 domum
1119 5345 1213 5395 per
1232 5333 1648 5389 successionem.
1666 5336 1833 5405 Hujus
1856 5335 2100 5410 Porphy-

513 5417 609 5471 rim
637 5420 763 5474 nihil
794 5438 1025 5491 unquam
1055 5423 1255 5492 negotii
1284 5439 1405 5479 cum
1434 5425 1759 5491 Theodosio,
1784 5430 1937 5497 cuius
1968 5432 2097 5485 olim

515 5510 799 5568 facultates
840 5513 1104 5569 Eusebius
1149 5515 1475 5586 impetravit.
1513 5519 1679 5587 Nunc
1706 5531 2017 5589 procurator
2062 5537 2092 5576 a

514 5607 765 5661 columna
792 5606 982 5662 Mtenia
1010 5610 1194 5664 multis
1222 5610 1744 5680 huiusmodi'sulelis
1769 5612 1885 5670 foro
1910 5615 2097 5684 cogni-

512 5706 624 5762 tus,
648 5698 942 5754 inveterata
963 5700 1106 5769 iura,
1140 5702 1626 5773 supplicationibus
1648 5706 1840 5775 quatit,
1859 5706 2105 5777 degustat

511 5790 704 5846 iudicia
763 5792 1001 5849 omnium
1059 5804 1389 5852 potestatum
1480 5806 1772 5854 cannarum
1828 5799 2099 5854 actionqu

2209 4701 2395 4756 tulisti.
2429 4702 2560 4756 Nam
2589 4717 2710 4756 cum
2733 4700 3060 4756 domesticos
3082 4715 3233 4755 meos
3256 4700 3432 4771 iuvari
3457 4709 3557 4755 ate
3594 4701 3649 4755 in
3672 4712 3792 4755 eon-

2205 4793 2492 4866 quisitione
2530 4809 2792 4864 equorum
2828 4793 3091 4847 curulium
3122 4793 3499 4863 postulassem,
3521 4792 3792 4861 quadrigis

2205 4893 2435 4954 quatuor
2482 4884 2731 4954 gratuitis
2761 4883 2960 4938 auxisti
2987 4899 3265 4938 numerum
3293 4893 3691 4952 comparatum.
3720 4883 3792 4936 Ex

2206 4975 2313 5030 illis
2335 4990 2503 5045 equos
2530 4974 2777 5030 undecim
2799 4974 3115 5045 superstites
3143 4976 3352 5031 caeteris
3383 4985 3791 5041 prosecutorum

2209 5081 2334 5121 cura
2367 5066 2634 5135 perduxit.
2674 5066 2785 5122 Nec
2824 5066 2984 5137 longo
3021 5067 3304 5122 intervallo
3346 5081 3468 5136 pars
3513 5065 3794 5121 succubuit

2209 5158 2548 5213 traditarum.
2591 5158 2828 5214 Gratiam
2869 5167 3048 5214 tamen
3095 5160 3368 5231 religionis
3416 5169 3520 5214 tua
3568 5159 3794 5214 fortuna

2209 5266 2318 5305 non
2342 5250 2552 5305 minuit.
2579 5250 2712 5318 Quia
2739 5252 2791 5306 in
2840 5252 3151 5306 muneribus
3177 5253 3469 5306 amicorum
3520 5258 3629 5307 non
3672 5261 3795 5304 sunt

2210 5342 2657 5398 damnatcasnum
2687 5342 2971 5413 cogitanda
3000 5360 3018 5397 :
3047 5343 3290 5413 quinitno
3319 5358 3381 5397 ea
3426 5343 3480 5397 in
3509 5354 3794 5413 acceptum

2208 5449 2416 5489 summa
2444 5434 2722 5490 referenda
2744 5444 2860 5496 est.
2910 5450 3031 5505 quae
3079 5435 3147 5490 ab
3197 5434 3456 5490 olferente
3501 5435 3790 5505 processit.

2212 5527 2295 5584 Ad
2327 5536 2378 5583 te
2410 5528 2683 5599 dypticum
2715 5527 3019 5591 candidati,
3052 5534 3107 5582 et
3143 5527 3581 5596 apophoreticum
3630 5527 3770 5581 libra

2214 5633 2334 5674 rum
2360 5619 2565 5687 argenti
2598 5617 2822 5674 duarum
2873 5634 2972 5688 per
3022 5617 3293 5673 hominem
3323 5628 3471 5672 tuum
3512 5618 3796 5682 misimus.

2210 5708 2513 5778 approbare
2541 5710 2819 5780 cupientes
2840 5709 3061 5766 editioni
3080 5719 3277 5766 nostra:
3297 5718 3348 5767 te
3367 5710 3546 5767 animo
3565 5724 3681 5767 non
3702 5707 3793 5768 de~

2207 5797 2370 5853 fuisse
2418 5798 2567 5855 Vale.
