3932 6438
163 351 264 409 137

736 459 949 518 EPIS'I‘.
988 458 1142 516 LVII.

628 565 929 607 SVIIACIIUS
966 564 1269 607 SALLUSTIO.

227 643 452 700 Utilitati
480 652 585 697 tua:
612 644 773 697 etiam
799 658 905 697 non
933 641 1287 697 commonitus
1314 640 1603 705 affuissem,
1634 654 1729 696 cu-

155 736 243 806 jus
270 749 355 791 me
383 734 632 789 habuisse
659 733 917 788 rationem
939 733 1191 788 dominus
1218 744 1273 788 et
1302 733 1442 787 filius
1464 746 1619 787 meus
1636 747 1728 801 pa-

86 824 95 837 ³
156 829 387 893 truinus,
416 827 496 881 vir
521 826 829 896 spectabilis
862 839 967 879 non
993 824 1209 880 tacebit.
1242 826 1391 879 llunc
1436 825 1728 878 admonere

154 916 378 972 debebis
402 924 459 971 ut
480 925 533 970 et
575 916 655 969 sui
688 916 796 969 voti
826 915 1231 983 consuetudine,
1266 923 1321 969 et
1351 929 1484 969 mea:
1513 914 1726 983 petitio-

154 1008 240 1063 nis
261 1006 474 1074 intuitu,
504 1005 764 1062 desideria
793 1016 877 1060 tua
900 1006 1087 1075 juvare
1115 1005 1381 1075 dignetur.
1408 1005 1553 1059 Vale.

719 1096 935 1153 EPIST.
982 1095 1161 1150 LVIII.

643 1201 953 1243 SVIIACRUS
985 1200 1249 1240 PATERNO.

224 1281 339 1351 Ego
368 1280 582 1351 quidem
613 1281 823 1336 senatui
850 1280 1113 1333 interesse
1144 1293 1249 1332 non
1279 1275 1423 1344 potui
1450 1317 1466 1343 ,
1493 1288 1600 1345 quo
1637 1274 1726 1331 die

153 1370 401 1427 Thalassi
432 1370 570 1425 filius
596 1369 870 1438 dignitatis
899 1376 1096 1422 nostra:
1114 1366 1423 1421 muneribus
1444 1377 1726 1435 exemptus

152 1473 239 1518 est
271 1475 288 1517 '.
317 1461 414 1517 sed
445 1476 600 1530 spem
623 1459 813 1514 futurae
839 1472 936 1529 pro
963 1472 1028 1512 eo
1056 1458 1284 1511 actionis
1314 1472 1419 1510 non
1452 1456 1553 1510 levi
1586 1457 1725 1525 apud

149 1553 357 1608 amicos
382 1550 846 1607 commendatione
873 1548 1222 1603 solidaveram
1250 1564 1261 1598 :
1296 1560 1396 1601 nec
1421 1555 1595 1600 tamen
1627 1546 1724 1599 im-

150 1644 467 1716 petrationis
492 1644 719 1712 gratiam
749 1641 878 1696 mihi
914 1640 1145 1695 vindico.
1175 1638 1384 1693 Iustitia
1432 1637 1722 1707 postulati,

150 1742 204 1790 et
228 1736 565 1788 interventus
588 1733 662 1786 tui
692 1730 991 1786 desiderata
1017 1728 1301 1800 promovit.
1333 1730 1444 1783 Mea
1476 1728 1724 1781 valetudo

148 1823 241 1877 diu
269 1824 493 1892 jactata,
522 1820 734 1876 tandem
761 1835 819 1875 se
841 1821 895 1880 in
939 1819 1278 1889 tranquillum
1323 1818 1542 1888 recepit.
1570 1817 1720 1885 Quod
1751 1820 1799 1881 B

147 1930 212 1970 eo
257 1913 445 1969 scribo
474 1923 529 1968 ut
553 1922 742 1969 auctus
768 1913 952 1968 Iretitia
981 1912 1166 1966 salutis
1204 1926 1338 1966 mea:
1363 1953 1378 1976 ,
1423 1925 1602 1982 parem
1628 1926 1723 1965 vo-

148 2006 412 2077 luptatem
438 2005 506 2061 de
530 2006 805 2077 prosperis
832 2007 937 2061 tuis
966 2004 1191 2060 referas.
1215 2003 1364 2059 Vale.

751 2096 965 2153 EPIST.
1006 2095 1144 2151 LIX.

638 2203 946 2244 SVIIACBUS
984 2202 1244 2242 PATERNO.

214 2279 417 2335 Primis
444 2278 789 2349 petitionibus
809 2281 1007 2334 nostris
1036 2280 1259 2334 multum
1293 2278 1541 2350 ponderis
1575 2277 1722 2333 addit

146 2371 383 2427 iteratio.
430 2370 499 2424 Et
531 2366 649 2425 ideo
678 2368 746 2424 de
788 2368 1132 2424 venatoribus
1178 2368 1494 2423 exliibendis
1536 2376 1722 2436 repeto

148 2463 498 2531 postulatum,
526 2476 633 2531 quo
679 2459 890 2515 facilius
941 2461 1034 2516 tibi
1077 2461 1405 2530 diligentiam
1452 2459 1718 2530 geminata

146 2553 348 2620 scripta
375 2552 679 2606 sollicitent.
715 2551 841 2606 Dies
869 2552 1040 2605 nostri
1074 2550 1314 2604 muneris
1362 2551 1586 2619 tetnpnri
1627 2550 1723 2604 ads

147 2656 398 2701 movetur
427 2662 441 2699 :
468 2644 551 2699 cui
582 2645 797 2714 largitas
826 2644 1093 2698 candidati
1124 2643 1237 2697 sola
1270 2659 1374 2696 non
1404 2644 1633 2708 sufficit,
1672 2643 1717 2697 si

147 2736 467 2791 lautioribus
522 2735 781 2789 arenariis
834 2733 1125 2788 deferatur.
1199 2736 1379 2802 inepta
1447 2744 1528 2787 est
1577 2734 1719 2788 enim

147 2814 515 2882 munificentia
565 2840 685 2896 qua:
734 2833 1017 2896 priestatur
1082 2823 1331 2893 indignis.
1389 2823 1721 2894 Quapropter

149 2932 335 2986 qumso
364 2925 418 2971 te
447 2926 505 2970 ut
533 2923 846 2970 venatorum
887 2918 1191 2983 potissimos
1238 2916 1553 2969 anetoritatc
1578 2915 1722 2984 judi-

148 3008 223 3060 eis
248 3015 311 3060 et
338 3004 519 3059 fratris
540 3019 743 3074 amore,
768 3005 1065 3071 concedas;
1104 3009 1208 3059 mu!
1218 3014 1328 3059 tum
1357 3005 1518 3059 rebus
1542 3006 1719 3058 omni-

148 3098 243 3152 bus
272 3096 575 3165 additurus,
591 3111 723 3167 quas
742 3096 937 3151 civium
966 3095 1225 3167 voluptati
1249 3096 1492 3151 animoso
1514 3096 1721 3166 impen-

150 3189 233 3244 dio
255 3202 641 3259 przeparamus.
674 3188 825 3242 Vale.

750 3280 963 3337 EPIST.
1004 3281 1116 3336 LX.

646 3388 952 3430 εῖιηηουυε
990 3389 1246 3429 PATERNO.

212 3468 419 3521 Omnes
442 3466 531 3534 qui
560 3474 650 3519 tuo
677 3465 821 3519 aditu
844 3465 1069 3536 cupiunt
1094 3466 1362 3521 sublevari
1388 3507 1403 3532 ,
1452 3480 1557 3521 non
1603 3479 1721 3519 cas-

149 3569 259 3609 sam
291 3600 307 3624 ,
353 3566 612 3624 quantum
656 3555 906 3625 arbitror,
958 3566 1245 3626 capessunt
1294 3559 1433 3610 viam
1479 3557 1724 3609 ineunda:

147 3650 357 3717 gratiis,
388 3662 509 3702 cum
552 3662 639 3703 me
670 3649 1015 3717 astipulatore
1061 3651 1322 3703 nituntur.
1355 3649 1554 3704 Ilorum
1584 3664 1720 3703 unus

148 3739 224 3793 vir
246 3738 541 3808 probabilis
562 3738 817 3793 Turasius
849 3739 1126 3794 familiaris
1159 3754 1340 3808 meus,
1387 3740 1476 3809 qui
1503 3740 1723 3795 indicta:

146 3830 243 3885 sibi
269 3831 382 3885 litis
412 3829 667 3899 injuriam
691 3828 919 3884 fortuna:
946 3830 1192 3899 imputat,
1215 3831 1438 3899 gratiam
1453 3845 1580 3884 vcro
1600 3830 1725 3884 boni

146 3922 355 3977 reditus
380 3921 449 3977 de
478 3931 567 3975 tuo
597 3921 930 3991 potissimum
973 3931 1154 3989 sperat
1184 3922 1402 3975 auxilio.
1433 3922 1606 3975 Tucre
1629 3921 1727 3989 igi-

146 4023 231 4070 tur
252 4030 415 4083 mqua
454 4024 791 4085 poscentem,
822 4022 878 4068 et
916 4013 1260 4069 humanitatis
1299 4022 1402 4066 tua:
1443 4013 1601 4066 latius
1633 4027 1725 4065 ex-

146 4108 311 4162 tende
332 4107 555 4172 fatnam;
586 4121 707 4180 quas
748 4107 1099 4161 incrementis
1142 4107 1387 4161 maximis
1430 4105 1725 4162 cumulabi-

146 4208 251 4270 tnr,
282 4200 335 4257 si
364 4199 588 4255 Turasio
618 4215 715 4271 per
745 4209 796 4255 te
821 4199 1053 4255 secunda
1094 4203 1471 4258 successerint.
1503 4200 1652 4258 Vale.

747 4293 960 4349 EPIST.
1004 4292 1135 4348 LXI.

644 4398 951 4440 SVIIIACIIUS
978 4398 1240 4438 PATERNO.

214 4474 432 4545 Religio
480 4475 765 4544 postulavit
803 4483 860 4529 ut
903 4474 1230 4541 scriberem,
1270 4474 1563 4543 praasertim
1605 4487 1724 4529 cum

143 4534 459 4623 hartaretur
480 4534 760 4619 familiaris
779 4564 1013 4619 occasio.
1045 4562 1174 4619 Nam
1200 4534 1360 4619 homo
1404 4575 1529 4618 tuns
1561 4564 1728 4619 tabel-
1758 4534 1806 4594 θ

144 4658 345 4713 larium
369 4670 426 4712 se
447 4658 577 4712 mihi
597 4657 791 4712 obtulit
814 4673 829 4723 ;
852 4658 936 4712 cui
962 4655 1089 4709 nihil
1108 4658 1404 4711 litterarum
1422 4656 1729 4722 dare,sum-

143 4762 291 4803 mam
319 4746 517 4816 piaculi
541 4760 663 4802 esse
694 4746 967 4817 perspexi.
997 4745 1189 4802 Valere
1214 4747 1375 4817 igitur
1402 4732 1454 4801 te
1477 4759 1729 4816 opto,me

142 4840 381 4902 nuntio;
413 4846 467 4893 et
492 4837 725 4893 vicissim
757 4848 884 4909 peto
906 4845 967 4891 ut
1009 4850 1107 4892 nos
1130 4838 1404 4908 sospitatis
1444 4851 1547 4892 tua:
1593 4837 1729 4892 indi-

141 4931 241 4987 ciis
260 4930 592 4987 munereris.
624 4929 775 4987 Vale.

732 5020 946 5077 EPIST.
987 5020 1147 5076 LXII.

657 5126 959 5167 εγκκΑοιιυδ
989 5125 1249 5167 PATERNO.

184 5205 529 5273 negatores
542 5202 749 5259 ordinis
760 5204 930 5258 nostri
960 5218 1233 5272 nunquam
1257 5201 1488 5256 ferarum
1510 5215 1726 5259 suarum

142 5296 456 5368 portorium
482 5296 845 5350 contulerunt.
868 5294 1043 5350 Grave
1067 5294 1211 5349 enim
1236 5293 1529 5363 majoribus
1554 5293 1726 5347 visum

139 5401 249 5455 est,
283 5396 357 5444 ut
380 5387 731 5443 tolerantibus
756 5401 921 5441 onera
945 5385 1229 5440 senatoria
1259 5384 1553 5454 dignitatis,
1583 5398 1730 5438 sum-

140 5489 271 5551 ptus
293 5468 624 5532 immodicus
653 5475 963 5531 adderetur.
997 5474 1122 5530 Haec
1145 5473 1278 5528 mihi
1298 5473 1577 5542 ‘proxime,
1605 5488 1727 5528 cum

137 5567 530 5641 gladiatorium
554 5559 747 5620 munus
768 5567 1108 5629 instruerem,
1130 5566 1300 5633 magis
1325 5564 1505 5633 papuli
1529 5564 1727 5618 Roma-

138 5664 218 5730 ni,
252 5674 429 5731 quam
455 5673 575 5714 meo
598 5658 815 5712 nomine
851 5657 1204 5728 praerogativa
1241 5656 1416 5711 delata
1445 5667 1553 5712 cst.
1587 5656 1738 5711 Nunc

141 5768 171 5811 ι
197 5755 385 5809 fratre
408 5764 523 5806 meo
550 5747 786 5819 Cynegio
805 5747 868 5803 V.
887 5747 949 5805 C.
981 5748 1278 5816 Quaestorio
1293 5748 1738 5814 candida'oquiu-

1370 347 1842 407 EPISTULAIIUH
1884 347 2080 404 LIBER
2126 349 2186 405 V.

1750 465 1798 523 Α
1827 459 2148 529 quagesitna:
2202 457 2426 527 vectigal
2466 459 2728 527 exigitur;
2778 460 2921 529 quod
2969 461 3115 516 solos
3156 477 3400 518 ursorum

1750 3175 1796 3239 ρ
1827 3152 2057 3206 tuebitur
2109 3150 2400 3219 cognitoris
2452 3165 2465 3201 :

3302 357 3405 414 ω

1830 549 2213 618 negotiatores,
2258 559 2461 618 utpote
2485 552 2711 618 (ωαξεωὶ
2740 552 3055 618 servientes,
3091 562 3301 619 oportet
3321 570 3405 621 ag-

1828 653 2071 695 noscere.
2110 638 2275 708 Cujus
2314 641 2523 710 injurire
2562 641 2828 697 affectatio
2870 654 3017 697 tuum
3055 644 3401 698 moderamen

1827 738 2123 811 exspectat.
2152 732 2385 797 Resiste,
2409 747 2592 800 quteso
2622 744 2692 796 te,
2721 733 3128 802 publicanorum
3151 735 3385 802 cupidita

1828 819 1890 885 ti,
1914 829 1969 874 et
1989 820 2185 875 damna
2216 821 2539 891 collegarum
2583 823 2783 877 recide.
2833 823 2913 877 Ad
2948 824 3211 891 geminam
3260 834 3401 876 tuam

1824 909 2044 977 gratiam
2077 925 2165 964 res
2192 910 2291 963 ista
2322 910 2590 979 proficiet;
2648 910 2694 965 si
2743 912 3018 981 privilegio
3055 914 3403 969 honoraveris

1824 1010 2069 1054 senatum
2121 999 2384 1057 levatnine
2407 1000 2614 1071 juveris
2642 1002 2975 1058 candidatos.
3001 1001 3154 1059 Vale.

2392 1153 2613 1209 EPIST.
2671 1153 2853 1210 LXIII.

2301 1299 2605 1339 SVIIIACIIUS
2645 1301 2739 1339 PAT
2751 1300 2907 1339 ERNO.

1895 1416 2063 1471 Causa
2091 1416 2246 1470 amici
2277 1418 2446 1472 suasit
2464 1428 2518 1470 ut
2540 1418 2854 1473 scriberem.
2872 1420 2973 1474 Sed
2999 1420 3268 1475 fatendum
3288 1431 3388 1484 est,

1825 1508 2081 1576 majorem
2105 1523 2190 1563 me
2210 1523 2390 1562 curam
2422 1519 2523 1563 tua:
2550 1508 2960 1565 existimationis
2984 1513 3251 1566 habuisse.
3269 1514 3395 1566 Nan:

1825 1598 2155 1654 IIinucianus
2189 1600 2252 1654 V.
2286 1598 2346 1654 C.
2383 1603 2581 1669 exiguo
2623 1603 2956 1670 periclitatur
2993 1614 3237 1672 argento.
3281 1604 3398 1659 Tibi

1824 1702 2003 1746 autem
2023 1709 2126 1747 non
2160 1694 2333 1747 tenuis
2358 1693 2422 1746 ad
2456 1695 2664 1747 laudem
2698 1694 3021 1749 reserabitur
3041 1696 3205 1760 via,si
3230 1694 3393 1759 falsis,

1827 1792 1883 1835 ut
1913 1784 2094 1849 audio,
2134 1783 2452 1854 syngraphis
2468 1768 2715 1838 'excitata
2751 1787 3017 1840 calumnia
3070 1786 3329 1840 consedcr
3354 1797 3396 1841 t.

1825 1872 1975 1943 Piget
2012 1874 2193 1928 dicere
2241 1874 2435 1941 quibus
2480 1873 2713 1944 stropltis
2758 1876 3022 1945 apparitio
3062 1875 3173 1929 itali
3221 1876 3394 1933 aerarii

1822 1974 2119 2033 grassetur.
2148 1966 2337 2019 Fertur
2366 1964 2464 2019 sub
2498 1965 2691 2034 publici
2735 1966 2899 2020 debiti
2938 1967 3119 2036 specie
3164 1965 3395 2034 ptivato-

1822 2070 1939 2110 rum
1966 2057 2243 2111 nominum
2272 2058 2398 2110 falsa
2427 2057 2660 2111 recitari.
2691 2056 2955 2111 Invalidos
2979 2056 3192 2125 quidem
3216 2061 3394 2111 statim

1822 2147 1987 2202 vincit
2025 2147 2329 2217 impressio.
2359 2146 2656 2203 Vafidiores
2699 2160 2877 2202 autem
2916 2164 3033 2203 cum
3068 2149 3395 2202 munimenta

1822 2250 1920 2305 pro
1957 2251 2015 2291 se
2035 2237 2174 2307 juris
2215 2238 2539 2304 asciverent,
2567 2238 2868 2292 criminosis
2902 2237 3184 2291 verborum
3234 2238 3394 2291 inter.

1820 2328 2207 2397 pretationibus
2237 2328 2597 2398 implicantur,
2639 2337 2697 2381 ut
2738 2328 2804 2381 ad
2850 2328 3032 2381 damni
3083 2329 3393 2396 patientiam

1820 2434 1942 2475 sese
1960 2420 2173 2475 invidia:
2199 2418 2390 2474 timore
2406 2420 2739 2474 submittant.
2772 2419 2875 2489 Sed
2895 2419 2955 2474 V.
2970 2418 3033 2473 C.
3050 2419 3393 2486 Minutianus,

1823 2513 1897 2567 tui
1926 2529 2149 2569 securus
2174 2521 2229 2569 et
2260 2513 2459 2583 legum,
2498 2512 2777 2577 relationis
2800 2505 2975 2567 minas
3006 2513 3215 2568 amoliri
3246 2524 3395 2583 οριςιι

1821 2603 2097 2659 examine.
2124 2603 2196 2657 Da
2230 2604 2411 2673 igitur,
2442 2617 2537 2657 oro
2566 2613 2615 2657 te
2636 2643 2652 2669 ,
2691 2600 2931 2671 judires,
2988 2619 3120 2673 quos
3177 2604 3396 2659 urbanis

1825 2696 2175 2765 potestatibus
2206 2695 2495 2763 imperialis
2523 2694 2760 2765 praafecit
2781 2694 2993 2749 electio.
3020 2695 3214 2777 ~Neque
3252 2698 3396 2749 enim

1822 2786 2041 2855 dignum
2070 2795 2173 2853 est,
2204 2787 2270 2841 ad
2304 2786 2646 2856 longinquam
2690 2785 3050 2855 engnitionem
3096 2785 3273 2838 vocari
3306 2790 3396 2837 ite-

1823 2877 1990 2932 bitum
2022 2886 2182 2932 tenue
2211 2886 2264 2931 et
2306 2878 2628 2947 pra'cipuam
2661 2874 2993 2942 dignitatem.
3022 2873 3251 2942 Longius
3280 2862 3343 2940 pe
3374 2902 3396 2917 -

1823 2986 2038 3041 gerem,
2078 2971 2120 3023 si
2152 2970 2377 3040 azquitas
2404 2969 2567 3023 vellet
2610 2961 2790 3020 multis
2846 2965 3094 3035 precibus
3136 2965 3393 3028 ad,uvaii.

1822 3061 2009 3115 Causas
2037 3074 2207 3130 genus
2245 3058 2438 3114 relatio
2486 3057 2775 3127 publicabit
2808 3072 2820 3108 :
2858 3071 2974 3124 que
3018 3055 3119 3109 etsi
3155 3069 3394 3110 errorem

2523 3158 2900 3215 nonnunquam
2959 3157 3136 3199 tamen
3198 3145 3396 3213 puti-rit

1826 3239 2051 3294 emereri
2073 3278 2089 3307 ,
2118 3248 2173 3292 ut
2205 3238 2281 3293 illi
2314 3253 2344 3292 a
2384 3248 2434 3293 te
2463 3241 2578 3292 sine
2604 3238 2709 3290 alio
2739 3236 3096 3305 disceptatore
3123 3232 3396 3289 credatur.

1826 3326 1975 3387 Vale.

2395 3423 2605 3478 EPIST.
2648 3421 2829 3477 LXIV.

2334 3530 2641 3569 SVIMACIIUS
2684 3526 2943 3568 PATERNO.

1896 3608 2204 3664 Ostentator
2233 3606 2420 3667 mei_in
2450 3613 2502 3660 te
2529 3605 2690 3660 studii
2715 3618 2833 3658 esse
2855 3619 2958 3657 non
2989 3600 3176 3657 debeo.
3202 3600 3391 3656 Ofﬁcia

1826 3700 2024 3771 quippe
2047 3716 2112 3755 ex
2142 3700 2325 3753 debito
2373 3698 2643 3768 religionis
2672 3698 2906 3766 profecta
2932 3696 3274 3764 jactationem
3318 3710 3399 3749 re-

1826 3802 2035 3849 cusanl.
2084 3792 2332 3857 Quinimo
2377 3790 2555 3843 uberis
2597 3789 2779 3859 gratiae
2816 3789 2981 3842 instar
3023 3787 3226 3855 accepi,
3261 3785 3399 3856 qund

1825 3884 2075 3939 amicitia:
2117 3896 2250 3936 mete
2285 3880 2343 3934 V.
2373 3881 2431 3934 C.
2477 3880 2679 3949 Scipio,
2721 3890 2770 3933 te
2798 3887 3104 3948 tnystagngo
3135 3892 3277 3935 usus.
3310 3891 3399 3930 ac-

1826 3979 2009 4031 ce~s3t.
2045 3976 2332 4028 Maximum
2362 3972 2503 4026 enim
2533 3972 2737 4025 lucrum
2776 3981 2851 4023 est
2898 3984 3137 4036 quaerere
3170 3966 3396 4025 familia-

1827 4066 2037 4120 ritatem
2090 4066 2373 4117 bonorum.
2415 4061 2479 4115 Et
2522 4075 2651 4113 sane
2685 4073 2842 4127 spero
2882 4059 3050 4125 ipsum
3090 4071 3298 4125 quoque
3345 4058 3396 4108 in

1826 4154 2072 4209 omnibus
2103 4153 2299 4206 nostris
2327 4151 2632 4219 diligentem
2666 4147 2921 4211 futurum,
2963 4157 3240 4215 postquam
3274 4160 3398 4211 cog-

1828 4246 2037 4301 noverit
2082 4258 2299 4297 suorum
2343 4220 2532 4303 r'elatu,
2579 4239 2719 4307 quod
2762 4236 2975 4306 negotio
3004 4235 3119 4289 eius
3147 4249 3271 4288 cura
3303 4249 3397 4287 n.-
3447 4308 3457 4318 ι

1829 4346 1938 4393 stra
1976 4335 2279 4390 contulerit.
2311 4331 2479 4385 Vale..

2386 4461 2601 4517 EPIST.
2636 4459 2794 4516 LXV.

2323 4568 2630 4609 SYIIACRUS
2660 4564 2920 4606 PATERNO.

1858 4638 1861 4641 Α
1902 4652 1947 4721 Q
1971 4651 2330 4720 :adragesima:
2361 4649 2649 4719 portorium
2679 4648 2814 4720 (sive
2842 4645 3094 4716 vectigal)
3128 4660 3232 4699 non
3257 4653 3401 4699 recte

1834 4751 2073 4817 poscitur
2106 4761 2134 4798 a
2165 4743 2503 4799 senatoribus
2540 4742 2838 4796 candidatis
2868 4757 2883 4794 :
2911 4744 3035 4810 quia
3063 4741 3226 4795 nostri
3263 4742 3401 4794 ..ταῖς

1836 4837 1917 4893 nis
1941 4839 2241 4892 functiones
2263 4834 2475 4889 onerari
2496 4833 2721 4903 geminis
2748 4833 3101 4886 incommodis
3124 4847 3227 4883 nnn
3249 4846 3401 4896 opm-

1835 4940 1930 4986 ιρι.
1967 4930 2077 4985 Hoc
2102 4930 2194 4985 tibi
2222 4929 2383 4984 etiam
2406 4942 2502 4997 pro
2524 4926 2760 4996 Cynegio
2788 4926 2849 4980 V.
2892 4926 2953 4980 C.
2984 4925 3186 4978 dudum
3226 4926 3401 4975 missis

1835 5023 2025 5079 litteris
2056 5020 2303 5076 iudicavi.
2339 5019 2491 5074 Nunc
2516 5018 2612 5072 fllii
2648 5018 2751 5072 mei
2784 5016 3089 5085 Pompeiani
3120 5013 3400 5065 i-larissinn

1834 5124 1888 5171 et
1914 5114 2096 5184 optimi
2124 5113 2336 5182 juvenis
2364 5128 2460 5183 par
2485 5112 2780 5167 necessitas
2800 5108 3132 5177 depoposcit.
3166 5114 3223 5158 ut
3252 5119 3397 5166 repe-

1837 5214 2000 5261 terem
2042 5205 2385 5275 postulatum.
2436 5202 2632 5270 Quaeso
2676 5202 2745 5270 igi
2773 5216 2835 5254 ur
2879 5208 2937 5252 ut
2982 5197 3398 5257 humanitatem,

1835 5310 1951 5366 quae
1979 5297 2116 5351 inter
2142 5297 2366 5350 virtutes
2399 5276 2512 5348 tuas
2537 5291 2707 5362 prima
2733 5300 2835 5354 est,
2869 5287 3032 5341 noStri
3054 5285 3259 5338 ordinis
3291 5284 3376 5336 edi

1838 5388 2041 5442 toribus
2084 5387 2369 5456 dignanter
2408 5382 2715 5452 impertias;
2767 5390 2818 5433 et
2863 5390 3108 5431 ursorum
3159 5382 3397 5429 transve-

1833 5475 2066 5530 ctionem
2113 5474 2392 5542 cupiditati
2439 5470 2825 5540 mancipiorum
2868 5464 3173 5519 subtrahas.
3212 5465 3393 5519 Perve.

1838 5567 1950 5622 niet
1977 5567 2221 5623 beneficii
2250 5566 2403 5621 istius
2425 5566 2594 5635 gratia
2616 5571 2671 5617 et
2696 5560 2762 5615 ad
2784 5568 3052 5623 senatum,
3079 5560 3167 5627 qui
3199 5558 3400 5613 levatur

1838 5656 2210 5723 incommodis,
2238 5666 2292 5711 et
2318 5656 2384 5711 ad
2411 5654 2684 5724 pupulum,
2715 5654 2866 5723 cujus
2887 5649 3250 5721 voluptatibus
3272 5666 3392 5721 pra)

1839 5759 2013 5808 statur
2037 5749 2340 5803 immunitas
2395 5745 2545 5800 Vale.
