3932 6438
1745 331 1809 398 ρ.
1853 327 2134 387 Αυιιειιι

2238 324 2658 384 SYtllACIltlS.
3674 329 3750 384 ιω

2256 457 2434 496 rarum
2463 439 2653 505 indago
2677 443 2918 491 testatur.
2953 431 3078 490 Ilaec
3108 434 3266 505 igitur
3293 436 3453 514 prima
3477 437 3590 493 mihi
3615 439 3668 494 de
3688 458 3751 492 vo-

2261 534 2340 586 bis
2368 531 2541 602 gaudii
2570 528 2728 584 causa
2750 537 2850 591 est,
2876 527 3015 597 quod
3041 529 3270 592 frusticis
3294 530 3623 599 voluptatibus
3645 538 3752 587 satr-

2260 630 2422 676 tatem
2466 622 2685 688 juvatis.
2727 620 3008 674 Secundus
3045 618 3244 673 laetitia:
3269 622 3462 689 gradus
3492 631 3582 684 est.
3606 635 3752 678 venatu

2261 723 2413 781 capta
2442 710 2716 766 meruisse.
2748 709 2878 763 Nam
2903 719 2960 762 ut
2987 708 3172 763 honori
3199 710 3474 765 Nutuinum
3495 712 3648 779 datur,
3670 728 3755 767 cor-

2261 819 2362 857 nua
2401 816 2613 856 sacrare
2659 816 2941 855 cervorum
2961 839 2976 865 ,
3009 808 3063 853 et
3097 802 3313 870 aprinos
3339 801 3516 856 dentes
3546 802 3754 857 liminibus

2259 892 2504 962 afligere;
2554 895 2623 944 ita
2660 886 2952 946 amicorum
2995 891 3156 944 cultui
3199 891 3502 946 dedicantur
3530 891 3755 947 libamenta

2259 986 2551 1056 sylvarum.
2594 985 2796 1039 Interea
2844 998 3033 1037 recuso
3063 983 3378 1037 sententiam
3421 997 3531 1054 qua:
3571 999 3666 1038 rem
3693 1001 3756 1038 ve-

2262 1077 2486 1130 naticum
2515 1076 2707 1130 servile
2744 1075 2887 1130 ducit
2911 1073 3169 1128 officium.
3193 1075 3442 1130 Statuerit
3471 1077 3562 1130 huc
3579 1087 3756 1145 scriptor

2259 1167 2398 1237 stylo
2440 1175 2642 1219 tantum
2693 1164 3015 1232 probandus,
3058 1180 3180 1217 nam
3229 1180 3431 1234 morum
3475 1164 3579 1232 ejus
3612 1165 3755 1219 damna

2259 1274 2365 1312 nou
2389 1260 2570 1313 sinunt
2597 1266 2654 1311 et
2685 1257 2754 1312 ab
2779 1257 2871 1311 illo
2893 1257 3110 1326 agenda:
3130 1259 3253 1311 vitae
3280 1266 3484 1325 petatur
3507 1258 3755 1311 auctoritas.

2263 1351 2368 1404 \‘os
2398 1350 2539 1404 malo
2579 1366 2697 1404 cum
2735 1349 2901 1404 Atillo
2941 1350 3185 1404 rusticari
3214 1358 3269 1404 et
3308 1349 3482 1406 ludum
3513 1349 3676 1402 virium
3698 1365 3757 1401 se-

2258 1441 2380 1510 qui,
2421 1456 2580 1510 quam
2607 1440 2756 1494 bonis
2786 1441 2964 1494 verbis
2993 1439 3184 1495 deduci
3215 1439 3281 1494 ad
3320 1441 3551 1494 instituta
3571 1439 3756 1494 desdiae.

2259 1531 2418 1586 Certe
2461 1531 2708 1585 aetatibus
2760 1530 2954 1585 vestris
2996 1531 3083 1584 hic
3127 1530 3274 1584 labor
3308 1531 3564 1584 convenit.
3612 1529 3757 1582 Distat.

577 342 680 398 250

1137 443 1348 500 EPIST.
1382 441 1564 500 LXVI.

1068 548 1199 589 81111
1207 549 1369 589 ACHUS
1395 549 1600 587 PATERN
1610 547 1664 587 0.

651 624 878 696 Ampeli
907 625 1128 678 illustris
1153 626 1428 678 memoria:
1456 640 1488 676 v
1513 624 1555 677 ri
1604 619 2044 685 necessitudines,
2077 620 2159 674 in-

581 728 859 773 cessuutur
891 717 982 769 lite
1014 716 1242 783 prii/alat.
1265 716 1376 769 Non
1410 725 1564 784 putes
1588 715 1697 768 sola
1721 715 1955 783 parentis
1978 727 2159 767 recor-

581 808 795 862 datione
837 821 1025 861 curam
1073 823 1171 875 pro
1211 807 1314 860 illis
1346 819 1581 858 nostram
1617 789 1840 859 ttioveti.
1890 804 2159 858 Externos

581 915 811 968 quoque,
845 911 898 953 et
930 898 1217 953 memorari
1262 900 1359 951 viri
1403 898 1634 962 nescios,
1669 913 1845 951 causa:
1877 898 1984 951 urit
2019 897 2157 949 indi-

580 991 776 1060 gnitas.
815 989 980 1059 Cujus
1013 991 1266 1054 breviter,
1301 999 1359 1043 ut
1388 1003 1626 1058 possunt,
1655 989 1860 1058 fastigia
1893 999 1947 1044 et
1983 990 2159 1056 capita

582 1089 905 1157 contingam.
941 1086 1216 1156 Ampelius
1243 1087 1310 1142 de
1331 1087 1682 1140 summatibus
1709 1085 1973 1154 quondam
2005 1099 2159 1138 seua-

583 1188 704 1243 tus,
749 1195 907 1248 quem
951 1178 1106 1231 famze
1150 1178 1461 1232 celebritate
1502 1177 1643 1230 didic
1667 1177 1734 1230 sti
1783 1176 2157 1230 domunculam

582 1267 770 1322 Romae
797 1269 861 1321 de
883 1268 1190 1321 Postbnmio
1218 1267 1278 1320 V.
1303 1267 1364 1322 C.
1393 1267 1702 1337 Porphyria:
1728 1266 1938 1320 hzet'ede
1956 1280 2159 1320 merca-

587 1370 670 1412 tus
700 1367 801 1413 est.
833 1359 1149 1411 Contractus
1172 1357 1324 1409 istius
1353 1358 1502 1425 origo
1524 1357 1665 1425 justa
1695 1365 1841 1419 tetas,
1873 1371 2037 1424 proiie
2058 1369 2159 1407 sae-

580 1450 800 1508 cularis,
829 1464 929 1518 qua
957 1452 1210 1501 intentata
1239 1451 1506 1516 possessio
1528 1457 1629 1501 est.
1653 1448 1802 1500 Nunc
1825 1462 1992 1510 nuper
2014 1457 2159 1499 vete-

581 1552 725 1591 rator
751 1538 962 1606 quidam
996 1538 1365 1605 procuratorio
1391 1537 1606 1590 nomine
1636 1547 1797 1604 caput
1820 1534 2029 1598 extulit,
2056 1535 2159 1586 Ett-

578 1629 711 1681 sebii
737 1643 800 1681 ex
829 1629 1036 1680 notario
1070 1627 1132 1680 V.
1169 1626 1230 1682 C.
1259 1642 1515 1693 quassans
1545 1636 1808 1680 vetustam
1842 1625 2156 1693 petitionem
2257 1622 2464 1691 guenda
2494 1631 2576 1676 est
2605 1620 2761 1676 lectio
2777 1621 3055 1690 juvenum,
3081 1636 3185 1676 non
3207 1621 3436 1684 alveolo.
3465 1631 3550 1674 aut
3566 1621 3671 1690 pila,
3693 1634 3760 1674 nec

578 1719 646 1773 de
675 1719 970 1786 impetratis
999 1719 1125 1771 olim
1158 1717 1445 1770 Theodosii
1482 1716 1724 1785 ejusdem
1758 1717 1934 1783 bonis,
1965 1717 2156 1785 quibus
2262 1713 2449 1767 trocho
2470 1713 2666 1777 Attico,
2692 1714 2777 1767 vel
2813 1712 3016 1767 Graecis
3055 1712 3353 1781 palaestris;
3377 1711 3467 1767 sed
3498 1713 3641 1766 alacri
3670 1711 3761 1763 fati-

578 1809 681 1862 lioc
729 1809 985 1877 pra-dium
1028 1809 1282 1861 mentitur
1323 1808 1563 1860 haesisse.
1600 1807 1907 1860 Theodosio
1941 1818 1994 1861 et
2029 1805 2158 1861 Por—
2187 1795 2234 1860 Β
2260 1805 2473 1874 gatione
2502 1814 2557 1858 et
2577 1804 2874 1859 innocentis
2902 1803 3057 1856 audat
3076 1804 3139 1858 ia:
3169 1804 3398 1873 gaudiis.
3427 1803 3504 1858 Ad
3526 1805 3627 1858 haec
3642 1813 3762 1856 etiam

577 1899 950 1974 pbyriazuula
978 1900 1241 1953 rationum
1265 1900 1494 1952 societas
1528 1897 1644 1961 fuit,
1681 1899 1821 1951 nulla
1849 1898 2154 1967 conjunctio
2262 1911 2437 1950 meum
2491 1894 2868 1966 Symmachum
2913 1895 2958 1948 si
3001 1898 3349 1963 succreverit,
3379 1911 3654 1968 quoniam
3681 1896 3762 1948 otti-

578 1993 906 2045 facultatum.
938 1989 1045 2044 Res
1076 1991 1127 2044 in
1154 1989 1352 2057 judicio
1393 1990 1615 2058 urbano,
1649 2002 1701 2045 et
1728 2005 1756 2043 a
1789 1990 2014 2056 petitore
2039 2005 2153 2044 ςαξ-
2261 2003 2404 2052 cum,
2449 1988 2792 2044 cohortabor.
2821 1988 2935 2042 Erit
2961 1989 3089 2043 olim
3121 1998 3351 2054 tempus,
3385 2006 3495 2060 quo
3516 1997 3760 2042 tenuatare

582 2091 694 2150 pta,
717 2092 770 2136 et
799 2082 915 2150 ipso
941 2080 1174 2148 fugiente
1196 2081 1342 2134 liuita
1378 2090 1478 2134 est.
1515 2080 1700 2133 Denuo
1726 2082 1933 2135 cineres
1955 2081 2151 2150 negotii
2257 2083 2411 2136 annis
2434 2097 2624 2150 graves
2649 2081 2772 2135 huic
2811 2082 2964 2156 operi
3001 2081 3262 2136 debeatis.
3296 2083 3446 2137 Tunc
3483 2083 3655 2135 servile
3680 2095 3762 2132 nttt-

578 2170 854 2235 obreptiva
885 2170 1274 2239 supplicatione
1317 2169 1523 2224 refovet
1549 2171 1602 2223 in
1634 2170 1935 2235 ﬂaminum;
1964 2180 2019 2224 et
2059 2186 2153 2239 per
2256 2187 2354 2226 nus
2377 2171 2786 2240 jure-habeatur
2805 2188 2931 2227 cura
2958 2173 3207 2228 venandi.
3238 2173 3546 2228 Famulatus
3572 2184 3639 2225 est
3658 2171 3761 2225 enim

575 2263 926 2318 diffidentiam
966 2263 1117 2331 Ῑυριί,
1174 2265 1369 2317 divina:
1423 2265 1613 2319 domus
1667 2280 1762 2334 pro
1816 2279 1874 2319 se
1931 2263 2154 2317 attrahit
2254 2261 2492 2332 quidam.
2524 2263 2568 2317 si
2611 2264 2922 2318 cedentibus
2966 2263 3167 2319 viribus
3197 2278 3508 2320 reensemus
3551 2265 3617 2318 uti
3651 2263 3763 2316 labo-

575 2355 815 2409 actioues
843 2354 913 2408 ob
937 2356 1330 2421 inquisitionem
1359 2354 1606 2409 videlicet
1637 2356 1934 2418 mobilium,
1958 2354 2149 2424 quibus
2254 2367 2374 2408 rutn
2416 2353 2715 2422 vacatione,
2759 2369 2918 2424 quam
2951 2357 3102 2410 nobis
3147 2363 3368 2425 praestat
3415 2364 3658 2410 senectus.
3691 2351 3763 2404 Va-

576 2446 707 2500 nihil
735 2461 1018 2500 c0mnttttte
1045 2455 1128 2501 est
1151 2461 1272 2501 eum
1316 2448 1536 2512 prmdlo.
1568 2446 1896 2515 Pervestigct
1925 2446 2025 2500 ista
2066 2447 2148 2499 le-
2252 2445 2377 2500 lete.

574 2552 698 2604 gum
736 2538 921 2590 ordine
961 2546 1138 2590 rector
1183 2538 1370 2604 privati
1415 2539 1588 2590 aerarii
1621 2537 1856 2596 :a-tlium
1902 2537 2082 2590 dotnitt
2123 2553 2150 2592 δ

574 2625 841 2694 relinquat
862 2624 1026 2692 judiei
1068 2639 1186 2680 suo.
1221 2625 1422 2695 Duplex
1456 2627 1631 2695 itaque
1657 2641 1812 2690 causa
1844 2637 1945 2691 est,
1978 2626 2147 2680 divsa

574 2730 752 2769 rerum
781 2717 1075 2782 vocabulis,
1101 2718 1312 2771 actione
1338 2716 1668 2784 discrepans,
1700 2717 1905 2785 origine
1928 2732 2032 2770 nou
2057 2731 2147 2770 co-

2834 2577 3049 2633 EPIS‘I‘.
3078 2577 3260 2633 LXIX.

2577 2687 2894 2727 -εγωιλοιιυε
2928 2687 3116 2727 οιγιιιο
3147 2689 3211 2726 ΕΤ
3241 2687 3482 2728 Ριιυθιιηο.

577 2807 809 2872 haerens,
852 2819 1094 2876 separata
1125 2807 1386 2877 personis.
1418 2807 1602 2875 NeqUe
1633 2807 1830 2863 mobile
1859 2808 1988 2863 entit
2021 2812 2146 2861 Au:-

573 2900 763 2969 pelius,
788 2917 958 2968 neque
987 2901 1204 2955 domum
1239 2902 1398 2956 fi-cus
1430 2903 1666 2957 incessit.
1701 2905 1807 2958 Cur
1828 2915 2142 2973 procurator

569 2992 760 3046 alienis
791 2993 1072 3048 invalidam
1107 2998 1437 3063 petitionettt,
1473 2999 1696 3065 publicis
1728 3000 1930 3052 viribus
1957 2998 2142 3066 juvat?

569 3084 698 3138 Cum
742 3085 906 3138 ftatre
944 3097 1128 3139 nostro
1158 3087 1420 3154 Spercnio
1445 3089 1631 3143 illu5tri
1662 3105 1774 3143 viro
1813 3105 1994 3158 qttazso
2039 3090 2138 3144 iSta

2318 2785 2744 2841 Commendastis
2790 2796 2941 2840 vetus
2966 2785 3223 2854 judicium
3263 2800 3465 2849 meum,
3495 2784 3577 2855 qui
3615 2781 3764 2840 eadem

2245 2877 2312 2932 de
2355 2879 2548 2931 littoris
2597 2877 2868 2931 Formiani
2919 2879 3088 2946 gratia
3136 2887 3188 2932 et
3235 2879 3543 2932 salubritate
3579 2875 3763 2930 sentitis.

2246 2969 2413 3024 Parce
2443 2969 2669 3024 antehac
2694 2985 2726 3022 ο
2759 2984 2803 3022 ω
2826 2969 2968 3023 illius
2997 2970 3133 3023 bona
3164 2971 3422 3025 transitus
3449 2980 3616 3024 vester
3640 2967 3764 3036 degit-

2245 3071 2500 3116 staverat.
2527 3061 2599 3114 Ea
2627 3075 2767 3114 nunc
2793 3060 3006 3129 pen~ius
3043 3075 3138 3128 per
3181 3074 3390 3114 moram
3420 3063 3618 3130 cognita
3636 3054 3766 3112 atuari

571 3173 955 3225 comtttuuices.
995 3174 1088 3226 Est
1115 3151 1263 3242 a'qui,
1290 3177 1744 3241 servantissimus,
1773 3151 1943 3246 et'qui
1973 3180 2140 3232 liben-
2167 3153 2212 3217 ο
2242 3168 2270 3205 ³
2299 3155 2447 3207 νυυίδ
2469 3168 2566 3206 "9“
2600 3153 2836 3221 ¹ο¹¹8ίοΐθ
2869 3162 3199 3206 meruerunt.
3232 3151 3370 3208 Fero
3397 3167 3535 3222 aegre
3564 3163 3766 3246 tanquam

571 3263 674 3314 tius
703 3264 970 3315 rcmmuni
994 3263 1099 3330 jttri
1129 3273 1302 3330 telat,
1329 3281 1486 3333 quam
1522 3268 1764 3333 potestati
1800 3284 1909 3320 sua:
1941 3267 2135 3322 faveat.

568 3351 682 3405 Scit
727 3355 869 3406 enim
914 3357 1056 3422 leges
1109 3354 1400 3408 ItOIIttthtIS
1446 3370 1564 3410 esse
1607 3358 1863 3424 potiores.
1913 3356 2138 3411 Conﬁth

567 3458 686 3495 cum
734 3457 1015 3511 suppressa
1064 3448 1394 3513 cognoverit,
1444 3445 1634 3498 elicitis
1683 3461 1786 3498 non
1839 3444 2135 3511 defuturam

567 3533 974 3586 cortectiouetn.
1006 3533 1061 3587 Si
1097 3544 1296 3602 quaeret
1327 3549 1421 3587 cur
1451 3538 1516 3587 ad
1545 3550 1665 3588 eum
1696 3550 1857 3606 super
1883 3541 1981 3590 lioc
2007 3537 2135 3591 nihil

564 3623 898 3690 szripseritn,
933 3626 1258 3692 respondeas
1291 3640 1387 3678 oro
1419 3627 1652 3679 nondum
1683 3628 1814 3680 facta
1849 3627 1986 3680 inter
2037 3642 2134 3680 nos

563 3715 685 3784 styli
725 3717 1107 3769 consuetudine
1146 3717 1368 3769 veritum
1401 3732 1522 3771 esse
1561 3734 1645 3771 me
1677 3733 1744 3772 ne
1769 3718 1896 3784 quid
1934 3734 1962 3771 a
1992 3719 2136 3786 prin-

563 3806 705 3874 cipio
732 3806 942 3858 viderer
963 3820 1208 3875 arguere.
1243 3806 1396 3860 Dabit
1421 3808 1550 3860 mihi
1576 3822 1747 3862 causa:
1772 3809 1926 3876 hujus
1950 3823 2133 3862 emen-

563 3896 730 3961 datio,
783 3901 1174 3950 sermoctuandi
1217 3913 1338 3952 cum
1387 3914 1452 3953 eo
1503 3901 1780 3953 materiam
1821 3900 2126 3954 laetiorem:

562 3990 845 4056 gratiarum
883 3991 1022 4043 actio
1063 3988 1355 4058 auSpiciunt
1394 3991 1584 4044 litteris
1627 3993 1760 4045 meis
1800 3989 1978 4045 faciet.
2015 3991 2130 4046 Non

562 4084 881 4149 exspectabo
932 4081 1070 4135 ultra
1129 4093 1182 4133 ut
1229 4080 1447 4150 alloquii
1493 4083 1574 4135 sui
1621 4081 1868 4136 ﬁduciam
1916 4093 2130 4152 prarstet

561 4171 780 4228 haerenti
808 4192 820 4226 :
852 4173 919 4228 ad
950 4189 1110 4229 omne
1150 4166 1385 4228 officium
1413 4175 1620 4242 justitia
1657 4173 1775 4246 ejus
1805 4173 2125 4232 hortabitur.

561 4267 709 4322 Vale.

1103 4359 1321 4415 EPIST.
1361 4359 1567 4414 LXVII.

902 4464 1212 4504 δγηιιΑςιιυε
1249 4465 1436 4504 OLYBIO
1468 4467 1531 4504 ΕΤ
1573 4466 1813 4507 ΡΒΟΒΙΝΟ.

624 4538 892 4594 Iuvenalis
924 4540 1196 4593 industriae
1221 4551 1301 4594 est
1333 4542 1513 4595 excire
1536 4544 1759 4596 saltibus
1787 4543 1949 4609 feras,
1974 4555 2024 4600 et
2059 4546 2121 4600 li-

555 4630 750 4684 beralia
791 4629 964 4683 studia
1007 4631 1251 4700 sylvestri
1308 4632 1574 4700 voluptate
1638 4634 1986 4705 distinguere.
2034 4636 2124 4692 Sic

553 4722 678 4775 olitn
709 4721 911 4775 Marsus
947 4721 1170 4790 impiger
1197 4731 1252 4777 et
1281 4722 1430 4776 fortis
1460 4723 1706 4779 Sabellus
1733 4727 1896 4782 robur
1922 4727 2122 4783 habue-

552 4821 696 4868 runt.
721 4810 924 4864 Nostris
954 4815 1109 4864 annis
1134 4821 1283 4880 parta
1307 4812 1603 4878 proficiant.
1644 4815 1734 4868 Est
1762 4817 1917 4884 hujus
1945 4816 2120 4870 indul-

549 4907 741 4974 gentia:
765 4904 816 4957 in
850 4903 1116 4973 aliquibus
1143 4905 1330 4958 avibus
1354 4908 1676 4975 exemplum,
1712 4915 1770 4961 ut
1795 4909 2116 4963 nutrimenta

547 4996 944 5052 senescentibus
987 5007 1114 5050 aetas
1155 4997 1323 5064 prima
1363 4997 1596 5052 vicissim
1645 5007 1962 5066 componet.
2011 4998 2116 5054 Sed

547 5089 782 5141 nondum
821 5089 1069 5140 convenit
1093 5087 1382 5142 valetudini
1414 5105 1546 5142 mea:
1580 5090 1653 5141 uti
1685 5088 1870 5142 ferinis
1898 5088 2117 5143 visceri-

544 5179 644 5234 bus
677 5196 690 5231 :
723 5195 822 5233 nec
843 5189 1015 5235 tamen
1045 5182 1267 5249 gratiam
1299 5181 1534 5235 muneris
1563 5181 1725 5235 vestri
1759 5181 1947 5233 minuit
1974 5181 2113 5249 apud

541 5285 629 5325 me
655 5270 942 5324 necessitas
965 5274 1324 5339 parcitnoniaz.
1349 5270 1478 5324 Nam
1503 5272 1603 5325 etsi
1633 5271 1812 5325 utendi
1837 5271 2112 5325 abstinen-

541 5362 612 5414 tia
635 5361 843 5414 sanitati
865 5363 1130 5429 consulit,
1155 5363 1327 5416 honor
1357 5371 1534 5417 tamen
1557 5363 1792 5416 muneris
1817 5361 1995 5415 animo
2022 5376 2110 5416 sa-

539 5452 753 5506 tisfecit.
789 5451 988 5507 Valete.

1076 5541 1291 5597 EPIST.
1326 5541 1554 5596 LXVIII.

874 5647 1180 5690 δῖηιιοιιυι
1207 5647 1391 5688 οιγειο
1419 5647 1486 5686 ετ
1514 5646 1754 5690 ιιιιοωιίο.

601 5724 898 5787 Supputere
935 5724 1085 5778 vobis
1113 5727 1326 5784 plenam
1365 5720 1573 5776 roboris
1605 5721 1987 5789 valetudinem,
2022 5723 2099 5779 fe-

2243 3249 2405 3301 vestri
2437 3247 2684 3314 cupiens,
2715 3246 2855 3314 qttod
2897 3246 3082 3315 procul
3113 3247 3328 3314 degitis,
3370 3256 3426 3302 et
3459 3244 3700 3299 desiderio
3730 3243 3767 3294 itt

2240 3351 2335 3390 vos
2361 3351 2483 3390 meo
2522 3335 2698 3390 indico
2730 3337 3061 3404 patientiam.
3096 3342 3162 3389 At
3189 3337 3231 3389 si
3259 3336 3370 3389 fors
3408 3336 3541 3390 votis
3567 3333 3767 3387 cﬂ‘eclum

2239 3431 2522 3491 secundet;
2555 3437 2680 3496 Opto
2723 3432 2774 3482 itt
2818 3428 2912 3482 illo
2953 3430 3070 3482 sinu
3115 3427 3317 3496 agitare
3360 3429 3621 3483 vobiscum
3657 3422 3767 3492 quod

2238 3528 2407 3574 restat
2432 3521 2640 3585 aitatis;
2668 3527 2724 3572 ut
2752 3530 2804 3573 et
2834 3519 2984 3574 locus
3022 3520 3150 3573 mihi
3182 3528 3404 3588 praestet
3435 3517 3766 3576 valetudinem,

2238 3621 2293 3666 et
2318 3627 2410 3666 vos
2435 3612 2598 3666 animi
2635 3614 2980 3680 voluptatem.
3015 3609 3218 3664 Valete.

2814 3741 3026 3798 EPIST.
3060 3741 3222 3796 LXX.

2580 3849 2891 3889 δγιωλοηυε
2928 3849 3111 3887 OLVBIO
3143 3849 3208 3886 ΕΤ
3243 3849 3486 3889 PROBINO.

2305 3928 2385 3983 Ad
2413 3938 2518 3982 ttnn
2565 3929 2694 3983 mihi
2724 3929 2790 3981 ad
2835 3928 3175 3982 scribendum
3209 3942 3333 3984 sero
3368 3927 3631 3984 reseratis.
3687 3923 3771 3977 Vos

2233 4019 2373 4072 enim
2406 4019 2646 4086 oportuit
2677 4021 2927 4072 tncltoare
2956 4018 3209 4072 libamina
3248 4019 3264 4073 Ι
3291 4029 3548 4074 tterarum
3579 4036 3592 4072 :
3620 4017 3698 4087 qui
3719 4013 3769 4066 tul

2232 4111 2511 4180 peregrina
2543 4111 2788 4175 discedit,
2827 4111 3154 4165 alteruandis
3184 4112 3428 4182 epistolis
3457 4120 3660 4182 praestet
3691 4123 3767 4162 att-

2230 4203 2476 4270 Spicium.
2523 4203 2662 4272 Ergo
2711 4204 2985 4258 absolutus
3034 4205 3391 4260 observantia
3435 4208 3698 4276 religione,
3729 4210 3772 4254 et

2230 4311 2373 4350 nunc
2414 4295 2562 4350 vobis
2595 4296 2762 4349 vicem
2804 4296 3141 4351 salutationis
3179 4298 3440 4364 rependo,
3489 4309 3542 4352 et
3589 4299 3636 4351 in
3666 4295 3768 4350 reli-

2227 4403 2422 4457 quttnt,
2479 4387 2523 4441 si
2573 4386 2681 4440 fors
2721 4386 2974 4441 obtulerit
3008 4397 3406 4454 commeantes,
3437 4388 3768 4443 assiduitatem

2149 4511 2198 4573 Β
2226 4479 2465 4547 Spondeo
2495 4480 2829 4533 familiarium
2869 4480 3187 4549 paginarum
3222 4497 3235 4532 :
3270 4488 3330 4534 ut
3356 4480 3509 4535 vobis
3540 4482 3694 4548 possit
3715 4476 3726 4527 l
3751 4501 3770 4512 -

2229 4586 2394 4639 quere
2425 4585 2528 4625 non
2560 4586 2674 4625 mea
2700 4571 2886 4642 culpa,
2928 4572 3022 4626 sed
3056 4582 3231 4627 vestra
3260 4587 3408 4628 mora
3452 4588 3540 4628 tne
3564 4570 3767 4626 siluisse.

2228 4661 2434 4717 Valete.
2529 4713 2539 4726 ,

2769 4793 3002 4850 lEPIST.
3031 4794 3216 4850 LXXI.

2565 4897 2872 4938 SVIHIACIIUS
2905 4900 3088 4939 OLYBIO
3125 4902 3190 4939 ET
3231 4898 3474 4940 PBOBINO.

2290 4994 2562 5049 Sermonis
2584 4997 2748 5049 vestri
2779 4995 3091 5050 assiduitate
3118 4996 3374 5061 delector,
3408 5003 3465 5050 et
3493 4991 3693 5048 abunde
3712 5003 3764 5043 ex

2217 5099 2283 5140 eo
2324 5101 2548 5141 monere
2590 5102 2789 5155 usurpo
2831 5085 3091 5140 laetitiam.
3133 5086 3285 5152 Quod
3323 5087 3465 5140 enim
3515 5085 3596 5140 vel
3627 5079 3766 5137 vestri

2215 5177 2376 5231 animi
2433 5179 2687 5245 speciem.
2740 5176 2823 5230 vel
2873 5175 2979 5230 mei
3030 5175 3285 5231 desiderii
3324 5178 3563 5231 solamen
3615 5179 3768 5244 potest

2215 5285 2334 5325 esse
2366 5270 2584 5332 clarius,
2615 5283 2774 5336 quam
2804 5277 2860 5321 ut
2897 5268 3034 5336 apud
3073 5284 3159 5323 me
3189 5270 3245 5322 in
3272 5268 3388 5322 dies
3412 5267 3650 5338 singulos
3671 5275 3769 5318 me-

2215 5362 2437 5416 ritorum
2473 5369 2773 5412 vestrorum
2819 5361 2994 5413 cultus
3034 5360 3327 5428 augescat?
3361 5359 3605 5414 Amicitia
3637 5353 3764 5410 enim

2211 5465 2331 5520 qua:
2351 5450 2652 5504 celebratur
2677 5447 2892 5514 oIficiis,
2927 5464 3198 5519 nunquam
3221 5460 3370 5503 certo
3403 5451 3508 5503 fine
3534 5454 3765 5503 contenta

2209 5555 2310 5599 est.
2342 5546 2514 5611 Atque
2542 5543 2661 5596 ideo
2690 5542 2844 5596 decet
2872 5555 2966 5594 vos
3003 5543 3054 5594 in
3083 5541 3384 5596 deterendis
3426 5541 3670 5610 alloquiis
3695 5536 3766 5592 el-

2208 5635 2291 5689 ﬁci
2325 5634 2710 5704 promptiores,
2743 5648 2862 5687 cum
2899 5631 2964 5685 ad
3003 5633 3314 5686 solvendam
3357 5629 3762 5688 VICIrSIIUdIIICIII

2208 5741 2310 5779 non
2343 5725 2579 5788 probetis
2613 5723 3001 5778 immemorem.
3037 5720 3240 5777 Valete.
