3932 6440
178 298 277 357 ιιι

753 408 964 466 EPIST.
993 409 1200 466 LXXII.

703 513 1008 556 SYIIIIACIIUS
1031 517 1236 556 LICINIO.

235 587 493 659 Begiliant
519 589 673 644 amici
721 592 824 645 mei
863 591 1028 656 Illius,
1055 595 1247 661 etipse
1280 608 1395 648 sua:
1443 605 1741 654 ueneatatts

170 678 355 735 intuitu
391 677 666 748 probatus,
713 678 908 733 dudum
955 681 1046 736 libi
1095 681 1305 735 litteras
1346 699 1513 749 meas,
1542 685 1738 754 quibus

168 768 648 834 commendaretur,
680 770 943 825 exbibuit.
987 773 1055 826 Et
1096 774 1214 828 ideo
1255 775 1504 829 secundae
1542 780 1745 845 astipu-

166 861 372 915 lationis
391 861 671 926 auxilium,
698 874 752 915 ut
778 863 1026 932 potejam
1057 867 1324 932 cognitus,
1357 884 1460 921 non
1495 870 1740 938 requirit.

164 953 263 1006 Mei
301 953 460 1021 igitur
494 953 656 1006 studii
700 955 836 1008 ratio
867 964 921 1009 et
952 957 1285 1010 consuetudo
1313 954 1492 1029 exegit
1523 969 1579 1013 nt
1608 961 1744 1015 scri-

164 1043 362 1098 berem.
399 1043 582 1113 thue
603 1043 745 1120 enim
775 1045 853 1098 fas
881 1054 984 1107 est.
1009 1049 1252 1116 quamvis
1277 1049 1600 1118 jampridem
1630 1054 1742 1118 ipse

163 1134 492 1200 dissimules,
520 1152 606 1190 me
641 1152 858 1207 quoque
890 1138 1192 1207 bujusmodi
1222 1141 1413 1195 olfieiis
1439 1142 1732 1198 abstinere.

163 1226 330 1297 Spero
355 1229 521 1295 enim,
552 1229 691 1300 quod
731 1240 921 1299 sponte
960 1232 1212 1286 amicitia:
1269 1233 1425 1287 tribui
1457 1234 1597 1290 solet
1635 1235 1741 1289 sil-

163 1320 248 1375 tim
276 1312 582 1378 assiduitati
617 1339 750 1379 mete
787 1340 907 1380 esse
937 1327 1303 1382 relerendum.
1338 1329 1484 1386 Vale.

707 1414 922 1470 EPIST.
941 1415 1190 1486 _Lxxut.

655 1517 964 1560 BXHIACBUS
993 1522 1210 1562 LICINIO.

221 1593 355 1649 Cum
401 1594 470 1650 ad
520 1598 759 1665 proxima
807 1599 923 1652 urbi
964 1601 1297 1668 digrederer,
1329 1601 1628 1657 scribendis
1671 1603 1736 1657 ad

157 1695 207 1741 te
228 1686 427 1742 litteris
452 1688 724 1743 abstinere
754 1706 857 1744 non
892 1691 1073 1759 debui,
1109 1704 1167 1747 ut
1199 1703 1249 1749 te
1272 1695 1606 1749 observantia
1633 1696 1738 1766 pri-

1324 359 1326 361 ,
1368 301 1847 360 EPISTOLABUII
1888 302 2094 360 LIBER
2133 306 2196 363 V.

1767 421 1818 480 Α
1843 417 1961 472 nosi
1990 419 2402 489 investigatione
2441 423 2718 481 dissensit.
2766 429 2901 485 Hine
2932 431 2988 484 llt
3030 443 3085 486 ut
3129 435 3421 508 inquisitio,

3327 325 3428 386 362

1849 523 1969 578 quae
1999 525 2095 580 per
2134 527 2296 566 unum
2329 523 2546 570 strenue
2578 529 2755 585 posset
2798 523 3010 592 agitari,
3041 527 3265 582 artiliciu
3293 548 3426 601 quo-

1848 600 1970 655 dam
1997 603 2294 672 interpositi
2312 609 2620 663 certaminis
2648 610 2944 667 diﬂ‘eratur.
2974 619 3146 683 Atque
3175 617 3294 674 ideo
3315 600 3426 677 ine-

1846 694 1945 746 tuit
1973 695 2052 748 vir
2084 694 2345 752 honestus
2391 700 2629 756 Bonosus
2667 719 2735 758 ne
2766 706 2866 760 sibi
2895 707 3106 764 invidia:
3147 712 3236 777 sit,
3281 718 3421 782 quod

1846 783 1977 838 tanti
2007 787 2202 854 negotii
2231 788 2403 844 adhuc
2429 802 2578 845 nutat
2601 793 2844 849 effectus.
2871 797 3205 867 Quapmpter
3221 813 3340 857 orat
3363 794 3424 856 iit

1843 875 1888 930 si
1913 879 2032 946 quis
2051 889 2133 933 est
2153 880 2243 950 qui
2273 881 2332 934 V.
2352 882 2412 936 C.
2431 883 2711 954 Cyriaalem
2742 901 2889 958 putat
2911 892 3025 958 ejus
3053 897 3252 962 operis,
3277 897 3419 964 quod

1845 969 1984 1024 idem
2016 981 2139 1027 ante
2177 976 2408 1039 curavit,
2452 978 2614 1033 etiam
2645 979 3001 1037 discussorem
3039 998 3160 1038 esse
3195 985 3416 1054 debere,

1843 1061 1944 1115 sibi
1979 1063 2094 1118 haec
2138 1066 2382 1122 molestia
2424 1069 2754 1126 detrahatur.
2800 1075 2852 1128 Si
2897 1090 3023 1128 vero
3054 1077 3166 1144 ipse
3207 1081 3420 1147 negotio

1844 1152 2054 1208 videtur
2066 1159 2373 1211 acrommod
2382 1175 2462 1225 us,
2478 1160 2542 1213 ad
2558 1176 2616 1216 se
2629 1179 2789 1217 unum
2810 1165 3192 1234 disquisitionis
3212 1184 3418 1225 summa

1845 1247 2126 1316 pertineat.
2161 1251 2298 1320 Ergo
2327 1267 2510 1307 amore
2541 1255 2787 1323 Reipuhl.
2821 1259 2972 1326 cujus
3001 1261 3254 1316 utilitates
3284 1261 3419 1317 inter

1846 1341 2111 1407 praecipua
2152 1351 2206 1394 et
2236 1342 2402 1407 prima
2432 1346 2824 1412 complecteris,
2867 1349 3166 1404 clarissimo
3205 1362 3260 1406 et
3302 1354 3419 1406 illu-

1844 1432 1942 1485 stri
1973 1434 2090 1487 viro
2113 1435 2368 1504 prmfecto
2393 1438 2614 1507 dignare
2638 1440 2914 1506 conferre;
2947 1453 3206 1510 quatenus
3229 1446 3416 1501 lacuna

1842 1528 2110 1578 tantorum
2149 1538 2454 1594 Sumptuum
2483 1531 2701 1583 remotis
2726 1535 3178 1600 contentionibus,
3203 1537 3418 1601 detega-

1843 1617 1950 1664 tur.
1979 1613 2148 1680 Spero
2177 1615 2320 1669 enim
2363 1619 2475 1671 fore
2519 1631 2611 1684 ιιι,
2658 1622 2990 1676 cessantibus
3021 1626 3172 1679 novis
3215 1643 3418 1697 expen-

1842 1702 2106 1772 sionibus,
2147 1708 2422 1776 utriusque
2465 1712 2642 1778 operis
2681 1712 2993 1782 pcrl‘ectioni
3043 1731 3414 1788 usurpatorum

155 1780 226 1834 sci
252 1780 426 1834 moris
450 1781 806 1836 absolverem.
838 1781 968 1837 Nam
995 1793 1175 1840 vetere
1207 1785 1447 1842 instituto
1480 1788 1564 1841 hic
1605 1803 1734 1842 usus
1770 1777 1815 1838 Β
1841 1808 2049 1849 summa
2081 1797 2330 1852 sufﬁciat.
2366 1777 2512 1854 Vale.

155 1867 442 1940 increboit,
473 1879 530 1925 ut
571 1870 798 1942 ingressi
829 1875 950 1941 iter,
997 1875 1275 1945 pra-libent
1303 1879 1564 1946 primitias
1595 1879 1732 1932 scri-

153 1961 376 2029 ptionis.
430 1961 607 2028 Quare
641 1962 923 2018 familiaris
971 1967 1130 2020 oflioii
1180 1966 1431 2024 invitatus
1470 1970 1729 2039 auspicio,

151 2046 445 2106 fraternam
471 2053 818 2124 religionem,
853 2071 1010 2126 quam
1036 2057 1164 2112 mihi
1194 2073 1410 2130 semper
1434 2072 1612 2114 mente
1639 2074 1732 2114 ex-

154 2143 322 2211 hibes,
363 2145 588 2201 assiduo
626 2161 874 2203 sermone
906 2160 1122 2204 testare.
1157 2151 1305 2206 Vale.

687 2239 904 2295 EI’IST.
953 2242 1188 2298 LXXIV.

653 2346 968 2389 SVIIIIACIIUS
1000 2350 1218 2389 LICINIO.

215 2419 425 2477 Octavo
448 2421 661 2477 demum
691 2423 778 2478 die
809 2428 1002 2480 multis
1040 2431 1304 2481 eiuctatus
1353 2426 1559 2482 itineris
1589 2427 1733 2482 dil'li-

151 2513 374 2568 cultates
405 2514 569 2568 larem
597 2515 822 2583 patrium
861 2516 1107 2570 salutavi.
1149 2515 1434 2585 Continuo,
1466 2529 1522 2571 ut
1549 2519 1735 2573 amici-

153 2603 215 2657 tia
243 2604 574 2675 postulabat,
606 2607 860 2672 convenit
902 2623 988 2663 me
1028 2610 1326 2664 recordatio
1357 2613 1730 2680 mandatorum

150 2703 382 2749 tuorum.
427 2696 557 2750 Nam
582 2696 878 2753 discedenti
917 2700 1224 2768 injunxeras
1263 2712 1318 2755 ut
1361 2705 1626 2772 negotium
1659 2706 1733 2759 le-

150 2786 512 2843 ctissimorum
542 2791 797 2857 iuvenum
829 2791 1029 2846 Ticiaui
1057 2805 1218 2862 atque
1247 2793 1475 2862 llelpidii
1507 2796 1608 2848 lida
1639 2811 1734 2850 ex-

151 2879 456 2948 ploratione
484 2881 858 2951 disquirerem.
890 2886 1127 2950 Quorum
1158 2901 1459 2956 praceptor
1485 2887 1565 2940 vir
1599 2903 1730 2957 pru-

149 2971 275 3027 dens
313 2983 371 3029 et
421 2975 631 3029 nescius
661 2965 1063 3046 gratillcatiouis
1092 2977 1323 3032 asseruit
1367 2994 1488 3034 esse
1531 2979 1583 3034 in
1625 2979 1732 3033 illis

148 3068 424 3122 scientiam
447 3067 580 3138 juris
623 3067 869 3124 idoneam
920 3070 1078 3124 nimis
1124 3072 1177 3125 in
1209 3088 1400 3127 Otones
1440 3087 1567 3127 usus
1589 3073 1733 3142 judi-

148 3159 293 3216 ciat'ii
315 3173 373 3217 et
403 3162 631 3217 forensis
655 3161 836 3217 cilicii.
859 3161 1011 3217 Nunc
1040 3173 1186 3218 tuum
1219 3175 1301 3219 est
1324 3165 1553 3234 optimos
1575 3167 1730 3235 juve-
1756 3139 1802 3200 Ο

149 3265 240 3306 nes
284 3253 579 3318 advocare,
628 3268 854 3322 quorum
901 3253 1134 3308 indolem
1176 3256 1380 3308 militiae
1436 3257 1730 3310 honoribus

145 3340 246 3412 jam
271 3353 516 3413 paratam
557 3360 661 3398 non
708 3345 867 3399 debet
905 3345 1129 3400 ulterius
1168 3346 1562 3417 procraStiuate
1599 3363 1730 3402 cun-

149 3436 326 3492 ctatio.
361 3436 516 3492 Vale.

712 3529 929 3586 EPIST.
968 3529 1179 3585 LXXV.

655 3634 966 3676 SVNIIACIIUS
995 3636 1204 3677 LICIXIO.

211 3711 470 3779 Prompte
525 3711 806 3767 favendum
853 3722 936 3769 est
989 3715 1214 3770 bOuesta
1262 3714 1618 3786 cupientibus,
1669 3727 1727 3771 ut

148 3804 455 3873 probabiles
485 3805 788 3860 voluntates
834 3807 1010 3863 alieno
1051 3808 1209 3863 etiam
1235 3808 1489 3879 juventur
1511 3813 1721 3864 annisu.

145 3893 484 3966 Quapropter
523 3897 641 3964 epis
670 3895 945 3968 indignum
975 3914 1096 3954 esse
1137 3917 1244 3956 non
1289 3903 1462 3971 patior
1493 3901 1724 3958 Felicem

147 3986 546 4042 sanctissimum
583 3987 835 4057 juvenem
870 3991 934 4044 ad
965 3993 1219 4047 electiora
1251 3994 1555 4049 tendentem
1584 4009 1602 4050 :
1633 3993 1723 4064 qui

145 4078 228 4132 ubi
259 4079 457 4135 urbani
505 4081 604 4135 fori
648 4082 1034 4153 dissensiones,
1062 4096 1120 4140 ut
1144 4098 1270 4156 pote
1313 4090 1458 4143 mitis
1500 4089 1717 4158 ingeni,

141 4171 447 4237 exhorruit,
476 4172 788 4230 modestiori
824 4180 1167 4234 causidicina:
1196 4179 1326 4236 dare
1365 4196 1559 4236 nomen
1589 4180 1722 4236 alle-

143 4269 278 4326 ctat;
313 4279 476 4334 quem
528 4280 680 4320 meus
726 4284 936 4339 quoque
984 4271 1227 4326 hortatus
1265 4271 1544 4328 animavit.
1593 4272 1723 4344 Spo-

143 4353 297 4420 pondi
331 4354 480 4408 enim
523 4355 676 4411 bona:
717 4357 902 4426 indoli,
935 4372 987 4415 et
1015 4365 1256 4417 moribus
1292 4363 1586 4429 defmcatis,
1628 4381 1722 4420 ne-

144 4456 406 4513 quaquam
430 4445 616 4502 defore
648 4457 750 4503 tua:
776 4451 971 4506 mentis
991 4453 1270 4507 auxilium.
1303 4453 1445 4524 Ergo
1470 4465 1720 4510 exoratus

143 4547 201 4589 ac
227 4535 405 4591 facilis
423 4554 530 4592 non
549 4548 604 4593 ut
636 4542 960 4612 transfugam
982 4546 1125 4598 sedis
1155 4544 1397 4612 alterius,
1429 4546 1526 4601 sed
1559 4556 1616 4601 ut
1639 4549 1719 4601 af-

145 4625 456 4684 lectatorem
487 4631 587 4686 fori
615 4635 893 4702 quietioris
936 4637 1143 4706 amplec
1167 4652 1260 4692 ere
1292 4655 1304 4691 :
1332 4641 1420 4708 qui
1456 4640 1548 4694 tibi
1589 4641 1722 4720 tuis-

144 4731 242 4786 que
267 4719 550 4778 beneﬁciis
571 4725 804 4790 debebit,
833 4728 1089 4797 quidquid
1113 4728 1291 4784 ofﬁcio
1321 4730 1472 4784 bona:
1495 4731 1723 4786 fortuna:

145 4817 231 4863 aut
257 4814 663 4880 commoditatis
692 4820 998 4872 accesserit.
1034 4818 1181 4874 Vale.

700 4907 915 4963 EPIST.
961 4909 1195 4965 LXXVI.

685 5013 992 5054 SVHMACBUS
1028 5018 1243 5059 LICINIO.

205 5089 425 5146 Bonoso
463 5087 843 5162 optimo‘viro,
895 5107 949 5150 ct
988 5107 1108 5166 post
1149 5099 1388 5153 militiam
1428 5100 1721 5157 Palatinam

139 5183 371 5249 gemina:
412 5183 898 5242 administrationis
942 5187 1248 5257 integritate
1283 5197 1596 5260 conSpicuo,
1641 5193 1725 5247 di-

138 5279 479 5334 scessionem
508 5283 685 5351 pontis
729 5299 792 5338 ac
837 5285 1072 5340 basilica:
1103 5302 1254 5342 nova:
1284 5292 1570 5359 prtereptio
1614 5293 1723 5346 Au-

138 5377 285 5434 gusta
319 5371 616 5442 mandavit,
648 5374 788 5441 quod
833 5390 1026 5431 munus
1063 5376 1165 5433 fide
1205 5387 1260 5432 et
1289 5379 1558 5448 vigilantia
1589 5397 1715 5451 pos-

135 5466 216 5513 set
242 5459 499 5530 implere,
526 5462 571 5517 si
618 5465 764 5520 solus
810 5467 1108 5522 istiusmodi
1139 5472 1508 5540 examinisjus
1557 5473 1721 5529 babe-

137 5559 237 5605 ret.
262 5550 425 5607 Nunc
443 5552 702 5624 Cyriades
725 5554 786 5610 C.
822 5556 886 5623 V.
923 5572 1106 5614 comes
1146 5569 1202 5614 et
1229 5557 1588 5627 meeltauicus,
1629 5566 1719 5635 qui

138 5641 338 5699 dudum
364 5643 635 5716 impensas
656 5647 832 5718 operis
862 5649 1142 5721 utriusque
1163 5655 1434 5720 tractavit,
1461 5655 1512 5710 in
1541 5657 1717 5711 socie-

141 5739 301 5790 tatem
332 5734 685 5796 discussionis
713 5738 1003 5806 admissus,
1033 5753 1198 5812 saepe,
1240 5744 1535 5824 utdicitur,
1566 5761 1594 5801 a
1619 5744 1718 5806 Bo-

2374 1889 2590 1946 EI’IST.
2620 1891 2874 1948 LXXVII.

2340 1996 2654 2038 BVllIIACBUS
2681 2000 2894 2040 LICINIO.

1909 2094 2146 2165 Longum
2177 2097 2323 2150 siles.
2351 2096 2454 2152 Sed
2483 2113 2581 2169 ego
2609 2098 2730 2153 talis
2759 2100 2996 2167 exempli
3032 2101 3266 2159 imitator
3294 2119 3416 2162 esse

1837 2199 1943 2240 non
1981 2186 2173 2241 debeo.
2215 2188 2390 2256 Quare
2433 2190 2484 2242 in
2528 2189 2758 2245 oflicium
2789 2192 2992 2261 primus
3044 2197 3216 2264 erupi,
3259 2206 3417 2267 teque

1834 2278 2082 2348 religiosa
2114 2281 2479 2336 admonitione
2527 2283 2790 2338 convenio
2820 2300 2836 2338 :
2869 2293 2926 2337 ιιι
2969 2285 3263 2342 litterarum
3296 2306 3416 2342 mu-

1833 2383 1958 2433 nus,
1988 2367 2132 2438 quod
2161 2379 2350 2438 sponte
2376 2371 2627 2424 amicitia:
2663 2382 2859 2427 nostrze
2888 2373 3100 2432 deferre
3130 2377 3413 2450 debueras,

1835 2459 2010 2513 saltim
2054 2468 2370 2528 provocatus
2396 2463 2661 2516 exsolvas.
2697 2464 2846 2519 Vale.
2879 2467 2882 2472 ’

2367 2554 2580 2609 EPIST.
2606 2556 2884 2612 LXXVIII.

2319 2660 2622 2701 SYHMACIIUS
2662 2664 2924 2704 HELPIDIO.
3479 2725 3484 2728 _

1905 2731 2112 2798 Quaeris
2143 2744 2198 2788 ut
2223 2736 2448 2799 valeam.
2482 2739 2564 2792 vel
2593 2740 2717 2808 quid
2746 2757 2923 2795 rerum
2948 2759 3147 2812 geram.
3173 2745 3414 2814 I'leSpon-

1835 2820 1937 2876 deo
1968 2828 2352 2890 peremitatioai
2387 2841 2488 2880 inae
2511 2843 2574 2881 ex
2599 2845 2781 2884 amore
2808 2833 3064 2887 venienti.
3092 2835 3215 2903 Agri
3237 2840 3413 2905 quiete

1835 2913 2095 2968 delet-tor.
2142 2916 2265 2971 Il.cc
2294 2919 2420 2971 mibi
2453 2922 2592 2974 aeris
2625 2924 2902 2990 praestabit
2940 2927 3332 2994 salubritatem,
3359 2941 3411 2984 et

1835 3006 2090 3076 pabulum
2118 3007 2386 3063 lectionis.
2413 3009 2570 3079 Sa~pe
2595 3014 2778 3067 oculos
2804 3030 2965 3082 pasco
3003 3017 3244 3084 culturis,
3281 3036 3412 3088 quas

1838 3097 2077 3168 liyberna
2103 3109 2314 3156 exercet
2344 3104 2606 3169 apt-ratio.
2651 3105 2766 3158 Tibi
2795 3116 2850 3160 et
2876 3108 3173 3164 secundare
3209 3111 3412 3165 valetu-

1834 3189 2034 3253 dinem,
2062 3202 2115 3246 et
2146 3195 2456 3249 meritoriam
2485 3208 2679 3252 nostrae
2708 3199 2955 3254 amicitia:
2985 3216 3268 3268 superesse
3297 3219 3409 3256 am-

1834 3282 2072 3350 plissime
2116 3283 2373 3351 gratulor.
2420 3285 2628 3340 Silentii
2671 3304 2798 3344 vero
2849 3291 2952 3344 mei
2995 3307 3100 3346 non
3141 3300 3224 3346 est
3265 3294 3409 3360 ju~ta

1831 3376 2088 3430 causatio.
2115 3375 2255 3430 Nihil
2283 3377 2423 3431 enim
2451 3379 2590 3446 quod
2619 3381 2912 3436 scriberem
2943 3383 3262 3452 suppetebat
3291 3400 3306 3436 :
3337 3385 3410 3436 si-

1832 3470 2048 3537 mulque
2098 3478 2358 3536 occupato
2404 3470 2496 3524 tibi
2544 3471 2817 3526 auditione
2861 3467 3142 3528 catisarum
3189 3476 3410 3530 verebar

1830 3560 2162 3629 obstrepere,
2179 3575 2248 3615 ne
2269 3561 2449 3615 multis
2469 3565 2695 3632 negotiis
2717 3577 2853 3618 onus
2874 3564 3097 3620 adderet
3119 3565 3409 3636 loquacitas

1829 3649 2007 3705 otiosi.
2044 3649 2190 3704 Vale.

2371 3741 2585 3798 EPIST.
2630 3743 2865 3798 LXXIX.

2308 3845 2616 3887 SVIIIIACIICS
2655 3849 2900 3888 IIELPIDIO

1901 3919 2246 3976 Prmsentiam
2295 3932 2440 3977 tuam
2481 3939 2659 3994 spero.
2708 3925 2886 3995 Neque
2923 3927 3064 3980 enim
3105 3928 3246 3982 so'es
3283 3942 3408 3996 pra-

1829 4016 1988 4069 missa
2015 4015 2289 4070 deserere.
2329 4016 2436 4071 Sed
2475 4017 2726 4087 frequens
2765 4018 2899 4072 fama
2943 4027 3025 4072 est
3066 4021 3407 4087 pra-torianas

1829 4105 2032 4160 litteras
2062 4108 2276 4160 obstare
2304 4106 2601 4176 dispositis.
2629 4111 2806 4174 Quare
2837 4125 2902 4161 ne
2933 4109 3163 4162 haeream
3194 4107 3281 4161 diu
3309 4123 3408 4162 ex-

1825 4201 2172 4268 spectationis
2205 4201 2468 4264 incertus,
2507 4201 2814 4254 conlirmari
2840 4200 3054 4268 scriptis
3095 4201 3407 4253 recentiori-

1826 4289 1925 4343 bus
1954 4291 2074 4344 volo
2107 4309 2118 4342 :
2155 4299 2213 4344 ut
2242 4293 2407 4344 sciam
2438 4307 2605 4345 mora:
2633 4306 2754 4346 esse
2796 4292 3046 4360 pri-tium,
3081 4296 3125 4343 si
3148 4290 3406 4346 aliuturus

1823 4394 1911 4446 es,
1941 4391 2032 4435 aut
2061 4381 2238 4436 solvar
2274 4383 2523 4436 manendi
2554 4381 2789 4445 fastidio,
2824 4397 2867 4436 si
2899 4384 3120 4436 teneris.
3151 4381 3283 4437 Vale

2386 4473 2600 4528 EPIS‘I‘.
2645 4472 2858 4527 LXXX.

2314 4581 2619 4620 εῑκισλοηυε
2658 4581 2920 4620 ηειιδιυιο.

1905 4652 2210 4724 Prosequor
2237 4655 2429 4710 litteris
2465 4656 2636 4710 civem
2668 4657 3006 4725 amicumque
3035 4670 3406 4718 communem;

1833 4748 1984 4816 Cujus
2007 4749 2164 4816 bona,
2190 4749 2309 4818 quia
2335 4749 2538 4816 judicio
2570 4757 2802 4803 tonante
2831 4758 2976 4814 sunt,
3001 4764 3107 4802 non
3131 4750 3408 4818 requirunt

1831 4842 2206 4912 assertionem.
2241 4841 2428 4895 Merito
2457 4841 2587 4894 mihi
2620 4842 2685 4894 de
2716 4855 2781 4895 eo
2811 4842 2948 4909 apud
2981 4842 3238 4895 scientem
3272 4838 3406 4892 faci-

1832 4928 1898 4983 lis
1923 4944 2122 4998 sermo,
2151 4942 2204 4984 et
2233 4931 2409 4985 brevis
2434 4941 2535 4985 est.
2570 4931 2848 4985 Admoneo
2888 4941 3064 4984 tamen
3107 4935 3161 4982 u’t
3201 4930 3251 4982 in
3284 4944 3404 4997 gra-

1835 5019 1960 5074 tiam
1985 5036 2158 5074 meam
2187 5021 2413 5076 validius
2443 5021 2718 5090 diligatur,
2745 5023 2956 5088 meique
2978 5019 3115 5088 apud
3149 5030 3200 5071 te
3224 5031 3406 5069 curam

1831 5110 2011 5181 vigere
2027 5112 2348 5167 documento
2358 5114 2496 5168 aucti
2513 5114 2653 5167 circa
2677 5128 2735 5166 se
2751 5113 2949 5166 amoris
2963 5108 3402 5178 intelligat.VaIe.

2374 5204 2589 5260 EPIST.
2636 5202 2871 5256 LXXXI.

2311 5309 2621 5350 εωωοιιυε
2660 5307 2921 5348 HELPIDIO.

1899 5384 2030 5438 Cum
2061 5399 2205 5455 saepe
2231 5388 2603 5439 occasionibus
2627 5386 2692 5438 ad
2721 5382 3062 5438 scribendum
3092 5389 3216 5436 utar
3254 5381 3405 5437 inco-

1825 5477 2006 5545 gnitis,
2036 5465 2296 5530 committi
2331 5478 2381 5530 in
2414 5477 2700 5530 amicitiam
2736 5484 2880 5543 puto,
2917 5473 2962 5526 si
2989 5473 3301 5529 domesticis
3331 5476 3405 5527 vi~

1825 5568 1956 5622 dear
1977 5567 2267 5622 abstinere.
2297 5567 2492 5623 Libens
2513 5569 2670 5636 igitur
2700 5565 2863 5620 Acrio
2891 5565 3274 5619 honestissimo
3296 5567 3405 5618 viro

1826 5659 2016 5714 cultori
2045 5669 2141 5715 tuo
2168 5661 2410 5714 nuntiam
2435 5657 2709 5728 sosiiitatis
2737 5673 2870 5712 mean
2890 5659 3136 5728 paginam
3160 5657 3304 5720 dedi,
3324 5673 3404 5710 ein

1827 5750 2292 5808 bonorillccnliam
2339 5749 2672 5807 salutationis
2712 5749 2944 5820 adjuogo
2973 5767 2984 5801 :
3018 5766 3136 5819 qum
3177 5749 3310 5810 sola,
3349 5756 3404 5799 et
