3932 6430
570 288 676 344 265

567 417 689 458 cum
715 411 928 467 dicitur,
956 411 1152 461 etcum
1179 405 1412 463 vicissim
1443 407 1692 474 refertur,
1714 409 1894 462 munia
1924 406 2154 462 l‘atnilia-
2181 411 2232 469 Α

568 492 642 547 ris
661 494 848 563 explet
863 496 1046 551 oflicii.
1083 497 1232 553 Vale.

1095 612 1308 670 EPIST.
1343 615 1609 670 LXXXII.

1041 717 1354 760 SYIIACIIUS
1385 721 1651 762 IIELI’IDIO.

637 807 861 866 Plenum
900 810 1174 883 religionis
1204 815 1440 870 oflicium
1463 824 1547 869 est
1574 814 1713 885 quod
1743 823 1937 879 Sponte
1965 823 2145 868 votum

569 899 748 954 fratris
795 903 1096 958 antevenis.
1147 902 1399 958 Proxime
1442 903 1603 972 igitur
1645 905 1933 958 familiares
1977 903 2146 957 nostri

566 989 631 1042 ad
662 1005 920 1059 equorum
950 995 1348 1062 coemptionem
1376 1009 1498 1048 cum
1531 995 1716 1062 pretiis
1742 994 2146 1060 commeabant,

567 1094 623 1137 ut
647 1099 712 1138 ex
737 1085 988 1140 omnibus
1011 1087 1306 1155 quadrigis,
1333 1102 1462 1154 quas
1484 1089 1747 1155 scripsisti
1768 1103 1888 1141 esse
1909 1088 2146 1152 venales,

565 1179 969 1244 praestantiores
995 1195 1155 1234 cursu
1185 1188 1238 1234 et
1258 1194 1461 1248 genere
1487 1180 1750 1248 pollentes
1780 1179 2005 1233 deﬂoret
2034 1179 2148 1233 ele-

566 1269 693 1322 ctio.
745 1269 870 1324 Haec
894 1282 1072 1325 autem
1107 1270 1200 1324 tibi
1229 1286 1354 1324 cura
1381 1270 1640 1325 sitmenda
1683 1279 1786 1332 est,
1839 1280 1897 1324 ut
1929 1280 2149 1337 prmter-

568 1359 655 1414 itis
701 1359 1024 1416 editi0nibtts
1061 1363 1256 1416 nostris
1283 1377 1469 1418 recens
1492 1364 1737 1418 ludorum
1761 1364 1896 1418 fama
1927 1379 2150 1432 respon-

564 1451 709 1508 deat.
759 1453 813 1507 In
865 1449 1051 1523 primis
1078 1454 1239 1522 igitur
1272 1455 1410 1509 hanc
1448 1455 1515 1509 de
1552 1465 1603 1508 te
1648 1455 1872 1524 gratiam
1903 1465 2046 1524 peto,
2082 1468 2149 1507 ne

565 1544 738 1612 magis
767 1541 1072 1608 numerum,
1100 1559 1260 1613 quam
1294 1545 1483 1599 merita
1515 1546 1838 1614 perpendes.
1869 1544 2000 1598 Nam
2027 1558 2146 1597 cum

565 1635 634 1689 tle
676 1633 945 1704 Hispaniis
983 1635 1196 1706 copiam
1232 1651 1490 1706 equorum
1532 1651 1658 1705 spes
1690 1645 1839 1690 certa
1871 1635 1998 1688 tnihi
2029 1650 2153 1702 pro.

561 1727 754 1790 mittat,
789 1727 908 1789 hos.
941 1741 1076 1797 quos
1098 1728 1164 1780 de
1196 1728 1439 1795 proximo
1465 1727 1755 1796 polliceris,
1788 1725 2030 1780 securior
2066 1724 2147 1778 di-

561 1814 780 1886 ligentia
800 1815 961 1870 debet
985 1830 1297 1885 excerpere.
1333 1816 1485 1871 Vale.

1085 1946 1299 2002 EPIST.
1341 1947 1429 2002 LX
1444 1949 1602 2003 XXIII

1042 2054 1352 2095 SYMIACIIUS
1393 2056 1654 2097 ιιειῐιιυιο.

630 2154 826 2211 Curam
871 2164 1110 2212 nostram
1162 2156 1450 2210 senatoriae
1497 2157 1799 2212 functiones
1845 2157 1911 2212 ad
1964 2157 2144 2216 votiva

563 2246 877 2302 sollicitant.
903 2247 1196 2302 Prteturatn
1229 2247 1425 2316 quippe
1454 2247 1546 2302 lilii
1575 2249 1699 2314 mei,
1727 2249 1771 2301 si
1804 2249 1914 2302 l'ors
1944 2249 2144 2302 tlictntn

559 2338 727 2410 juvct,
774 2338 1051 2408 proximus
1086 2353 1257 2391 annus
1300 2349 1619 2408 exspectat:
1661 2339 1812 2408 cujus
1837 2338 2142 2394 Instruetttli

563 2445 724 2486 causa
754 2429 943 2484 amicis
972 2430 1168 2484 nostris
1199 2430 1472 2499 negotium
1502 2429 1750 2484 dedimus
1781 2440 1836 2484 ut
1871 2446 2039 2498 equos
2079 2445 2144 2484 ex

565 2521 817 2590 Hispania
870 2522 1213 2576 electissima:
1261 2522 1552 2576 nobilitatis
1596 2523 1933 2578 edecutnent.
1972 2523 2147 2591 Expeo

557 2613 764 2668 riantur
786 2613 945 2682 igitur
973 2613 1283 2682 sutfragium
1311 2624 1478 2681 tuum,
1503 2616 1546 2667 si
1571 2615 1694 2680 quid
1723 2615 1840 2682 opis
1866 2624 1923 2669 et
1948 2614 2145 2668 favoris

557 2704 852 2759 oraverint.
886 2704 1048 2759 Decet
1086 2705 1228 2759 enim
1259 2714 1311 2760 te
1349 2721 1447 2776 pro
1481 2720 1667 2762 amore
1707 2716 1892 2762 mutuo
1934 2722 2142 2761 mecum

555 2795 795 2851 ettranda
826 2795 1036 2866 partiri.
1067 2795 1218 2851 Vale.

1079 2911 1298 2969 EPIST.
1327 2912 1616 2968 LXXXIV.

1039 3017 1352 3060 SIIIIACIIL'S
1387 3020 1654 3060 BELPIDIO.

1735 293 2134 362 Q.AURELHJ

2242 292 2658 358 svnnacuus.
3688 315 3742 383 tt

2772 417 2984 474 EPIST.
3006 441 3009 443 ·
3029 419 3308 477 LXXXVI.

2733 522 3044 566 εγιιιιλειιυε
3085 527 3347 568 HELPIDIO.

2322 616 2591 673 Insidiaris
2628 620 2863 677 infantiae
2909 639 3062 690 mem,
3103 641 3265 694 quam
3304 635 3422 694 tego
3443 627 3623 683 silentii
3653 645 3768 687 vert-

2250 708 2464 762 cundia.
2511 709 2643 764 Nam
2692 711 2759 765 ad
2805 714 3067 769 elicienda
3119 731 3397 785 reSponsa,
3427 727 3698 786 venturum,
3734 723 3767 778 si

2250 814 2503 868 annuam,
2553 802 2852 870 polliceris;
2905 821 3026 860 cum
3079 807 3171 862 tibi
3224 808 3398 864 facere
3440 811 3506 866 de
3549 807 3778 883 proxinto,’

2249 906 2408 959 quam
2438 893 2704 960 Spondere
2733 898 3028 964 pr0tnptins
3060 898 3238 954 fuerit.
3281 901 3404 955 Mihi
3435 918 3554 956 vero
3580 905 3764 971 adipisci

2249 994 2480 1052 gratum,
2521 1000 2738 1055 sperare
2784 989 3044 1056 prolixum
3094 1000 3197 1045 est.
3242 992 3308 1046 Et
3351 1002 3524 1049 tamen
3562 995 3771 1050 voluntati

2251 1083 2356 1128 tua:
2386 1091 2586 1144 pareo:
2617 1093 2714 1132 nec
2743 1095 2933 1133 vet-eor
2961 1097 3028 1134 ne
3058 1093 3262 1138 temere
3288 1100 3318 1138 a
3349 1101 3431 1140 tne
3463 1087 3616 1140 ell'tta
3649 1088 3773 1141 verba

2249 1161 2300 1217 in
2335 1167 2542 1235 paginis
2571 1167 2771 1222 librarii
2812 1171 2884 1223 ttti
2914 1169 3142 1226 referas.
3177 1172 3330 1242 Nam,
3372 1175 3415 1229 si
3441 1175 3562 1244 quid
3604 1176 3773 1241 horum,

2249 1271 2370 1326 quas
2396 1258 2534 1328 apud
2563 1267 2612 1312 te
2655 1259 2955 1316 incuriosus
2983 1263 3190 1331 loquor,
3218 1264 3450 1333 cuipiam
3481 1266 3646 1321 lectori
3673 1283 3772 1320 nau-

2250 1362 2398 1402 seam
2429 1351 2693 1415 tnoverit;
2723 1367 2830 1406 non
2865 1363 2968 1407 tam
2999 1355 3050 1408 in
3082 1355 3370 1410 scribendo
3399 1357 3694 1429 negligentia
3717 1356 3775 1412 tli-

2251 1439 2522 1508 Splicebit.
2559 1441 2708 1500 Vale.

2762 1533 2978 1590 EPIST.
3027 1534 3335 1593 LXXXVII.

2737 1644 3046 1684 SYJIIACIIUS
3086 1647 3352 1686 ιιιιιιιοιο.

2323 1716 2638 1772 NostrOrnm
2669 1717 2924 1773 duritiam
2949 1721 3090 1776 ferre
3118 1737 3222 1776 non
3251 1738 3551 1792 possumus,
3579 1723 3659 1793 qui
3683 1737 3773 1777 cum

2252 1810 2452 1878 reliqua
2495 1809 2768 1878 superiora
2808 1828 2914 1866 non
2943 1813 3291 1880 exsolverint,
3327 1814 3489 1869 etiam
3519 1815 3775 1883 [tchOltell

2251 1902 2478 1970 proximi
2506 1903 2630 1955 anni
2659 1903 2798 1958 ferre
2820 1903 3142 1960 detrectant.
3168 1905 3372 1962 Idcirco
3407 1903 3581 1977 qnzc'so
3608 1915 3658 1961 ttt
3685 1922 3775 1962 cuiu

2250 1992 2466 2047 homine
2506 2009 2648 2062 tneo,
2687 2009 2846 2061 quem
2897 1995 2962 2048 ad
3011 1999 3347 2052 exactionem
3392 1998 3650 2054 titulorum
3690 1997 3776 2050 misi

2247 2098 2429 2138 curant
2462 2071 2860 2139 communicare
2900 2085 3158 2155 digneris,
3187 2097 3239 2141 et
3270 2087 3574 2159 religiosam
3601 2103 3775 2156 open-tn

2249 2179 2480 2232 libenter
2524 2181 2770 2248 arripias.
2823 2180 2997 2236 Grave
3027 2191 3111 2236 est
3140 2184 3304 2246 enim,
3348 2199 3448 2238 nos
3485 2183 3677 2252 quidem
3711 2197 3777 2248 pm

2247 2273 2390 2340 agris
2439 2283 2637 2326 nostris
2667 2273 3040 2328 futtctionibus
3084 2276 3313 2344 publicis
3351 2292 3475 2330 esse
3517 2276 3777 2330 munificus:

2246 2371 2460 2416 actores
2496 2373 2673 2416 autem
2720 2364 2978 2427 locorum,
3012 2381 3077 2419 ne
3118 2365 3171 2419 id
3216 2365 3435 2435 quidem
3477 2367 3604 2421 velle
3639 2363 3779 2420 redhi-

2249 2453 2398 2520 bere,
2443 2454 2586 2522 quod
2631 2455 2809 2509 sciunt
2850 2471 2944 2525 per
2972 2471 3142 2510 annos
3181 2456 3425 2528 singulos
3461 2472 3577 2512 esse.
3611 2455 3778 2511 solven-

2247 2543 2396 2598 dum.
2428 2545 2574 2599 Vale.

2746 2639 2962 2695 EPIST.
3005 2640 3336 2696 LXXXVIII.

2725 2745 3035 2786 δγιιιιιιειιυε
3073 2748 3342 2787 ιιιςιῐηυιο.

2316 2821 2530 2876 Nullum
2561 2830 2768 2891 tempus
2799 2839 2918 2879 esse
2942 2827 3116 2893 patior
3135 2826 3202 2880 ab
3220 2826 3405 2880 officio
3430 2825 3681 2882 feriarum.
3700 2819 3778 2878 Ilo-

2244 2913 2348 2967 rito
2388 2915 2695 2983 properanti
2729 2916 3007 2970 tabellario
3035 2917 3233 2972 cursim
3260 2917 3440 2972 debita
3481 2918 3626 2973 verba
3665 2930 3778 2970 cont-

2244 3001 2362 3056 tnisi
2381 3018 2395 3067 ;
2411 3005 2604 3073 quibus
2626 3020 2809 3074 quaeso
2831 3004 3129 3061 referenda:
3145 3007 3526 3068 vicissitudinis
3539 3023 3699 3063 curam
3713 3000 3779 3060 ca-

621 3117 903 3173 Silentium
927 3134 1105 3174 meum
1128 3121 1287 3176 etiam
1316 3123 1430 3192 ipse
1456 3124 1931 3192 reprehenderem,
1951 3125 1994 3179 si
2019 3135 2136 3179 tuas
2165 3144 2211 3207 ρ
2245 3095 2824 3207 ξξῗξδξξνὲίξῗξε¹ηἰ¹ξξ¹ξ
2847 3113 2959 3172 lam
2996 3109 3086 3154 ¹¹¹⁰
3115 3099 3288 3154 rem“
3323 3115 3483 3171 quam
3511 3109 3778 3171 scnpwum

555 3211 764 3268 litteras
807 3211 1098 3282 aliquando
1133 3217 1506 3283 sumpsiSsem.
1548 3217 1731 3287 Itaque
1770 3219 1821 3271 in
1856 3219 2025 3272 altero
2053 3234 2137 3271 ar-

551 3318 716 3372 guere
767 3317 872 3358 non
923 3313 1100 3372 potes,
1134 3305 1290 3373 quod
1317 3321 1347 3360 a
1389 3317 1441 3362 te
1481 3306 1774 3362 admissum
1821 3306 2133 3362 meministi.

553 3393 668 3462 Ego
699 3402 876 3447 tamen
909 3395 960 3449 in
995 3395 1110 3449 haec
1136 3394 1313 3450 officia
1352 3399 1559 3466 primus
1593 3399 1767 3468 erupi,
1811 3408 1868 3452 ut
1895 3410 1948 3453 et
1989 3408 2039 3453 te
2069 3398 2135 3452 ad

550 3484 813 3538 tieribendi
846 3486 1081 3539 studium
1113 3488 1452 3552 cohortarer,
1493 3497 1546 3544 et
1574 3491 1805 3544 amicum
1835 3505 2012 3545 meum
2044 3499 2130 3543 te-

550 3574 788 3628 stimonii
822 3575 1206 3644 astipulatioue
1233 3593 1608 3648 prosequerer.
1634 3581 1726 3635 Est
1746 3585 1886 3636 enim
1916 3582 2033 3651 ejus
2058 3583 2138 3636 itt-

548 3665 773 3720 dttstrize
799 3676 959 3735 atque
989 3667 1290 3737 probitatis,
1321 3677 1380 3722 ut
1409 3670 1646 3725 favorem
1689 3679 1836 3725 tuum
1863 3675 1986 3740 jure
2018 3689 2133 3727 nte-

548 3766 748 3812 reatur.
779 3757 883 3810 Pro
913 3771 1023 3827 quo
1050 3771 1151 3826 ego
1175 3758 1371 3827 petitor
1393 3762 1613 3829 accedo,
1643 3778 1971 3832 praesumens
1995 3765 2135 3834 apud

553 3845 791 3900 animum
824 3857 971 3902 tuum
1003 3858 1218 3903 nostras
1247 3848 1453 3906 litteras
1482 3855 1768 3922 plttrimutu
1799 3856 2130 3934 profuturas.

554 3931 702 3991 Vale.

1079 4031 1296 4088 EPIST.
1329 4031 1592 4089 LXXXV.

1024 4159 1337 4204 εῖιιιιιωιυε
1375 4166 1641 4207 ιιειιηυιο.

613 4255 768 4323 Quod
810 4258 1073 4328 epistolas
1103 4277 1252 4318 meas
1287 4264 1500 4336 condis,
1532 4267 1732 4324 amoris
1761 4279 1844 4324 est
1874 4270 1949 4325 ttti
1976 4288 1991 4338 ;
2039 4273 2132 4342 qui

542 4346 895 4403 describenda
927 4351 1101 4406 nescit
1129 4357 1352 4423 eligere.
1379 4358 1484 4412 Sed
1513 4374 1598 4414 me
1619 4360 1770 4415 luens
1795 4360 1884 4417 hic
1909 4363 2126 4434 decipit.

545 4437 678 4492 Nam
708 4441 1012 4509 prmcipitor
1040 4443 1105 4497 ad
1125 4446 1395 4502 scribendi
1421 4450 1689 4515 liduciatn.
1707 4455 1950 4522 placendi
1973 4472 2125 4511 secu-

543 4525 701 4580 ritate
731 4543 745 4580 :
775 4537 1038 4608 etotamen
1079 4532 1145 4602 (si
1179 4537 1394 4602 quando
1423 4514 1896 4611 resipiscojvnimis
1931 4561 2125 4603 vereor
2151 4514 2205 4576 Β

541 4631 610 4670 ne
639 4615 741 4670 ista
786 4617 1106 4685 simplicitas
1151 4623 1351 4678 incidat
1375 4628 1428 4680 in
1457 4630 1709 4686 lectorem
1735 4635 1986 4702 alterum,
2029 4639 2122 4694 tibi

541 4705 828 4799 disparem.
870 4711 1046 4777 Quare
1086 4715 1248 4770 velim
1296 4717 1388 4772 tibi
1430 4719 1629 4776 habeas
1675 4742 1792 4793 quae
1834 4728 2122 4799 incogitata

539 4797 861 4867 proferimus
887 4819 899 4853 :
927 4801 1052 4858 licet
1079 4806 1269 4861 eadem
1295 4809 1399 4864 mei
1429 4827 1643 4880 quoque
1671 4815 1870 4874 librarii
1901 4797 2122 4879 servare

534 4886 803 4982 dicantur.
835 4891 942 4947 Sed
975 4893 1049 4948 illi
1083 4911 1178 4964 per
1200 4898 1551 4968 ignorantiam
1573 4911 1836 4964 examinis
1857 4952 1873 4977 ,
1899 4913 2039 4982 quod
2070 4925 2122 4970 te

537 4979 720 5036 facere
765 4996 872 5037 non
917 4995 1130 5051 Oportet
1157 4988 1486 5050 Mercurialis
1523 4997 1656 5052 artis
1697 4979 1947 5069 peritum.
1987 5004 2120 5061 Nam

535 5070 899 5162 mediocribus
921 5077 1138 5146 scriptis
1163 5080 1456 5139 amicorum
1479 5085 1778 5158 benignitas
1798 5093 1896 5148 scit
1916 5095 2118 5162 lavere,

533 5159 837 5219 alienorum
876 5165 1074 5221 invidia
1117 5176 1287 5225 nescit
1332 5172 1630 5242 ignoscere.
1672 5181 1824 5246 Quod
1849 5159 2116 5253 superest,

529 5263 631 5306 oro
655 5251 771 5322 jam
804 5254 1013 5326 venias,
1058 5267 1114 5313 et
1157 5263 1437 5329 prtesentia
1485 5275 1572 5319 tua
1613 5266 1877 5325 honorem
1916 5251 2118 5343 augeas

533 5338 791 5398 festorum
826 5344 1057 5406 dierum.
1098 5347 1303 5420 Nempe
1344 5352 1595 5411 Minervae
1633 5359 1726 5414 tibi
1768 5338 2016 5419 solemne
2047 5367 2116 5423 de

531 5429 736 5487 scholis
762 5443 944 5491 notum
964 5447 1069 5504 est,
1089 5449 1146 5493 ιιι
1175 5440 1287 5496 fere
1307 5457 1575 5502 memores
1599 5463 1783 5506 sumus
1810 5456 1969 5510 etiam
1993 5471 2115 5526 pro-

530 5520 757 5579 cedente
781 5539 898 5581 aevo
924 5521 1210 5598 puerilium
1236 5532 1516 5595 feriarum.
1548 5540 1627 5595 Ad
1655 5557 1780 5598 eum
1805 5545 1948 5603 diem
1977 5520 2112 5607 eon-

450 5691 459 5706 .
535 5611 725 5669 victuut
772 5616 866 5672 tibi
915 5633 1188 5693 paramus,
1229 5629 1531 5695 agrestibus
1569 5631 1828 5691 olusculis
1877 5650 2130 5713 partum,

529 5706 652 5776 quia
683 5710 920 5769 luxuries
948 5715 1165 5773 offendit
1190 5716 1346 5776 deant
1377 5722 1632 5781 sobriam.
1669 5726 1818 5786 Vale.

2243 3183 2446 3239 honore
2476 3185 2663 3240 ltetari.
2701 3187 2846 3242 Vale.

2766 3275 2981 3334 EPIST.
3012 3278 3301 3336 LXXXIX.

2723 3385 3035 3426 SHHIACIIUS
3072 3390 3341 3429 IIELPIDIO.

2309 3459 2424 3514 Non
2472 3476 2538 3516 ex
2585 3461 2747 3517 officii
2789 3466 3046 3530 patcitate
3073 3469 3370 3524 amicorum
3405 3469 3588 3540 religio
3609 3476 3776 3523 etrura

2239 3551 2519 3619 pendentia
2574 3563 2677 3608 est.
2736 3553 3057 3628 Plerumque
3111 3561 3253 3614 enim
3301 3562 3569 3617 scribendi
3615 3558 3779 3630 cupidis

2237 3639 2368 3694 defit
2389 3643 2632 3707 occasio;
2660 3661 2760 3700 nec
2786 3656 2963 3702 tamen
2983 3651 3232 3706 amicitia
3257 3656 3516 3709 memoria
3544 3653 3777 3722 temporali

2237 3731 2451 3787 silentio
2481 3739 2839 3792 consenescit.
2873 3739 3054 3810 Itaque
3083 3743 3225 3812 quod
3259 3743 3535 3815 hucusque
3564 3743 3777 3808 conticui,

2242 3818 2502 3882 tolnntati
2547 3841 2652 3881 non
2693 3828 2854 3884 debet
2892 3833 3090 3886 ascribi
3131 3849 3146 3889 :
3190 3835 3357 3890 multa
3407 3837 3548 3892 enim
3585 3834 3779 3890 studium

2239 3929 2480 3970 nostrum
2527 3917 2744 3975 fortuita
2796 3921 3190 3990 impedimenta
3228 3928 3527 3984 lrcnarunt.
3577 3927 3670 3984 Sed
3711 3923 3776 3977 ubi

2235 4010 2606 4077 tempestivam
2638 4014 2904 4082 comperit
2933 4015 3261 4085 facultatem,
3294 4021 3498 4076 contuli
3530 4024 3579 4078 in
3604 4020 3688 4074 has
3713 4017 3778 4070 lit-

2237 4107 2380 4152 teras
2413 4101 2516 4155 tnei
2547 4101 2689 4156 circa
2720 4111 2774 4159 te
2819 4107 3076 4176 propositi
3108 4119 3268 4180 atque
3297 4112 3502 4167 amoris
3532 4109 3776 4169 indit-iuni;

2233 4201 2702 4259 contpensaturnsg
2727 4196 2867 4264 quod
2893 4198 3152 4254 hactenus
3175 4200 3317 4266 silui,
3347 4201 3636 4272 frequentia
3663 4199 3780 4271 pagi°

2233 4295 2443 4349 narum,
2477 4283 2522 4337 si
2553 4301 2639 4340 me
2667 4288 2936 4343 incentivo
2958 4289 3191 4361 quodam
3217 4302 3402 4348 mutuo
3421 4296 3672 4351 sermonis
3686 4290 3779 4346 ani-

2234 4374 2490 4430 maveris.
2526 4375 2675 4432 Vale.

2842 4472 3061 4532 EPIST.
3103 4475 3213 4532 XC.

2725 4577 3036 4621 εῖιιιιλριιιε
3075 4585 3330 4625 ιιι;ι.ιίιιιο.

2303 4655 2630 4711 Attentatam
2661 4656 2838 4712 denuo
2862 4659 3219 4717 valetudinem
3247 4673 3386 4719 tuam
3419 4679 3649 4720 meorum
3668 4675 3772 4717 cura

2231 4748 2512 4817 suggessit.
2546 4748 2724 4813 Quare
2751 4749 3068 4805 sollicitatus
3095 4751 3312 4809 incertis
3331 4757 3575 4811 emittere
3602 4755 3775 4828 scripta,

2229 4853 2334 4892 non
2357 4838 2566 4903 distuli;
2597 4841 2792 4909 quibus
2820 4852 2877 4894 ut
2903 4842 2970 4897 de
3002 4855 3051 4898 te
3093 4843 3214 4898 lzcta
3252 4847 3627 4915 respondeant,
3657 4858 3771 4914 prc-

2227 4931 2387 4986 stabit
2415 4931 2592 4986 divina
2631 4933 2924 4989 miseratio.
2964 4935 3078 4991 Erit
3103 4939 3344 4994 muneris
3367 4940 3445 4994 tui
3473 4949 3528 4994 ut
3557 4939 3659 4994 otio
3677 4948 3774 4993 meo

2228 5024 2569 5080 securitatem
2595 5026 2839 5080 sanitatis
2863 5027 3106 5096 adjicias.
3139 5029 3291 5086 Vale.

2831 5183 3050 5242 EPIST.
3070 5187 3208 5244 XCI.

2710 5287 3020 5330 BYNIIACIIUS
3056 5294 3329 5335 IIELPIDIO.

2296 5379 2361 5434 Et
2404 5383 2565 5437 rebus
2603 5391 2660 5438 et
2697 5384 2894 5442 litteris
2937 5398 3117 5457 partes
3155 5391 3430 5462 religionis
3469 5390 3774 5460 exsequeris.

2221 5468 2354 5525 Nam
2379 5470 2687 5530 hominibus
2715 5476 2849 5531 meis
2868 5477 3193 5535 adminicula
3220 5483 3419 5538 favoris
3446 5481 3715 5553 impendis,
3731 5484 3775 5531 et

2221 5578 2309 5619 me
2334 5567 2598 5621 sermonis
2629 5568 2703 5622 tui
2736 5569 2943 5627 honore
2971 5574 3274 5644 participas.
3307 5576 3422 5646 Ago
3454 5575 3613 5646 igitur
3639 5581 3774 5641 atque

2221 5653 2394 5709 habeo
2433 5657 2658 5725 gratias,
2701 5659 2926 5717 daturus
2967 5678 3214 5735 operam,
3261 5680 3330 5722 ne
3368 5665 3559 5721 ofﬁciis
3599 5661 3771 5722 nostris

2220 5741 2533 5804 vicissitudo
2559 5763 2790 5816 unquam
2820 5752 3094 5812 dissimilis
3112 5755 3400 5823 indicetur.
3434 5756 3579 5814 Vale.
