3932 6456
197 445 277 502 965
1336 442 1814 500 EPISTOLARUM
1855 443 2055 499 LIBER
2100 443 2189 500 VI.

729 554 944 612 EPIST.
969 553 1128 611 XCII.

622 662 929 703 SYMNACHUS
972 662 1241 703 IIELPIDIO.

249 745 360 799 Cum
397 740 460 796 ad
497 740 664 796 filium
708 756 884 797 meum
919 739 1208 807 scriberes,
1255 739 1428 796 solum
1475 756 1562 796 me
1599 740 1725 813 styli

191 838 362 893 honore
397 827 686 888 fraudasti.
714 832 870 888 Potui
917 841 969 888 te
997 831 1198 888 silentii
1225 831 1424 888 talione
1452 831 1721 900 mordere,

186 929 264 986 sed
307 925 585 984 amicorum
628 924 968 997 negligentiae
1003 939 1277 995 nunquam
1310 939 1490 993 parem
1523 939 1727 994 repono

186 1031 528 1092 contemptum.
558 1022 738 1092 Atque
758 1020 960 1075 utinam
992 1019 1216 1076 redditae
1245 1018 1356 1074 ﬁlio
1383 1033 1507 1075 meo
1533 1018 1727 1074 littera:

186 1114 294 1170 nihil
332 1113 625 1185 asperitatis
665 1129 732 1170 ex
779 1113 1136 1170 conventione
1164 1113 1385 1170 fraterni
1425 1113 1592 1169 debiti
1627 1113 1725 1169 ha-

186 1209 402 1263 buissent.
435 1205 546 1278 Ego
574 1221 788 1278 quoque
815 1206 946 1261 mihi
973 1219 1310 1277 nequaquam
1330 1203 1545 1261 viderer
1565 1204 1727 1261 omis-

182 1316 272 1356 sos.
301 1301 438 1356 Nunc
461 1301 571 1357 duo
610 1301 814 1374 pariter
845 1300 1177 1368 acciderunt,
1224 1310 1286 1357 ut
1325 1316 1414 1357 me
1456 1308 1513 1356 et
1556 1299 1728 1356 honor

182 1393 313 1449 officii
341 1394 658 1465 praeteriret,
693 1404 746 1452 et
781 1395 1097 1466 participata
1127 1409 1248 1452 cum
1284 1393 1395 1451 ﬁlio
1424 1393 1727 1450 amaritudo

182 1486 478 1556 percelleret.
510 1486 661 1546 Vale.

720 1578 938 1636 EPIST.
966 1578 1148 1636 XCIII.

630 1687 942 1728 SYMIACIIUS
983 1687 1245 1728 HELPIDIO.
1457 1748 1464 1753 ἡ

238 1763 557 1820 Formianum
587 1764 738 1820 littus
767 1765 1117 1821 accessimus.
1159 1763 1297 1820 Hinc
1323 1764 1577 1821 Puteolos
1603 1780 1728 1822 mox

183 1864 410 1922 petemus.
426 1855 604 1912 Grave
624 1865 707 1912 est
725 1858 870 1912 enim
893 1856 996 1911 sub
1016 1856 1234 1911 auribus
1261 1855 1456 1926 judicis
1480 1855 1728 1912 Baiarum

3314 421 3420 508 ese

1746 558 1798 617 Α
1826 555 1921 612 Dei
1958 558 2130 626 venia,
2176 573 2265 615 res
2306 573 2576 633 prosperae
2609 560 2949 632 pollicentur.
2992 558 3099 618 Sed
3133 564 3419 632 praesentia

1832 650 1951 704 lmta
1981 651 2301 722 cumulabis,
2333 652 2376 708 si
2407 667 2502 723 per
2532 653 2741 709 litteras
2773 653 2902 709 mibi
2934 654 3170 725 cognitio
3201 664 3303 711 tua:
3329 670 3415 710 sa-

1830 742 1955 797 Iutis
1983 745 2299 800 accesserit.
2334 745 2487 801 Vale.

2401 839 2618 896 EPIST.
2661 819 2844 897 ‘xcvr.

2313 949 2620 990 SVHMACIIUS
2660 949 2925 991 IIELPIDIO.

1903 1024 2125 1080 Romam
2159 1024 2382 1082 rediisse
2412 1042 2501 1081 me
2533 1027 2741 1082 nuntio.
2771 1027 2948 1099 Atque
2977 1027 3176 1083 utinam
3217 1028 3417 1082 sanita-

1833 1118 1899 1173 tis
1927 1133 2138 1188 quoque
2165 1133 2299 1174 mea:
2327 1120 2491 1176 index
2516 1134 2641 1176 esse
2668 1122 2985 1191 potuissem,
3009 1135 3168 1192 quam
3207 1121 3414 1177 labefa-

1828 1211 1995 1266 ctavit
2033 1212 2480 1281 peregrinationis
2519 1212 2712 1282 injuria
2746 1221 2800 1267 et
2842 1212 3088 1268 hiemalis
3127 1212 3414 1282 asperitas.

1828 1303 1933 1362 Sed
1955 1304 2067 1360 otio
2095 1305 2336 1360 redditus
2356 1319 2518 1376 spero
2541 1306 2816 1362 meliora.I
2826 1320 2918 1376 pse
2945 1314 3005 1361 ut
3031 1306 3215 1362 valeas
3235 1305 3415 1361 divina

1831 1397 2178 1467 praestabunt.
2194 1397 2325 1453 Nam
2350 1407 2407 1455 ut
2431 1399 2678 1454 homines
2701 1413 2852 1455 meos
2878 1399 3037 1454 solito
3064 1400 3242 1454 favore
3269 1406 3415 1453 tuea-

1830 1490 1925 1551 ris.
1959 1490 2232 1559 postulare
2271 1506 2376 1546 non
2415 1492 2629 1558 debeo;
2669 1509 2791 1549 cum
2823 1493 3224 1549 incitamentum
3253 1506 3416 1562 spon-

1832 1591 1985 1637 tanea
2008 1581 2180 1637 ofﬁcia
2211 1597 2314 1638 non
2339 1585 2638 1655 requirant.
2667 1585 2813 1641 Vale.

2390 1721 2604 1778 EPIST.
2637 1721 2842 1780 XCVII.

2316 1831 2630 1871 SVIIMACIIUS
2667 1833 2933 1874 ηεινιυιο.

175 1906 1001 2016 5.5.1“.sataesatae;
1016 1906 1728 2018 ;;i'i;.;}.."..};.;;.;i;{.;.;ii
1757 1938 1806 2000 Β
1833 1906 2424 2018 ,ηὲἲθῗυίῖτίηζίιξιίδῗητ
2456 1918 2603 2018 '“ffm
2635 1911 2878 2018 εξ³¹³¹¹¹θη
2902 1911 3145 2018 adipisci:
3164 1915 3300 2018 ,αυὲει
3334 1917 3420 2018 ¹λίιτ

178 2039 274 2107 Ipse
297 2048 558 2096 memento
598 2039 874 2112 promissi,
916 2055 1024 2110 quo
1056 2049 1106 2094 te
1147 2038 1218 2094 ob
1260 2053 1452 2094 causas
1487 2039 1728 2109 publicas

176 2132 589 2203 peregrinationis
612 2147 746 2188 mea:
768 2131 883 2187 fore
913 2131 1164 2187 solatium
1192 2130 1548 2201 spopondisti.
1577 2131 1726 2188 Vale.

716 2245 936 2304 EPIST.
962 2245 1151 2301 XCIV.

625 2356 933 2397 SVIIACHUS
973 2357 1239 2397 HELPIDIO.

233 2433 431 2488 Romam
460 2447 736 2504 egressus,
763 2443 885 2505 post
916 2433 1201 2504 legationis
1233 2432 1490 2502 officium,
1523 2436 1730 2505 sumpsi

179 2524 354 2580 litteras
383 2537 522 2594 tuas,
554 2525 747 2598 quibus
777 2525 967 2598 patriae
988 2525 1259 2582 communi
1304 2526 1479 2597 largas
1520 2527 1597 2582 rei
1635 2541 1733 2582 an-

176 2619 382 2676 nonarize
403 2622 588 2691 copias
611 2620 902 2691 polliceris.
923 2620 1102 2691 Itaque
1120 2621 1334 2691 gemino
1361 2618 1582 2677 affectus
1601 2637 1731 2693 gau-

173 2713 264 2777 dio,
300 2725 350 2768 et
396 2716 549 2784 quasi
593 2715 726 2770 civis
765 2713 979 2784 publica
1021 2715 1338 2779 securitate,
1381 2723 1436 2770 et
1477 2715 1599 2771 facti
1655 2716 1730 2771 tui

175 2807 315 2875 gloria
350 2807 492 2876 quasi
536 2806 705 2864 frater
745 2809 1145 2878 superexsulto,
1187 2817 1345 2880 teque
1379 2810 1445 2864 ad
1479 2811 1580 2865 hoc
1617 2819 1731 2866 stu-

177 2899 301 2955 dium
323 2901 568 2973 religiosa
599 2901 980 2957 exhortatione
999 2901 1297 2968 distimulo,
1324 2902 1449 2959 licet
1473 2903 1611 2958 bona
1638 2919 1731 2960 vo-

172 2991 340 3058 luntas,
369 3009 484 3064 qum
506 3009 575 3049 ex
618 2994 831 3064 ingenio
863 2993 1030 3060 venit,
1054 3010 1158 3051 non
1189 2996 1257 3050 sit
1283 2996 1530 3067 agitanda
1558 2999 1732 3053 calca-

172 3086 313 3139 rLbus.
355 3087 462 3156 Ego
505 3087 727 3143 lectioni
766 3088 1034 3142 sermonis
1071 3089 1146 3142 tui
1185 3087 1383 3144 civium
1423 3098 1730 3145 nostrorum

171 3192 328 3231 curam
357 3179 551 3234 levavi.
605 3179 790 3250 Neque
827 3181 970 3234 enim
999 3179 1160 3235 silere
1195 3180 1380 3236 debuit
1409 3190 1514 3236 tam
1541 3181 1728 3238 lauda-

169 3271 273 3326 bilis
305 3280 356 3328 et
393 3283 544 3328 certa
589 3270 898 3342 promissio.
928 3272 1204 3342 Superest,
1245 3283 1303 3328 ut
1344 3274 1618 3343 proposito
1643 3289 1731 3330 re-

171 3361 351 3431 ligionis
387 3373 488 3420 tute
523 3363 720 3419 melior
754 3363 957 3434 aspirct
984 3374 1231 3432 eventus,
1273 3375 1328 3422 et
1371 3368 1424 3421 in
1454 3376 1726 3436 posterum

165 3468 444 3525 competens
468 3458 637 3514 decus
662 3473 758 3528 pro
781 3451 931 3513 tanto
953 3457 1004 3513 in
1031 3459 1258 3529 patriam
1283 3459 1470 3518 labore
1501 3477 1729 3534 respon-

167 3543 287 3599 deat.
311 3547 452 3604 Vale.

736 3621 952 3677 EPIST.
979 3621 1137 3678 XCV.

623 3729 935 3771 SYHMACIIUS
968 3731 1230 3772 IIELPIDIO.

219 3796 584 3863 Mediolanum-
599 3822 718 3862 sum
756 3808 955 3864 missus
989 3824 1020 3863 a
1051 3811 1292 3880 patribus
1324 3815 1390 3868 ad
1422 3829 1724 3874 exoneran-

160 3895 264 3952 dam
298 3899 459 3957 divini
491 3902 753 3973 principis
796 3917 978 3973 opem,
1010 3919 1170 3979 quam
1210 3911 1511 3966 communis
1539 3915 1726 3982 patriae

158 3990 436 4050 sollicitudo
477 3995 753 4066 poscebat.
783 3994 1028 4053 Celerem
1059 3999 1189 4056 mihi
1218 4002 1472 4071 reditum,
1502 4007 1721 4077 praefata

184 4129 1718 4160 Μ*

1833 1998 1960 2055 teris
1989 2000 2258 2057 secundus
2291 2002 2358 2057 ad
2405 2003 2630 2072 gratiam
2674 2003 2822 2059 Iocus
2867 2014 2968 2060 est.
3023 2006 3298 2062 Desiderio
3340 2010 3419 2064 tui
3472 2033 3478 2040 κ

1831 2093 2152 2164 scriptorum
2183 2098 2552 2165 compensatio
2577 2097 2870 2165 satisfecit,
2922 2101 3259 2172 maximeque
3281 2104 3422 2172 juvit

1830 2189 2094 2254 animum,
2126 2189 2268 2258 quod
2299 2199 2476 2246 tecum
2508 2191 2703 2247 bonam
2734 2191 3096 2248 valetudinem
3119 2194 3344 2252 rediisse
3364 2197 3421 2252 in

1831 2280 2056 2348 gratiam
2088 2281 2368 2338 nuntiasti.
2413 2282 2532 2351 Ipse
2563 2282 2794 2338 Formiis
2822 2283 2996 2339 adhuc
3018 2284 3257 2354 residere
3282 2301 3422 2342 con-

1832 2371 2002 2435 stitui,
2045 2380 2105 2426 ut
2152 2372 2410 2443 mitigatis
2448 2375 2690 2430 autumni
2741 2375 2962 2431 aestibus
3003 2376 3070 2430 ad
3110 2376 3422 2436 suburbana

1831 2465 2142 2520 concedam.
2189 2465 2374 2537 Neque
2421 2467 2565 2523 enim
2615 2468 2874 2538 temporis
2929 2468 3064 2524 ratio
3094 2469 3333 2542 patitur,
3363 2479 3422 2527 ut

1832 2544 2170 2617 communem
2202 2561 2430 2631 patriam
2461 2569 2687 2618 maestus
2715 2561 3002 2632 ingrediar.
3049 2561 3198 2618 Vale.

2388 2695 2606 2752 EPIST.
2641 2696 2873 2752 XCVIII.

2319 2804 2626 2845 SVMMACIIUS
2665 2805 2928 2846 HELI’IDIO.

1841 2955 1846 2964 ,
1905 2901 1960 2958 Si
1997 2902 2236 2958 conditio
2273 2903 2528 2972 temporis
2567 2903 2791 2970 sineret,
2836 2903 2973 2958 votis
3009 2916 3095 2958 me
3124 2903 3226 2957 tuis
3253 2901 3416 2958 etiam

1835 3010 1939 3049 non
1970 3003 2191 3066 rogatus
2222 2994 2542 3065 ingererem.
2575 2995 2690 3062 Qua
2715 2995 2767 3048 in
2797 3010 2856 3050 re
2880 3003 3064 3050 certus
3093 2995 3257 3050 animi
3289 2997 3418 3063 mei,

1833 3087 2186 3157 assertionem
2210 3088 2522 3157 verborum,
2552 3089 2706 3144 sicuti
2734 3088 2988 3156 arbitror,
3022 3103 3128 3144 non
3157 3089 3412 3158 requiris.

1834 3178 1987 3235 Nunc
2017 3179 2248 3236 fortunae
2277 3194 2411 3236 meae
2433 3181 2662 3251 qualitas
2691 3181 2744 3236 in
2779 3177 2982 3241 tantum
3028 3196 3128 3236 nos
3160 3196 3189 3234 a
3220 3182 3425 3237 festivis

1835 3279 2065 3328 excusat
2107 3270 2320 3337 ofﬁciis,
2359 3279 2418 3325 ut
2467 3273 2687 3342 insuper
2718 3273 2906 3326 solatia
2936 3271 3194 3341 deposcat
3223 3272 3421 3329 aliena.

1838 3366 1978 3435 Ergo
2010 3365 2130 3434 quia
2154 3365 2207 3426 in
2240 3380 2398 3420 manu
2429 3381 2546 3420 mea
2584 3367 2795 3422 interim
2830 3381 2936 3422 nou
2964 3376 3048 3421 est
3075 3366 3425 3437 frequentare

1836 3457 1992 3512 laetos
2030 3467 2362 3522 conventus;
2406 3467 2509 3512 tuac
2549 3459 2666 3527 opis
2705 3463 2808 3512 erit
2850 3458 3032 3514 levare
3078 3469 3422 3515 maerentem.

1837 3552 2110 3620 Quorsum
2140 3551 2282 3608 istud
2317 3551 2560 3622 inquies?
2589 3561 2646 3606 ut
2684 3551 2905 3608 fratrem
2947 3567 3127 3607 meum
3158 3553 3424 3608 Florenti-

1841 3662 1986 3716 num,
2017 3646 2376 3704 clarissimum
2409 3656 2568 3716 atque
2597 3646 3000 3701 ornatissimum
3032 3646 3230 3713 virum,
3265 3661 3422 3715 pere-

1835 3739 2126 3810 grinationi
2170 3754 2306 3796 meae
2347 3740 2624 3795 cohaerere
2654 3740 2892 3809 patiaris.
2929 3740 3157 3794 Tantum
3190 3750 3332 3810 peto,
3367 3750 3426 3796 ut

1837 3831 1904 3888 ab
1933 3847 1998 3888 eo
2034 3832 2407 3904 interpreteris
2444 3829 2679 3901 impendi
2726 3845 2792 3887 ex
2839 3831 2937 3885 hac
2975 3834 3421 3899 commoratione,

1835 3940 1992 3996 quam
2025 3926 2153 3980 mihi
2188 3925 2401 3992 tribuit,
2433 3932 2687 3994 quantum
2717 3939 2782 3977 ex
2813 3921 2931 3992 ejus
2961 3924 3246 3992 praesentia
3271 3923 3423 3983 volu-

1836 4018 1998 4087 ptatis
2031 4018 2330 4072 habuisses.
2363 4016 2510 4071 Vale.
2629 4004 2634 4005 ί

1179 4262 1656 4375 LIBER
1735 4273 2376 4386 SEXTUS.
2479 4227 2488 4234 ’

640 4441 967 4508 EPISTULA
1004 4444 1237 4501 PRIMA.

505 4549 828 4591 εῐιηιΑοιιυε
861 4553 1145 4592 NICOMACIII
1193 4555 1367 4595 FILIIS.

213 4627 284 4685 De
311 4630 474 4686 rebus
504 4629 719 4700 liquidis
769 4639 927 4700 atque
964 4631 1262 4687 manifestis
1299 4635 1496 4690 rectius
1537 4647 1728 4696 natura

152 4738 290 4792 quam
317 4725 456 4782 fama
486 4727 809 4782 consulitur.
833 4728 972 4798 Ergo
1000 4729 1054 4784 in
1080 4732 1224 4784 tenui
1251 4731 1438 4800 patriae
1460 4733 1727 4802 viclu,su-

153 4820 355 4901 perioris
378 4819 738 4891 providentia:
762 4821 972 4877 Iaudem
992 4821 1222 4879 refotam
1249 4839 1354 4880 non
1378 4842 1444 4882 ex
1465 4843 1561 4882 ore
1587 4831 1728 4884 mul-

152 4907 397 4980 tiiudinis,
431 4914 532 4971 sed
563 4929 630 4969 ex
662 4914 867 4970 ratione
892 4915 1111 4972 humani
1157 4916 1354 4988 ingenii
1385 4921 1722 4991 colligamus.

149 5005 361 5064 Necesse
387 5018 476 5064 est
513 5007 658 5064 enim
705 5021 856 5064 seros
897 5010 1254 5064 aestimatores
1296 5010 1679 5068 beneficiorum
1706 5058 1721 5081 ,

149 5111 256 5154 cum
277 5099 578 5157 succedant
602 5099 860 5170 angustiae
875 5099 1064 5169 copiis,
1089 5098 1479 5157 dissimulatam
1501 5099 1724 5173 gratiam

152 5189 426 5248 collatione
455 5191 679 5248 sentire.
727 5190 795 5246 Et
843 5191 1043 5260 plebes,
1073 5191 1290 5262 quidem
1323 5204 1502 5249 nostra
1531 5209 1729 5264 pauco-

150 5296 256 5341 rum
282 5286 483 5344 studiis
509 5285 736 5342 antehac
765 5285 817 5340 in
851 5285 1030 5341 odium
1061 5288 1191 5341 tanti
1223 5287 1358 5342 civis
1383 5288 1622 5354 subacta,
1651 5298 1728 5344 te-

145 5387 299 5435 statur
319 5379 604 5451 propalam
627 5378 920 5450 pcenitendi
952 5380 1364 5436 correctionem.
1387 5380 1724 5449 Collegarum

146 5483 259 5528 vero
299 5473 621 5528 notissimus
643 5471 902 5541 pervicax
929 5471 1066 5526 livor
1092 5485 1197 5526 non
1220 5471 1348 5526 sinit
1373 5472 1548 5539 fateri,
1581 5471 1723 5543 quod
1763 5529 1773 5539 ,

145 5565 276 5632 cogit
291 5564 502 5621 veritas
512 5564 776 5634 judicare.
801 5563 979 5632 Quare
1000 5554 1162 5619 tacito
1177 5564 1234 5618 af
1235 5563 1487 5619 ficiuntur
1509 5565 1726 5630 rubore,

144 5663 191 5710 et
210 5657 587 5713 convictorum
617 5657 820 5712 similes
857 5657 926 5711 de
955 5656 1109 5712 vobis
1144 5657 1384 5728 proferre
1413 5669 1682 5728 nequeunt
1708 5705 1722 5728 ,

141 5761 251 5815 quae
279 5750 496 5805 sentire
521 5755 802 5819 coguntur.
833 5744 940 5803 Sed
973 5748 1086 5804 haec
1131 5749 1338 5819 longius
1366 5749 1586 5819 exsequi
1617 5765 1722 5805 non

140 5847 216 5893 est
237 5854 490 5896 necesse.
521 5839 730 5896 Sufﬁcit
777 5840 920 5895 enim
950 5840 1173 5896 rediisse
1193 5840 1260 5896 ad
1289 5841 1720 5899 conciliationem

141 5929 286 5989 fama:
314 5941 523 5989 vestrae
548 5933 818 6002 publicum
849 5933 1237 5988 tesumonium.
1276 5933 1432 5988 Vivat
1452 5935 1631 6001 modo,
1667 5944 1719 5991 et

412 6027 691 6088 Panos.
740 6026 970 6089 XVIII.

1753 4870 1804 4930 Ι)

1835 4458 1889 4514 in
1931 4459 2096 4530 patris
2122 4459 2318 4516 celebri
2375 4460 2630 4515 memoria
2663 4459 2912 4516 solatium
2959 4469 3129 4528 tuum,
3162 4467 3217 4516 et
3245 4460 3297 4518 in
3330 4469 3419 4517 tua

1835 4552 2006 4607 salute
2038 4559 2258 4623 paterna
2293 4553 2580 4624 reparatio.
2611 4552 2819 4610 Valete.

2461 4689 2678 4746 EPIST.
2724 4689 2784 4743 II.

2201 4816 2508 4857 SHIMACIIUS
2546 4815 2826 4856 NICOMACIII
2865 4816 3039 4856 FILIIS.

1907 4913 2175 4967 IIilaratus
2202 4923 2283 4968 est
2315 4914 2443 4966 mihi
2469 4913 2584 4967 dies
2614 4913 2806 4968 litteris
2837 4912 3051 4977 vestris,
3079 4919 3133 4967 et
3160 4913 3418 4967 festivita-

1832 4995 1944 5062 tem
1969 5005 2258 5060 natalitiam
2289 5007 2480 5061 domus
2511 5014 2707 5061 nostrae
2736 5006 3072 5062 desideratus
3117 5021 3295 5061 sermo
3320 5022 3415 5076 ge-

1833 5099 2073 5153 minavit.
2097 5098 2202 5153 Sed
2221 5098 2442 5153 decursa
2468 5099 2671 5168 paginm
2697 5099 2923 5154 lectione
2943 5099 3258 5165 conrugavi't
3282 5099 3416 5152 mihi

1832 5192 2061 5247 frontem
2093 5192 2296 5262 adjecta
2323 5193 2670 5260 subscriptio,
2709 5207 2826 5261 quae
2856 5207 2951 5247 vos
2979 5191 3046 5245 de
3077 5189 3285 5260 peculio
3310 5190 3413 5242 Pc-

1801 5289 2023 5346 .troni:c
2065 5287 2253 5357 agitari
2297 5287 2491 5357 jurgiis
2523 5287 2796 5343 indicavit.
2838 5286 3084 5341 Arbitror
3115 5296 3325 5350 tamen,
3368 5283 3416 5339 si

1838 5380 2117 5435 Marciana;
2167 5381 2368 5434 sororis
2396 5390 2591 5434 vestrae
2623 5394 2728 5434 non
2758 5379 2827 5433 sit
2859 5376 3048 5434 clauda
3090 5376 3375 5445 promissio
3397 5419 3414 5444 ,

1833 5470 2188 5526 successionis
2227 5470 2530 5540 ambiguum
2564 5467 2873 5524 domesticae
2902 5480 3060 5535 posse
3110 5467 3407 5532 removeri,

1832 5579 1953 5619 cum
1981 5563 2047 5618 ad
2069 5577 2293 5619 examen
2314 5575 2514 5626 meum,
2540 5559 2682 5630 quod
2709 5559 2824 5629 ipsa
2847 5558 3066 5628 delegit,
3088 5558 3411 5615 documenta

1831 5658 2030 5729 negotii
2061 5656 2482 5724 miseritis.Qoze
2498 5662 2674 5708 autem
2703 5652 2877 5722 capita
2898 5652 3252 5722 quaestionum
3285 5667 3413 5724 pars

1829 5751 2052 5806 adversa
2082 5755 2448 5813 commoveat,
2502 5744 2714 5802 subdita
2745 5746 3152 5819 enumeratione
3181 5742 3410 5814 signavi,

1829 5852 1887 5898 ut
1915 5853 2097 5898 sancta
2138 5839 2459 5896 unanimitas
2490 5846 2666 5894 vestra
2700 5837 2982 5894 informata
3038 5835 3318 5920 Oppositis,
3358 5832 3411 5888 in

1827 5935 1996 5990 vicem
2030 5949 2124 6005 pro
2156 5947 2212 5988 se
2243 5930 2614 6001 respondenda
2651 5929 3188 5998 meditetur.Valete.

3136 6019 3176 6079 9
