3932 6438
562 418 667 474 267

1143 507 1358 592 μυεῖ.
1403 506 1488 574 ιιι.

891 621 1196 674 δωιλοιιυε
1241 614 1526 662 NICOIACHI
1567 611 1740 653 FILIIS.

1693 394 1757 464 Ο.
1802 385 2147 450 Αυιιειιυδ
2185 380 2624 450 δλγωωωωε.

2138 498 2191 566 Α
2218 493 2314 550 tui.
2332 492 2441 550 Nos
2461 491 2675 549 interim
2700 496 2880 554 mutua
2899 487 3169 547 desideria
3185 487 3471 563 scriptione
3491 489 3731 549 faveamus.

3652 379 3731 440 368

2222 587 2439 646 Solatiis
2465 585 2606 642 enim
2630 583 2908 640 leniendas
2937 591 3020 640 est
3046 582 3278 651 animus,
3297 583 3499 654 quoties
3519 583 3731 654 protelan-

599 704 829 760 Prafato
875 715 1010 773 opus
1044 706 1146 764 est,
1172 697 1216 752 si
1247 694 1412 750 ardua
1447 690 1815 768 postulentur:
1841 683 2118 762 gpronis’ac
2220 688 2308 762 tur
2335 687 2536 766 Optata.
2571 676 2780 743 Valete.

525 797 777 855 facilibus
817 791 1092 850 admoveri
1145 787 1405 848 ambitum
1453 799 1558 844 non
1597 787 1829 851 oportet.
1877 775 2118 832 Breviter

529 891 693 961 igitur
720 895 777 942 et
800 884 1033 941 strictim
1061 881 1188 954 quid
1219 879 1385 934 frater
1426 890 1576 930 meus
1606 871 1826 946 Fulvius
1855 869 1922 924 de
1965 865 2119 922 vobis

529 960 735 1040 favoris
781 987 969 1052 poscat
998 976 1279 1040 advertite.
1313 972 1569 1048 Sororem
1627 962 1958 1034 Pompeiani,
1990 960 2119 1016 olim

529 1078 650 1133 viro
680 1057 968 1140 maturam,
991 1080 1051 1144 te
1079 1068 1296 1142 auspice
1328 1067 1380 1120 in
1429 1076 1644 1119 manum
1677 1066 1826 1131 optat
1855 1056 2120 1130 accipere,

529 1185 634 1228 nec
663 1181 862 1244 genere
877 1153 1080 1234 minor,
1115 1143 1178 1218 et.
1195 1176 1252 1216 re
1287 1158 1528 1226 fortassis
1559 1153 1822 1228 superior.
1848 1150 1982 1206 Nam
2014 1149 2124 1204 lau-

541 1239 751 1319 dabiles
771 1239 896 1316 vitae
917 1243 1037 1328 ejus
1058 1241 1224 1319 artes,
1251 1241 1305 1309 et
1340 1266 1405 1322 ex
1427 1251 1692 1330 honorum
1715 1244 1963 1302 amicitiis
2000 1255 2125 1312 spes

533 1355 799 1416 sei-undas
827 1353 967 1416 inter
991 1348 1259 1422 sponsalia
1283 1351 1601 1420 ornamenta
1625 1357 1734 1400 non
1756 1335 2125 1396 numero.Sibi

532 1451 681 1522 enim
710 1447 939 1516 quisque
967 1444 1127 1508 habet
1158 1439 1416 1512 quidquid
1465 1435 1579 1508 spei
1625 1444 1679 1492 et
1718 1431 1863 1512 laudi
1892 1429 2123 1486 ducitur.

535 1541 662 1598 Mihi
687 1547 862 1595 autem
888 1523 1030 1592 tanta
1061 1544 1144 1591 est
1172 1530 1520 1605 perﬁciendae
1548 1525 1941 1600 coniunctionis
1973 1521 2129 1592 hujus

534 1632 828 1703 antiquitas
854 1673 870 1697 ,
901 1638 958 1685 ut
989 1629 1042 1684 in
1082 1629 1229 1699 gravi
1263 1627 1407 1681 dono
1437 1622 1714 1676 habiturus
1757 1619 1883 1686 sim,
1913 1617 1958 1671 si
1989 1614 2131 1669 illius

534 1726 679 1782 votis
723 1738 851 1779 cura
896 1730 1073 1777 vestra
1101 1716 1385 1791 profuerit.
1416 1713 1548 1770 Cum
1594 1712 1754 1783 igitur
1793 1724 1881 1766 res
1918 1709 2130 1778 inceptu

534 1817 787 1885 honesta,
821 1813 1016 1870 eﬂectu
1047 1811 1221 1867 facilis
1251 1807 1585 1880 postuletur:
1609 1818 1811 1876 quzeso,
1846 1812 1904 1857 ut
1926 1801 1980 1855 in
2008 1814 2132 1870 pro-

2835 768 3053 838 EPIST.
3091 767 3203 826 VII.

2592 877 2902 936 avuncuth
2941 876 3225 938 siccescat
3265 876 3437 916 riuis.

2298 975 2902 1047 Iaburniusevocatum
2932 990 3147 1040 menon
3174 973 3351 1041 siluit;
3372 981 3424 1029 et
3439 973 3648 1040 fortasse
3673 974 3743 1026 mi-

2217 1069 2441 1134 remini,
2472 1067 2606 1124 nihil
2629 1082 2792 1140 super
2809 1082 2874 1122 ea
2897 1082 2957 1126 re
2981 1067 3114 1124 meis
3138 1065 3349 1138 paginis
3375 1065 3742 1130 indicatum.Scd

2227 1164 2354 1234 quia
2397 1162 2580 1232 multis
2613 1163 3030 1228 acneeessariis
3071 1163 3248 1226 causis
3277 1162 3418 1234 domi
3471 1177 3659 1218 niani-rc
3680 1160 3744 1216 de-

2235 1270 2537 1320 creveram.
2570 1255 2744 1311 inanis
2775 1270 2894 1326 esse
2921 1270 3100 1326 operae
3131 1254 3389 1326 judicavi,
3422 1254 3558 1318 irrita
3583 1253 3637 1308 ad
3659 1269 3742 1317 vos,

2226 1348 2642 1420 etdissimulata
2689 1349 2950 1420 perferre.
2971 1349 3148 1416 Credo
3179 1356 3355 1416 autem
3381 1357 3573 1416 sancta:
3603 1347 3746 1403 unani-

2232 1443 2406 1498 mitati
2431 1454 2625 1500 vestra
2651 1443 2982 1511 incomperta
3015 1457 3122 1498 non
3157 1456 3300 1510 esse,
3332 1456 3446 1511 quae
3471 1455 3554 1508 me
3576 1454 3602 1494 a
3625 1453 3743 1508 pere-

2232 1534 2479 1606 grinandi
2509 1535 2738 1590 consilio
2762 1543 3122 1602 retraxerunt.
3149 1533 3283 1592 Nam
3299 1543 3353 1589 et
3374 1532 3577 1588 fractam
3599 1531 3749 1586 valetu-

2233 1628 2415 1684 dinem
2445 1643 2619 1685 meam
2653 1629 2847 1699 nostis,
2897 1638 2951 1696 et
2974 1629 3112 1686 unici
3159 1628 3267 1684 mei
3304 1627 3620 1683 solitudinem
3652 1641 3748 1680 cou-

2223 1719 2594 1792 .templamini,
2626 1729 2680 1776 et
2703 1720 3016 1792 eruptiones
3036 1720 3315 1786 ﬂuminum
3339 1735 3502 1794 usque
3524 1718 3584 1774 ad
3601 1727 3751 1782 metum

2235 1813 2421 1872 diluvii
2441 1812 2802 1884 comperistis.
2828 1813 3077 1878 Pontium
3107 1830 3323 1888 quoque
3351 1815 3547 1879 ruinas,
3573 1821 3621 1872 et
3644 1827 3751 1870 mon-

535 1908 805 1968 movendo
835 1905 1048 1977 negotio
1077 1915 1329 1974 quantam
1361 1915 1448 1957 me
1474 1900 1614 1956 velle
1653 1895 1942 1968 conjicitis,
1974 1892 2127 1948 adhi-
2239 1905 2370 1974 rium
2397 1905 2545 1966 labes
2565 1904 2709 1976 apud
2738 1920 2855 1972 vos,
2882 1917 2939 1962 ut
2957 1907 3213 1972 arbitror,
3239 1905 3376 1962 fama
3405 1921 3507 1964 non
3519 1905 3683 1960 tacuit.
3701 1902 3753 1957 Et

537 2001 713 2059 beatis
735 1997 1072 2055 industriam.
1095 1995 1305 2050 Valete.

1168 2086 1382 2142 EPIST.
1425 2085 1511 2139 IV.

915 2196 1225 2238 SVIIACIUS
1263 2193 1542 2235 NICOMACHI
1583 2189 1750 2230 FILIIS.

625 2275 1040 2349 Egritudinem,
1068 2290 1226 2344 quam
1255 2272 1493 2328 dextera:
1525 2284 1715 2324 manus
1738 2267 1927 2323 dolore
1975 2263 2135 2320 susti-

552 2387 678 2438 neo,
712 2370 1017 2425 nuntiorum
1050 2367 1342 2422 acerbitate
1371 2363 1701 2434 duplicastis.
1740 2360 1929 2416 Acrior
1954 2367 2134 2412 autem

541 2479 673 2520 cura
694 2479 780 2518 me
799 2461 1090 2531 distringit,
1110 2459 1251 2530 quod
1274 2459 1388 2513 scio
1407 2457 1528 2512 iiIi-.2
1554 2471 1688 2512 mea:
1709 2455 1953 2510 ciborum
1975 2463 2027 2507 et
2050 2467 2138 2521 po-

548 2567 702 2612 tuum
731 2554 1116 2611 continentiam
1145 2566 1250 2606 non
1293 2565 1450 2620 posse
1480 2547 1715 2604 suaderi.
1742 2545 1956 2602 Anxius‘
1979 2543 2140 2613 igitur

547 2651 776 2703 vulnere
803 2646 962 2701 animi
993 2652 1050 2701 et
1077 2643 1321 2714 corporis
1356 2642 1547 2702 morbo
1567 2683 1580 2706 ,
1611 2652 1782 2709 usque
1810 2637 1876 2691 ad
1900 2635 2137 2690 subscri-

548 2741 711 2799 bendi
739 2739 1146 2810 possibilitatem
1179 2737 1386 2798 litteras
1415 2734 1634 2792 diﬂ‘erre
1679 2747 1783 2786 non
1828 2729 2012 2800 potui:
2046 2727 2139 2782 sed

547 2833 841 2890 dictatione
871 2841 1152 2900 preperata
1200 2830 1368 2899 magis
1399 2825 1749 2882 sollicitudini
1796 2839 1950 2892 mere,
1980 2835 2140 2893 quam

548 2922 921 2979 consuetudini
967 2919 1225 2986 satisfeci.
1265 2917 1330 2973 Et
1362 2918 1535 2990 primo
1566 2919 1814 2970 timorem
1847 2928 2026 2968 meum
2057 2925 2144 2966 re-

548 3017 763 3087 Spnnsis
793 3015 1006 3077 levetis,
1037 3027 1226 3068 exoro.
1263 3012 1462 3066 Dehinc
1495 3020 1566 3076 te,
1594 3008 1811 3063 domina
1853 3005 1983 3073 ﬁlia,
2012 3018 2141 3073 pre-

549 3126 666 3174 cor,
701 3108 861 3163 saluti
890 3107 1110 3162 adversa
1143 3106 1414 3170 declines,
1443 3111 1499 3159 et
1536 3100 1930 3171 interpellatam
1983 3096 2143 3152 toties

546 3199 910 3254 Valetudinem
953 3211 1168 3266 repares
1199 3196 1398 3250 auxilio
1446 3191 1842 3261 temperantiae.
1877 3189 2011 3256 Quia
2036 3202 2142 3242 non
2183 3196 2186 3198 ⁷

547 3294 726 3349 solum
759 3280 975 3345 sanitati
1004 3288 1332 3356 commodat,
1377 3301 1564 3343 verum
1596 3284 1755 3340 etiam
1801 3283 1868 3338 ad
1904 3270 2220 3346 testimo-C.

555 3387 700 3443 nium
734 3382 1029 3454 prudentia:
1053 3382 1284 3451 pertinet
1307 3380 1483 3434 noxiis
1515 3378 1804 3433 abstinere.
1833 3373 2044 3430 Valete.

1197 3469 1413 3527 EPIST.
1451 3469 1520 3524 V.
1589 3461 1591 3463 ’

931 3580 1242 3624 εγιωλοιιυε
1271 3579 1555 3620 NICOIIACIII
1596 3579 1644 3617 Pl
1653 3578 1771 3618 ιιιδ.

627 3663 972 3719 Severianum
1015 3661 1303 3731 primorem
1341 3657 1650 3712 Cliterninte
1677 3656 1826 3711 urbis
1857 3671 1887 3710 a
1934 3654 2146 3725 publica

555 3755 992 3825 interpellatione
1019 3751 1287 3816 revocavi,
1322 3766 1388 3805 ne
1415 3759 1602 3804 sancto
1624 3749 1798 3804 amico
1829 3755 2014 3802 nostro
2043 3745 2145 3804 Se-

555 3867 689 3908 vero
728 3849 940 3904 invidirc
969 3847 1166 3918 aliquid
1191 3844 1505 3915 conquestio
1524 3842 1640 3913 ejus
1661 3840 1894 3897 aﬂ'erret.
1922 3838 2149 3896 Promisi

556 3954 734 4000 autem
765 3941 938 3998 media
965 3939 1315 3996 unanimitate
1344 3947 1452 4001 tua,
1477 3935 1643 3990 decus
1671 3944 1931 3996 nostrum,
1955 3931 2000 3987 si
2021 3931 2147 4002 quid

556 4038 700 4092 inter
727 4049 819 4090 eos
844 4030 1263 4090 concertationis
1288 4038 1392 4097 est,
1426 4041 1584 4098 posse
1611 4025 1775 4080 ﬁniri.
1821 4026 1997 4094 Atque
2027 4022 2150 4078 ideo

557 4144 742 4201 quasso
787 4139 845 4183 ut
890 4127 1007 4181 viro
1046 4125 1250 4195 optimo
1278 4121 1482 4177 Severo
1531 4118 1882 4175 terminanda:
1912 4115 2049 4187 apud
2099 4126 2150 4173 te

558 4225 667 4280 litis
689 4230 876 4277 aurtor
898 4234 1018 4275 esse
1043 4219 1302 4288 digneris.
1339 4213 1542 4268 Valete.

1175 4309 1392 4366 EPIST.
1434 4307 1522 4360 VI.
1563 4347 1565 4349 .

932 4421 954 4460 ε
965 4417 1242 4459 ηιδιλοιιυθ
1288 4413 1573 4456 ΝΙΟΟΜΑΟΗΙ
1611 4411 1785 4452 FILIIS.

635 4499 910 4566 Tanquam
928 4497 1102 4550 adhuc
1123 4496 1459 4564 negotiorum
1478 4501 1777 4546 vestrorum
1805 4492 1968 4546 nescii
1990 4505 2153 4562 agen-

563 4593 648 4648 dis
675 4591 834 4649 rebus
859 4589 1116 4643 formulas
1146 4585 1447 4657 praeﬁnitis.
1481 4585 1550 4638 At
1574 4598 1674 4654 ego
1701 4585 2034 4638 unanimitati
2069 4601 2153 4641 ve-

2237 2014 2346 2070 (Ιυο
2376 1999 2578 2067 (aetum
2609 2009 2714 2069 est,
2759 2009 2826 2058 ,ιιι
2860 2001 3042 2064 calari
3077 2017 3290 2072 quoque
3327 2001 3526 2068 veniam
3561 1997 3753 2069 postula-

2235 2101 2381 2156 rent,
2423 2107 2558 2162 quos
2588 2091 2781 2156 similis
2811 2093 3015 2150 accitus
3062 2093 3356 2160 exciverat,
3387 2101 3567 2163 praeter
3606 2091 3754 2154 Arcen-

2240 2184 2374 2238 tinm
2401 2191 2457 2238 et
2480 2184 2870 2255 Evangelium:
2910 2200 3138 2254 quorum
3177 2185 3404 2242 alterum
3450 2185 3585 2252 vigor
3620 2179 3754 2234 adole»

2241 2275 2743 2338 scentize,alterum
2775 2275 3023 2332 incautus
3071 2276 3284 2333 animus
3334 2275 3524 2344 obiecit
3575 2271 3755 2328 incertis.

2242 2365 2492 2437 Intelligo
2521 2381 2621 2423 vos
2663 2366 3000 2436 profectione
3046 2365 3278 2422 hominis
3324 2383 3426 2423 non
3466 2365 3608 2420 amici
3647 2375 3760 2432 posse

2244 2462 2460 2516 terreri.
2489 2460 2594 2517 Sed
2625 2469 2686 2517 ut
2719 2462 3034 2532 scrupulum
3079 2461 3222 2518 hunc
3253 2461 3502 2533 rejiciatis
3538 2460 3760 2516 admoneo.

2243 2552 2378 2609 Nam
2422 2563 2475 2609 et
2504 2555 2642 2610 meis
2673 2554 2868 2610 litteris
2910 2555 3075 2611 multa
3107 2567 3292 2610 curata
3341 2565 3488 2620 sunt;
3519 2563 3576 2626 ct
3596 2549 3762 2626 proﬁci-

2245 2647 2520 2704 scentibus
2551 2649 2734 2704 datum
2774 2650 3046 2719 negotium
3086 2659 3188 2717 est,
3221 2659 3279 2704 ut
3311 2652 3482 2706 aemuli
3510 2625 3765 2704 obtrectatio

2245 2741 2563 2808 repellatur.
2597 2740 2776 2809 Quare
2799 2755 3052 2796 curarum
3086 2742 3235 2798 vacui
3258 2743 3400 2813 agite
3423 2743 3597 2807 otium,
3626 2751 3766 2804 meque

2246 2841 2307 2888 ut
2332 2831 2508 2888 faccre
2534 2833 2850 2905 dignamini,
2876 2837 3198 2908 scriptprum
3225 2837 3532 2894 assiduitate
3565 2834 3764 2892 refovete.

2247 2924 2461 2982 Valete.

2853 3021 3063 3078 EPIST.
3111 3021 3246 3090 Vlll.

2629 3149 2941 3196 SYMIIACHUS
2975 3151 3258 3192 NICOIIACIII
3291 3151 3459 3196 FILIIS.

2322 3247 2568 3305 Redditac
2591 3259 2720 3306 sunt
2744 3249 2902 3306 nobis
2925 3251 3120 3306 litterae
3148 3256 3368 3316 vestrae,
3395 3264 3512 3305 cum
3539 3250 3585 3302 in
3598 3241 3774 3301 Ostiensi

2255 3339 2344 3400 die
2367 3341 2600 3412 septimo
2628 3341 2972 3414 degeremus.
3006 3343 3075 3398 Et
3105 3343 3249 3399 illico
3279 3343 3635 3413 perillustrom
3651 3337 3776 3390 virum

2254 3435 2512 3492 vicarium
2543 3437 2715 3507 petitu
2757 3451 2877 3492 meo
2905 3447 3148 3494 actorum
3200 3437 3464 3508 processit
3508 3434 3672 3491 editio.
3703 3425 3778 3483 Sed

2253 3547 2387 3603 puer
2415 3538 2617 3598 vester,
2666 3530 2980 3586 inconsultis
3019 3540 3179 3604 atque
3224 3530 3588 3602 ignorantibus
3630 3521 3776 3580 nobis.

2253 3626 2390 3680 urbe
2411 3623 2680 3692 discessit,
2701 3630 2758 3678 ut
2774 3631 2857 3680 est
2881 3623 3052 3680 servis
3079 3623 3356 3680 familiaris
3377 3620 3685 3694 improbitas.
3709 3612 3780 3668 Ve-

2254 3726 2366 3772 stra
2395 3716 2451 3772 in
2479 3731 2640 3772 manu
2671 3725 2775 3783 est,
2806 3725 2985 3772 utrum
3026 3716 3129 3773 hoc
3159 3717 3389 3773 inultum
3417 3711 3684 3789 patiamini.
3725 3706 3782 3760 ln-

2227 3819 2404 3867 -terea
2450 3811 2613 3867 tiliam
2653 3826 2826 3868 meam
2853 3811 3047 3882 jactari
3096 3812 3395 3868 instaurata
3443 3812 3674 3881 languore
3710 3818 3784 3858 non

2244 3902 2423 3960 siluit.
2451 3903 2619 3974 Cujus
2648 3902 2822 3959 nuntii
2849 3903 3040 3959 vulnus
3071 3903 3179 3960 alte
3224 3904 3420 3960 insedit
3465 3899 3648 3971 pectori
3671 3908 3783 3952 meo,

2256 4009 2359 4049 nec
2387 3992 2691 4050 abolebitur
2719 4002 2914 4060 metus,
2965 3993 3069 4048 nisi
3119 4001 3300 4049 mutua
3350 3980 3630 4064 scriptione
3668 3984 3784 4040 ﬁdem

2255 4085 2504 4141 sanitatis
2524 4085 2642 4154 ejus
2669 4099 2950 4156 accepero.
2973 4085 3154 4142 Facite
3183 4085 3367 4157 igitur,
3391 4101 3488 4142 oro
3503 4098 3610 4149 vos,
3631 4087 3680 4136 ut
3703 4076 3784 4132 ior-

2255 4178 2515 4235 midinem
2552 4194 2730 4262 meam
2777 4177 3045 4260 securitas
3091 4181 3338 4250 protinus
3393 4183 3650 4249 reportata
3676 4182 3788 4227 com-

2258 4283 2449 4331 mutet.
2482 4272 2692 4342 Valete.

2874 4367 3091 4424 EPIST.
3130 4369 3220 4424 1X.

2635 4485 2941 4561 suuuscnus
2979 4499 3260 4540 mcouacm
3297 4501 3472 4542 nuis.

2333 4597 2530 4676 Frater
2569 4612 2724 4654 meus
2771 4597 3099 4653 Censorinus
3139 4598 3207 4654 de
3236 4599 3474 4662 conﬁnio
3523 4596 3788 4652 Baianorum

564 4680 994 4750 strze'utriusque
1030 4679 1234 4734 exitum
1283 4691 1460 4731 causa:
1487 4675 1807 4746 jampridem
1840 4678 2070 4743 retexui,
2101 4693 2139 4735 ei

2265 4669 2638 4760 pymtorioium
2659 4691 3100 4761 conquestionem
3127 4699 3298 4746 teutat
3324 4691 3543 4757 iterare,
3571 4699 3709 4758 quam
3728 4679 3791 4734 (ἰὶ-

565 4775 730 4832 credo
756 4774 809 4828 in
840 4787 1027 4828 manus
1056 4779 1263 4827 vestras
1288 4784 1383 4840 per
1413 4768 1609 4824 milites
1637 4769 1938 4825 vicarianos
1957 4770 2156 4836 delata,

566 4883 686 4939 qua
710 4867 1052 4936 scripseram.
1077 4864 1265 4918 Merito
1290 4872 1538 4918 enarrata
1566 4871 1621 4918 et
1639 4871 1914 4936 comperta
1939 4879 2044 4920 non
2073 4881 2159 4919 re-

565 4970 712 5031 peto.
770 4957 882 5013 lloc
910 4955 1082 5011 solum
1111 4954 1274 5010 etiam
1307 4968 1446 5008 nunc
1498 4953 1703 5010 notitiae
1751 4933 1946 5009 vestrae
1976 4963 2158 5010 osten-

565 5052 784 5111 tationis
813 5049 1016 5120 pudore
1038 5049 1433 5112 subtraxeram,
1464 5046 1678 5102 misisse
1709 5062 1797 5102 me
1837 5048 2156 5103 necessariis

565 5148 800 5212 litteras,
835 5144 1029 5214 quibus
1074 5143 1229 5198 amici
1256 5142 1323 5197 de
1351 5142 1541 5198 tutoris
1577 5140 1854 5198 fraudibus
1883 5143 2156 5198 instruan-

509 5314 513 5318 ~
565 5249 672 5294 tur.
699 5238 771 5302 Et
798 5245 950 5307 puto,
992 5235 1037 5289 si
1064 5233 1175 5290 fors
1218 5232 1484 5304 inceptum
1531 5234 1719 5304 juvet,
1754 5232 2150 5289 decernendum

567 5329 767 5400 aliquid
808 5343 914 5402 quo
944 5326 1221 5397 frangatur
1257 5326 1541 5381 obnoxius.
1592 5325 1746 5394 Quod
1792 5340 1919 5382 vero
1955 5325 2060 5382 iter
2087 5327 2153 5380 ad

569 5420 811 5500 proxima
841 5419 960 5474 urbi
991 5418 1192 5489 praedia
1215 5417 1519 5481 distulistis,
1550 5433 1855 5490 quanquam
1872 5420 2040 5492 vestri
2061 5434 2150 5492 cu-

565 5512 961 5594 pientissimus,
993 5512 1295 5588 improbare
1311 5526 1425 5594 “non
1452 5526 1692 5592 possunt.
1727 5513 1982 5586 Allegatis
2007 5517 2154 5593 enim

569 5591 947 5678 piamcausam
971 5622 1266 5687 morarum,
1289 5591 1450 5687 ratque
1475 5606 1594 5663 ideo
1623 5608 1894 5676 desiderio
1925 5591 2042 5674 meo
2061 5627 2154 5672 ne-

571 5685 1172 5772 cessitatemreligioste
1199 5685 1495 5766 allectionis
1544 5703 1996 5770 antefcrozjiaud
2039 5705 2154 5772 scio

567 5809 635 5849 an
691 5790 1024 5846 morantibus
1069 5789 1220 5858 vobis
1249 5790 1423 5860 aliqua
1451 5767 1701 5864 invitatio
1746 5767 2061 5866 nos‘potiu's
2097 5798 2153 5866 in

572 5886 917 5954 Campaniam
939 5883 1104 5962 possit
1127 5881 1495 5952 educere.Sed
1512 5886 1610 5943 hoc
1637 5889 1964 5960 relinquatur
1988 5907 2151 5948 even-

2262 4781 2392 4838 dicit
2419 4782 2558 4838 inter
2580 4798 2666 4846 me
2705 4793 2759 4838 et
2791 4791 3003 4850 actores
3036 4784 3126 4838 lilii
3165 4785 3269 4840 mei
3299 4781 3606 4853 Pompeiani
3635 4774 3792 4836 duduin

2265 4890 2384 4931 esse
2410 4876 2634 4955 (initam.
2674 4875 2915 4934 Adbibiti
2946 4891 3176 4946 namque
3219 4876 3625 4945 inspectatores,
3651 4859 3792 4925 mum.
3884 4875 3885 4948 ξ

2264 4971 2352 5039 qui
2381 4951 2520 5038 inter
2547 4970 2692 5026 aedes
2715 4984 2746 5024 a
2775 4985 2988 5030 summo
3007 4980 3189 5026 monte
3215 4969 3517 5036 descendit,
3547 4965 3691 5024 dividi
3707 4962 3796 5018 loca
3884 4951 3885 5008 ἒ

2252 5071 2446 5121 .nostra
2474 5062 2763 5126 dixerunt:
2797 5076 3025 5129 quorum
3076 5061 3332 5131 iudicium
3379 5076 3550 5120 novus
3572 5063 3798 5130 possessor
3884 5061 3885 5130 l

2263 5155 2434 5211 credit
2455 5169 2622 5225 posse
2666 5154 2923 5216 rescindi.
2968 5155 3162 5222 Quaeso
3193 5155 3354 5225 igitur
3396 5154 3628 5215 adhibito
3660 5147 3801 5207 Felice

2259 5246 2445 5310 amico
2475 5256 2682 5316 nostro,
2707 5255 2762 5302 et
2787 5245 3030 5311 Castore,
3071 5247 3186 5304 veri
3211 5247 3415 5312 arbiter
3438 5261 3561 5309 esse
3587 5237 3798 5314 digneris.
3884 5243 3885 5300 ὲ

2253 5348 2326 5408 ,ut
2337 5340 2728 5406 sanctitateiua
2742 5353 2923 5402 curam
2939 5339 3118 5400 locata
3128 5340 3594 5410 inanisattentatio
3607 5328 3800 5402 οοωρπί·

2264 5441 2460 5496 matur.
2483 5430 2698 5486 .Dehinc
2722 5446 2845 5488 cum
2878 5430 3030 5493 fratri
3054 5446 3174 5495 meo
3191 5430 3504 5496 .Censorino
3527 5419 3803 5490 satisfecefii
3884 5459 3885 5498 ;

2254 5524 2549 5598 praeterita:
2600 5522 2947 5592 judicationis
2991 5525 3248 5594 assertio,
3290 5533 3415 5588 tunc
3450 5523 3597 5594 operi
3635 5518 3736 5588 ejus
3765 5519 3806 5564 et

2266 5615 2637 5687 molitionibus
2663 5613 2819 5676 novis
2845 5616 3034 5676 decem
3064 5615 3493 5687 tantumipedum
3515 5613 3646 5676 ultra
3669 5599 3804 5664 rediii-
3884 5649 3885 5656 η

2265 5709 2348 5764 cia
2377 5722 2473 5768 sua
2495 5708 2833 5777 permittatur
2859 5709 3124 5780 adjectio:
3156 5711 3320 5772 itaut
3345 5708 3579 5780 partium
3605 5703 3745 5762 tinos,
3765 5701 3807 5749 εί

2257 5798 2462 5870 placito
2483 5800 2914 5870 comprehensus
2942 5816 3220 5871 assensus,
3252 5814 3306 5862 et
3327 5797 3650 5863 constructio
3667 5793 3805 5854 inter-

2219 5973 2226 5977 _
2263 5894 2405 5962 iecta
2433 5894 2785 5954 discriminet.
2806 5894 3028 5974 Valete.
3057 5963 3060 5965 Α
