3932 6432
144 422 236 478 869

746 518 964 578 EPIST.
1005 517 1074 575 X.

472 631 788 677 εῑκιιιειιυε
825 626 1112 670 NICOIACHI
1150 623 1326 666 FILIIS.

205 720 425 789 Rogatos
452 729 554 769 nos
581 726 704 768 esse
724 707 887 764 audio
915 705 981 762 ad
1013 705 1248 762 officium
1274 701 1576 758 consulare.
1606 699 1704 754 Mi-

140 815 189 870 hi
219 813 489 881 quiescere
505 816 560 862 et
585 804 729 861 domi
757 815 979 858 manere
1003 795 1273 870 sententia
1309 805 1412 864 est,
1439 801 1558 865 post
1577 792 1702 848 anni

138 900 705 976 superioris-laborem.
737 896 856 966 ipse
881 892 1009 964 quid
1044 899 1272 957 statuas,
1315 888 1475 942 altius
1505 886 1700 956 cogita,

138 1009 185 1056 et
199 975 473 1066 sapienter
501 987 769 1061 expende.
802 986 1076 1042 Przesumo
1114 991 1315 1046 autem,
1346 994 1465 1049 vos,
1497 979 1589 1050 qui
1617 975 1699 1033 di-

139 1100 312 1146 cuntur
356 1085 511 1142 acciti
555 1080 875 1158 auctoritate
905 1075 1150 1147 praecelsi
1195 1073 1329 1142 viri,
1380 1071 1706 1127 edecimatos

139 1198 263 1247 esse,
287 1190 341 1236 et
370 1178 454 1234 bis
483 1172 891 1232 unanimitatem
927 1179 1070 1225 tuam
1102 1166 1350 1223 consulto
1381 1178 1500 1218 esse
1529 1161 1705 1217 socia-

137 1286 260 1338 tam;
289 1283 349 1327 ut
371 1269 438 1326 ad
471 1265 707 1339 agendas
734 1264 932 1337 gratias
957 1263 1056 1316 sub
1077 1259 1364 1316 occasione
1383 1255 1541 1312 officii
1572 1269 1703 1310 con-

139 1368 312 1426 sularis
341 1357 938 1420 excurras.Vereudum
962 1363 1140 1409 autem
1163 1361 1264 1419 est,
1291 1368 1358 1406 ne
1381 1352 1423 1404 si
1446 1362 1705 1404 excusau-

137 1462 247 1517 dum
272 1456 563 1530 putaveris,
588 1453 818 1525 proximi
844 1449 1087 1520 rescripti
1117 1445 1498 1518 impetratione
1521 1443 1705 1498 videao

136 1556 199 1612 ris
222 1552 476 1608 offensus.
511 1549 577 1603 Et
605 1550 851 1611 fortasse,
870 1553 1126 1615 quantum
1151 1541 1217 1597 de
1246 1538 1468 1595 incertis
1489 1550 1708 1606 sperare

137 1652 204 1702 ias
232 1655 332 1713 est,
364 1658 518 1700 error
547 1643 666 1709 iste,
691 1655 811 1694 cum
855 1626 1080 1694 feliciter
1113 1635 1351 1699 alitteris,
1387 1632 1704 1702 corrigetur.

138 1740 414 1809 Hispanum
449 1749 551 1789 nou
581 1731 818 1802 comperi
851 1736 1095 1800 rogatum
1117 1741 1259 1782 esse.
1289 1723 1584 1780 Considera
1613 1721 1709 1790 igi-

140 1841 216 1885 tur
233 1837 486 1883 eventum
512 1826 790 1894 utriusque
819 1821 1004 1893 partis.
1031 1821 1143 1890 Ego
1166 1819 1342 1873 denuo
1366 1815 1639 1880 nuntiabo,
1664 1815 1706 1869 si

1329 380 1810 465 EPISTOLARUM
1851 398 2052 460 LIBER
2094 400 2178 456 Vl.

1723 517 1776 580 Δ
1802 522 1930 574 sua:
1951 512 2091 584 quod
2139 513 2429 584 praeceptio
2460 513 2650 570 iterata
2680 513 2994 579 commovit,
3011 492 3247 584 consilio
3272 469 3388 584 μέμ-

3255 406 3387 468 .210

1806 605 1999 668 benda:
2047 604 2335 680 solutionis
2390 604 2644 660 utendum
2676 613 2786 671 est;
2835 613 2891 676 et
2931 619 3098 677 pars,
3152 622 3273 676 qua:
3316 609 3389 674 ad

1803 715 2116 772 germanum
2152 710 2298 754 tuum
2345 699 2600 769 pertinet,
2629 699 2964 770 subjicienda
3004 700 3239 766 auctioni
3263 717 3291 772 Δε
3325 710 3390 771 με

1807 768 2111 860 huiusmodi
2143 790 2336 861 injuria
2365 791 2560 848 factum
2585 768 2798 859 juvenis
2827 768 3144 861 ,exaggeret,
3171 768 3271 858 aut

1805 885 1952 957 pleat
1975 885 2325 940 voluntatem.
2342 883 2447 941 Sed
2469 884 2610 942 scire
2626 884 2893 952 desidero,
2910 899 3030 954 quae
3047 883 3386 956 potissimam

1806 976 2005 1047 praedia
2034 975 2099 1031 ad
2117 978 2203 1045 jus
2231 977 2402 1032 sancti
2435 973 2618 1030 fratris
2645 975 2719 1044 tui
2749 990 2844 1044 pro
2869 983 3027 1045 parte
3048 975 3408 1046 pertineant;

1807 1086 1876 1130 ne
1897 1085 1992 1142 per
2020 1070 2393 1140 ignorantiam,
2415 1070 2549 1141 juris
2576 1070 2647 1126 tui
2661 1069 2895 1138 corpora
2915 1069 3274 1139 apparitionis
3291 1084 3388 1140 er-

1809 1180 1900 1220 ror
1927 1171 2198 1220 attrectet.
2223 1163 2466 1220 Fratrem
2490 1172 2727 1220 vestrum
2749 1162 2934 1228 Romae
2961 1164 3227 1232 tantisper
3249 1177 3404 1228 tener

1807 1258 1903 1324 bo,
1925 1256 2174 1328 quoniam
2199 1255 2436 1313 subsidia
2477 1270 2708 1312 annonae
2753 1256 2806 1310 in
2833 1255 2952 1320 dies
2977 1253 3160 1325 viginti
3188 1254 3406 1323 oblatio.

1811 1351 2141 1422 prorogavit.
2174 1350 2395 1405 Moleste
2427 1348 2586 1418 igitur
2614 1347 2722 1403 filia
2751 1362 2868 1410 mea
2899 1346 3038 1404 ferre
3066 1362 3172 1402 non
3203 1347 3405 1416 debet,,

1809 1443 1855 1498 si
1873 1443 2112 1513 jumenta
2137 1443 2312 1497 itineri
2331 1441 2447 1510 ejus
2463 1439 2714 1510 deputata
2737 1438 3038 1494 tardavero.
3059 1437 3268 1494 Caetera
3287 1436 3393 1493 Cu-

1811 1550 1999 1590 mazon
2026 1533 2164 1588 ﬁlius
2197 1549 2367 1598 meus,
2391 1531 2478 1587 vel
2505 1532 2870 1603 quazrentibus
2890 1530 3072 1600 vobis,
3091 1530 3175 1586 vel
3201 1538 3394 1600 sponte

1813 1628 2076 1692 narrabit.
2104 1627 2178 1682 De
2203 1627 2469 1697 legatione
2490 1624 2748 1688 mittenda
2773 1624 2844 1680 ob
2863 1623 3137 1695 angustias
3155 1622 3394 1680 frumen-

1817 1718 1967 1782 tariae
1993 1717 2093 1783 rei,
2147 1731 2313 1786 usque
2340 1716 2406 1771 ad
2437 1715 2667 1772 reditum
2700 1715 2801 1770 viri
2831 1713 3272 1784 excellentissimi
3299 1727 3392 1782 co-

1814 1813 1961 1872 mitis
1987 1821 2254 1867 .tractatus
2274 1809 2516 1879 publicus
2550 1808 2845 1874 dill‘ereWr.
2871 1805 3164 1870 Consilium
3191 1806 3393 1864 sancti-

137 1923 247 1994 quid
278 1935 448 1988 super
481 1918 581 1972 hoc
610 1930 764 1971 nova:
795 1913 1119 1983 cognitionis
1153 1909 1467 1965 accesserit.
1503 1905 1708 1963 Valete.
1739 1898 1790 1966 Β
1819 1905 1943 1964 tatis
1975 1915 2076 1962 tua:
2103 1901 2318 1958 salubre
2342 1901 2470 1958 mihi
2502 1900 2674 1956 visum
2704 1909 2806 1955 est.
2838 1899 3020 1970 itaque
3041 1898 3180 1956 datis
3204 1897 3272 1954 ad
3293 1900 3394 1954 ho-

735 2003 957 2059 EPIS'I‘.
993 2002 1091 2056 XI.

497 2113 807 2165 SYIIIACIIUS
854 2111 1138 2180 N‘ICOHACIII
1179 2109 1226 2148 FI
1235 2108 1350 2148 LIIS.

201 2199 353 2252 Multa
391 2194 525 2249 mihi
557 2193 621 2267 ad
654 2206 747 2246 vos
791 2189 1049 2244 scribenti
1097 2201 1266 2256 pauca
1311 2200 1629 2256 respondes.
1659 2196 1712 2240 ct

140 2291 353 2347 moleste
378 2289 492 2341 fero
516 2284 890 2341 mandatorum
922 2291 1224 2334 nostrorum
1253 2281 1430 2334 calere
1452 2265 1711 2348 principia

139 2399 288 2452 usque
315 2380 387 2434 ad
425 2377 770 2433 solitudinem
813 2387 986 2430 meam
1003 2359 1024 2438 ;’
1056 2386 1183 2427 mox
1217 2380 1395 2424 autem
1430 2383 1522 2438 per
1550 2368 1714 2423 silen-

139 2479 254 2533 tiutn
309 2474 513 2544 frigere
577 2482 882 2541 procrssus.
939 2455 1193 2521 Fortasse
1238 2464 1527 2534 qumratis,
1588 2459 1713 2536 quid

142 2569 286 2624 etiam
337 2579 486 2622 nunc
541 2562 729 2618 referri
789 2558 1153 2614 innocentiam
1202 2571 1374 2610 uteam
1429 2555 1711 2624 postulem.

139 2661 394 2732 Capuanae
425 2657 620 2712 domus
654 2653 883 2724 pretium
933 2651 1257 2720 scripseram
1287 2663 1407 2706 cum
1441 2646 1717 2702 venditore

141 2754 392 2810 decisum.
443 2749 584 2805 Nihil
641 2747 708 2801 de
761 2745 877 2814 ejus
927 2729 1336 2799 confirmatione
1402 2738 1714 2794 rescribitis.

141 2846 439 2904 Samnitico:
469 2839 830 2918 possessionis
873 2833 1187 2892 reformatio
1219 2842 1274 2889 et
1304 2831 1532 2886 vindicta
1564 2846 1717 2885 man-

141 2923 252 2993 data
278 2949 386 2993 est.
412 2919 646 2990 Tantum
669 2937 926 2985 vacuatos
949 2925 1168 2992 dntibus
1201 2937 1359 2994 agros
1390 2938 1510 2978 sero
1537 2921 1720 2976 docui-

143 3031 250 3087 stis.
277 3021 480 3085 ‘Adltuc
528 3036 706 3079 tamen
738 3024 944 3086 nescio,
995 3018 1122 3090 quid
1171 3015 1436 3071 exhibitio
1485 3012 1721 3083 injuncta

146 3119 449 3191 profecerit,
473 3116 626 3187 cujus
653 3129 740 3170 me
778 3111 1111 3181 exspectatio
1137 3123 1228 3164 rus
1257 3109 1335 3162 ire
1364 3120 1469 3161 non
1500 3103 1720 3176 patitur.

148 3213 336 3290 Vereor
365 3211 533 3276 enim,
558 3224 645 3271 ne,
681 3205 822 3276 quod
855 3219 999 3274 saepe
1030 3187 1230 3257 factum
1258 3209 1363 3266 est,
1391 3197 1722 3254 clandestina

1814 1999 1988 2072 mines
2018 2010 2166 2054 meos
2192 1995 2385 2052 litteris
2403 2036 2419 2061 ,
2451 1993 2632 2050 statim
2657 1994 2792 2063 jussi
2821 2009 2888 2050 ex
2911 2008 2970 2052 re
2998 2003 3183 2056 nostra
3225 1993 3396 2064 Apula

1815 2093 1880 2150 ad
1899 2090 2257 2152 .Camnaniam
2287 2089 2554 2148 frumenta
2583 2088 2800 2145 deferri.
2835 2087 3041 2148 Valete.

2407 2180 2626 2246 EPIST.
2665 2180 2803 2237 XIII.

2183 2290 2489 2334 SYIIACBUS
2527 2289 2810 2334 NICOIACIII
2851 2288 3020 2332 FILIIS.

1888 2369 2188 2450 Assiduitas
2218 2369 2565 2437 epistolarum
2597 2367 2932 2438 superiorum
2969 2366 3246 2432 scribenda
3273 2382 3401 2426 con~

1816 2461 2062 2531 sumpsit.
2115 2460 2241 2517 Sola
2285 2474 2428 2520 nunc
2478 2469 2721 2530 superest
2772 2459 3110 2518 salutationis
3153 2460 3403 2532 religiosa

1817 2553 2160 2626 generalitas.
2187 2551 2256 2608 Et
2284 2566 2435 2620 sane,
2470 2551 2517 2608 si
2547 2566 2649 2624 qua
2669 2561 3025 2622 suppeterent
3049 2552 3256 2622 paginis
3284 2567 3405 2622 per-

1820 2646 2112 2716 sequenda,
2135 2646 2457 2702 eommeanti
2483 2645 2682 2702 rectius
2701 2645 3068 2716 crederenutr.
3091 2645 3243 2702 Nunc
3261 2647 3404 2704 enim

1819 2738 1959 2808 ston
2009 2737 2390 2807 indulgendum
2443 2746 2556 2805 est,
2601 2751 2726 2794 cum
2774 2736 3098 2806 recipiendis
3141 2737 3408 2798 mandatis

1821 2828 2271 2900 proficiscentium
2319 2844 2548 2899 persona
2589 2843 2698 2884 non
2745 2827 2959 2883 sufficit.
3001 2828 3155 2882 Nunc
3196 2829 3408 2899 siquid

1821 2923 1958 2978 scitu
1985 2921 2202 2992 dignum
2234 2921 2507 2991 putabitis,
2535 2921 2650 2976 sine
2683 2921 2854 2977 nostri
2891 2920 3157 2975 sermonis
3179 2933 3409 2976 excursu

1823 3012 2033 3082 plenius
2059 3026 2091 3066 a
2111 3019 2445 3067 commeante
2466 3011 2701 3070 discetis.
2740 3009 2948 3072 Valete.

2421 3105 2637 3164 EPIST.
2681 3105 2820 3164 XIV.

2205 3215 2511 3258 SYIIACIIIJS
2547 3215 2836 3257 NICOIACIII
2871 3213 3046 3254 FILIIS.

149 3287 332 3380 aliquid
357 3275 530 3362 tentet
555 3302 818 3373 obreptio.
849 3301 1028 3368 Quare
1062 3308 1154 3354 aut
1181 3295 1452 3360 instruite,
1476 3293 1606 3366 quid
1634 3308 1724 3347 su-
1749 3275 1796 3337 (ἒ
1903 3295 2166 3359 Dubitare,
2183 3310 2278 3351 vos
2317 3295 2498 3362 video,
2539 3309 2608 3350 an
2656 3293 2832 3350 Rufini
2863 3306 3074 3362 poenam
3115 3297 3296 3350 secuta
3343 3290 3414 3352 sit
3481 3346 3493 3359 _

151 3402 305 3471 persit
334 3398 569 3471 negotiis
612 3393 973 3465 explicandis;
1027 3400 1116 3446 aut
1145 3391 1191 3444 si
1219 3405 1306 3446 res
1336 3390 1390 3445 in
1429 3388 1569 3443 vado
1594 3386 1724 3449 sint,

151 3497 283 3550 viam
305 3479 438 3550 mihi
465 3489 787 3561 usurpanda:
807 3487 1131 3544 secessiOnis
1151 3486 1377 3554 aperite.
1404 3481 1539 3536 Cum
1563 3482 1728 3534 fratre

153 3571 270 3644 meo
288 3585 588 3644 Censorino
615 3599 720 3638 non
755 3581 979 3638 moleste
1003 3583 1116 3635 fero
1141 3574 1239 3633 sub
1255 3575 1496 3648 quolibet
1515 3573 1730 3643 diapen-

153 3681 238 3737 dio
259 3690 444 3737 nostro
463 3678 533 3734 de
553 3674 878 3731 littoralihus
907 3672 1094 3752 spatiis
1115 3663 1436 3739 judicatum.
1463 3664 1649 3719 Restat
1673 3673 1730 3716 ut

157 3776 442 3845 interjectu
473 3771 613 3827 muri
643 3769 888 3840 praetoria
916 3761 1244 3828 dividantur,
1273 3776 1340 3815 ne
1369 3764 1612 3814 cessante
1652 3755 1733 3809 in-

152 3868 285 3922 dicio
321 3863 708 3936 judicationis,
744 3873 930 3914 rursus
960 3847 1153 3911 vicinae
1203 3849 1463 3922 angustiae
1508 3849 1560 3904 in
1599 3846 1732 3902 alios

154 3974 268 4016 sese
295 3956 565 4015 terminos
595 3941 834 4008 nitantur
855 3943 1168 4004 extendere.
1201 3944 1412 4000 Valete.

759 4039 976 4095 EPIST.
1010 4036 1126 4092 XII.

517 4149 822 4195 εγιηίλοιιυε
869 4145 1151 4188 NICOMACIII
1188 4143 1362 4183 FILIIS.

220 4234 391 4289 Amici
421 4233 618 4287 litteris
643 4226 938 4281 delectatus
954 4239 1094 4283 sunt,
1118 4234 1344 4291 quarum
1364 4232 1450 4273 me
1477 4217 1733 4272 lectorem

156 4340 269 4381 esse
299 4323 543 4388 voluisti,
575 4332 631 4378 et
657 4320 816 4376 velim
840 4318 1050 4379 credas,
1075 4312 1209 4368 nihil
1227 4326 1363 4366 eum
1390 4307 1460 4365 de
1482 4322 1739 4378 usurpan-

155 4419 205 4472 di
235 4417 402 4471 animi
433 4414 753 4470 remissione
795 4409 1098 4464 mentitum.
1127 4402 1261 4459 Mihi
1291 4403 1373 4456 vir
1404 4398 1624 4455 illustris
1645 4398 1730 4468 ju-

155 4511 250 4565 dex
284 4507 667 4579 praetorianus,
702 4502 772 4556 ob
801 4501 1142 4556 collationem
1173 4502 1393 4549 senatus
1428 4498 1484 4545 et
1512 4487 1618 4543 alia
1649 4502 1737 4543 re-

155 4602 328 4658 media
377 4599 567 4663 Urbis,
601 4598 856 4663 Augustae
899 4587 1239 4646 denuntiavit
1297 4584 1562 4647 offensas;
1603 4595 1735 4636 con-

156 4698 428 4761 tristatus,
482 4702 541 4748 ut
567 4689 794 4754 asserit,
831 4683 1084 4752 curione,
1129 4680 1270 4752 quod
1308 4679 1589 4750 prrefectus
1621 4657 1818 4736 urbi»

98 4777 108 4786 ’
156 4791 401 4845 ludorum
431 4783 792 4855 imperialium
842 4779 954 4844 die,
984 4791 1110 4832 cum
1135 4791 1166 4830 a
1201 4781 1394 4830 senatu
1424 4785 1553 4828 caro
1583 4769 1739 4825 nobis

157 4879 512 4951 praesentibus
541 4879 876 4947 posceretur,
915 4867 1242 4923 oblationem
1273 4876 1612 4920 communem
1649 4855 1757 4931 po?

157 4974 281 5044 pulo
310 4967 625 5043 publicavit.
651 4966 777 5022 Haec
801 4961 980 5017 omnia
1011 4960 1079 5015 ad
1117 4956 1492 5014 destruendam
1516 4954 1740 5028 promis-

160 5081 338 5121 sorum
370 5076 594 5119 suorum
646 5057 869 5130 gloriam
910 5053 1210 5123 composita
1257 5051 1578 5118 suspicatur,
1605 5046 1739 5102 etin

160 5174 243 5214 me
270 5157 472 5223 solum,
503 5153 627 5224 quia
655 5151 761 5207 hoc
790 5139 1151 5204 referentibus
1191 5145 1385 5214 placet,
1419 5142 1581 5198 vertit
1610 5141 1746 5196 invi-

159 5254 321 5307 diam.
355 5247 651 5319 Respondi,
679 5243 926 5314 .utpotni
948 5240 1478 5311 dignitateservata,
1515 5236 1632 5306 ejus
1657 5251 1748 5291 ca-

160 5345 282 5400 lori.
315 5341 400 5412 ,Et
439 5347 697 5416 quantum
726 5335 885 5410 legati
925 5331 1230 5394 Orientales
1269 5338 1518 5402 asserunt
1556 5328 1746 5400 quibus

155 5437 276 5506 iis:
305 5415 631 5512 scriptorum
681 5437 924 5502 meorum
954 5425 1083 5490 fecit
1107 5423 1398 5496 indicium,
1427 5424 1638 5478 cunctis
1662 5436 1748 5478 re-

161 5513 365 5607 sponsa
393 5534 576 5606 nostra
605 5524 939 5596 placuerunt.
973 5519 1079 5578 Sed
1109 5519 1408 5591 neratioue
1437 5528 1490 5570 et
1515 5515 1749 5572 auctori-

165 5632 274 5696 tate
319 5621 498 5699 victus
524 5619 733 5696 sileret,
785 5615 1060 5686 molliores
1088 5621 1277 5684 postea
1330 5609 1536 5670 litteras
1568 5609 1746 5675 misit,

150 5731 355 5788 ,parem
381 5711 769 5791 querimoniam
787 5709 1143 5766 continentes.
1177 5709 1375 5764 Horum
1402 5707 1492 5762 tibi
1513 5704 1750 5762 omnium

167 5811 417 5885 tradetur
443 5806 736 5885 egernplar,
767 5815 823 5874 ut
871 5804 1084 5874 noveris
1115 5802 1309 5872 quibus
1353 5801 1598 5856 ﬂuctibus
1627 5814 1749 5868 per-

167 5913 491 5970 strepamur.
518 5901 578 5956 ln
605 5900 816 5970 negotio
835 5907 1010 5968 autem
1036 5905 1233 5966 sanctae
1267 5895 1629 5950 unauimitatis
1657 5907 1755 5947 ve-

1829 3386 1990 3448 ctiam
2029 3386 2321 3457 publicatio
2347 3385 2682 3442 facultatum.
2707 3383 2873 3440 Fides
2903 3389 3102 3455 praesto
3128 3389 3212 3437 est
3240 3380 3416 3450 impe-

1830 3479 2050 3536 rialibus
2072 3482 2280 3550 signata
2315 3479 2616 3549 praeceptis.
2641 3477 2710 3534 Et
2738 3486 2916 3532 tamen
2938 3475 3205 3545 praedonis
3229 3474 3415 3532 annosi

1832 3573 2020 3628 merita
2072 3572 2431 3644 pendentibus
2490 3586 2595 3625 non
2652 3567 2754 3626 fuit
2811 3567 3221 3638 ambigendum.
3272 3565 3414 3637 quod

1833 3666 2002 3738 spolia
2034 3666 2178 3720 orbis
2209 3665 2483 3721 desiderat
2511 3662 2784 3718 rerarium.
2817 3661 2994 3730 Atque
3032 3659 3236 3714 utinam
3268 3667 3415 3714 tanto

1833 3759 2028 3831 gaudio
2056 3773 2161 3813 non
2190 3758 2524 3828 obstreperet
2549 3753 2790 3820 defectus
2809 3767 3056 3820 annonae,
3085 3765 3242 3822 quam
3273 3752 3415 3806 nulla

1833 3853 2080 3923 producit
2111 3868 2261 3912 nova:
2297 3852 2463 3920 frugis
2502 3849 2760 3906 accessio.
2798 3848 3063 3915 Praeterea
3105 3846 3270 3917 ipsius
3315 3844 3417 3903 cibi

1835 3945 2064 4015 qualitas
2118 3945 2285 4015 gignit
2337 3943 2656 4006 horrorem,
2707 3938 3004 4008 corrumpit
3056 3938 3417 3995 valetudinem

1837 4053 2120 4108 corporum
2141 4080 2155 4103 ,
2187 4037 2509 4108 graviorque
2536 4042 2620 4092 est
2655 4031 2959 4087 hominibus
2991 4029 3111 4086 talis
3135 4029 3417 4097 alimonia,

1767 4131 1770 4134 ’
1837 4147 1996 4202 quam
2028 4143 2185 4200 poena
2211 4127 2421 4197 jejunii.
2450 4126 2663 4182 Solatur
2691 4124 2829 4179 inter
2859 4122 2972 4176 hmc
2999 4121 3254 4191 papulum
3292 4135 3418 4191 spes

1837 4221 2089 4278 frumenti
2127 4235 2156 4273 a
2190 4217 2426 4287 patribus
2461 4215 2657 4280 oblati,
2690 4223 2744 4270 et
2793 4213 3040 4282 religiosa
3087 4211 3418 4280 Optimatium

1838 4315 2085 4370 voluntas
2114 4319 2259 4367 tenet
2285 4307 2630 4385 concordiam
2655 4307 2904 4364 civitatis.
2939 4304 3092 4361 Nunc
3121 4305 3261 4360 votis
3286 4319 3418 4374 opus

1839 4415 1951 4470 est,
1979 4411 2037 4462 ut
2059 4402 2240 4466 divina
2263 4399 2540 4470 opitulatio
2565 4399 2782 4456 invehat
2806 4405 3162 4465 commeatus,
3189 4396 3314 4452 dum
3336 4411 3419 4452 sa-

1837 4499 1924 4556 lus
1946 4496 2142 4558 civium
2163 4493 2366 4564 privata
2396 4491 2684 4560 collatione
2716 4487 3046 4559 producitur.
3075 4487 3277 4544 Valete.

2442 4583 2659 4644 EPIST.
2700 4581 2814 4638 XV.

2216 4691 2522 4736 SYMIACHUS
2560 4688 2841 4753 NICOIACIII
2882 4653 3056 4730 ι-Ίιιιέ.

1917 4777 1973 4830 ln
2001 4787 2093 4830 eas
2121 4770 2390 4843 angustias
2419 4766 2719 4838 communis
2744 4765 2932 4833 patria:
2962 4763 3172 4820 fortuna
3202 4764 3426 4820 deducta

1846 4875 1956 4934 est,
1990 4873 2050 4920 ut
2076 4873 2315 4934 extrema
2341 4860 2557 4917 vitanda
2582 4859 2708 4914 sint.
2741 4857 2920 4928 Itaque
2947 4855 3167 4912 fratrem
3190 4865 3425 4911 vestrum

1834 4958 2100 5020 .continuo
2126 4957 2189 5010 avi
2215 4969 2308 5009 vos
2330 4962 2457 5023 opto
2480 4951 2772 5016 dimittere,
2800 4947 2884 5005 cui
2913 4948 3282 5004 Basternarios
3306 4962 3429 5002 mox

1837 5049 2094 5122 .pra‘bcre
2123 5043 2413 5117 dignamini
2446 5058 2457 5096 :
2494 5030 2762 5097 festinatio
2791 5038 2908 5108 ejus
2931 5038 3294 5106 iumentorum
3337 5036 3431 5092 ad-

1849 5141 2116 5220 miniculis
2152 5139 2387 5210 juvetur.
2414 5134 2684 5191 Caeterum
2716 5130 2876 5186 filiam
2921 5143 3094 5184 meam
3125 5127 3305 5182 vexari
3346 5127 3432 5182 iti-

1843 5217 2004 5307 nere.
2036 5232 2189 5290 sicuti
2231 5241 2356 5286 ante
2384 5228 2703 5298 scripseram
2722 5265 2736 5288 ,
2776 5237 2882 5278 non
2909 5227 3138 5290 oportet.
3161 5217 3433 5286 ,QtIOniam

1850 5341 1969 5400 post
2002 5323 2396 5397 incommodum
2422 5334 2605 5391 grave,
2632 5313 2880 5374 valetudo
2905 5311 3025 5381 ejus
3043 5309 3155 5368 otio
3178 5317 3234 5366 et
3255 5310 3438 5381 quiete

1852 5418 2137 5490 refovendo
2165 5425 2266 5474 est.
2295 5414 2500 5471 Valete.

2443 5499 2662 5564 EPIST.
2704 5495 2843 5554 XVI.

2220 5613 2531 5661 SYIMACIIUS
2567 5604 2853 5653 NICOHACIII
2890 5603 3068 5656 ειιιιιε.

1930 5701 2156 5760 Ριναξνὶόί
2187 5713 2344 5770 quem
2372 5701 2574 5750 metum
2605 5702 2740 5770 mea:
2769 5683 3097 5756 aegritudinis
3121 5685 3274 5740 vobis
3304 5683 3442 5740 fama

1863 5805 2042 5868 posset
2085 5797 2360 5850 incutere:
2406 5803 2526 5858 qua“:
2564 5798 2685 5838 cum
2725 5779 2900 5838 soleat
2943 5792 3102 5849 supra
3145 5790 3328 5833 verum
3377 5773 3444 5840 de

1861 5864 2171 5946 absentibus
2229 5884 2410 5951 loqui,
2461 5873 2884 5947 magnitudinem
2945 5869 3165 5940 periculi
3215 5864 3320 5920 mei
3379 5879 3445 5920 ne
