3932 6458
534 419 634 476 2³11

1673 423 1739 485 ρ.
1782 417 2127 476 AURELIUS
2165 415 2608 474 SYIHIACIIUS.

3686 431 3766 490 271

530 530 692 586 fando
727 528 940 601 quidem
981 527 1190 584 videtur
1219 518 1480 599 aequasse.
1529 530 1712 600 Itaque
1757 530 1846 584 ubi
1887 531 2114 600 primum
2148 538 2196 592 Α
2226 527 2523 582 dividendae
2572 527 2712 583 inter
2740 541 2832 583 vos
2877 541 3268 587 communionis
3305 547 3465 589 causa
3511 526 3761 606 prresta'liit.

528 624 766 682 formare
807 623 1014 678 litteras
1044 637 1140 692 per
1168 622 1528 677 valetudinem
1573 623 1753 692 licuit,
1794 638 1901 677 non
1938 621 2121 676 distuli

527 716 700 773 lenire
746 716 885 786 apud
915 731 1012 771 vos
1052 716 1211 786 stylo,
1248 732 1366 786 qua:
1411 716 1621 786 vulgata
1667 716 2020 771 credideram.
2052 715 2121 770 Et

528 808 773 876 quamvis
801 807 1170 862 modificanda:
1191 809 1533 864 sollicitudini
1559 817 1750 864 vestrm
1773 811 1917 878 prior
1941 823 2119 864 sermo

528 901 835 966 sufficeret;
867 899 934 955 ad
963 899 1136 954 aedem
1177 911 1355 956 tamen
1386 902 1686 956 securitatis
1725 902 2006 957 attestatio’
2030 915 2118 957 se-

525 993 698 1048 cunda
744 992 1008 1064 proficiet.
1057 993 1266 1049 Interea
1307 994 1375 1049 de
1418 995 1717 1050 ordinando
1757 997 1930 1052 reditu
1961 995 2116 1051 facite

526 1084 768 1141 noverim
810 1086 938 1157 quid
980 1086 1191 1141 consilii
1219 1087 1509 1156 cmperitis.
1554 1087 1746 1142 Fateor
1795 1087 1939 1144 enim
1983 1087 2116 1142 mol-

526 1178 720 1233 liorem
748 1193 834 1234 me
863 1193 981 1234 esse
1004 1177 1284 1235 atl'ectione
1315 1189 1433 1249 post
1454 1180 1743 1236 discrimen
1774 1181 1983 1248 salutis,
2014 1196 2114 1237 nec

528 1271 754 1325 ulterius
783 1285 942 1341 posse
984 1271 1243 1340 suadere,
1281 1281 1340 1327 ut
1385 1273 1652 1329 desiderio
1705 1288 1826 1329 meo
1874 1283 2110 1330 vestrum

530 1362 693 1417 otium
720 1361 1036 1432 prmferatis.
1067 1362 1279 1420 Valete.

1115 1455 1322 1513 EPIST.
1363 1457 1503 1514 XVII

891 1561 1198 1604 SVIIIACIIUS
1236 1564 1520 1606 NICOMACIII
1562 1567 1735 1606 FILIIS.

593 1639 841 1695 Amicitia
870 1641 1083 1706 animis,
1120 1657 1228 1696 non
1269 1643 1425 1696 annis
1453 1643 1766 1698 aestimatur.
1818 1642 1981 1698 Rudis
2011 1642 2105 1715 igi-

525 1741 610 1788 tur
657 1731 752 1786 tibi
781 1747 969 1788 eorum
1013 1748 1119 1786 non
1151 1734 1391 1788 videatur
1415 1733 1666 1801 affectus,
1696 1749 1920 1804 quorum
1966 1735 2018 1789 in
2053 1743 2106 1790 te

520 1825 695 1881 cultus
724 1839 962 1879 annosus
991 1835 1092 1880 est.
1142 1826 1253 1880 Hoc
1288 1842 1354 1880 eo
1391 1835 1625 1896 spectat,
1656 1837 1713 1881 ut
1743 1828 1954 1883 noveris
1988 1828 2102 1884 Au-

519 1916 761 1971 xentium
803 1925 860 1971 et
906 1916 1232 1985 Marianum,
1267 1917 1404 1972 Iilios
1454 1933 1633 1986 meos,
1687 1919 2103 1988 pudentissimos
2132 1907 2180 1976 Β

518 2007 764 2076 juvenes,
791 2005 930 2062 inter
961 2007 1266 2063 laudatores
1299 2019 1414 2064 tuos
1445 2010 1677 2079 primore
1707 2013 1826 2067 loco
1853 2011 2099 2080 censeri;

518 2106 680 2168 atque
711 2097 832 2153 ideo
853 2114 960 2154 non
988 2102 1389 2169 cognoscendos
1419 2117 1556 2158 novo
1581 2103 1750 2170 aditu,
1778 2104 1873 2158 sed
1902 2105 2102 2161 amoris

518 2192 725 2249 foedere
765 2201 821 2248 et
870 2193 1130 2265 religione
1172 2196 1506 2251 recolendos.
1549 2197 1697 2252 Nunc
1745 2197 1852 2253 illis
1883 2198 2100 2268 prolici-

516 2287 703 2343 scendi
744 2287 922 2342 attulit
951 2301 1167 2342 causam
1219 2287 1548 2344 medicorum
1597 2299 1786 2344 coactu
1816 2292 2100 2360 impetrata

515 2380 744 2432 curatio.
792 2376 925 2432 Nam
967 2377 1175 2433 Stabias
1221 2379 1300 2434 ire
1350 2379 1686 2449 desiderant,
1743 2389 1801 2435 ut
1851 2382 2103 2452 reliquias

515 2468 690 2536 longae
716 2468 1046 2539 :rgritudinis
1069 2470 1351 2526 armentali
1375 2472 1512 2527 lacte
1533 2473 1823 2542 depellant.
1852 2474 1959 2530 Sed
1989 2491 2101 2530 ma-

513 2559 687 2628 jorem
724 2557 967 2627 judicant
1012 2559 1065 2614 in
1115 2569 1206 2615 tuo
1255 2577 1542 2632 congressu
1591 2563 1712 2619 esse
1755 2565 2096 2623 medicinam.

513 2648 635 2705 Tibi
666 2650 824 2721 igitur
862 2653 1217 2722 assignabitur
1261 2669 1447 2710 eorum
1478 2656 1710 2724 sanitas,
1754 2657 1802 2712 si
1848 2658 2100 2715 remediis

513 2739 802 2796 herbarum
829 2743 1120 2799 salubrium
1163 2743 1399 2801 fomenta
1438 2748 1779 2818 benignitatis
1807 2749 2094 2820 adjeceris.

512 2828 721 2890 Valete.

1069 2928 1289 2985 EPIST.
1333 2929 1515 2986 XVIII.

884 3015 1196 3078 svumcuus
1235 3037 1518 3078 NICOMACIII
1551 3039 1723 3080 rths.

581 3109 789 3166 Castori
822 3122 1010 3168 nostro
1035 3113 1100 3168 ad
1130 3114 1477 3184 Campaniam
1512 3119 1834 3183 revertenti,
1865 3119 2095 3190 largiora

509 3193 762 3260 mandata
788 3204 856 3260 de
883 3205 1193 3261 domesticis
1227 3208 1387 3263 rebus
1430 3224 1587 3279 quam
1634 3211 1832 3278 scripta
1869 3217 2094 3268 commi-

510 3299 697 3354 simus.
732 3298 889 3352 Plura
929 3298 1090 3368 igitur
1121 3301 1341 3356 auribus
1371 3317 1530 3372 quam
1564 3303 1794 3358 lectione
1839 3309 2092 3364 noseetis.
2123 3297 2170 3362 C

510 3391 711 3446 Ilorum
759 3393 1014 3463 pleraque
1050 3394 1116 3448 ad
1163 3404 1360 3450 statum
1393 3398 1663 3464 pertinent
1693 3399 1906 3466 patriae;
1935 3415 2092 3470 quam

511 3483 720 3538 defectu
764 3483 1142 3540 alimentorum
1188 3491 1424 3557 graviter
1455 3489 1788 3544 laborantem
1832 3493 2096 3560 periculo.

510 3592 630 3631 sum
657 3586 740 3634 οτι
769 3578 1089 3646 inhabitare,
1119 3583 1340 3652 impium
1366 3597 1418 3640 et
1447 3584 1666 3642 crudele
1693 3586 1962 3644 deserere.
1996 3588 2096 3643 Va-

511 3667 634 3724 lete.

1106 3766 1322 3823 EPIST.
1368 3769 1508 3825 XIX.

887 3871 1194 3913 SYIMMJIIUS
1224 3875 1503 3916 NICOMACHI
1538 3879 1708 3918 FILIIS.

519 3981 521 3984 ι
583 3947 852 4004 Germano
902 3950 1195 4018 Taburnio,
1243 3954 1328 4007 cui
1379 3971 1468 4009 me
1510 3959 1720 4012 auxilio
1764 3974 1881 4014 esse
1921 3963 2090 4017 volui-

508 4041 627 4122 stis,
660 4042 819 4096 etiam
847 4043 1034 4098 salutis
1061 4043 1253 4099 dubius
1297 4045 1621 4112 adfuissem,
1655 4051 1698 4104 si
1730 4051 1918 4107 eorum
1958 4069 2094 4123 pra:-

509 4115 732 4186 sentiam
758 4133 866 4188 fors
897 4133 1158 4202 dedisset,
1189 4150 1323 4205 quos
1345 4151 1409 4190 ex
1438 4154 1534 4192 usu
1560 4139 1676 4208 ejus
1701 4145 1938 4210 Oportuit
1963 4160 2094 4200 con-

507 4224 696 4280 veniri.
731 4224 1040 4281 Satisfaciat
1093 4226 1255 4296 igitur
1293 4230 1630 4286 unanimitati
1660 4244 1852 4290 vestrae
1881 4239 2093 4295 animus

507 4297 680 4381 meus,
719 4317 927 4370 etiamsi
971 4318 1077 4371 voti
1107 4317 1402 4374 efficaciam
1449 4324 1660 4392 negavit
1699 4337 1942 4381 eventus.
1973 4329 2094 4397 Ipse

507 4407 686 4461 adhuc
715 4408 1008 4474 invalidus,
1037 4411 1130 4464 sed
1173 4412 1282 4480 jam
1317 4416 1537 4483 praefata
1570 4417 1662 4472 Dei
1696 4419 1848 4473 venia
1895 4434 2092 4474 conva-

507 4499 731 4552 lescenti
761 4514 980 4555 securus
1008 4502 1123 4557 haec
1152 4507 1358 4571 scribo;
1389 4517 1642 4580 tantoque
1674 4514 1840 4582 magis
1869 4528 2092 4585 assurgo

508 4589 729 4657 viribus,
775 4602 973 4659 quanto
1015 4595 1143 4650 tnilti
1189 4599 1508 4654 celeriorem
1557 4604 1857 4660 murtitalis
1898 4616 2092 4663 vestra:

507 4679 738 4734 reditum
769 4695 891 4750 spes
924 4683 1093 4738 vicina
1128 4688 1408 4756 promittit.
1437 4690 1634 4747 Valete.

1112 4779 1321 4836 EPIST.
1365 4781 1485 4838 XX.

877 4882 1188 4927 SVIHIALIIUS
1227 4889 1508 4930 NICOIIACIII
1550 4893 1720 4934 FILIIS.

579 4958 784 5013 Dudum
829 4963 1112 5017 sanitatem
1156 4966 1278 5020 lilia:
1320 4981 1452 5022 ntere
1495 4970 1808 5041 integratam
1838 4989 1960 5031 esse
2007 4992 2093 5036 re-

502 5052 820 5122 scripseras.
849 5054 973 5110 Mox
999 5060 1349 5125 sequentibus
1390 5061 1581 5118 litteris
1610 5065 1952 5122 sollicitudini
1993 5085 2091 5126 no-

503 5151 631 5196 stra:
662 5145 952 5200 recidivum
984 5147 1228 5210 aculeum
1256 5151 1567 5209 subdidisti.
1605 5155 1897 5214 Conflictor
1925 5163 2088 5233 igitur

503 5236 691 5290 nuntio
741 5235 1074 5304 recentiore,
1121 5241 1243 5308 quia
1292 5245 1460 5314 magis
1507 5247 1730 5304 adversa
1773 5253 2084 5311 creduntur.

485 5326 772 5395 Exspecto
801 5330 979 5396 anxie,
1013 5341 1072 5386 ut
1097 5334 1140 5385 si
1169 5333 1295 5402 quid
1333 5334 1459 5390 boni
1490 5337 1606 5394 dies
1647 5342 1854 5409 attulit,
1885 5344 2088 5404 indice-

507 5418 594 5471 tis.
626 5417 680 5473 ln
715 5435 780 5475 eo
807 5431 984 5478 autem
1026 5425 1167 5494 quod
1203 5442 1299 5482 vos
1333 5428 1600 5488 discessus
1631 5445 1812 5492 noster
1855 5441 2088 5510 excitat,

506 5507 746 5563 habitum
778 5514 972 5569 mentis
1013 5531 1146 5572 meai
1176 5533 1410 5589 agnosco
1436 5541 1446 5576 :
1483 5527 1576 5579 sed
1607 5526 1782 5584 adhuc
1805 5507 2085 5588 desideriis

506 5599 704 5654 mutuis
733 5612 941 5668 praestat
969 5608 1197 5664 suadere
1226 5615 1584 5676 praestantiam
1603 5657 1616 5680 ,
1643 5633 1800 5686 quam
1827 5624 2090 5688 poeniten-

489 5678 633 5748 'dunt
673 5693 870 5764 aliquid
920 5712 1014 5766 per
1069 5701 1493 5762 imbecillitatem
1548 5678 1846 5766 affectionis
1899 5715 2082 5772 ordiri.

491 5787 625 5860 gMox
653 5802 775 5841 cum
798 5804 1083 5857 germanus
1112 5801 1230 5851 tuus
1251 5798 1318 5853 de
1347 5801 1615 5867 proximo,
1642 5811 1696 5856 ut
1717 5805 1815 5870 ais,
1841 5817 2086 5875 speratus

491 5869 762 5945 {adfuerit,
807 5890 857 5934 et
907 5881 1115 5940 felicem
1162 5887 1333 5955 vobis,
1375 5899 1428 5945 et
1466 5895 1825 5949 necessarium
1858 5869 2086 5956 reditum

2228 619 2434 676 Valete.

2815 715 3027 772 EPIST.
3073 715 3214 774 XXI.

2588 845 2894 886 SVIIACHUS
2933 846 3215 887 NICOIIACHI
3257 848 3428 889 FILIIS.

2294 967 2498 1023 Fratris
2526 969 2630 1024 mei
2667 969 2901 1025 Entrecii
2933 967 3248 1038 spectabilis
3275 974 3373 1028 viri
3405 974 3601 1031 liberos
3628 978 3764 1047 impa-

2225 1057 2410 1113 tientia
2443 1057 2653 1128 paterni
2690 1062 2890 1115 amoris
2927 1063 3222 1126 acciverat,
3255 1064 3449 1133 quibus
3481 1071 3764 1137 properandi

2217 1163 2409 1204 causas
2452 1149 2631 1222 inopia
2681 1151 2828 1206 urbis
2872 1152 3088 1220 adjecit.
3135 1155 3308 1226 Atque
3345 1159 3469 1213 ideo
3522 1175 3765 1218 recursum

2215 1243 2331 1297 sine
2353 1242 2483 1311 justi
2515 1243 2768 1313 temporis
2813 1247 3211 1314 exspectatione
3256 1250 3424 1305 moliti
3476 1264 3619 1307 sunt.
3654 1255 3764 1321 Qua-

2215 1341 2434 1402 propter
2458 1333 2584 1388 dum
2608 1334 2871 1404 navigatio
2902 1338 3253 1394 intractabilis
3279 1350 3362 1396 est
3379 1382 3394 1407 ,
3427 1343 3480 1396 in
3513 1345 3618 1398 oris
3641 1343 3765 1399 Cam-

2213 1424 2384 1492 pania:
2422 1425 2695 1494 paulisper
2732 1424 3033 1483 hatrebunt.
3098 1430 3206 1485 Sed
3249 1447 3317 1486 ne
3356 1435 3764 1504 peregrinationis

2211 1529 2395 1589 amara
2464 1517 2802 1582 sustineant,
2880 1519 3186 1578 humanitas
3241 1533 3416 1579 vestra
3500 1529 3762 1595 praestabit.

2209 1608 2387 1675 Quare
2413 1609 2584 1664 vicem
2613 1625 2787 1665 meam
2819 1615 3030 1683 suscipe
3058 1632 3071 1667 :
3098 1623 3157 1670 ut
3182 1616 3271 1685 qui
3302 1631 3444 1671 nunc
3473 1632 3503 1671 a
3528 1607 3671 1672 nobis
3693 1635 3764 1674 ne-

2208 1702 2461 1758 cessitate
2487 1702 2682 1760 divulsi
2709 1713 2867 1770 sunt,
2898 1706 3136 1764 animum
3167 1723 3227 1766 se
3260 1724 3440 1766 meum
3470 1713 3523 1766 in
3554 1721 3602 1768 te
3639 1727 3764 1782 repe-

2207 1792 2342 1848 risse
2370 1794 2637 1852 laetentur.
2663 1795 2872 1854 Valete.

2792 1891 3013 1949 EPIST.
3057 1893 3220 1951 XXII.

2572 2017 2884 2088 SYIIAC'IIUS
2920 2021 3205 2064 NICOIACIII
3248 2024 3425 2066 FILIIS.

2279 2134 2418 2191 Dura
2444 2139 2735 2195 commotio
2760 2149 2864 2210 est,
2891 2157 3052 2214 quam
3087 2144 3257 2217 gignit
3283 2147 3513 2218 injuria:
3541 2150 3634 2206 sed
3660 2153 3763 2208 mol-

2205 2227 2306 2284 lire
2349 2229 2511 2285 debet
2552 2231 2794 2313 dolorem
2842 2237 3104 2313 medicina
3156 2241 3446 2308 patientiae.
3495 2244 3604 2300 Nec
3641 2247 3765 2301 deest

2205 2323 2357 2379 vobis
2389 2339 2513 2378 usus
2541 2306 2766 2382 adversa
2794 2306 3075 2386 tolerandi.
3101 2331 3236 2386 Nam
3266 2334 3463 2390 crebro
3498 2337 3655 2392 ictum
3680 2339 3766 2394 Ior-

2207 2423 2347 2470 tunte
2376 2416 2519 2472 ferre
2544 2417 2823 2502 didicistis.
2856 2422 3010 2488 Quod
3037 2424 3084 2478 si
3116 2424 3168 2478 in
3198 2430 3450 2482 secundis
3480 2432 3641 2486 rebus
3665 2447 3764 2502 age-

2207 2513 2353 2576 retis,
2381 2511 2502 2581 jure
2533 2499 2761 2569 insolitis
2789 2517 2945 2570 malis
2973 2515 3200 2574 felicitas
3229 2519 3540 2578 laederetur.
3576 2499 3766 2580 Ilrec'eo

2205 2605 2407 2672 scribo,
2434 2614 2491 2660 ιιι
2519 2607 2767 2662 miratum
2795 2624 2880 2664 me
2904 2610 3064 2680 scias,
3091 2614 3230 2683 quod
3258 2622 3626 2675 constantiam.
3646 2629 3764 2675 ιιιειω

2204 2697 2271 2753 Iis
2302 2699 2508 2768 privata
2542 2701 2859 2770 mutaverit,
2886 2718 3044 2774 quam
3070 2706 3172 2762 sub
3191 2709 3433 2766 affinium
3464 2717 3677 2771 nomine
3703 2716 3765 2786 (ut

2102 2857 2106 2860 ⁵
2202 2792 2386 2860 opinio
2415 2808 2532 2848 mea
2564 2795 2670 2866 est)
2701 2796 2883 2853 Baiani
2924 2799 3120 2855 littoris
3153 2807 3474 2872 persultator
3515 2811 3764 2866 animavit.

2202 2883 2309 2941 Sed
2337 2887 2412 2942 illi
2437 2888 2578 2943 aliud
2608 2893 2872 2950 mercedis
2892 2898 3017 2952 erit.
3041 2897 3227 2953 Causae
3248 2908 3426 2956 autem
3453 2913 3644 2958 vestrae
3665 2919 3766 2973 pro-

2201 2982 2554 3054 pugnaculum
2579 2983 2831 3054 judiciale
2864 3003 2970 3044 non
2993 2989 3181 3045 defuit.
3212 2991 3765 3068 Impetratum'quippe

2198 3083 2283 3128 est
2310 3075 2377 3130 ab
2415 3077 2584 3153 altero
2613 3078 2978 3148 cognitorum,
3008 3097 3076 3136 ne
3116 3082 3336 3154 impune
3371 3087 3475 3157 sit,
3510 3091 3649 3160 quod
3685 3091 3767 3144 de-

2198 3166 2432 3236 signavit
2465 3169 2776 3238 apparitor:
2810 3171 2876 3226 ab
2905 3172 3076 3230 altero
3111 3187 3168 3231 ut
3205 3176 3495 3234 ltzereditas
3531 3194 3615 3236 tua
3647 3198 3768 3253 pra:-

2199 3266 2394 3314 stetur.
2435 3258 2612 3328 Ipsum
2643 3278 2854 3332 quoque
2894 3266 3169 3322 dominum
3199 3273 3537 3342 qua-stionis,
3565 3289 3681 3330 cum
3721 3289 3769 3330 se

2202 3349 2270 3404 ab
2287 3365 2416 3420 agro
2441 3357 2723 3436 receperit,
2747 3355 3068 3426 admonebo,
3092 3369 3262 3415 utaut
3285 3362 3513 3420 desistat
3535 3369 3766 3437 incepto,

2201 3452 2295 3496 aut
2321 3443 2420 3498 sibi
2453 3430 2696 3514 graviora
2728 3463 2849 3505 esse
2876 3453 3154 3509 referenda
3186 3460 3415 3513 noverit.
3457 3460 3585 3518 llaec
3612 3463 3674 3518 de
3699 3477 3769 3518 re.

2199 3534 2299 3588 bus
2329 3529 2636 3593 domesticis
2676 3540 2808 3595 satis
2845 3543 2984 3598 dicta
3026 3550 3152 3602 sint.
3195 3535 3390 3607 Patria:
3420 3569 3552 3610 vero
3594 3567 3768 3611 nostra

2200 3627 2340 3681 inter
2379 3640 2577 3684 caetera
2618 3630 2980 3688 frumentaria:
3025 3643 3264 3707 penuria:
3292 3644 3466 3714 mala,
3504 3647 3769 3718 legationis

2197 3722 2432 3818 aqttbitus
2471 3729 2781 3798 nequiorem
2827 3735 2996 3791 facem
3039 3740 3294 3796 subdidit.
3348 3732 3482 3799 Nam
3525 3747 3769 3818 principio

2201 3811 2638 3876 Postbumianum
2663 3833 2718 3878 et
2745 3826 3023 3885 Pinianum
3047 3833 3107 3897 di,
3126 3833 3259 3888 obus
3279 3836 3415 3892 aula:
3433 3811 3769 3897 summatibus

2193 3905 2371 3974 junxit
2399 3910 2613 3976 electio,
2645 3915 2745 3969 sub
2773 3931 2835 3972 ea
2863 3925 3211 3989 expressione
3231 3926 3417 3995 judicii
3438 3968 3454 3996 ,
3487 3942 3547 3987 ut
3576 3933 3627 3988 in
3655 3934 3769 4002 ipsis

2197 3998 2328 4051 solis
2365 3999 2522 4068 plena
2550 4019 2670 4060 esse
2700 4007 2891 4077 legatio
2919 4013 3209 4071 diceretur.
3243 4019 3547 4090 lnterjectis
3576 3998 3769 4092 diebus,

2197 4105 2319 4145 cum
2343 4096 2592 4150 mandata
2613 4100 2817 4154 ordinis
2843 4111 3100 4163 tractatus
3123 4112 3477 4181 expenderet,
3509 4116 3769 4172 Paulinum

2197 4184 2303 4239 illis
2339 4189 2511 4242 studia
2541 4192 2744 4260 privata
2770 4195 3089 4264 junxerunt.
3114 4203 3250 4258 Hinc
3279 4217 3398 4261 orta
3427 4212 3658 4266 certatio
3695 4227 3770 4266 us-

2197 4297 2301 4351 que
2323 4288 2388 4338 ad
2421 4286 2650 4346 nefarias
2688 4306 2891 4363 pugnas
2921 4311 3007 4352 me
3049 4299 3271 4357 absente
3300 4307 3588 4373 processit.
3618 4307 3770 4362 Pudet

2197 4377 2400 4444 dicere,
2427 4395 2545 4448 qua:
2571 4383 2623 4436 in
2666 4399 2725 4439 se
2753 4388 3036 4455 optimates
3075 4404 3296 4450 senatus
3323 4399 3554 4456 crimina
3581 4414 3635 4458 et
3668 4417 3770 4457 ma-

2196 4467 2389 4522 ledicta
2416 4474 2760 4540 projecerint.
2785 4478 2889 4532 Sed
2916 4479 3246 4540 dirimendas
3271 4491 3506 4557 partium
3534 4495 3770 4564 quaestio-

2199 4572 2296 4612 nes
2321 4574 2442 4615 meo
2471 4563 2720 4619 dicuntur
2742 4566 2979 4624 doluisse
3011 4572 3233 4640 judicio.
3261 4576 3396 4633 Fors
3437 4563 3660 4650 viderit,
3692 4584 3769 4655 qui

2117 4663 2173 4740 ‘D
2204 4651 2323 4705 linis
2353 4667 2570 4710 causam
2605 4659 2872 4738 publicam
2894 4677 3124 4720 maneat.
3149 4667 3368 4726 Interim
3394 4688 3616 4731 senatus
3645 4651 3770 4730 tanta

2195 4740 2482 4812 laceratur,
2504 4755 2559 4801 et
2583 4736 2921 4808 iuiortunaitis
2949 4755 3110 4810 etiam
3143 4760 3344 4816 crimen
3375 4770 3628 4824 accessit.
3652 4770 3770 4823 Sim
3804 4772 3818 4791 '

2196 4850 2387 4893 manus
2417 4855 2565 4896 meas
2593 4846 2836 4901 venerint
2859 4862 3202 4906 monumenta
3223 4867 3530 4926 gestorum,
3563 4861 3769 4934 legendo

2197 4930 2451 4998 noscetis,
2478 4947 2598 5002 quae
2632 4935 2918 4995 verborum
2964 4955 3205 4999 meorum
3239 4955 3564 5018 verecundia
3614 4930 3770 5010 noluit

2196 5021 2486 5091 explicare.
2520 5026 2719 5083 Valete.

2761 5122 2977 5179 EPIST.
3019 5126 3203 5183 XXIII.

2564 5253 2873 5295 SVMIACIIUS
2910 5257 3197 5300 NICOIACHI
3232 5263 3406 5306 FILIIS.

2267 5349 2431 5404 Debui
2466 5351 2654 5407 litteris
2698 5355 2988 5427 abstinere,
3017 5365 3295 5431 spectabili
3337 5368 3458 5426 viro
3500 5373 3613 5429 filio
3659 5389 3772 5430 meo

2197 5438 2358 5493 Decio
2387 5452 2744 5511 eummeante,
2768 5449 2857 5515 qui
2886 5440 3129 5520 religioni
3162 5467 3354 5513 vestra:
3397 5462 3554 5531 plura
3597 5481 3770 5520 narra-

2193 5529 2299 5596 bit,
2343 5545 2501 5599 quam
2551 5545 2732 5601 posset
2780 5539 3089 5608 paginarum
3143 5554 3320 5603 textus
3363 5529 3641 5623 amplecti.
3674 5557 3771 5613 Sed

2189 5623 2575 5692 jucunditateni
2594 5667 2609 5692 ,
2632 5643 2790 5698 quam
2821 5635 3018 5691 tribuet
3044 5639 3276 5696 fraterna
3301 5653 3618 5718 praesentia,
3644 5651 3771 5723 style

2193 5729 2389 5782 augere
2420 5732 2526 5772 non
2557 5721 2744 5790 piguit.
2781 5723 2982 5782 Idcirco
3014 5733 3348 5790 unanimitati
3378 5752 3574 5796 vestra:
3611 5721 3769 5798 Itono—

2195 5822 2305 5862 rem
2339 5809 2672 5867 salutationis
2702 5816 2968 5887 impertio,
2999 5830 3056 5876 ut
3078 5824 3338 5885 adventus
3361 5833 3469 5889 mei
3500 5849 3764 5905 exspecta,

2194 5901 2268 5956 tio
2295 5903 2403 5957 oris
2430 5919 2648 5968 munere
2679 5908 2965 5968 mitigetur.
2983 5909 3207 5971 Valete.
