3932 6446
181 373 267 428 273
1341 361 1815 430 EPISTULAIIUM
1857 363 2056 417 LIBER
2100 363 2180 419 VI.

703 475 916 532 EPIST.
963 473 1146 528 XXIV.

510 584 817 624 SWMLIACIIUS
858 583 1138 621 NICOMXCHI
1177 582 1351 623 I-‘IIJI‘.

235 665 498 735 Sapricius,
526 665 606 718 vir
632 673 854 717 ornatus
892 677 956 715 ac
991 661 1120 716 mihi
1167 660 1467 724 familiaris,
1499 661 1724 728 diligen-

179 758 282 812 tiam
306 765 490 810 sancte
515 755 882 809 unanimitatis
911 763 1015 807 tua:
1044 753 1158 807 sine
1192 751 1578 818 adstipulatore
1604 767 1721 804 me-

178 852 360 906 ruisset.
389 847 488 902 Sed
516 847 636 915 qttia
665 846 819 915 primi
861 845 1037 900 aditus
1066 859 1248 899 sermo
1274 844 1613 900 commendat
1643 845 1724 897 in-

174 943 402 1013 cognitos,
431 939 738 996 facilitatem
776 940 878 994 sibi
927 939 1302 1009 promerendae
1350 939 1724 992 familiaritatis

174 1046 260 1090 tua:
282 1051 370 1105 per
391 1050 472 1090 me
500 1034 703 1104 optavit
724 1033 943 1104 aperiri.
970 1032 1195 1103 Dignum
1226 1042 1308 1087 est
1339 1033 1516 1100 igitur,
1547 1041 1605 1085 ιιι
1630 1047 1724 1086 cn-

173 1128 468 1198 pidissimutn
514 1127 590 1180 tui
619 1126 780 1181 obvio
806 1139 991 1180 amore
1021 1125 1300 1194 suscipias,
1337 1131 1392 1178 ct
1432 1110 1722 1179 amicitiam

173 1221 452 1287 postulatam
484 1236 590 1274 non
623 1221 675 1273 in
717 1217 857 1290 longi
892 1232 1021 1273 usus
1061 1225 1386 1272 tentamenta
1420 1217 1718 1286 procrasti-

174 1329 269 1376 nes,
298 1313 382 1367 sed
403 1313 576 1368 statim
607 1312 762 1382 parili
786 1312 1060 1368 voluntate
1083 1309 1355 1366 desiderio
1383 1309 1721 1366 adventantis

175 1422 415 1462 occurras.
442 1407 644 1462 Valete.

704 1498 924 1555 I'IPIS'I'.
965 1497 1132 1554 XXV.

501 1607 815 1648 SYDHIACIIUS
853 1607 1137 1648 NICOIACIII
1177 1606 1356 1647 FILIIS.

231 1683 513 1739 Zenodotus
556 1685 696 1740 Illius
746 1699 895 1740 meus
948 1684 1182 1740 nondum
1234 1693 1286 1738 te
1335 1681 1726 1738 consuetudine

175 1777 391 1845 propiore
421 1777 701 1847 cognovit,
735 1777 829 1832 sed
873 1776 1014 1831 fama
1045 1775 1364 1832 conciliante
1407 1775 1517 1845 jam
1552 1774 1734 1848 suscis

3310 367 3418 431 επ

1745 475 1795 536 Α
1823 472 2249 531 dimensinnibus
2281 480 2548 534 communi
2589 481 2858 540 desiderio
2887 485 3198 542 satisfacere
3231 486 3416 560 digne-

1831 566 1977 620 mini.
2018 567 2216 623 Vale-te.

2396 665 2611 720 EPIST.
2656 666 2846 722 XXIX.

2197 770 2501 811 δγδιλιλειιυε
2542 773 2826 816 NICOIACIII
2866 775 3040 834 FILIIS.

1903 846 2148 902 Dicendm
2186 849 2336 904 vobis
2383 851 2572 906 salutis
2618 854 2864 918 occasio,
2910 865 2964 910 et
3010 854 3295 924 quaerenda
3341 863 3423 909 est

1831 937 1956 992 tnihi
1986 953 2130 1008 sn'pe
2162 942 2204 994 si
2235 941 2392 1005 desit,
2425 954 2478 998 et
2503 944 2898 1014 amplectenda,
2926 946 2970 1000 si
2998 955 3192 1015 praesto
3223 945 3322 1008 sit;
3357 960 3422 997 ca

1830 1030 2059 1083 maxime
2093 1041 2366 1099 tempore,
2399 1050 2505 1103 quo
2530 1034 2599 1090 de
2631 1035 2754 1090 filim
2786 1051 2920 1092 mea:
2955 1036 3184 1090 sanitate
3222 1034 3421 1088 sollici-

1831 1127 1934 1185 tor,
1971 1121 2123 1190 cujus
2153 1123 2512 1180 valetudinem
2556 1127 2719 1182 credo
2763 1128 2924 1183 etiam
2950 1127 3172 1196 jejuniis
3211 1127 3420 1180 saucia-

1831 1221 1957 1267 tam.
1991 1215 2266 1271 Absolvite
2295 1217 2458 1287 igitur
2485 1227 2684 1274 metum
2718 1201 2959 1274 nostrum
2991 1219 3178 1273 nuntio
3199 1232 3422 1287 prospe-

1829 1321 2034 1362 rorum.
2072 1308 2194 1363 Mihi
2225 1311 2387 1364 etiam
2420 1326 2562 1367 nunc
2587 1305 2806 1382 gressus
2834 1313 3076 1367 infirmus
3103 1318 3206 1367 est.
3234 1310 3341 1365 Sed
3373 1311 3421 1365 si

1829 1406 2007 1467 optata
2050 1399 2118 1454 de
2155 1400 2306 1456 vobis
2345 1412 2561 1458 mutuus
2589 1418 2772 1459 sermo
2807 1404 3118 1473 pertulerit,
3171 1403 3418 1472 protinus

1828 1493 2131 1561 corpusculi
2162 1494 2379 1563 querela
2419 1497 2713 1551 sedabitur.
2748 1496 2863 1551 Non
2893 1495 3165 1551 omiserim
3193 1497 3420 1566 jungere

1831 1588 2056 1657 paginae,
2083 1590 2223 1658 quod
2255 1589 2631 1645 Martinianum
2659 1592 2942 1647 conventio
2967 1591 3235 1661 jndicialis
3252 1605 3420 1659 cxpuo

1832 1681 1985 1747 lerit;
2016 1685 2098 1736 cui
2141 1692 2320 1738 tantus
2349 1692 2525 1739 terror
2552 1687 2799 1740 incussus
2828 1696 2911 1740 est
2937 1685 3006 1739 ob
3041 1685 3293 1738 omissam
3329 1684 3421 1737 ditt

1832 1773 1898 1829 ad
1932 1773 2130 1830 Gallias
2154 1775 2541 1846 profectionem
2561 1819 2575 1842 ,
2602 1787 2661 1831 ut
2691 1777 2738 1833 ei
2777 1792 3000 1833 necesse
3031 1776 3191 1832 fuerit
3217 1792 3422 1845 prreve-
3475 1852 3478 1854 γ

175 1871 252 1937 pit.
280 1867 396 1922 Nam
426 1885 544 1923 cum
577 1884 808 1938 propere
849 1870 1092 1924 Lucanos
1120 1884 1181 1923 ac
1210 1867 1422 1923 Brittios
1456 1875 1604 1936 petat
1634 1867 1728 1919 hn-
1759 1850 1808 1910 Β
1834 1871 1948 1926 nire
1982 1871 2175 1926 itinere
2220 1862 2427 1940 privato
2465 1871 2811 1927 exhibitionis
2853 1871 3122 1940 injuriam.
3157 1869 3234 1924 De
3273 1868 3422 1923 Atel-

173 1977 281 2014 norc
303 1971 538 2031 cogente,
572 1962 919 2018 nihilominus
944 1963 998 2016 in
1027 1971 1377 2032 conspectum
1410 1971 1558 2016 tuum
1581 1961 1728 2016 flexo

173 2054 334 2108 itinere
379 2053 537 2123 gestit
591 2069 896 2110 excurrere.
945 2053 1096 2108 Ilunc
1145 2055 1197 2108 in
1246 2052 1533 2108 amicitiam
1581 2063 1724 2107 tuam

173 2154 383 2215 tanquam
426 2155 774 2215 mystagogns
825 2145 1037 2209 induco,
1084 2155 1244 2214 atque
1291 2145 1343 2198 in
1390 2159 1475 2200 me
1520 2144 1725 2213 recipio

172 2239 355 2306 dignum
385 2254 527 2305 esse,
572 2253 730 2308 quem
761 2238 977 2308 diligas.
1017 2237 1073 2293 Si
1114 2239 1241 2309 quid
1287 2237 1447 2308 igitur
1486 2237 1726 2306 parentis

173 2331 434 2386 testimonio
470 2333 686 2399 tribuis,
724 2332 959 2388 adultam
987 2348 1109 2388 mox
1150 2333 1291 2404 apud
1331 2343 1384 2388 te
1406 2331 1722 2402 religionem

172 2426 343 2492 primus
361 2427 531 2482 aditus
557 2426 896 2482 adventantis
921 2427 1188 2492 inveniat;
1219 2441 1446 2496 eamque
1465 2425 1725 2480 continuo

173 2519 436 2586 experiatur
454 2517 763 2574 facilitatem
785 2519 859 2574 tui
884 2519 1137 2588 pectoris.
1156 2532 1313 2585 quam
1330 2517 1430 2574 scit
1453 2531 1722 2587 nunquam

172 2610 366 2666 delatam
386 2627 500 2669 esse
528 2612 772 2667 novitati.
800 2610 1004 2667 Valete.

704 2727 920 2785 EPIST.
963 2727 1156 2783 XXVI.

503 2841 602 2878 εἴη
612 2838 816 2879 δμοίως
854 2838 1139 2879 NICOIIACIII
1179 2837 1352 2878 FILIIS.

231 2939 312 2995 Diu
340 2955 544 2996 mecum
583 2941 696 3012 ipse
721 2930 1003 3005 contendi,
1036 2949 1094 2994 ut
1118 2938 1186 2994 ad
1217 2955 1311 2994 vos
1357 2940 1548 3009 pignus
1578 2953 1727 2992 com«

173 3048 304 3090 mune
335 3035 657 3092 dimitterent
677 3080 692 3103 ,
716 3035 810 3090 sed
843 3034 974 3090 vicit
1001 3025 1236 3100 affectio,
1272 3035 1504 3088 maxime
1543 3048 1726 3088 assur-

175 3135 303 3191 gente
325 3129 528 3197 specula
570 3128 960 3198 proficientium
988 3126 1350 3183 conditorum.
1379 3127 1510 3182 Nam
1539 3126 1724 3196 viginti

174 3216 268 3272 dies
295 3219 427 3275 urbis
454 3220 730 3276 alimoniis
761 3235 920 3290 parca
960 3220 1172 3275 interim
1220 3219 1481 3288 promittit
1519 3234 1723 3288 expen-
1755 3234 1803 3299 ο

175 3305 256 3362 εἷθ’.
294 3310 545 3367 Praeterea
599 3312 916 3381 amplissimi
969 3312 1172 3366 ordinis
1225 3311 1457 3366 secunda
1510 3309 1728 3366 collatio

172 3415 475 3458 accessurum
505 3406 788 3460 securitati
811 3403 1011 3475 aliquid
1041 3405 1338 3474 pollicetur.
1369 3403 1728 3478 Nihilominus

176 3493 306 3548 etiam
333 3497 498 3551 carnis
524 3496 736 3552 oblatio
781 3496 991 3551 animos
1033 3497 1290 3551 Romanae
1320 3497 1492 3566 plebis
1531 3497 1723 3552 erexit.

178 3581 338 3640 Redire
362 3587 518 3657 igitur
550 3589 619 3642 ad
651 3603 746 3642 vos
770 3588 1010 3658 iumenta
1045 3591 1272 3659 pra-cepi
1293 3630 1308 3653 ,
1338 3602 1502 3658 agens
1528 3589 1728 3659 gratias

178 3677 292 3742 quod
317 3683 682 3738 necessitatem
711 3682 892 3737 fratr.s
921 3683 1081 3738 vestri
1109 3684 1362 3752 congruis
1385 3683 1728 3739 adminiculis

175 3767 397 3835 iuveritis.
455 3774 780 3845 Legatorutn
829 3774 1006 3829 adhuc
1060 3775 1272 3829 vacillat
1325 3775 1538 3829 electio.
1595 3775 1728 3831 Nam

176 3859 524 3921 Postbumiano
558 3879 613 3921 et
648 3867 892 3931 Piniano,
924 3881 1061 3936 quos
1105 3883 1134 3920 a
1184 3867 1446 3936 principio
1491 3866 1728 3921 mandati

175 3954 243 4010 sui
267 3968 467 4014 senatus
506 3969 829 4029 agnoverat,
859 3960 1046 4038 tertius
1083 3959 1336 4014 Paulinus
1363 3959 1646 4028 asseritur,
1674 3969 1730 4014 ct

177 4046 333 4104 divisis
375 4053 422 4106 in
475 4052 654 4107 studia
702 4051 940 4122 partibus
987 4050 1162 4106 adhuc
1200 4050 1440 4105 differtur
1494 4052 1725 4117 utilitas;

174 4152 272 4194 cum
318 4144 600 4198 terminum
643 4143 1068 4200 confirmationis
1114 4145 1413 4213 acceperit,
1459 4143 1613 4214 plena
1637 4160 1726 4200 co-

177 4231 316 4298 gnitio
341 4235 630 4293 deferetur.
669 4236 876 4293 Valete.
1017 4273 1036 4290 -.

707 4326 920 4382 EPIST.
964 4327 1004 4382 X
1018 4327 1176 4385 XVII.
1272 4363 1276 4367 λ

501 4434 817 4475 ετωηειιυε
856 4436 1137 4477 NICOIACIII
1181 4437 1358 4477 FILIIS.

232 4505 440 4566 Uberius
481 4513 827 4567 scribendum
859 4521 968 4580 est,
1000 4513 1045 4567 si
1085 4513 1537 4570 commendentur
1576 4515 1726 4571 inco—

174 4600 299 4663 gniti.
339 4603 532 4658 Justini
575 4613 752 4658 autem
800 4604 1104 4675 gravissimi
1150 4614 1311 4676 atque
1362 4607 1726 4662 honestissimi
1756 4623 1812 4685 ι)

175 4689 254 4744 viri
277 4695 480 4764 antiqua
526 4695 806 4751 nobiscum
846 4697 1181 4752 familiaritas
1209 4698 1602 4754 conciliationis
1633 4699 1728 4754 ad-

177 4783 452 4840 ntiniculnm
483 4803 593 4842 non
633 4789 878 4857 requirit.
916 4788 1057 4844 Satis
1091 4791 1394 4860 estigitur,
1423 4792 1466 4844 si
1499 4791 1548 4844 ci
1581 4806 1726 4845 amo-

174 4887 266 4930 rctn
293 4879 501 4934 solitum
523 4881 802 4937 deferatis.
832 4882 962 4950 Qua:
991 4899 1118 4940 vero
1139 4885 1204 4938 ad
1236 4901 1332 4940 nos
1360 4885 1650 4955 pertinent,
1673 4895 1729 4940 et

176 4969 384 5029 prnxittle
427 4972 768 5028 nnanimitati
817 4982 1012 5029 vestrae
1058 4975 1251 5031 litteris
1296 4976 1527 5033 indicata
1572 4987 1726 5045 sunt,

178 5073 292 5117 nunc
316 5079 403 5121 ore
429 5066 599 5136 ipsius
627 5068 947 5138 pandentur.
973 5069 1179 5125 Valete.

695 5185 902 5242 EPIST.
946 5186 1180 5243 XXVIII.

514 5293 821 5363 SYIIACIIUS
859 5295 1140 5336 NICONACIII
1183 5297 1358 5336 I-‘ILilS.

233 5387 280 5443 Si
309 5391 430 5461 qttid
459 5391 665 5448 homini
690 5402 857 5448 tntum
881 5404 985 5458 est,
1016 5395 1066 5448 in
1097 5410 1246 5465 spcm
1271 5396 1393 5450 vitae
1420 5396 1623 5452 redisse
1645 5413 1730 5454 me

176 5479 334 5536 nuntio
380 5495 499 5554 post
541 5485 874 5540 internorum
921 5486 1156 5542 dolorem
1177 5528 1192 5553 ,
1222 5487 1312 5558 qui
1351 5504 1435 5544 me
1464 5489 1616 5544 vobis
1646 5505 1731 5545 re-

176 5584 309 5636 pente
325 5576 680 5634 subtraxerat.
708 5579 764 5635 Si
792 5578 918 5650 quid
941 5579 1107 5650 igitur
1125 5581 1278 5638 vobis
1297 5597 1545 5654 aSperum
1573 5584 1729 5641 fama:
1759 5639 1766 5646 .

165 5661 360 5724 licentia
386 5673 674 5741 nuntiavit,
720 5673 958 5743 antiquet
988 5673 1205 5729 oblivio.
1227 5674 1511 5746 Praecipue
1548 5685 1730 5732 autem

179 5755 490 5827 impetratum
522 5763 678 5829 volo,
719 5779 784 5819 ne
815 5764 1106 5834 improvida
1147 5765 1507 5824 sollicitudine
1546 5783 1732 5824 recur-

176 5849 305 5908 ratis.
329 5851 432 5910 Sed
460 5855 586 5927 quia
626 5869 712 5914 res
738 5859 896 5915 vertit
923 5856 990 5915 ad
1029 5857 1286 5928 salutem,
1319 5858 1482 5929 justis
1521 5860 1732 5918 itineris

1832 1967 1952 2020 Iano
1979 1966 2106 2036 qttid
2141 1967 2257 2023 fieri
2279 1967 2525 2033 velimus,
2557 1967 2732 2022 amico
2760 1966 3151 2022 interveniente
3174 1963 3423 2034 ancsivit

1830 2058 2060 2114 auditor.
2107 2060 2412 2131 Respondi,
2466 2059 2867 2130 postjudicium
2914 2057 3209 2114 sacerdotis
3253 2057 3425 2111 solam

1829 2169 1915 2208 me
1939 2164 2257 2223 exspectare
2280 2154 2568 2210 vindictam
2603 2154 2848 2210 conflata:
2875 2168 3043 2223 nuper
3068 2151 3305 2206 invidie.
3335 2149 3426 2205 Ni-

1834 2245 2124 2302 hilominus
2157 2247 2208 2301 in
2230 2247 2513 2303 arbitrium
2539 2254 2687 2301 tuttm
2711 2245 2994 2302 statuenda
3022 2244 3205 2314 rejeci.
3228 2243 3428 2309 Qum

1829 2337 2011 2406 igitur,
2040 2347 2098 2392 ttt
2127 2338 2270 2394 inter
2295 2338 2550 2393 feriarum
2579 2352 2758 2394 moras
2779 2379 2794 2403 ,
2833 2337 2959 2407 quid
2989 2336 3130 2391 facto
3154 2349 3290 2406 opus
3314 2335 3422 2404 sit,

1829 2432 2069 2502 digneris
2100 2433 2340 2504 aperire;
2373 2433 2642 2502 simulque
2679 2433 2884 2502 cogites
2921 2439 3107 2488 contra
3151 2430 3428 2485 interven-

1831 2534 1942 2579 tum
1992 2535 2074 2580 tot
2114 2525 2443 2593 antistitum,
2492 2525 2617 2596 quid
2669 2525 2839 2594 possit
2878 2525 3077 2593 magis,
3108 2536 3266 2592 quam
3295 2520 3426 2591 quid

1828 2619 2024 2674 debeat
2052 2620 2356 2690 impetrari.
2381 2619 2568 2691 Neque
2590 2619 2734 2674 enim
2758 2617 2985 2688 iustitia:
3009 2625 3064 2671 et
3093 2614 3421 2671 innocentiae

1830 2709 2025 2765 deferri
2059 2711 2343 2779 plurimum
2383 2717 2596 2780 potest,
2629 2725 2751 2766 cum
2799 2709 2905 2765 illis
2941 2709 3242 2764 reverentia
3285 2703 3426 2762 reli-

1827 2801 2002 2871 gionis
2023 2804 2330 2873 opp-mitur.
2359 2802 2566 2858 Valete.
3427 2797 3430 2800 ’

2397 2892 2618 2950 EPIST.
2663 2893 2835 2948 XXX.

2203 3000 2516 3041 SYIIACIIUS
2555 2999 2712 3040 NICOI
2721 2999 2838 3039 Αοηι
2878 2995 3056 3037 Ριιιιε.

1901 3081 2190 3150 Postquam
2226 3079 2528 3135 dimisimus
2575 3093 2832 3149 puerum,
2883 3075 3084 3130 multus
3123 3065 3312 3128 rumor
3339 3071 3425 3127 in-

1831 3173 2061 3240 crebuit,
2091 3173 2428 3229 sanctitatem
2459 3180 2602 3226 tuam
2636 3170 2807 3226 sacris
2839 3168 3028 3225 litteris
3052 3165 3422 3224 evocandam:

1834 3267 1903 3320 ita
1936 3273 1994 3320 ut
2023 3263 2184 3320 etiam
2217 3279 2413 3320 nomen
2454 3263 2691 3319 Gratiani
2735 3261 3046 3332 cujusdam,
3096 3260 3184 3331 qui
3231 3258 3422 3328 hujus-

1832 3356 1975 3412 modi
2001 3357 2196 3426 scripta
2231 3355 2532 3426 perlaturus
2559 3355 2844 3421 asseritnr,
2876 3355 2931 3409 in
2961 3353 3172 3424 publico
3191 3365 3286 3407 ore
3305 3365 3424 3405 ver-

1830 3459 1999 3506 setur.
2032 3451 2142 3507 Hoc
2171 3452 2271 3506 etsi
2309 3450 2485 3505 adhuc
2517 3450 2648 3504 milti
2683 3449 2948 3505 incertum
2978 3447 3210 3511 videtur,
3241 3455 3424 3501 tacen-

1830 3545 1957 3599 dum
2001 3553 2178 3600 tamen
2239 3558 2344 3599 non
2403 3542 2630 3599 credidi.
2682 3541 2801 3596 Erit
2853 3554 3078 3596 summa:
3126 3535 3422 3592 divinitatis

1830 3645 2066 3691 statuere
2096 3636 2240 3692 circa
2259 3649 2380 3702 vos,
2399 3634 2720 3691 confirmare
2737 3631 2984 3689 ordinem
3015 3641 3420 3702 prosperorum.

1832 3727 2036 3783 Valete.

2402 3819 2618 3876 EPIST.
2659 3818 2851 3875 XXXI.

2195 3928 2506 3969 SYIIIIACIIUS
2543 3926 2827 3968 NICOSIACIII
2868 3923 3042 3965 PILIIS.

1860 4027 1865 4032 -
1906 4003 2001 4059 Vir
2046 4005 2373 4060 clarissimus
2422 4004 2760 4074 Principius,
2809 4017 3008 4073 genere
3052 4009 3108 4056 et
3157 3998 3424 4068 probitate

1833 4099 2182 4168 conspicuus,
2214 4098 2733 4154 commendationem
2762 4112 2869 4151 non
2897 4095 3123 4164 requirit
3151 4093 3381 4148 alienam
3402 4135 3417 4158 ,

1833 4206 1955 4246 cum
1981 4193 2053 4246 tni
2084 4206 2295 4261 quoque
2328 4191 2378 4245 in
2410 4205 2469 4245 se
2496 4191 2694 4244 amoris
2714 4197 2874 4259 atque
2901 4187 3085 4257 iudicii
3117 4185 3424 4241 testimonio

1834 4283 2112 4353 glorietur.
2146 4281 2308 4349 Cujus
2347 4281 2485 4337 bona
2531 4281 2686 4336 latius
2729 4279 3088 4350 explicarem,
3134 4277 3236 4332 nisi
3278 4283 3425 4332 esset

1834 4390 2011 4445 Opera:
2037 4375 2386 4430 redundantis
2415 4374 2622 4429 cunctis
2647 4383 2769 4427 nota
2801 4373 3081 4443 replicare.
3117 4370 3229 4426 Hoc
3255 4383 3424 4424 unum

1836 4467 2097 4536 adjecisse
2136 4465 2398 4528 sufficiet,
2452 4465 2708 4536 quidquid
2754 4464 2828 4518 illi
2877 4461 3298 4518 honorificentia:
3328 4458 3425 4514 tri-

1836 4560 2037 4622 hueris,
2064 4560 2128 4614 ad
2155 4576 2346 4616 omnes
2373 4560 2563 4626 bonos,
2587 4559 2675 4628 qui
2698 4573 2819 4614 eum
2846 4555 3421 4628 dilignnt,.porvcnire.

1841 4650 2041 4706 Valete.

2394 4742 2610 4798 EI’IST.
2657 4741 2872 4796 XXXII.

2205 4849 2518 4889 δϊδιηλειιυε
2557 4849 2839 4889 ΝΙΕΟΙΙΑΟΙΠ
2880 4847 3051 4887 FILIIS.

1799 4958 1804 4962 -
1873 4929 1964 4982 ~In
2006 4926 2312 4982 suburbano
2358 4927 2494 4996 dego
2540 4941 2774 4981 secessu.
2824 4925 2956 4979 Nam
3005 4933 3060 4979 et
3100 4922 3423 4978 urbanarum

1838 5019 1993 5076 taedet
2025 5019 2387 5074 molestiarum
2412 5059 2426 5084 ,
2458 5027 2514 5074 et
2547 5019 2688 5073 villae
2731 5026 2988 5072 autumno
3017 5013 3314 5070 commodae
3341 5013 3424 5079 iu-

1839 5113 2012 5168 cunda
2043 5113 2434 5168 instauratione
2460 5112 2716 5167 delector.
2757 5111 3022 5166 Praeterea
3069 5107 3424 5177 frequentiam

1840 5204 2001 5271 mihi,
2035 5221 2155 5274 qua:
2180 5205 2292 5260 sola
2325 5199 2508 5260 Romae
2536 5203 2866 5260 honorabilis
2894 5200 3181 5271 judicatur,
3223 5196 3426 5251 amico-

1838 5314 1958 5353 rum
1997 5306 2216 5367 prtcstat
2253 5297 2530 5354 adventus.
2566 5295 2670 5352 Sed
2715 5309 2821 5348 non
2863 5289 3202 5346 mediocriter
3246 5288 3424 5355 nepti-

1839 5391 1975 5446 cula:
2004 5405 2138 5445 mea:
2173 5389 2340 5445 Gallae
2386 5388 2668 5443 infirmitas
2696 5383 2981 5440 conturbat
3009 5380 3102 5436 otii
3142 5378 3308 5435 nostri
3339 5395 3425 5435 se-

1841 5482 2152 5543 curitatem;
2195 5477 2262 5534 de
2307 5493 2410 5549 qua
2463 5487 2522 5532 ut
2568 5476 2772 5531 mature
2822 5473 3099 5527 votiva-et
3141 5471 3426 5527 commoda

1839 5573 2126 5640 nuntietis,
2168 5570 2446 5642 opitulatio
2484 5569 2661 5625 divina
2711 5565 3006 5637 praestabit.
3047 5563 3165 5620 Tibi
3213 5572 3423 5628 autem,

1838 5667 2053 5723 domina
2097 5665 2234 5730 filia,
2278 5672 2534 5736 quantum
2582 5662 2637 5716 in
2677 5660 2792 5716 dies
2835 5659 3075 5730 singulos
3117 5657 3426 5715 refectionis

1839 5762 2092 5826 accedat,
2134 5774 2316 5832 quaeso
2343 5771 2487 5813 cura:
2523 5755 2723 5810 habeas
2767 5753 3024 5810 indicare.
3063 5751 3174 5808 Erit
3204 5753 3306 5806 hoc
3349 5757 3427 5801 te-

1839 5853 2150 5913 stimonium
2180 5850 2418 5920 religiosi
2456 5849 2508 5906 in
2535 5861 2622 5906 me
2646 5845 2814 5908 animi
2849 5846 2954 5912 tui;
2987 5846 3032 5906 si
3061 5854 3118 5904 et
3142 5842 3422 5904 οοηουιιιεσ
