3932 6440
497 367 606 425 978

1632 356 1696 425 Q.
1742 348 2086 412 Αυιιειιυε
2123 345 2560 404 SYMMACHUS.
3663 338 3749 393 27a

499 478 574 534 ris
598 476 834 546 sanitati,
858 484 914 533 et
943 477 994 531 in
1020 472 1260 530 notitiam
1289 484 1461 525 meam
1489 467 1747 538 placitura
1775 459 2072 534 pertuleris.
2107 456 2163 518 Α
2185 455 2347 510 divini
2399 454 2650 524 principis
2689 453 2919 521 alloquia
2960 449 3179 505 deferri.
3235 448 3293 502 In
3338 445 3550 516 negotio
3593 455 3749 499 autem

497 567 704 626 Valete.

1038 655 1255 713 EPIST.
1297 651 1537 708 XXXIII.

863 763 1170 807 SYIIACIIUS
1205 761 1492 804 NICOIAC‘III
1529 757 1705 800 νιιιιδ.

565 843 621 899 Si
647 855 753 913 qua
795 841 972 897 adhuc
1013 840 1084 896 de
1125 839 1307 896 Sicilia
1349 850 1664 907 speramus,
1697 834 1902 889 incerta
1929 839 2076 886 sunt.

494 935 625 990 Nam
657 950 780 992 cum
806 935 999 990 littera
1039 932 1257 988 Eusebii
1299 928 1689 995 nuntiaverint,
1721 925 1922 982 dudum
1951 923 2078 990 circi

491 1040 542 1084 et
575 1042 753 1084 scenas
782 1027 1016 1083 artifices
1047 1028 1362 1098 navigasse,
1391 1025 1551 1080 etiam
1581 1036 1726 1077 nunc
1751 1020 1819 1076 de
1847 1019 2080 1074 adventu

444 1135 448 1142 '
490 1138 679 1179 eorum
712 1136 897 1180 rumor
924 1123 977 1177 in
1005 1131 1196 1191 operto
1223 1127 1306 1175 est
1338 1136 1349 1170 :
1382 1127 1544 1187 atque
1568 1116 1691 1171 ideo
1721 1113 2078 1186 apparitorem

490 1214 686 1284 placuit
715 1213 1005 1286 postulari,
1038 1212 1128 1283 qui
1153 1210 1444 1282 peragratis
1472 1208 1669 1280 ubique
1695 1206 1962 1262 littoribus
1986 1219 2079 1260 ex-

488 1306 693 1373 plorata
723 1304 777 1359 in
806 1319 966 1360 aures
996 1312 1208 1358 nostras
1233 1308 1494 1371 reportet.
1526 1299 1713 1356 Crevit
1739 1301 1918 1353 autem
1950 1309 2078 1352 cura

489 1395 767 1459 ludorum,
802 1402 1082 1464 postquam
1124 1391 1492 1462 frequentibus
1531 1389 1724 1445 studiis
1761 1389 2075 1445 relationem

485 1487 556 1544 de
584 1486 983 1557 amphitheatro
1013 1483 1374 1552 promerendo
1395 1483 1623 1554 populus
1646 1481 1956 1552 postulavit,
1986 1483 2075 1549 qui

484 1593 608 1634 mox
645 1575 845 1646 iudicis
875 1575 1180 1644 impetravit
1207 1588 1510 1631 assensum.
1543 1572 1636 1628 Dei
1669 1579 1828 1626 nutus
1858 1569 2072 1638 efﬁciet,

483 1678 542 1726 ut
567 1683 729 1740 super
753 1668 859 1726 hoc
883 1667 1048 1724 etiam
1081 1666 1250 1723 divini
1277 1666 1536 1739 principis
1571 1665 1863 1722 concordet
1893 1673 2076 1721 aucto.

480 1760 631 1816 ritas.
663 1757 867 1817 Valete.

1020 1849 1240 1909 EPIST.
1282 1848 1524 1906 XXXIV.
1565 1849 1568 1852 ’

848 1956 1160 1999 εῐιιωιιυε
1197 1955 1484 2013 κιεοκλειξι
1524 1953 1698 1996 ῐιἸυιΒ.

550 2030 743 2088 Frater
775 2043 954 2090 vester
995 2031 1088 2088 diu
1117 2032 1281 2089 animi
1321 2031 1547 2089 affectus
1583 2031 1772 2087 dolore
1805 2029 1878 2086 ob
1909 2031 2073 2086 amis-

479 2141 600 2182 sum
645 2127 992 2199 magistrum,
1021 2127 1188 2196 cmpit
1227 2141 1412 2182 aurem
1457 2124 1699 2195 praebere
1740 2122 2067 2193 solantibus,

479 2220 632 2291 cujus
653 2221 968 2278 mmstitudo
992 2235 1076 2276 me
1098 2235 1312 2292 quoque
1341 2219 1575 2289 graviter
1600 2219 1860 2276 sauciavit
1879 2261 1894 2286 ,
1931 2233 2070 2288 pra:-

480 2322 570 2379 ter
584 2313 967 2383 cogitationem
990 2355 1003 2377 ,
1052 2329 1172 2384 quae
1215 2327 1315 2369 nos
1352 2312 1421 2368 de
1457 2313 1706 2383 eligendo
1741 2323 2072 2382 praeceptore

478 2405 745 2460 sollicitat.
779 2405 834 2461 Si
867 2406 1028 2474 igitur
1063 2405 1240 2476 placet
1281 2404 1657 2460 communibus
1687 2403 1880 2459 litteris
1914 2404 1984 2460 ab
2009 2404 2072 2458 il-

478 2495 635 2560 lustri
657 2497 774 2552 viro
799 2496 1040 2553 Adriano
1067 2495 1276 2552 Gallum
1303 2497 1577 2552 rhetorem
1596 2539 1609 2564 ,
1642 2511 1799 2566 quem
1831 2494 2075 2564 proxime

477 2587 742 2643 Eusebius
771 2602 880 2643 non
920 2590 1248 2658 ingesserat,
1282 2587 1644 2658 postulemus,
1686 2602 1753 2643 ne
1790 2587 2067 2658 pignorum

477 2689 786 2735 nostrorum
825 2679 1031 2736 indoles
1063 2681 1116 2736 in
1155 2681 1400 2748 profectu
1437 2680 1608 2747 posita
1646 2681 1944 2735 deseratur.
1987 2681 2070 2734 Me

475 2771 668 2827 futura:
707 2771 994 2838 editionis,
1043 2782 1096 2827 et
1134 2771 1305 2834 labor,
1354 2780 1409 2825 et
1447 2778 1692 2842 sumptus
1729 2778 1968 2828 exercet.
2011 2769 2066 2824 In

475 2865 824 2935 disponendis
839 2864 982 2920 enim
1003 2865 1259 2934 pramiis,
1275 2878 1578 2934 quanquam
1598 2875 1824 2918 numero
1839 2861 2067 2918 vestium

474 2956 605 3014 satis
626 2956 866 3023 afﬂuam,
890 2957 1148 3013 nonnulla
1173 2956 1347 3013 adhuc
1373 2956 1562 3014 deesse
1580 2956 1858 3028 apparatui
1879 2955 2068 3025 depre-

474 3051 670 3109 hendo.
703 3051 909 3108 Valete.

1033 3142 1245 3200 EPIST.
1288 3142 1506 3198 XXXV.

853 3250 1163 3290 BYIIACIIUS
1202 3249 1484 3294 NICOIACBI
1524 3249 1696 3290 FILIIS.

545 3324 794 3394 Quandiu
829 3325 1028 3396 jactata
1059 3326 1364 3380 rumOribus
1395 3335 1596 3380 temere
1629 3323 1949 3380 differuntur
1974 3337 2066 3377 cu-

476 3431 658 3473 rarum
689 3430 888 3472 vacuus
913 3418 1106 3472 otiarc.
1139 3415 1196 3471 Si
1228 3416 1353 3486 quid
1393 3416 1576 3471 auditu
1605 3415 1826 3486 dignum
1857 3414 2067 3484 fideque

475 3509 768 3566 subnixum
813 3509 1084 3566 recentior
1114 3524 1292 3565 sermo
1333 3511 1667 3579 porrexerit,
1714 3524 1888 3580 neque
1932 3525 2069 3562 nun-

477 3601 676 3667 tiandi,
726 3615 901 3671 neque
943 3600 1206 3656 suadendi
1254 3599 1492 3669 partibus
1538 3599 1838 3654 abstinebo.
1895 3594 2068 3653 Unum

477 3694 581 3750 hoc
603 3703 726 3748 ante
749 3693 828 3750 rei
850 3695 1226 3749 necessitatem
1248 3692 1315 3747 de
1338 3707 1458 3746 meo
1479 3706 1630 3746 sume
1651 3690 1897 3756 consilio,
1924 3689 2069 3744 nulla

474 3787 686 3841 ratione
726 3793 780 3842 te
809 3799 967 3855 posse
995 3785 1328 3840 evocationis
1372 3782 1834 3838 honorificentiam
1876 3781 2069 3849 depre-

474 3879 603 3933 cari.
649 3877 723 3933 De
754 3876 919 3933 fratre
948 3886 1127 3933 autem
1155 3885 1336 3932 vestro
1364 3885 1557 3945 praeter
1587 3872 1894 3929 mandatum
1937 3874 2067 3929 nihil

473 3971 635 4026 etiam
665 3985 806 4026 nunc
833 3971 1105 4040 opinionis
1129 3969 1455 4039 accepimus.
1491 3967 1594 4037 Ipsi
1634 3967 1749 4022 haec
1773 3965 1841 4022 de
1867 3967 2067 4035 nuptiis

475 4063 838 4132 05tiensibus,
869 4063 936 4117 ad
967 4078 1123 4134 quas,
1158 4077 1254 4117 nos
1281 4061 1382 4117 viri
1417 4060 1640 4115 illustris
1667 4059 1902 4115 Sallustii
1927 4058 2069 4114 filius

470 4155 652 4226 iunior
685 4157 958 4222 evocavit,
1002 4155 1330 4211 contulimus
1373 4155 1424 4209 in
1458 4154 1726 4224 paginam.
1759 4151 1864 4208 Sed
1896 4152 2068 4208 conti-
2134 4205 2141 4211 .

470 4262 577 4302 nuo
597 4247 943 4320 ohludorum
971 4249 1419 4318 praeparationem
1443 4246 1611 4301 Roma
1644 4244 1933 4314 repetenda
1961 4253 2063 4298 est.

473 4338 569 4402 Diu
599 4341 745 4393 enim
777 4339 911 4395 mihi
938 4341 1036 4396 ista
1065 4340 1304 4396 curanda
1335 4349 1460 4395 sunt
1491 4357 1503 4393 :
1536 4355 1656 4410 qua:
1685 4339 1867 4406 facile,
1901 4339 1943 4393 si
1973 4337 2069 4391 atl-

471 4439 614 4485 esset
657 4430 916 4486 sanctitas
947 4441 1162 4498 vestra,
1209 4432 1510 4487 communis
1560 4431 1831 4500 diligentia
1884 4437 2070 4500 posset

413 4537 415 4540 ‘
471 4519 778 4586 absolvere.
811 4519 1018 4576 Valete.

1011 4611 1229 4668 EPIST.
1274 4612 1515 4667 XXXVI.

846 4716 1158 4760 SYIIMACIIUS
1197 4717 1482 4760 NICOMACHI
1521 4717 1696 4757 FILIIS.

540 4797 673 4851 Cum
707 4795 775 4850 ab
803 4803 994 4864 agente
1022 4795 1074 4849 in
1104 4796 1268 4851 rebus
1293 4809 1463 4850 sacrae
1496 4795 1687 4850 littera:
1714 4793 1848 4848 mihi
1873 4793 2066 4849 redde-

470 4902 681 4958 rentur,
713 4889 908 4960 quibus
937 4888 1002 4943 ad
1027 4888 1261 4944 officium
1293 4888 1535 4957 praacelsi
1559 4887 1657 4942 viri
1684 4886 1919 4942 consulis
1939 4901 2062 4943 evo-
2117 4926 2132 4935 ρ

468 4999 688 5050 cantur;
730 4982 838 5037 vidi
883 4982 1016 5037 alias
1065 4995 1217 5051 teque
1259 4981 1326 5035 ad
1362 4991 1522 5040 tuum
1565 4995 1762 5034 nomen
1807 4979 2062 5045 emissas,

467 5077 663 5147 quibus
695 5083 746 5130 te
781 5072 1184 5128 honorificentia
1227 5071 1524 5148 imperialis
1558 5073 1769 5126 accivit.
1809 5070 2063 5126 Consulis

467 5184 680 5239 quoque
710 5167 908 5236 scripta
949 5165 1090 5221 idem
1134 5178 1301 5236 agens
1345 5163 1611 5219 exhibuit.
1643 5162 1859 5218 Suadeo
1901 5161 2064 5230 igitur

469 5272 681 5319 mature
722 5263 824 5317 iter
865 5259 1136 5325 instruas,
1167 5258 1256 5315 cui
1296 5271 1404 5313 non
1429 5255 1728 5312 cohmrebit
1771 5254 2058 5323 Hispanus.

469 5353 627 5407 Aliud
653 5367 868 5423 quoque
895 5343 1155 5414 accessit.
1195 5349 1338 5418 quod
1369 5352 1420 5404 te
1462 5349 1630 5418 possit
1675 5346 1897 5401 hortari.
1928 5343 2064 5399 Nam

466 5445 548 5499 vir
573 5445 794 5500 illustris
817 5446 982 5500 frater
1005 5457 1160 5498 meus
1184 5441 1489 5508 Neoterius,
1520 5440 1722 5496 domini
1750 5437 1928 5492 fratris
1956 5433 2062 5490 mei

467 5535 781 5599 admirator.
810 5535 877 5591 ad
907 5535 1152 5592 eamdem
1182 5547 1400 5590 causam
1442 5539 1660 5599 rogatus
1682 5571 1696 5595 ,
1747 5526 1940 5582 solatia
1969 5523 2067 5579 tibi

467 5636 524 5683 et
564 5626 875 5697 adjumenta
918 5628 1211 5698 praestabit.
1254 5625 1391 5680 Nolo
1434 5623 1595 5693 igitur
1631 5616 1910 5686 ambigas,
1940 5627 2064 5667 cum

449 5723 607 5778 scias
635 5721 953 5777 auctoritate
985 5720 1227 5791 praecelsi
1255 5717 1352 5772 viri
1383 5717 1585 5770 electas
1615 5709 1912 5766 amicorum
1945 5719 2065 5760 esse

471 5829 761 5882 uersonas.
797 5815 997 5882 tibique
1028 5816 1142 5872 haec
1184 5811 1395 5880 prima,
1428 5813 1552 5876 post
1593 5801 1755 5860 dubia
1802 5797 2062 5865 fortunae,
2119 5889 2136 5898 -

2191 558 2311 612 tuo,
2341 563 2460 618 quae
2497 561 2590 616 per
2629 560 2714 600 me
2755 545 2836 614 agi
2870 544 3112 598 volueras
3141 540 3279 610 apud
3310 544 3556 594 sanctum
3601 537 3750 590 tribu-

2189 657 2314 696 num
2335 682 2350 705 ,
2385 655 2490 696 non
2534 639 2730 694 invitus
2757 637 3049 708 ingredior.
3086 635 3290 690 Interea
3330 632 3394 687 ad
3425 630 3750 686 Formianum

2187 733 2336 789 littus
2363 733 2466 788 iter
2496 720 2779 802 promove,
2813 738 3007 786 etcum
3037 727 3104 782 ad
3133 734 3186 780 te
3211 724 3404 780 delata:
3432 723 3626 777 litterae
3653 720 3752 775 fue-

2185 826 2315 894 rint,
2348 825 2573 881 Romam
2598 822 2754 878 citius
2782 834 3061 877 excurras.
3090 817 3246 872 Vale.

2709 913 2925 970 EPIST.
2966 908 3231 966 XXXVII.

2552 1022 2864 1064 SYIIACIIL‘S
2900 1019 3185 1061 NICOIACIII
3225 1017 3399 1057 FILIIS.

2190 1128 2194 1132 -
2257 1095 2550 1157 Dictionem
2577 1100 2764 1154 salutis
2792 1096 3056 1158 antefero,
3079 1110 3198 1163 qua:
3222 1102 3276 1147 et
3305 1103 3429 1147 voto
3459 1103 3584 1144 meo
3611 1101 3752 1157 supra

2181 1194 2361 1250 omnia
2392 1192 2676 1255 convenit,
2717 1199 2772 1246 et
2814 1189 3076 1244 litterario
3119 1186 3345 1241 debetur
3383 1182 3629 1239 exordio.
3670 1180 3754 1233 De-

2182 1287 2306 1345 hinc
2333 1287 2624 1359 diligentia:
2655 1297 2758 1341 ture
2777 1326 2793 1351 ,
2823 1285 3038 1341 domina
3081 1283 3184 1338 filia
3205 1324 3220 1348 ,
3265 1281 3569 1336 natalitiutn
3597 1279 3754 1333 fratris

2181 1383 2257 1437 tui
2285 1381 2604 1438 commendo
2625 1378 2947 1436 convivium.
2978 1376 3149 1431 llomo
3183 1376 3328 1431 enim
3355 1383 3545 1429 noster
3581 1371 3756 1440 allegat

2182 1477 2301 1548 fuga
2343 1487 2620 1531 nautarum
2665 1475 2843 1530 littora
2885 1472 3158 1528 destituta.
3191 1470 3322 1538 Qum
3354 1484 3442 1523 res
3479 1464 3751 1534 compulit,

2179 1578 2236 1624 ut
2251 1566 2516 1624 sanctitati
2543 1578 2646 1623 tua
2673 1567 2813 1621 factu
2835 1565 3039 1620 minora
3061 1564 3418 1617 com-mittam.
3443 1561 3521 1614 De
3548 1557 3752 1627 publicis

2177 1659 2456 1715 scribenda
2480 1674 2586 1714 non
2612 1667 2933 1730 suppetunt;
2965 1656 3168 1727 absque
3194 1670 3281 1720 eo,
3307 1652 3453 1724 quod
3481 1654 3534 1708 in
3559 1650 3753 1718 Trajani

2178 1750 2353 1819 platea
2384 1750 2536 1806 ruina
2584 1750 2742 1806 unius
2785 1747 2972 1804 insula:
3003 1733 3199 1816 pressit
3235 1744 3546 1800 habitantes
3581 1759 3596 1796 :
3631 1738 3754 1810 quod

2102 1827 2152 1889 Β
2179 1841 2315 1898 adeo
2353 1842 2418 1898 ad
2451 1842 2715 1898 fortunam
2754 1839 2983 1896 vehiculi
3017 1836 3215 1908 publici
3258 1835 3470 1906 plebeia
3504 1834 3662 1890 vertit
3688 1833 3753 1885 inv

2177 1936 2332 2003 vidia,
2368 1945 2427 1993 ut
2447 1937 2556 2008 jam
2592 1935 2802 2006 privato
2826 1943 3037 1990 rectore
3063 1940 3264 1986 utatur.
3297 1929 3456 1984 Vale.

2694 2023 2906 2082 EPIST.
2947 2021 3238 2078 XXXVIII.

2543 2129 2854 2172 SYIIACIUI
2892 2128 3178 2170 NICOIACBI
3216 2125 3390 2168 PILIIS.

2248 2211 2466 2267 Amicus
2497 2218 2683 2265 noster
2710 2210 2940 2265 Severus
2966 2204 3213 2262 molestia
3241 2201 3454 2273 publica
3479 2199 3749 2260 liberatus,

2174 2304 2230 2358 in
2269 2303 2456 2372 patriae
2497 2300 2664 2356 Otium
2697 2299 2954 2364 revertit,
2997 2310 3156 2368 quem
3197 2308 3327 2354 mox
3375 2290 3522 2361 apud
3559 2289 3753 2344 fratrem

2172 2401 2407 2450 “vestrum
2449 2392 2708 2448 vicarium
2739 2388 3088 2461 spectabilem
3128 2387 3338 2450 virum,
3371 2393 3430 2438 et
3469 2381 3752 2437 sanctitatis

2175 2495 2278 2544 tute
2304 2486 2516 2556 pagina,
2543 2492 2598 2538 et
2617 2482 2815 2537 veteris
2837 2481 2978 2534 inter
3001 2491 3096 2534 eos
3117 2474 3526 2543 amiciriazjuvit
3549 2468 3751 2542 agnitio.

2175 2578 2290 2634 Mea
2319 2578 2458 2634 circa
2489 2576 2769 2647 praetorios
2798 2581 3086 2644 apparatus
3113 2585 3242 2626 cura
3270 2569 3592 2624 crebrescit.
3619 2561 3754 2632 Quod

2173 2686 2240 2727 eo
2269 2670 2448 2726 scribo
2466 2709 2482 2735 ,
2513 2680 2572 2724 ut
2601 2668 2864 2738 intelligat
2889 2665 3216 2721 unanimitas
3244 2669 3424 2718 'vestra
3457 2655 3752 2715 adminiculi

2173 2763 2256 2816 sui
2286 2761 2594 2817 societatem
2630 2758 2946 2814 desiderari.
2989 2746 3098 2811 Nec
3128 2770 3250 2809 sum
3279 2753 3608 2820 imperiosus
3645 2761 3755 2803 exa-

2173 2864 2312 2918 ctor,
2344 2863 2401 2908 ut
2440 2853 2530 2923 qui
2570 2853 2765 2916 sciam,
2800 2850 3145 2918 necessitates
3178 2861 3326 2901 meas
3367 2855 3492 2913 post
3536 2852 3754 2899 vestrum

2174 2942 2511 3000 commodum
2543 2940 2909 3004 collocandas.
2935 2938 3072 3005 Sed,
3103 2937 3148 2992 si
3178 2935 3318 2991 bene
3348 2935 3589 2997 aestimo,
3617 2930 3756 2986 satis-

2175 3034 2369 3089 facient
2400 3031 2552 3088 vobis
2580 3031 2646 3087 ad
2677 3030 3020 3086 refectionem
3057 3025 3343 3098 przesentis
3379 3023 3590 3079 mensis
3620 3021 3756 3076 indu-

2173 3127 2291 3182 cite.
2309 3126 2499 3181 Paucis
2523 3123 2759 3179 habitum
2784 3120 3015 3191 propria
3035 3114 3332 3173 voluntatis
3351 3116 3582 3185 exirosui
3608 3132 3621 3171 :
3646 3109 3756 3182 quid

2094 3195 2148 3259 θ
2177 3216 2318 3272 facto
2350 3229 2484 3286 Opus
2523 3215 2619 3280 sit,
2664 3221 2841 3268 vestro
2869 3212 3111 3280 relinquo
3133 3208 3338 3279 judicio
3371 3226 3382 3260 :
3421 3217 3484 3262 ut
3523 3208 3593 3261 sit
3621 3203 3757 3257 vobis

2173 3309 2528 3372 laudabilius,
2575 3305 2709 3362 mihi
2740 3303 2974 3375 gratius,
3005 3301 3149 3373 quod
3176 3302 3517 3371 spontaneus
3553 3295 3758 3354 affectus

2173 3401 2418 3472 elegerit.
2455 3398 2663 3456 Valete.
2769 3423 2779 3431 ο

2718 3484 2934 3541 EPIST.
2979 3481 3225 3538 XXXIX.

2545 3593 2849 3636 stuuacuus
2888 3589 3175 3632 NICOMACHI
3215 3565 3390 3629 PILIIS.

2250 3677 2412 3732 Miror
2443 3688 2667 3744 pueros,
2698 3685 2832 3742 quos
2857 3669 3088 3725 diversis
3112 3667 3305 3723 diebus
3332 3664 3400 3720 ad
3430 3663 3760 3720 sanctitatem

2176 3777 2406 3823 vestram
2439 3765 2712 3830 misimus,
2744 3760 3036 3826 retardari;
3069 3772 3170 3814 nec
3211 3769 3394 3814 tamen
3433 3769 3596 3811 usum
3638 3751 3758 3809 scri-

2175 3860 2372 3932 ptionis
2402 3858 2722 3921 omittimus,
2753 3855 2894 3910 scire
2914 3857 3193 3922 cupientes
3214 3893 3227 3914 ,
3257 3858 3526 3920 quantum
3558 3846 3764 3903 refectio

2177 3952 2481 4023 profecerit.
2527 3950 2900 4005 Incunctanter
2939 3946 3102 4015 igitur
3133 3941 3536 4014 exspectationi
3582 3948 3764 3996 nosu‘a:

2176 4041 2472 4099 satisfaciat
2501 4053 2750 4096 recursus
2779 4035 3021 4105 alloquii.
3051 4033 3258 4089 Valete.

2681 4189 2683 4192 .
2778 4128 2992 4185 EPIST.
3034 4127 3149 4182 XL.

2545 4234 2856 4294 SVlIIACIIUS
2896 4233 3179 4274 NICOIACIII
3217 4233 3394 4272 ιιιιις.

2251 4318 2426 4374 Prima
2467 4314 2594 4371 mihi
2625 4314 2871 4382 voluptas
2900 4319 2977 4366 est
3024 4309 3317 4376 sciscitari,
3365 4323 3534 4378 quem
3579 4314 3765 4362 statum

2177 4413 2422 4470 sanitatis
2469 4408 2710 4464 habeatis
2752 4423 2764 4478 ς
2812 4406 2862 4460 in
2906 4405 3157 4459 secundis
3198 4403 3409 4470 reliqua
3461 4403 3764 4464 collocabo,

2177 4524 2300 4582 quae
2342 4507 2541 4562 dudum
2589 4500 2907 4573 requirenda
2958 4499 3207 4554 duxistis.
3260 4497 3540 4554 Gravibus
3592 4496 3767 4553 civitas

2092 4575 2152 4638 Ῑ)
2178 4575 2500 4658 sollicitatur
2526 4593 2749 4651 ostentis
2774 4636 2788 4659 ,
2817 4606 3043 4662 quormu
3072 4591 3276 4646 leviora
3321 4602 3611 4660 prmtereo.
3647 4585 3770 4659 Illud

2179 4702 2304 4750 ante
2332 4691 2511 4746 omnia
2542 4685 2915 4756 interpretatio
2949 4683 3115 4738 tristis
3158 4683 3460 4747 horrescit,
3509 4681 3653 4753 quod
3680 4692 3766 4734 na-

2179 4785 2270 4841 tali
2305 4783 2464 4839 Urbis
2496 4777 2771 4834 suffectum
2797 4775 3069 4830 consulem
3099 4789 3290 4828 currus
3320 4790 3431 4843 quo
3461 4774 3765 4834 vehebatur,

2177 4871 2382 4931 evolvit
2412 4887 2505 4942 por
2531 4868 2782 4924 ferociam
2814 4867 3075 4934 bigarum,
3106 4879 3226 4934 qua:
3251 4865 3598 4932 triumphum
3621 4863 3768 4918 Vehe-

2180 4970 2328 5022 bant.
2367 4966 2547 5034 Itaque
2577 4963 2805 5031 palmata
2850 4961 3109 5024 amictus,
3144 4967 3200 5012 et
3232 4959 3514 5015 consulari
3560 4955 3769 5027 insignis

2171 5068 2388 5123 ornatu,
2418 5057 2583 5110 fracto
2603 5066 2758 5107 crure
2778 5051 3018 5106 sublatus
3039 5059 3142 5104 est.
3161 5047 3403 5105 OfI'endit
3428 5063 3523 5106 me
3548 5050 3768 5104 infausta

2172 5151 2430 5214 narratio,
2464 5153 2625 5215 atque
2655 5143 2780 5197 ideo
2802 5142 2854 5195 in
2881 5139 2981 5195 hac
3009 5140 3362 5210 expositione
3387 5142 3626 5197 servabo
3651 5141 3765 5195 bre-

2173 5245 2417 5318 vitatem.
2453 5238 2569 5292 Tibi
2596 5237 2648 5290 in
2676 5235 2790 5289 dies
2815 5235 3076 5303 singulos,
3104 5234 3274 5288 decus
3305 5244 3562 5290 nostrum
3583 5275 3598 5301 ,
3631 5230 3769 5289 domi

2175 5324 2414 5402 forisque
2455 5331 2594 5384 fama
2621 5327 2900 5382 florentior
2926 5335 3033 5381 est.
3080 5327 3146 5381 Et
3174 5329 3530 5395 praesentium
3562 5327 3771 5400 quidem

2176 5439 2355 5482 rerum
2386 5437 2484 5477 nos
2524 5428 2691 5474 testes
2714 5433 2919 5473 sumus.
2954 5419 3190 5473 Externa
3214 5419 3420 5486 judicia
3457 5415 3771 5476 Caecilianus

2173 5513 2432 5576 asseruit,
2461 5527 2490 5567 a
2517 5525 2622 5580 quo
2653 5511 2924 5580 sigillatim
2952 5510 3119 5565 relata
3143 5526 3474 5568 enumerare
3508 5512 3771 5568 fastidium

2174 5616 2292 5674 est,
2332 5619 2453 5660 cum
2499 5606 2554 5657 in
2597 5619 2802 5658 summa
2832 5603 3018 5674 gloriae
3047 5611 3153 5657 tua:
3193 5613 3393 5660 cuncta
3428 5606 3772 5661 conveniant.

2111 5699 2117 5709 ‘
2176 5699 2456 5755 Dominam
2486 5696 2647 5750 filiam
2673 5710 2846 5750 meam
2868 5695 3151 5764 salutatam
3177 5710 3304 5751 cum
3331 5696 3670 5769 dulcissimis
3692 5710 3770 5752 ηε,

2176 5791 2390 5862 potilius
2417 5791 2556 5856 volo,
2587 5804 2704 5859 qua:
2729 5797 2780 5842 te
2810 5785 3161 5841 contexendis
3186 5785 3238 5842 in
3271 5796 3597 5858 apparatum
3628 5785 3770 5868 ludoz
