3932 6432
181 383 282 438 277
1381 358 1858 432 EPISTOLARUIII
1900 372 2101 430 mssa
2144 371 2230 430 vr.
2670 373 2671 376 ‘
3338 361 3437 436 97's

176 508 296 547 rum
342 491 576 547 vestibus
622 492 868 562 religiose
906 506 936 546 a
986 492 1140 547 nobis
1185 491 1351 546 voluit
1398 489 1750 548 commoneri.
1781 480 1832 552 Ᾱ
1861 489 2025 544 animi
2055 491 2158 545 mei
2191 499 2441 562 tanquam
2468 492 2838 561 intempestiva
2873 494 3158 563 praetereo,
3187 500 3240 545 et
3263 503 3437 548 tamen

177 588 319 642 Sciet
346 586 501 657 igitur
530 601 591 640 ex
614 585 870 652 subditis,
900 584 1026 655 quid
1068 585 1120 640 in
1151 586 1579 656 supplementum
1608 600 1748 659 prae
1855 581 2324 637 commonitorium
2346 583 2501 652 junxi
2520 626 2534 650 ,
2580 586 2722 655 quod
2753 584 2912 640 velim
2943 581 3158 642 redacta
3203 585 3254 638 in
3287 592 3437 638 tran-

175 681 325 735 torize
345 677 605 750 largitatis
629 685 876 747 oporteat
900 677 1208 748 prtuparari.
1248 677 1449 735 Valete.
1855 673 2080 746 quillum
2107 674 2337 731 sanitate
2365 677 2696 732 consideres.
2728 679 2934 734 Valete.

766 769 986 827 EPIST.
1027 768 1163 824 XLI.
2421 767 2638 824 EPIST.
2673 769 2855 824 XLVI.

539 878 848 921 SYIIACIUS
885 877 1168 919 NICOIACHI
1203 876 1376 918 PILIIB.

2243 880 2550 922 SYIIACBUS
2579 880 2865 922 NICOIACHI
2890 879 3064 921 ιἰιιιε.

237 957 380 1013 Male
402 964 488 1014 est
511 956 690 1013 animo
707 1001 722 1026 ,
765 965 1046 1027 postquam
1090 955 1253 1011 ﬁliam
1292 967 1466 1009 meam
1512 965 1749 1023 compcrt
1924 956 2110 1015 Nullas
2129 959 2344 1029 quidem
2371 959 2526 1014 nobis
2551 973 2646 1028 per
2669 959 2940 1014 hominem
2959 967 3202 1014 nostrum
3230 957 3434 1012 litteras

166 1059 428 1134 consueto
452 1050 641 1106 dolore
677 1050 896 1115 vexari;
926 1058 980 1106 et
1007 1051 1106 1104 iter
1135 1048 1202 1103 ad
1236 1060 1330 1104 vos
1372 1046 1628 1101 inchoare
1654 1060 1748 1100 νο·
1851 1048 2138 1106 detulistis.
2188 1051 2295 1106 Sed
2340 1051 2472 1106 mihi
2510 1051 2783 1107 silentium
2825 1050 3192 1105 unanimitatis
3236 1056 3432 1104 vestrae

166 1144 408 1207 luissem.
444 1142 549 1198 nisi
573 1153 632 1199 et
655 1158 742 1199 me
770 1142 1005 1213 gravedo
1031 1140 1254 1209 capitis,
1283 1147 1340 1194 et
1367 1136 1745 1209 Symmachum
1851 1158 2186 1216 nequaquam
2219 1143 2366 1202 licuit
2397 1146 2660 1212 aemulari,
2701 1146 2786 1202 vel
2825 1145 2967 1215 quod
3001 1147 3073 1200 ita
3103 1145 3428 1212 sollicitudo,
3526 1149 3528 1152 ’

164 1245 408 1291 nostrum
440 1234 604 1292 febris
649 1235 865 1304 inopina
895 1235 1153 1291 retineret
1191 1251 1204 1285 :
1243 1231 1397 1302 cujus
1440 1231 1748 1305 corporales
1849 1250 2010 1306 quam
2040 1235 2125 1292 de
2166 1252 2252 1292 me
2294 1253 2400 1293 non
2441 1237 2639 1293 frustra
2685 1238 2900 1308 geritis,
2954 1237 3288 1307 postulabat,
3344 1236 3433 1289 νει

160 1330 412 1399 querelas
440 1339 658 1402 praestat
685 1330 866 1395 silere,
897 1344 966 1386 ne
995 1327 1295 1384 sanctitatis
1326 1334 1519 1382 vestrae
1547 1325 1747 1381 sollici-
1851 1328 1993 1397 quod
2019 1345 2104 1386 me
2144 1329 2198 1384 in
2243 1329 2417 1386 ofﬁcia
2445 1329 2754 1400 scriptionis
2801 1344 2952 1384 amor
2982 1343 3140 1384 verus
3183 1327 3430 1397 impellit.

161 1424 285 1478 tudo
314 1424 640 1494 geminetur.
674 1423 741 1479 Et
769 1432 915 1479 certe
944 1425 1109 1478 frater
1137 1436 1288 1478 meus
1321 1419 1620 1485 Comazon,
1652 1419 1745 1474 de-
1850 1419 2073 1476 Gratum
2117 1421 2270 1476 vobis
2301 1421 2466 1478 fuisse
2497 1421 2693 1478 factum
2725 1437 2904 1477 meum
2946 1419 3193 1491 rescripti
3229 1418 3434 1476 vicissi-

158 1515 364 1572 siderio
393 1526 579 1573 vestro
609 1515 741 1571 urbe
768 1514 1041 1585 digressus
1063 1557 1078 1582 ,
1109 1513 1433 1569 cumulatius
1457 1527 1577 1583 quae
1599 1518 1744 1566 tace-
1851 1507 1978 1566 tudo
2003 1511 2301 1568 testabitur.
2338 1511 2538 1568 Valete.

157 1623 273 1662 mus
303 1609 582 1681 expediet.
612 1608 889 1665 Postulare
914 1623 1023 1664 non
1051 1606 1244 1674 debeo,
1277 1606 1416 1678 quod
1446 1613 1638 1674 sponte
1665 1601 1744 1656 fa-
2410 1603 2620 1660 EPIST.
2663 1600 2870 1660 XLVII.

155 1701 342 1770 cietis,
381 1711 440 1758 ut
465 1717 726 1758 curarum
741 1710 1043 1758 nostrarum
1081 1700 1499 1771 magnitudinem
1529 1696 1740 1767 scriptis
2238 1712 2540 1754 svuuacuus
2570 1697 2852 1754 stcouscnI
2879 1714 3052 1754 rILIIs.

157 1795 454 1852 latioribus
476 1795 860 1869 comprimatis.
887 1793 1091 1849 Valete.
1787 1839 1804 1869 λ
1922 1789 2082 1846 Urbis
2110 1793 2320 1863 negotia
2359 1806 2461 1847 nec
2491 1801 2643 1847 vacat
2671 1793 2827 1858 scire,
2860 1808 2960 1848 nec
2990 1792 3118 1848 libet
3149 1791 3386 1847 scribere
3417 1808 3431 1845 :

742 1839 860 1852 -.....
904 1839 1091 1849 ..ην-ν.
1928 1839 2081 1846 -----
2110 1839 2320 1863 πον---
2360 1839 2459 1847 -.η
2501 1839 2643 1847 ._-_-
2672 1839 2827 1858 --.--,
2860 1839 2960 1848 ..η
2990 1839 3118 1848 η---
3150 1839 3385 1847 _--.___-
3417 1839 3431 1845 -

742 1886 960 1944 EPIST.
1001 1883 1158 1942 XLII.
1395 1911 1404 1921 -
1771 1839 1822 1930 Ϊῖ
1849 1883 2062 1938 animus
2085 1883 2226 1938 enim
2260 1897 2410 1936 meus
2436 1882 2625 1936 morbo
2654 1884 2895 1953 corporis
2924 1891 3244 1954 occupatus,
3273 1882 3434 1937 rebus

525 1995 832 2036 SYIIACHUS
870 1994 1152 2035 mcoucnr
1193 1992 1365 2032 rILIIs.
1848 1973 2040 2030 alienis
2069 1989 2252 2028 curam
2282 1976 2451 2029 nescit
2479 1973 2780 2030 intendere.
2835 1975 3005 2031 Unum
3055 1975 3156 2030 hoc
3206 1977 3318 2030 scio
3365 1977 3433 2028 de

222 2072 451 2128 Eusebii
483 2088 652 2144 nuper
672 2073 882 2130 litteras
911 2071 1145 2141 sumpsi,
1171 2071 1366 2142 quibus
1404 2069 1617 2140 aurigas
1646 2083 1742 2124 no-
1848 2065 2204 2121 seditionibus
2251 2065 2466 2121 nuntios
2510 2053 2629 2121 esse
2675 2055 2971 2132 mentitos;
3015 2067 3171 2137 a'tque
3223 2063 3357 2121 adeo
3403 2081 3434 2120 a

152 2171 290 2218 stros
327 2172 391 2220 et
419 2164 624 2235 aliquos
661 2158 918 2220 scenicos
956 2164 1078 2218 navi
1112 2161 1427 2232 impositos,
1461 2171 1514 2216 et
1551 2173 1742 2216 secun-
1852 2152 1982 2214 vero
2013 2160 2300 2216 dissentire
2327 2175 2592 2226 rumores,
2631 2172 2685 2215 ut
2717 2153 2987 2230 nunquam
3024 2149 3212 2230 majori
3244 2161 3435 2230 plausu

151 2255 272 2311 dum
302 2265 637 2327 praeceptum
668 2271 848 2314 meum
893 2256 1086 2312 missos
1123 2255 1191 2312 ad
1219 2254 1568 2324 Campaniam
1598 2265 1738 2308 nun-
1782 2293 1794 2301 .
1851 2243 2167 2322 praefectura
2196 2253 2466 2309 celebrata
2497 2253 2582 2308 sit.
2612 2247 2800 2324 Itaque
2819 2253 2993 2308 studia
3020 2253 3190 2323 plebis
3214 2256 3264 2306 in
3293 2247 3434 2321 judi-

152 2347 315 2402 tiavit.
351 2347 553 2404 lubeat
601 2349 760 2419 igitur
805 2349 1062 2405 sanctitas
1087 2359 1263 2404 vestra
1302 2347 1741 2417 diligentissimos
1849 2364 1967 2403 cem
2002 2346 2155 2403 favor
2186 2361 2399 2420 quoque
2422 2347 2627 2402 ordinis
2657 2335 2960 2402 aemulatur.
2986 2345 3110 2400 Haec
3141 2341 3209 2399 ad
3238 2361 3356 2412 nos,
3390 2344 3435 2402 si

150 2450 484 2497 scrutatores
510 2451 680 2512 usque
722 2440 1116 2499 Salernitanum
1162 2441 1313 2496 littus
1353 2439 1648 2504 accedere,
1680 2449 1742 2496 ut
1848 2461 1952 2518 qua
1983 2445 2228 2500 dolorum
2271 2435 2617 2515 intercapedo
2654 2443 2887 2497 admittit
2917 2435 3090 2497 ofﬁcia
3120 2441 3434 2506 visentium,

149 2544 433 2606 susceptos
461 2535 717 2607 Neapolin
749 2546 1160 2608 prosequantur,
1191 2535 1276 2590 vel
1300 2533 1519 2605 aliquod
1549 2533 1616 2589 de
1644 2533 1740 2587 δᾶ·-
1851 2539 1962 2609 pari
1988 2538 2226 2594 omnium
2258 2552 2510 2593 sermone
2541 2531 2878 2608 perveniunt.
2923 2529 3126 2591 Cretera
3158 2525 3434 2589 hominum

129 2639 304 2702 ventu
331 2644 527 2686 eorum
572 2639 883 2687 scrutentur
925 2631 1200 2687 indicium.
1248 2629 1488 2686 Felicem
1525 2641 1741 2699 quoque
1847 2639 2177 2696 vestrorum,
2222 2631 2315 2700 qui
2351 2642 2632 2685 versantur
2677 2630 2730 2685 in
2775 2629 3020 2700 publico,
3067 2629 3238 2700 stylus
3278 2629 3436 2682 debet

149 2738 492 2782 communem
533 2725 764 2783 amicum
808 2727 1067 2784 monitum
1103 2727 1257 2793 volo,
1305 2729 1356 2782 si
1391 2724 1737 2797 Campaniam
1848 2724 2080 2794 aperire.
2133 2723 2211 2779 De
2255 2723 2340 2780 Ine
2393 2735 2514 2779 tunc
2539 2717 2714 2778 aliena
2758 2717 3046 2797 qumrenda
3097 2732 3265 2789 sunt,
3313 2737 3434 2776 cum

149 2817 375 2875 feliciter
408 2819 680 2887 venerint,
717 2819 950 2877 annonis
978 2831 1029 2875 et
1059 2820 1366 2890 sumptibus
1393 2818 1736 2889 adjuventur,
1850 2820 2065 2891 propria
2093 2819 2318 2875 adversa
2348 2819 2736 2890 requieverint.
2765 2817 2965 2873 Valete.

149 2912 406 2967 continua
447 2912 518 2968 ad
556 2927 655 2968 nos
698 2915 1037 2984 navigatione
1084 2910 1350 2968 mittendi.
1399 2911 1532 2978 Quia
1577 2910 1739 2981 longe
2395 2905 2615 2965 EPIST.
2657 2897 2892 2964 XLVIII.

150 3014 267 3061 ante
287 3005 476 3072 ludos,
505 3015 559 3061 et
578 3006 723 3077 ipsos
739 3006 1026 3078 iungendis
1043 3007 1196 3078 equis
1217 3006 1433 3061 erudire
1453 3004 1735 3073 debemus,
2225 2997 2536 3058 svuuacuus
2564 3017 2850 3058 NICOIIACIII
2878 3016 3055 3056 FILHS.

150 3105 202 3150 et
241 3097 470 3152 novitati
522 3111 714 3152 eorum
742 3095 978 3153 favorem
1012 3097 1180 3168 plebis
1226 3097 1465 3153 allicere.
1515 3097 1736 3154 Summa
1769 3111 1773 3115 '
1916 3094 2167 3151 Natalitio
2186 3110 2427 3160 munere,
2446 3094 2586 3165 quod
2612 3095 2936 3164 frequentari
2964 3093 3167 3148 avobis
3189 3108 3282 3164 per
3307 3093 3433 3148 mni.

151 3185 303 3259 igitur
324 3189 603 3259 petitionis
639 3204 772 3244 mete
801 3189 912 3244 haec
937 3197 1046 3254 est,
1075 3200 1134 3243 ut
1163 3190 1227 3243 ad
1258 3189 1501 3244 homines
1523 3197 1735 3244 vestros
1775 3229 1819 3259 Δ
1844 3181 1930 3248 tos
1956 3204 2126 3244 annos
2163 3188 2466 3244 communis
2499 3187 2725 3244 felicitas
2770 3186 2959 3253 faciet,
3007 3195 3248 3242 nostrum
3299 3186 3433 3242 hila-

152 3235 294 3259 τη--
324 3235 603 3259 ,----.-...-
639 3235 772 3244 ...νη
801 3235 912 3244 --.η
939 3235 1046 3254 -_-,
1080 3235 1134 3243 _-
1163 3235 1227 3243 η
1258 3235 1501 3244 mm---"
1534 3235 1732 3244 .--ην-
1847 3235 1929 3248 .--
1956 3235 2124 3244 -..π-
2166 3235 2461 3244 ----.---_--.-
2499 3235 2723 3244 --.----__
2770 3235 2959 3253 -_----,
3007 3235 3248 3242 ------_---
3299 3235 3407 3242 ---ω

152 3281 425 3354 inquisitio
453 3297 667 3351 eorum,
699 3292 752 3337 et
776 3273 1034 3352 perfectio
1061 3282 1294 3338 celerata
1324 3281 1604 3352 pertineat.
1764 3235 1819 3320 (ί
1847 3283 2010 3338 rastis
2039 3281 2297 3350 animum,
2325 3289 2564 3343 vestrum
2589 3279 2876 3351 probastis.
2925 3281 3000 3335 De
3043 3293 3148 3350 quo
3195 3291 3289 3334 me
3312 3287 3434 3350 pro-

723 3373 941 3430 EPIST.
983 3353 1164 3428 XLIII.
1846 3374 1958 3431 fise
1978 3374 2218 3430 scribere
2238 3373 2558 3428 verecundia
2579 3383 2756 3428 vestra
2785 3387 2887 3428 non
2913 3373 3129 3442 patitur.
3152 3370 3435 3441 Copiosior

532 3483 843 3524 svuucuus
872 3459 1155 3524 ulcouxcut
1186 3453 1359 3522 rILIIs.
1848 3454 2028 3525 tamen
2057 3469 2108 3522 in
2142 3465 2391 3523 sensibus
2413 3475 2593 3521 manet
2623 3466 2813 3536 gratia,
2841 3479 2999 3535 quam
3031 3477 3282 3519 sermone
3312 3475 3435 3532 pro<

218 3547 534 3616 Crocodilos
575 3561 818 3616 theatrali
850 3559 1154 3631 spectaculo
1185 3543 1482 3629 publicatos
1516 3555 1572 3612 in
1602 3570 1738 3627 przc-
1848 3561 2072 3618 feratur.
2099 3561 2230 3631 Quae
2254 3562 2320 3617 ad
2351 3562 2538 3617 urbem
2574 3562 2863 3632 pertinent,
2901 3559 3122 3615 indiculi
3151 3557 3434 3614 cohzeren-

153 3656 368 3708 sentiam
419 3647 653 3709 vestram
700 3667 913 3709 servare
954 3641 1311 3708 tentavimus:
1353 3649 1447 3705 sed
1489 3664 1739 3719 perseve-
1849 3656 1918 3711 tis
1947 3655 2174 3711 lectione
2201 3656 2456 3712 noscetis.
2505 3653 2621 3710 Tibi
2644 3669 2795 3720 vero,
2829 3653 3042 3708 domina
3071 3651 3206 3718 filia,
3246 3650 3436 3705 eadem

150 3754 295 3800 rante
332 3737 543 3811 inedia,
599 3759 719 3814 qua:
763 3743 881 3799 illos
910 3759 1003 3814 per
1029 3743 1145 3799 dies
1182 3739 1561 3812 quinquaginta
1610 3757 1733 3811 pro-

1847 3751 2110 3822 religione
2152 3739 2254 3821 qua
2297 3749 2517 3820 dignum
2549 3757 2652 3814 est,
2703 3747 2921 3818 injungo
2966 3759 3152 3801 curam
3185 3743 3436 3815 juvandat

147 3838 298 3891 dUCla
331 3838 671 3904 mcerabal;
696 3837 945 3894 secundis
967 3837 1105 3893 ludis
1127 3837 1559 3906 οοηὲΐεεδίοηυῐη
1585 3850 1738 3892 more
1849 3844 2174 3901 valetudinis
2200 3861 2214 3899 :
2241 3851 2300 3899 ut
2319 3843 2570 3899 omnibus
2594 3841 2750 3897 nobis
2774 3839 3017 3897 sanitatis
3045 3849 3148 3894 tua:
3175 3837 3435 3894 securitas

147 3923 380 3986 confecti
403 3940 547 3984 sunt.
595 3919 734 3986 Duos
768 3931 928 3985 etiam
959 3945 1097 3984 nunc
1127 3916 1394 3999 spirantes
1418 3928 1472 3982 in
1497 3935 1733 3983 vestrum

1847 3933 2110 4009 voluptati
2138 3937 2226 3992 sit.
2262 3935 2471 4009 Valete.

144 4010 460 4080 differemus
475 4015 786 4091 adventum,
800 4019 923 4080 licet
939 4039 1030 4079 eos
1051 4024 1154 4080 cibi
1177 4013 1492 4080 abstinentia
1518 4009 1735 4094 longum
1976 4004 1992 4009 ⁷
2417 4005 2629 4062 EPIST-
2675 4004 2860 4060 XLIX-

147 4109 318 4175 vivere
351 4133 514 4189 posse
541 4107 649 4174 non
669 4119 950 4188 spondeat.
985 4113 1189 4173 Valete.

2055 4101 2058 4104 ’
2230 4111 2540 4155 εγιιιιΑοειυε
2575 4111 2856 4154 amonem
2885 4110 3058 4151 rILIIs.

717 4207 934 4267 EPIST.
977 4209 1157 4265 XLIV.
1918 4195 2144 4250 Homine
2194 4202 2376 4249 vestro
2433 4193 2497 4244 ad
2546 4190 2895 4260 Campaniam
2944 4197 3248 4243 revertente
3294 4183 3465 4260 scri-_

446 4295 451 4299 ’
521 4321 832 4362 smmcnus
859 4295 1140 4362 ηἰεουωι
1172 4323 1344 4361 “ws.
1847 4287 2021 4344 benda
2051 4284 2394 4355 censumpsi;
2438 4291 2492 4339 et
2524 4294 2700 4336 tamen
2737 4290 2980 4336 sanctum
3014 4291 3174 4350 atque
3204 4267 3433 4332 honora-

1849 4379 2015 4435 bilem
2037 4378 2208 4434 virum
2241 4387 2516 4447 parentem
2544 4383 2783 4429 vestrum
2813 4373 3070 4428 Severum
3106 4369 3249 4424 nolui
3282 4368 3432 4422 abire

145 4507 388 4567 suscepta
418 4496 717 4551 amicorum
749 4461 955 4566 {legam
989 4511 1322 4566 nequaquam
1370 4508 1468 4548 nos
1514 4492 1733 4547 modum
1849 4483 2073 4526 vacuum
2095 4471 2391 4524 litterarum
2419 4474 2765 4567 mearum:ut
2789 4476 2842 4567 c-t
2873 4477 3075 4567 morem
3095 4461 3434 4567 salutationis

145 4579 357 4645 servare
383 4591 678 4659 patiuntur.
707 4571 883 4655 Quare
905 4599 960 4643 ut
989 4587 1145 4642 amici
1177 4586 1484 4642 communis
1512 4584 1732 4640 llerculi

1847 4575 2198 4633 exsequerer,
2231 4565 2286 4616 et
2314 4560 2381 4616 de
2411 4574 2600 4630 opere,
2623 4557 2765 4630 quod
2795 4557 2940 4612 domi
2965 4555 3232 4611 con‘struis
3253 4597 3265 4618 ,
3290 4555 3436 4625 judi-

151 4635 206 4733 ν’.
236 4635 312 4734 ὁ]
328 4635 1607 4750 ’νξιίὲξ’Ἀζέμιἒέἐἐἷίὶζῖξὲέὲᾆιῖιὶίιῖζὸὶέὲἐ⁷
1625 4635 1736 4734 iter;
1763 4635 1818 4698 υ
1844 4656 1986 4711 cium
2010 4668 2154 4750 mea
2170 4653 2519 4750 Inspectionis
2546 4649 3200 4750 ap_crirem:ThcrnIaruIII
3225 4656 3280 4750 et
3299 4647 3438 4750 satis

145 4773 349 4828 desino.
381 4772 568 4828 Faciat
596 4782 775 4827 autem
796 4788 916 4828 cum
938 4772 1114 4828 studio
1136 4782 1335 4827 sanctae
1364 4770 1733 4828 unanimitatis

1847 4755 1903 4806 et
1931 4746 2231 4820 amplitudo
2250 4745 2541 4802 admodum
2570 4744 2790 4815 placuit.
2818 4743 2876 4797 In
2903 4743 3199 4815 minoribus
3230 4740 3436 4796 balucis

146 4875 242 4918 true
283 4865 536 4920 assensio
584 4859 1039 4936 propinquorum:
1086 4865 1349 4936 siquidem
1400 4865 1538 4921 ﬁlius
1583 4878 1733 4920 meus

1851 4837 2161 4913 piscinalem
2202 4839 2426 4909 picturis
2475 4837 2658 4907 potius
2681 4845 2839 4906 quam
2873 4835 3086 4890 musivo
3116 4833 3294 4888 excoli
3328 4845 3435 4885 non

147 4953 462 5013 Valentinus
486 4957 720 5014 asseruit
741 4973 800 5014 se
829 4941 1042 5030 quoque
1073 4958 1377 5014 consultum
1407 4957 1600 5012 litteris
1636 4939 1733 5013 Ju-

1849 4935 2090 5007 probavi.
2120 4934 2227 4989 Res
2257 4931 2532 4999 admonet,
2565 4937 2622 4985 ut
2649 4931 2944 5000 profectum
2973 4927 3252 4981 Messalam
3276 4932 3435 4978 nocte

1845 5047 1912 5090 ea
1961 5045 2121 5102 quam
2181 5036 2485 5085 consecutae
2543 5033 2667 5081 sunt
2709 5037 2863 5079 nona:
2909 5023 3114 5077 Martiae
3153 5023 3431 5072 noveritis.

217 4398 588 4456 Redundantis
615 4409 698 4455 est
721 4414 899 4469 operae
921 4415 1212 4456 memorem
1236 4413 1596 4455 commonere.
1626 4397 1734 4452 Sed

145 5049 285 5115 naui,
329 5049 522 5105 erdem
561 5065 683 5122 quae
724 5050 970 5107 volumus
1015 5049 1082 5106 de
1128 5049 1431 5121 nuptiarum
1487 5050 1733 5120 pactione

143 5135 398 5197 suasisse.
430 5117 647 5197 Valete.
1203 5117 1220 5121 “
1489 5117 1504 5120 ⁷
1853 5127 2036 5198 Legati
2061 5123 2245 5180 caateri
2267 5137 2390 5179 mox
2412 5118 2735 5192 sequentur?
2757 5117 2976 5173 Adverti
3005 5126 3181 5170 tamen
3211 5128 3277 5167 ex
3301 5125 3435 5182 quo-

725 5231 942 5292 EPIST.
991 5233 1149 5290 XLV.
1405 5227 1412 5230 ’
1557 5218 1562 5224 ί
1849 5218 2096 5276 rumdam
2121 5215 2411 5286 colloquio,
2449 5215 2500 5269 in
2542 5212 2767 5284 gratiam
2799 5209 3010 5276 domus,
3040 5206 3108 5261 de
3134 5221 3236 5273 qua
3273 5201 3436 5272 pleri-

415 5341 420 5344 '
520 5343 828 5383 SVIIACHUS
857 5343 1140 5384 mcouacm
1167 5328 1335 5383 rILIIs.
1848 5328 1954 5386 que
1985 5320 2253 5369 nostrates
2281 5310 2383 5366 viri
2414 5307 2660 5365 edulibus
2690 5306 3005 5367 farciuntur,
3037 5299 3283 5371 quaedam
3314 5312 3436 5354 esse

103 5456 109 5460 ι
209 5418 503 5490 Postquam
555 5430 607 5476 te
635 5422 887 5490 jactatam
929 5414 1164 5492 comperi
1209 5419 1396 5476 dolore
1445 5429 1730 5488 consueto,

1850 5408 2035 5466 lenita.
2089 5406 2194 5464 Sed
2238 5421 2357 5461 mea
2383 5419 2509 5460 cura
2538 5416 2642 5458 non
2673 5399 2862 5463 deerit,
2922 5410 2991 5450 ne
3020 5394 3144 5464 quid
3173 5393 3439 5452 mandatis

143 5512 316 5568 omnis
365 5486 704 5584 reliquarum
765 5486 1182 5568 sollicitudinum
1244 5527 1485 5568 mearum
1538 5486 1764 5567 sensus.
1849 5508 2071 5560 senatus
2097 5514 2193 5572 per
2233 5498 2629 5556 conniventiam
2661 5491 2993 5584 detrahatur.
3030 5486 3234 5544 Valete.

143 5607 384 5659 evanuit.
416 5583 568 5673 Nam,
615 5615 672 5660 nt
718 5607 789 5661 ait
825 5605 1211 5675 Hippocrates:
1253 5593 1536 5659 Praesentia
1570 5603 1736 5659 IIebc-
2472 5584 2690 5642 ΕΡΙΞΤ·
2732 5583 2792 5638 L-

143 5708 323 5755 tantur
356 5695 722 5774 incommoda,
767 5699 814 5756 si
859 5701 946 5756 cui
993 5700 1150 5755 dolor
1197 5700 1369 5770 major
1419 5697 1728 5755 accesserit.
2240 5694 2545 5741 svuuacuus
2571 5690 3062 5774 Ntcouacutrtuts.

145 5789 416 5865 Exspecto
441 5795 630 5865 igitur,
660 5769 721 5850 ut
743 5807 964 5866 accepto
997 5793 1066 5850 de
1097 5804 1146 5850 te
1177 5769 1374 5850 indicio
1405 5795 1610 5848 laetiore
1632 5834 1647 5860 ,
1680 5795 1734 5848 in
1922 5782 2174 5839 Scribere
2204 5795 2309 5834 non
2339 5786 2530 5833 recuso
2557 5791 2572 5832 :
2596 5773 2692 5830 sed
2717 5773 2877 5829 malui
2906 5771 3123 5827 domino
3161 5769 3268 5823 ﬁlio
3314 5780 3434 5866 meo

126 5875 354 5947 'Driores
384 5904 536 5947 curas
567 5881 825 5946 revertar.
855 5889 1063 5946 Caetera
1089 5890 1142 5944 in
1173 5889 1273 5942 hac
1294 5885 1733 5945 consternatiOne

1848 5877 2058 5939 Sibidio
2089 5869 2353 5931 narranda
2383 5884 2560 5926 coram
2595 5884 2689 5932 per
2733 5867 2901 5925 otium
2945 5879 3244 5922 reservare.
3309 5859 3432 5916 Scia

1774 5954 1822 6030 9

651 6025 860 6038 ~e.‘-.,..-
911 6028 915 6030 ν
