3980 6324
496 252 596 336 2'79
1669 267 1733 333 ρ.
1778 258 2118 320 AURELIUS
2154 256 2592 314 SVMMACHUS.
3665 261 3766 318 sso

493 391 654 462 igitur
678 388 996 445 salutatione
1023 387 1270 458 fungetur
1297 384 1410 438 lucc
1445 382 1635 452 pagina
1661 421 1674 446 ,
1719 379 1872 448 cujus
1902 373 2078 430 brevi-
2109 373 2162 433 Α
2189 363 2428 437 reduxit;
2469 370 2713 462 quadam
2755 370 2946 462 collata
2987 369 3043 462 in
3089 370 3273 425 titulos
3317 371 3553 426 breviter
3582 388 3762 442 percu-

499 460 581 539 ιξις
611 482 1076 539 θινθειτοιιοῃοιιὶ
1105 480 1417 544 satisfaciet,
1454 490 1550 532 nec
1577 475 1652 530 illi
1677 470 1956 530 referenda
1988 468 2081 524 de-
2185 462 2364 531 curri,
2404 472 2462 518 ut
2500 463 2617 520 sine
2659 460 2874 518 fastidio
2924 461 3172 518 lectionis
3207 462 3478 518 insinuata
3521 468 3761 523 noscatis.

499 584 702 648 cerpet.
742 575 950 632 Valete.
1123 642 1316 686 Epig?
2185 553 2397 613 valele'
2789 628 3006 686 εριδτ,
3039 629 3170 686 LV],

879 753 1191 796 SYIIIACBUS
1217 750 1501 792 NICOIACUI
1532 747 1701 788 FILIIS.
2567 738 2878 780 SYIIAGHUS
2904 739 3190 781 NICOMACIII
3217 740 3392 780 FILIIS.

567 834 844 891 Prioribus
866 833 1067 889 litteris
1101 829 1471 900 comperistis,
1523 840 1643 897 quae
1685 835 1827 877 nunc
1860 831 2084 889 respon-
2257 815 2435 873 Credo
2484 829 2628 870 nunc
2669 816 2846 870 saltim
2905 816 3115 886 priores
3150 816 3355 872 domini
3399 816 3505 871 mei
3534 815 3768 874 Praefecti

498 926 626 981 dere
649 926 962 997 potuissem.
995 922 1241 979 Rediisse
1263 936 1367 977 non
1393 918 1635 990 ptenitet.
1659 914 1792 969 Nam
1814 921 1870 967 et
1896 907 2085 965 salutis
2187 906 2394 964 litteras
2419 907 2514 963 tibi
2538 907 2776 963 redditas
2808 926 2820 960 :
2859 922 2981 979 qua:
3028 907 3074 963 si
3108 923 3237 964 casu
3277 908 3462 980 aliquo
3491 918 3586 964 aut
3610 910 3770 980 negli-

498 1033 772 1093 compotes
822 1036 1041 1086 sumus;
1096 1030 1151 1075 et
1193 1034 1287 1090 per
1330 1015 1660 1086 diligentiam
1701 1011 2122 1082 magistrorum.
2187 1001 2365 1072 gentia
2395 1001 2672 1071 portitoris
2697 1001 2896 1071 elapsae
2922 1013 3070 1069 sunt,
3108 1017 3174 1057 en
3205 1001 3300 1057 tibi
3334 1002 3500 1056 aliam
3541 1001 3768 1057 subtilis-

498 1117 676 1171 fratris
703 1117 868 1172 vestri
902 1113 1172 1185 profectus
1201 1109 1484 1177 adolescit,
1511 1109 1614 1163 hoc
1638 1115 1844 1162 tantum
1872 1102 2086 1160 mordet
2187 1095 2309 1151 Simi
2340 1095 2438 1152 Viri
2466 1095 2732 1166 paginam.
2759 1095 2844 1149 cui
2875 1110 2963 1151 me
2985 1095 3128 1150 hunc
3160 1110 3470 1151 sermonem
3499 1095 3660 1164 Ῐυδείι
3682 1094 3768 1173 δά,-

1122 642 1337 701 EPIST.
1371 641 1457 697 LI.

497 1211 759 1276 animum,
810 1208 952 1278 quod
999 1207 1157 1276 longo
1199 1222 1227 1260 a
1263 1204 1416 1260 vobis
1461 1203 1656 1258 itinere
1703 1200 2080 1255 discemimur.

498 1299 602 1358 Sed
629 1301 948 1370 scriptorum
979 1298 1124 1354 vices
1159 1296 1413 1366 frequens
1457 1309 1590 1350 usus
1631 1299 1883 1349 exerceat
1921 1307 1932 1342 :
1968 1303 2086 1345 sar-

497 1394 701 1448 ciemus
728 1392 869 1446 inter
893 1404 992 1446 nos
1016 1389 1316 1460 praesentiae
1345 1387 1699 1456 voluptatem.
1733 1383 1940 1440 Valete.

1104 1499 1324 1558 EPIST.
1367 1500 1494 1580 LII.
1571 1498 1574 1503 '

873 1608 1188 1650 δῐιωλεηυε
1217 1608 1507 1648 ΝιεοιιΑςιιι
1538 1606 1709 1647 Ριιιιε.

563 1687 838 1744 Adventus
865 1686 1072 1743 domini
1115 1696 1172 1742 et
1199 1687 1460 1758 principis
1485 1685 1662 1741 nostri
1697 1685 1876 1740 denuo
1903 1693 2090 1755 postu-
2190 1685 2330 1760 "'“f”
2361 1685 2376 1760 ξ

493 1775 682 1833 landus
718 1786 822 1835 est.
867 1750 1482 1833 Theodorus'enim'vir
1520 1775 1781 1842 illustris,
1830 1750 2086 1832 Mediola-
2120 1761 2168 1823 B
2194 1750 2290 1805 sed
2333 1750 2377 1804 si

493 1870 743 1925 ncnsium
767 1870 1037 1940 legatione
1063 1878 1336 1939 suscepta,
1369 1867 1498 1924 eniti
1531 1866 1748 1935 dicitur,
1780 1875 1838 1922 nt
1867 1879 2086 1926 senatus

494 1965 839 2034 petitionibus
866 1963 1200 2035 provinciale
1221 1961 1546 2019 desiderium
1567 1961 1896 2031 prmferatur.
1940 1961 2085 2018 Prte-

493 2058 665 2114 fectns
685 2057 834 2114 urbis
869 2057 995 2113 huic
1027 2056 1241 2128 negotio
1263 2056 1602 2111 sanctitatem
1641 2064 1784 2110 tuam
1815 2065 1960 2124 optat
1992 2055 2087 2110 ad-

492 2150 689 2222 hiberi,
731 2168 892 2225 quem
937 2162 1065 2224 puto
1110 2168 1273 2222 super
1324 2153 1426 2207 hoc
1467 2151 1676 2206 litteras
1723 2150 1790 2206 ad
1832 2165 1929 2205 vos
1963 2165 2086 2206 esse

492 2245 810 2301 missurum.
858 2245 1056 2302 llortor
1103 2245 1287 2315 igitur,
1335 2253 1393 2299 ut
1425 2244 1626 2314 scripto
1670 2243 1785 2313 ejus
1833 2251 2086 2298 evocatus

492 2339 732 2410 digneris
775 2355 1060 2398 accurrere
1099 2349 1226 2396 ante
1264 2349 1531 2406 senatum,
1583 2339 1674 2410 qui
1714 2337 1890 2394 idibus
1912 2337 2085 2393 Juniis

491 2433 614 2487 erit.
645 2433 770 2502 Ipso
796 2434 940 2489 enim
969 2434 1056 2491 die
1084 2433 1290 2505 legatos
1319 2433 1556 2491 arbitror
1577 2432 1874 2504 eligendos.
1914 2432 2083 2490 Multa

490 2533 620 2579 sunt
644 2525 836 2581 domus
864 2535 1066 2584 vestrae
1094 2527 1330 2597 negotia,
1363 2542 1481 2598 quae
1504 2542 1534 2582 a
1565 2535 1615 2582 te
1654 2541 1835 2581 coram
1868 2525 1968 2581 sub
1988 2540 2084 2581 oc-

491 2619 710 2692 casione
733 2634 910 2676 causa:
935 2620 1160 2690 publicae
1191 2620 1570 2676 terminentur.
1608 2619 1882 2676 Praeterea
1902 2619 2084 2674 votiva

423 2782 429 2789 ν
489 2707 690 2780 legatio
714 2722 830 2778 est,
879 2727 1000 2782 qua:
1033 2711 1176 2782 apud
1204 2725 1363 2768 aures
1391 2711 1789 2767 evocandorum
1839 2709 2086 2765 amabilis

487 2802 667 2860 futura
691 2805 966 2863 credatur.
997 2805 1197 2875 Quaeso
1224 2822 1293 2863 ne
1319 2806 1559 2872 dill‘eras,
1591 2814 1650 2860 ut
1688 2805 2085 2863 reconciliatio-

488 2914 613 2958 nem
638 2902 929 2974 praeterita:
947 2903 1136 2973 gratiae
1157 2900 1528 2972 consequaris.
1553 2898 1761 2956 Valete.

1083 3011 1303 3069 EPIST.
1351 3012 1482 3067 LIII.

865 3121 1174 3164 SYMMACIIUS
1203 3121 1492 3161 NICOMACIII
1523 3119 1699 3160 FILIIS.

561 3200 850 3256 Maximum
897 3208 1135 3254 veterem
1176 3198 1440 3262 amicum,
1472 3196 1568 3251 sed
1605 3210 1800 3251 novum
1829 3203 2080 3265 agentem

491 3293 546 3348 in
575 3291 752 3358 rebus,
785 3291 1012 3361 accipite
1051 3291 1191 3345 inter
1224 3290 1426 3345 tirones
1465 3303 1587 3344 cum
1618 3288 1816 3343 canitie
1847 3288 2082 3342 militan-

491 3396 619 3443 tem.
655 3385 736 3439 Ab
779 3384 881 3439 hoc
916 3382 1283 3454 procontauda
1312 3381 1570 3436 discetis:
1604 3391 1762 3450 atque
1792 3379 1916 3436 ideo
1946 3379 2079 3434 mihi

489 3478 742 3548 fugienda
770 3485 854 3532 est
881 3475 1102 3546 prolixae
1123 3474 1366 3546 epistola:
1397 3473 1589 3544 gratia.
1623 3473 1843 3542 Absque
1873 3472 2074 3527 adven-

489 3578 577 3625 tus
598 3571 760 3625 vcstri
792 3569 1074 3640 petitione,
1097 3583 1256 3637 quem
1285 3567 1593 3637 frequenter
1619 3567 1874 3622 exambio
1893 3607 1908 3631 ,
1954 3575 2010 3622 et
2033 3565 2082 3622 si

490 3661 816 3718 desiderium
842 3661 1008 3716 vestri
1029 3661 1264 3724 sineret,
1296 3659 1404 3728 jam
1443 3658 1603 3714 silere
1637 3657 1924 3726 deberem,
1955 3657 2080 3728 quia

491 3755 868 3811 verecundiam
890 3763 1079 3822 creant
1108 3750 1460 3808 inefﬁcaciter
1489 3751 1772 3821 postulata.
1803 3750 1908 3806 Sed
1930 3765 2081 3806 amor

489 3847 546 3901 in
576 3863 672 3904 vos
713 3862 865 3903 meus
896 3861 1065 3917 prope
1102 3843 1490 3916 impudentiam
1531 3842 1721 3898 suadet
1767 3843 2080 3914 frequenter

490 3943 694 3998 elusus.
746 3942 951 3997 Vereor
1001 3951 1203 4008 autem,
1266 3952 1335 3993 ne
1382 3936 1506 3993 ideo
1561 3947 1800 3992 vestrum
1850 3935 2080 3992 reditum

489 4034 865 4102 promiseritis,
899 4050 967 4091 ne
1000 4043 1243 4090 nostrum
1273 4030 1340 4086 ad
1369 4045 1466 4087 vos
1497 4028 2080 4100 prohiberetisexcur-

489 4142 628 4183 sum.
663 4126 864 4183 Valete.

1081 4195 1302 4252 EPIST.
1343 4195 1476 4251 LIV.

871 4306 1184 4347 SYMIIACHUS
1209 4305 1495 4346 NICOMACIII
1525 4305 1700 4346 FILIIS.

560 4384 802 4440 Salutem
844 4383 996 4440 vobis
1035 4369 1341 4453 precamur,
1391 4384 1546 4454 cujus
1585 4384 1865 4450 indicium,
1912 4400 2078 4456 puero

489 4485 814 4544 revertente,
855 4485 1105 4546 optamus
1142 4477 1420 4545 accipere.
1470 4478 1583 4532 Mea
1633 4477 1884 4534 valetudo
1927 4489 2078 4536 caret

2183 1187 2446 1259 iungere;
2489 1197 2565 1267 ut.
2597 1186 2722 1255 quid
2755 1187 3039 1243 sententiae
3069 1186 3164 1243 tibi
3213 1187 3284 1242 sit
3318 1185 3390 1243 de
3437 1186 3772 1257 suscipiendo

2185 1285 2435 1354 negotio,
2475 1283 2561 1338 cui
2599 1292 2652 1338 te
2688 1291 2837 1352 optat
2869 1281 3138 1346 adhiberi.
3183 1281 3266 1338 bis
3295 1283 3579 1338 consultus
3613 1294 3771 1350 expe-

2187 1375 2322 1430 dias.
2351 1375 2488 1430 Puto
2511 1375 2654 1430 enim
2680 1388 2777 1429 vos
2805 1377 2857 1429 in
2889 1374 3169 1431 meliorem
3200 1374 3572 1432 valetudinem
3601 1389 3772 1430 rever-

2188 1469 2343 1535 tisse,
2376 1477 2655 1539 postquam
2685 1468 2816 1524 mihi
2843 1468 3049 1526 fecistis
3074 1469 3329 1525 iudicium
3349 1509 3364 1535 ,
3403 1471 3548 1540 quod
3580 1484 3772 1538 rever-

2189 1560 2330 1618 sioni
2359 1571 2552 1616 vestra:
2573 1561 2794 1617 morbus
2822 1562 3081 1618 obstaret.
3120 1561 3188 1618 Et
3229 1576 3329 1617 nos
3355 1562 3576 1632 quidem
3612 1560 3776 1616 malu-

2190 1673 2330 1724 mus,
2360 1667 2418 1712 ιιι
2441 1657 2706 1727 integrate
2735 1664 2876 1712 statu
2908 1656 3412 1712 sanitatisreditum
3443 1655 3773 1726 spondentis,

2410 1749 2714 1818 corpusculi
2757 1750 2990 1820 querelae
3015 1759 3198 1804 votum
3229 1757 3532 1811 morantur,
3558 1745 3777 1801 eviden-

2193 1843 2334 1899 tibus
2377 1843 2589 1914 scriptis
2629 1843 3086 1915 exspectationem
3130 1842 3464 1898 consulentis
3496 1839 3776 1897 absolvite.

2197 1934 2340 1992 Vale.

2780 2007 2994 2064 EPIST.
3037 2006 3193 2063 LVII.

2567 2114 2877 2156 SYIIACIIUS
2903 2114 3185 2156 NICOIACIII
3226 2113 3399 2153 Πιιιε.

2260 2193 2645 2264 Superioribus
2665 2192 2856 2248 diebus
2877 2199 2931 2248 et
2953 2205 3086 2246 mea:
3109 2189 3250 2246 circa
3275 2203 3372 2244 vos
3399 2187 3779 2251 observantia,

2190 2300 2246 2344 et
2273 2297 2466 2344 vestrae
2493 2287 2886 2357 exspectationi
2927 2286 3097 2341 multo
3153 2285 3508 2355 epistularum
3559 2296 3781 2338 numero

2187 2382 2448 2439 satisfeci.
2483 2381 2610 2438 llaec
2639 2395 2767 2437 vero
2789 2380 2982 2452 pagina
3010 2378 3218 2449 copiam
3251 2393 3359 2435 non
3388 2376 3641 2448 requirit,
3665 2390 3781 2431 cum

2189 2477 2292 2533 hoc
2322 2485 2526 2533 tantum
2558 2475 2951 2532 benevolentia:
2997 2486 3187 2532 vestrae
3237 2489 3334 2545 pro
3374 2483 3539 2544 captu
3576 2471 3782 2529 consilii

2193 2574 2296 2628 mei
2320 2572 2605 2641 suadeam,
2645 2582 2701 2627 ut
2732 2571 2800 2627 ad
2835 2571 3144 2640 praefectum
3192 2569 3448 2640 pratorio
3484 2566 3782 2624 Siciliensis

2190 2681 2368 2722 causa:
2408 2675 2601 2722 vestra:
2642 2666 2784 2722 actio
2814 2664 3201 2730 transferatur;
3250 2663 3297 2719 si
3345 2674 3530 2719 tamen
3582 2660 3782 2731 aliquid

2189 2759 2342 2816 vobis
2371 2759 2754 2830 experiendum
2785 2759 2908 2815 data
2934 2758 3136 2815 oblatio
3166 2755 3488 2814 reservabit.
3519 2754 3671 2812 Vale.

2755 2892 2976 2954 EPIST.
3006 2873 3184 2948 Lvtn.

2567 3000 2874 3042 SYIIIACIIUS
2897 3001 3184 3043 NICOIACHI
3211 3001 3389 3043 FILIIS.

2264 3077 2555 3149 Postquam
2584 3078 2776 3148 pignus
2804 3087 3046 3134 nostrum
3074 3077 3311 3140 Sibidius
3339 3078 3571 3136 Romam
3605 3079 3782 3146 rediit,

2109 3151 2157 3214 (ἶ
2186 3170 2407 3226 nuntius
2461 3168 2584 3238 fuit,
2640 3178 2874 3239 quantus
2903 3169 3067 3227 filiam
3098 3185 3273 3226 meam
3320 3160 3484 3227 ve'xet
3538 3172 3784 3244 corporis

2185 3263 2378 3331 dolor;
2430 3277 2584 3319 meus
2616 3277 2831 3335 quoque
2857 3262 3072 3320 animus
3110 3263 3379 3333 aegrescit.
3421 3265 3615 3335 Itaque
3645 3263 3785 3320 litte-

2186 3369 2274 3410 ras
2295 3353 2428 3410 nihil
2457 3364 2694 3412 moratus
2725 3355 2900 3422 emisi,
2943 3355 3100 3411 anxie
3129 3366 3340 3426 petens,-
3369 3355 3548 3426 primo
3571 3356 3783 3412 medica

2187 3464 2290 3519 ope
2319 3459 2375 3504 et
2403 3449 2731 3506 abstinentia
2764 3449 3050 3506 noxiorum
3073 3449 3140 3505 ad
3170 3448 3455 3506 sanitatem
3495 3449 3781 3521 iuventur:

2186 3539 2382 3598 dehinc
2436 3543 2684 3614 rescripti
2734 3543 2867 3600 fides
2910 3544 3191 3601 abolenda:
3236 3544 3587 3602 sollicitudini
3649 3559 3785 3601 mea

2187 3635 2454 3691 consulat.
2478 3635 2584 3706 Ipsi
2615 3644 2735 3707 post
2762 3636 3060 3707 legatorum
3087 3638 3476 3709 profectionem
3508 3652 3605 3694 rus
3635 3636 3785 3694 Vati-

2186 3741 2404 3796 canum,
2445 3729 2589 3800 quod
2624 3737 2811 3786 vestro
2853 3729 3055 3800 prazdio
3099 3731 3360 3798 cohaeret,
3410 3732 3783 3796 accessimus;

2185 3829 2261 3889 et,
2294 3821 2340 3876 si
2368 3820 2501 3878 nihil
2532 3821 2788 3893 disposita
2810 3823 3124 3890 conturbet;
3177 3824 3232 3879 in
3262 3823 3478 3895 Apriles
3524 3822 3787 3880 kalendas

2186 3913 2483 3975 villasotio
2539 3913 2870 3972 defruemttr.
2917 3915 3201 3972 Juniorum
3257 3915 3507 3972 delectus
3560 3915 3787 3972 urbanis

2187 4003 2405 4063 familiis
2445 4008 2767 4079 imperatus,
2823 4024 2996 4081 usque
3052 4010 3119 4088 ad
3169 4011 3354 4066 mterni
3395 4011 3659 4082 principis
3699 4027 3785 4068 re-

2186 4111 2385 4168 sponsa
2434 4101 2708 4170 pendebit.
2762 4101 2838 4157 De
2872 4101 3178 4174 conjunctis
3221 4103 3628 4174 exemplaribus
3675 4104 3786 4162 for-

2185 4205 2328 4246 mam
2382 4194 2637 4263 praecepti
2687 4192 2971 4266 utriusque
3012 4198 3269 4252 noseetis.
3329 4195 3459 4252 [lare
3508 4196 3635 4268 quia
3675 4198 3784 4255 tuis

2185 4281 2379 4339 litteris
2407 4283 2713 4342 desiderata
2743 4295 2902 4350 sunt,
2933 4287 3077 4343 misi.
3124 4289 3392 4344 Caeterum
3438 4304 3588 4344 mera
3621 4298 3784 4362 atque

2185 4375 2343 4432 unica
2373 4377 2503 4433 mihi
2534 4393 2695 4435 causa
2727 4378 2992 4435 dictanda:
3017 4380 3259 4451 epistolas
3307 4380 3429 4448 fuit,
3479 4389 3539 4436 ut
3577 4383 3646 4438 ad
3683 4396 3784 4438 nos

2184 4483 2347 4540 super
2376 4471 2500 4527 filim
2522 4489 2660 4531 meae
2687 4457 2994 4531 valetudine
3014 4485 3164 4532 certa
3195 4484 3248 4532 et
3270 4476 3442 4532 amica
3471 4485 3603 4533 voto
3645 4475 3782 4534 refe~

489 4569 702 4624 interim
748 4541 1048 4633 doloribus,
1108 4567 1204 4623 sed
1253 4541 1453 4638 indiget
1500 4571 1784 4637 firmitate,
1842 4541 2157 4629 maximeD
2187 4575 2392 4622 rantur.
2437 4567 2587 4623 Vale.

487 4660 867 4717 accedentibus
909 4661 1084 4729 curis,
1138 4675 1273 4732 quas
1321 4663 1566 4731 proxime
1615 4662 1754 4717 facta
1802 4678 1834 4719 a
1887 4677 2079 4722 senatu

487 4754 634 4808 auxit
661 4752 882 4808 oblatio.
937 4753 1020 4808 lre
1064 4753 1276 4823 longius
1318 4753 1487 4824 piget,
1538 4768 1662 4808 cum
1703 4753 1819 4810 lucc
1857 4771 2076 4828 quoque

485 4849 691 4904 securis
720 4848 903 4904 animo
928 4847 1222 4918 ingessisse
1252 4849 1527 4916 paeniteat.
1582 4847 1787 4905 Valete.

1095 4938 1310 4995 EPIST.
1354 4940 1462 4995 LV.

873 5046 1185 5088 SYIIMACIIUS
1212 5047 1500 5088 NICOIIACHI
1532 5014 1706 5089 Ριωιέ.

553 5123 678 5180 lleri
713 5139 808 5194 per
853 5123 1127 5179 hominem
1169 5139 1348 5178 meum
1396 5124 1586 5194 scripsi
1631 5134 1776 5181 metu
1810 5128 2066 5196 percitus,

481 5227 762 5289 postquam
811 5217 882 5273 de
921 5217 1230 5273 valetudine
1271 5217 1395 5273 filiae
1446 5233 1581 5274 mea:
1629 5234 1811 5275 amara
1852 5223 2072 5290 cognitu

481 5311 802 5376 nuntiastis,
830 5318 889 5366 et
927 5310 1102 5366 adhuc
1133 5311 1402 5380 pendente
1444 5326 1707 5380 responso
1741 5314 1956 5368 crucior
1986 5312 2072 5367 in-

480 5401 668 5454 certis.
696 5403 823 5457 Peto
851 5403 1011 5473 igitur
1035 5403 1251 5460 edoceri
1278 5403 1405 5474 quid
1428 5403 1476 5458 ei
1501 5403 1566 5457 ad
1594 5406 2066 5461 confirmationem

481 5495 728 5548 sanitatis
753 5499 1063 5553 accesserit.
1097 5500 1298 5555 Rerum
1328 5513 1453 5554 vero
1479 5500 1825 5569 prmsentium
1863 5499 2066 5554 nullum

481 5585 634 5640 vobis
663 5585 916 5643 indicium
948 5590 1124 5647 facere
1152 5593 1498 5648 decreveram
1527 5638 1541 5661 ,
1581 5608 1645 5647 ne
1678 5593 1729 5646 in
1770 5608 1932 5647 aures
1975 5608 2069 5648 ve-

478 5687 618 5734 stras
639 5677 897 5748 redirent,
923 5693 1040 5749 quae
1069 5684 1333 5752 probabili
1360 5684 1688 5738 discessione
1712 5683 1934 5737 vitastis.
1955 5683 2066 5738 Sed

477 5770 600 5841 quia
627 5770 827 5832 civicus
851 5786 1000 5829 amOr
1039 5775 1091 5831 in
1121 5779 1331 5847 negotia
1370 5778 1571 5834 urbana
1611 5794 1794 5833 curam
1830 5786 2065 5838 vestram

2021 5869 2029 5873 '
2058 5861 2074 5884 Ω

816 5917 872 5946 1..

2780 4664 2998 4721 EPIST.
3038 4665 3174 4720 LIX.

2572 4772 2884 4812 svumcuus
2913 4773 3200 4814 NICOMACIII
3233 4772 3400 4814 FILIIS.

2260 4847 2576 4904 Anteriores
2604 4851 2800 4906 litterae
2833 4862 2957 4918 tuae,
3005 4866 3139 4921 quas
3167 4866 3291 4908 mox
3328 4853 3447 4908 alite
3468 4865 3779 4912 consecuta:

2183 4947 2332 5007 sunt,
2373 4956 2524 5010 spem
2574 4944 2705 4998 mihi
2753 4943 3091 5014 aliquatenus
3130 4944 3335 5000 reditus
3376 4945 3452 5000 tui
3494 4947 3774 5005 fecerant:

2186 5034 2441 5090 secunda:
2470 5038 2731 5105 promissa
2756 5047 3071 5092 vacuarunt.
3100 5037 3174 5093 lla
3197 5047 3254 5094 ut
3277 5050 3397 5110 post
3422 5042 3620 5098 multas
3653 5059 3780 5100 cau-

2185 5129 2277 5182 sas
2298 5128 2597 5198 negationis
2639 5143 2762 5184 meo
2801 5130 3034 5187 consilio
3073 5131 3345 5202 sequenda
3380 5137 3777 5193 committeres.

2184 5220 2294 5276 Sed
2317 5236 2418 5292 ego
2442 5223 2703 5292 cogitans,
2734 5223 2912 5293 primo
2945 5223 3068 5279 filiae
3097 5239 3232 5280 meae
3269 5226 3649 5284 contnrbatam
3682 5244 3778 5286 va-

2183 5315 2502 5383 letudinem,
2533 5333 2652 5386 quze
2674 5317 2892 5387 spoliari
2935 5318 3126 5372 solatio
3171 5329 3261 5375 tuo
3303 5336 3407 5375 non
3431 5329 3608 5390 potest
3642 5315 3656 5374 ὲ
3687 5323 3782 5379 de-

2163 5411 2311 5467 -hinc
2335 5411 2597 5466 stomachi
2620 5411 2693 5466 tui
2716 5411 3162 5479 imbecillitatem,
3187 5429 3345 5483 quam
3368 5428 3489 5470 esse
3512 5415 3781 5490 imparem

2178 5501 2374 5559 scribis
2424 5503 2604 5558 itineri
2655 5504 3069 5573 promovendo:
3125 5516 3234 5560 tum
3283 5508 3570 5562 consilium
3620 5511 3782 5569 amici

2175 5597 2384 5666 paterni
2426 5595 2592 5650 otium
2646 5596 2987 5666 praeferentis
3023 5615 3034 5650 :
3076 5597 3269 5654 dehinc
3311 5602 3782 5670 exspectationem

2175 5686 2402 5745 illustris
2433 5689 2553 5757 viri,
2583 5705 2742 5760 quem
2773 5690 2863 5746 diu
2895 5691 3209 5748 existimans
3229 5691 3540 5749 abfuturum
3575 5712 3590 5750 :
3637 5711 3782 5767 prae-

2179 5793 2324 5839 terea
2350 5782 2822 5852 interpretationes
2850 5783 3147 5856 hominum,
3181 5787 3272 5860 qui
3302 5795 3354 5844 te
3373 5828 3388 5858 ,
3422 5795 3482 5846 ut
3509 5788 3589 5844 ais
3613 5831 3628 5856 ,
3660 5791 3780 5873 Opi:
