3932 6498
170 412 284 468 281

1410 433 1886 494 ΕΡΙΞΤΟΙΑΒυΜ
1930 442 2128 501 LIBER
2171 448 2254 505 VI.

3332 440 3369 451 ο

3360 473 3464 529 282

168 535 389 582 nantur
440 544 633 586 munus
684 533 952 602 publicum
1005 540 1272 610 recepisse
1319 544 1371 598 in
1430 550 1767 605 occasionem
1794 552 1843 609 Α
1875 567 1941 607 ne
1984 570 2186 611 moram
2216 568 2445 615 vestram
2496 567 2669 621 votiva
2704 568 2899 638 legatio
2925 572 3033 641 jam
3080 591 3219 632 nunc
3262 594 3326 634 ex
3359 596 3455 637 usu

2622 620 2625 621 ,
2706 620 2959 641 eos"-..

164 620 524 688 negotiorum
550 630 1140 698 tuorum:permissam
1162 634 1293 690 mihi
1320 635 1765 699 deliberationem
1872 647 2087 717 publico
2117 652 2376 720 iteranda,
2418 670 2719 726 praevertat.
2758 662 2959 722 Valete.

161 710 333 767 vobis
366 711 612 771 refundo.
648 715 889 789 Iniquum
921 730 1004 778 est
1027 724 1169 780 enim
1203 733 1279 783 t0t
1319 732 1580 799 oppositis
1613 750 1762 804 quaa-

161 807 448 867 stionibus
476 813 769 871 obnoxiam
801 817 917 874 fieri
947 824 1263 880 sententiam
1294 841 1493 895 meam,
1516 838 1571 885 et
1601 830 1761 887 fidem

158 902 455 960 suadentis
482 906 702 965 incertis
726 910 1025 971 futurorum
1057 916 1271 974 casibus
1289 920 1535 993 obligari.
1553 925 1759 982 Interea

157 994 568 1053 constituendae
589 1000 669 1055 rei
698 1001 813 1058 dies
844 1004 1099 1063 existimo
1129 1012 1518 1082 prorogandos,
1560 1026 1615 1071 et
1640 1018 1759 1087 epi-

155 1082 367 1139 stolam
400 1096 547 1144 tuam
599 1093 862 1162 tantisper
902 1097 1131 1156 reddere
1184 1104 1514 1173 magistratui
1556 1082 1759 1181 tempe-

154 1177 296 1231 ravi.
326 1178 542 1249 Brimo,
572 1186 695 1256 quia
726 1191 1030 1246 reverentia
1073 1194 1211 1249 nuda
1248 1205 1331 1252 est
1364 1214 1376 1249 :
1410 1198 1605 1257 dehinc
1634 1177 1757 1273 quia

152 1282 358 1326 causas
431 1278 734 1346 negationis
790 1279 929 1337 infra
978 1282 1278 1344 devotionis
1335 1292 1754 1362 magnitudinem

152 1364 435 1432 praetulit;
487 1370 728 1439 etquod
774 1386 990 1431 nossem
1043 1378 1289 1446 pluribus
1344 1381 1589 1453 legenda,
1635 1401 1755 1456 qua:

151 1454 485 1525 scripseras.
522 1459 657 1518 Volo
685 1464 883 1535 igitur,
932 1478 989 1524 ut
1017 1474 1324 1530 reverentia
1370 1454 1748 1547 cumulatiore,

152 1554 207 1599 et
252 1550 601 1617 gravioribus
631 1558 866 1627 querelis
890 1564 1298 1622 excusationem
1333 1578 1477 1624 tuam
1522 1573 1751 1637 munias,

154 1638 198 1692 si
228 1642 493 1701 voluntas
534 1654 789 1707 manserit
817 1652 1019 1711 laboris
1058 1665 1113 1714 et
1154 1658 1365 1717 itineris
1405 1661 1749 1733 deprecandi.

152 1730 371 1793 Valete.

786 1816 1002 1877 EPIS'I'.
1041 1821 1152 1879 LX.

529 1917 840 1963 SYMIACIIUS
876 1925 1157 1969 NICOIACBI
1196 1930 1367 1973 FILIIS.

219 1988 418 2048 Prisca
458 1995 796 2056 observantia
843 2002 985 2061 hunc
1024 2008 1295 2066 scribendi
1326 2012 1568 2069 ordinem
1598 2014 1744 2085 Iecit,

148 2090 205 2137 ut
248 2083 423 2141 domo
468 2090 693 2159 profecti
731 2095 971 2153 officium
1018 2100 1257 2159 litterarii
1287 2108 1527 2163 muneris
1570 2083 1748 2180 auspi;

147 2185 363 2232 centur.
402 2178 508 2236 Sed
556 2182 772 2255 longum
798 2189 973 2248 visum
1020 2201 1104 2248 est
1152 2197 1351 2267 operiri
1384 2201 1747 2258 unauimitatis

148 2273 251 2365 tua
280 2267 522 2339 litteras,-
548 2290 774 2347 quarum
805 2296 905 2339 nos
930 2286 1201 2355 arguimus
1228 2290 1745 2365 tarditatem.l\tque

147 2353 267 2415 ideo
315 2373 533 2420 mutato
580 2383 678 2425 usu
707 2372 760 2427 in
799 2372 905 2429 hoc
942 2353 1136 2434 munus
1163 2384 1459 2451 erupimus.
1488 2353 1746 2457 Superest

146 2458 205 2505 ut
248 2452 435 2511 libens
461 2461 745 2530 rependas,
778 2481 897 2535 qua:
929 2468 1183 2530 inchoare
1212 2474 1498 2541 debueras.
1529 2452 1584 2536 et
1613 2497 1743 2551 pro-

147 2556 338 2602 vocare
392 2564 651 2610 exerceas
694 2559 893 2628 stylum
944 2562 1174 2645 indicem
1207 2579 1311 2625 tua
1338 2573 1605 2633 sanitatis.
1636 2576 1740 2647 Ipsi

146 2633 195 2689 in
225 2640 501 2698 Arabiana
530 2645 760 2705 domina:
792 2651 916 2709 filiae
946 2640 1081 2714 mea:
1108 2672 1484 2731 exSpectamus
1532 2633 1737 2725 adven-

146 2733 251 2784 tum
288 2748 303 2785 :
344 2731 480 2790 licet
509 2746 560 2792 te
589 2741 750 2796 etiam
794 2743 959 2803 decus
989 2760 1235 2809 nostrum
1274 2757 1593 2817 solemnium
1624 2762 1738 2821 die-

143 2830 256 2876 rum
282 2825 431 2882 ratio
456 2831 741 2889 confestim
767 2839 1031 2906 spondeat
1058 2842 1388 2905 adfuturum.
1421 2850 1625 2910 Valete.

738 2970 953 3029 EPIST.
994 2975 1131 3034 LXI.

514 3074 824 3122 εῑιιιίΑςιιυε
861 3083 1144 3130 ΝΙΕΟΜΑΟΠΙ
1182 3091 1356 3134 PILIIS.

209 3142 354 3201 Felix
392 3154 615 3207 materia
657 3165 739 3211 est
782 3160 1010 3218 suadere
1043 3165 1231 3222 otium.
1261 3168 1365 3226 Sed
1399 3170 1513 3228 lure
1536 3175 1731 3233 exhor-

146 3234 266 3293 tatio
307 3239 551 3298 animum
604 3248 684 3302 sui
710 3249 845 3319 juris
876 3256 1116 3325 requirit.
1150 3259 1257 3316 Nos
1288 3279 1463 3335 neque
1492 3268 1730 3329 residere

2443 750 2657 807 EPIST.
2702 754 2885 811 LXIV.

2244 854 2553 899 SVIIIMCHUS
2584 861 2867 904 NICOMACHI
2906 866 3080 909 FILIIS.

1940 930 2257 1002 Purgatorio
2302 937 2696 1000 medicamento
2734 945 2910 1003 alvum
2942 963 3198 1009 vacuasse
3237 963 3289 1010 te
3317 958 3453 1013 scri-

1862 1035 2047 1091 pseras
2073 1065 2086 1089 ,
2113 1036 2168 1079 ιιι
2212 1026 2393 1083 fervor
2419 1031 2694 1089 oculorum
2723 1040 2843 1092 cum
2884 1049 3079 1107 cwtero
3106 1058 3271 1102 onere
3296 1048 3453 1107 dece-

1861 1116 2032 1173 deret.
2069 1120 2221 1178 Scire
2274 1112 2525 1194 postulo,
2580 1145 2645 1185 an
2701 1134 2955 1201 prtcdicta
3009 1141 3217 1195 curatio
3262 1142 3451 1199 efficax

1860 1209 2040 1282 fuerit,
2069 1229 2167 1269 nec
2192 1217 2461 1288 subegerit
2483 1237 2640 1279 causa
2670 1227 2830 1282 etiam
2859 1232 3137 1302 sanguinis
3163 1236 3451 1294 emissione

1856 1321 2024 1363 venas
2052 1308 2246 1379 juvari.
2283 1313 2386 1368 Par
2432 1318 2659 1386 requirit
2701 1321 2914 1379 affectio
2940 1365 2954 1389 ,
3001 1336 3254 1396 quantam
3299 1332 3450 1387 vobis

1857 1397 2016 1453 fidem
2054 1400 2211 1457 faciat
2242 1404 2361 1459 filiae
2386 1422 2522 1463 mea:
2544 1410 2761 1478 sanitas,
2790 1422 2848 1468 ut
2876 1415 2959 1469 his
2984 1431 3049 1473 ex
3072 1427 3196 1473 voto
3222 1422 3451 1490 cognitis

1858 1490 2278 1550 sollicitudinum
2330 1508 2484 1554 acuta
2535 1501 2823 1573 deponam.
2875 1507 3006 1563 Nam
3055 1511 3183 1565 mihi
3234 1513 3304 1567 ob
3346 1514 3446 1569 alia

1856 1595 2069 1654 quoque
2091 1601 2233 1657 :egre
2261 1598 2345 1645 est
2375 1592 2558 1650 turbas
2586 1597 2772 1665 patria:
2796 1600 3070 1670 cogitanti,
3099 1620 3231 1675 quas
3260 1609 3448 1676 prreci-

1857 1690 1961 1745 pue
2006 1689 2221 1735 movent
2262 1683 2313 1737 in
2362 1699 2515 1741 usum
2564 1688 2851 1746 militarem
2906 1695 3069 1763 petita
3109 1698 3346 1753 servitia.
3381 1700 3447 1757 Et

1855 1783 1953 1825 nos
1981 1772 2195 1841 quidem
2226 1776 2432 1833 crebris
2460 1781 2707 1849 precibus
2749 1784 3061 1854 obnitimur,
3093 1798 3147 1844 et
3180 1790 3321 1846 diem
3348 1792 3445 1847 du-

1855 1860 2031 1918 cimus
2055 1866 2435 1936 supplicando;
2457 1870 2677 1942 jamque
2704 1874 2772 1929 ad
2798 1878 3026 1946 pretium
3056 1884 3259 1951 argenti
3282 1884 3442 1953 quin-

2124 1929 2137 1935 -
2159 1929 2175 1936 _
2422 1929 2477 1941 ..
2589 1929 2602 1942 .
2798 1929 2846 1946 π
3058 1929 3259 1951 --σ--.-.

1777 1929 1829 1991 Β
1853 1969 1958 2026 que
2002 1956 2257 2015 librarum
2303 1962 2495 2018 misera
2540 1965 2809 2023 oblatione
2850 1982 3163 2039 perventum
3194 1986 3299 2030 est.
3332 1977 3441 2035 Sed

1852 2062 2070 2117 vereor,
2100 2052 2191 2123 [ne
2239 2070 2337 2110 nos
2365 2057 2587 2113 alterius
2614 2060 2693 2115 rei
2735 2061 2858 2133 fuga
2902 2074 3130 2136 utroque
3157 2068 3439 2138 despoliet.

1851 2142 2143 2202 Praefectus
2186 2150 2394 2221 agendo
2442 2156 2661 2224 negotio
2702 2158 2918 2226 segnior
2944 2160 3122 2227 visus,
3153 2161 3441 2233 Lampadio

1848 2251 2165 2296 successore
2208 2251 2446 2299 mutatus
2475 2255 2592 2315 est,
2624 2246 2779 2317 cujus
2823 2249 3061 2307 moribus
3099 2253 3439 2314 crediderunt

1849 2331 2202 2403 impossibilia
2253 2342 2579 2406 promoveri.
2624 2343 2774 2400 Nunc
2822 2356 2967 2417 peto,
2999 2358 3057 2404 ut
3103 2365 3189 2403 me
3215 2351 3438 2407 anxium

1846 2424 2051 2495 majore
2077 2443 2224 2499 cura,
2273 2447 2393 2502 quae
2420 2448 2520 2489 vos
2551 2437 2791 2507 respicit,
2822 2438 3069 2496 elevetis.
3102 2441 3233 2497 Nam
3264 2442 3438 2499 adhuc

1845 2517 2142 2578 discrucior
2183 2524 2389 2580 incerto
2418 2542 2517 2599 per
2541 2544 2745 2586 moram
2776 2534 2997 2600 servuli,
3026 2535 3117 2605 qui
3145 2535 3343 2592 dudum
3370 2538 3436 2591 ad

1844 2625 1940 2667 vos
1986 2614 2057 2669 ob
2104 2616 2293 2674 eadem
2336 2621 2609 2678 noscenda
2652 2625 2890 2697 missus,
2922 2628 3151 2684 necdum
3191 2630 3434 2686 revertit.

1844 2704 2049 2764 Valete.
2718 2788 2721 2789 ν

2426 2807 2647 2866 EPIST.
2687 2810 2849 2867 LXV.

2215 2912 2522 2957 SVIIIACIIUS
2560 2917 2847 2959 NICOUACIII
2884 2920 3057 2962 FILIIS.

1908 2983 2198 3042 Scribenda
2230 3005 2337 3045 non
2364 2991 2600 3061 desunt,
2648 2996 2743 3050 sed
2790 2995 2977 3052 horret
3027 2997 3237 3054 animus
3284 2999 3428 3069 loqui
3507 3008 3519 3015 ’

1837 3078 1969 3131 dura
1999 3089 2320 3136 memoratu.
2350 3079 2525 3138 Video
2551 3091 2727 3141 tamen
2772 3085 2969 3142 famam
2997 3103 3174 3144 rerum
3202 3089 3425 3146 urbana.

1838 3184 1954 3225 rum
1984 3186 2320 3243 nequaquam
2354 3189 2511 3245 posse
2536 3177 2801 3246 cohiberi,
2846 3195 2986 3249 qum,
3034 3191 3093 3236 ut
3122 3182 3235 3237 fieri
3263 3193 3425 3252 amat,

1838 3262 1893 3317 in
1920 3264 2092 3333 majus
2119 3270 2408 3335 praesentia
2440 3271 2732 3327 nuntiabit.
2762 3271 2817 3328 Id
2850 3288 2918 3341 ne
2945 3274 3173 3340 accidat,
3207 3274 3423 3332 Brevia-

145 3330 331 3395 patitur
368 3335 650 3395 liventium
685 3316 866 3415 factio,
917 3364 1015 3405 nec
1060 3351 1155 3406 filii
1200 3316 1415 3423 juvenis
1465 3360 1727 3421 institutio

1841 3316 1847 3317 ,
2121 3316 2408 3335 r---_----__
2442 3316 2732 3327 .._...._.,...
2762 3316 2817 3328 ._
2850 3316 2917 3341 ..υ
2945 3316 3173 3340 ............,
3207 3316 3423 3332 ...νην

1841 3356 1918 3412 rio
1943 3357 2126 3414 addito
2154 3362 2423 3418 noscenda
2452 3363 2808 3423 discrevimus
2846 3386 2858 3421 :
2905 3378 2965 3424 ut
3011 3384 3183 3439 neque
3212 3370 3424 3439 litterae,

146 3418 347 3493 longum
378 3429 736 3501 peregrinari.
768 3437 944 3505 Quare
973 3452 1030 3496 ut
1060 3459 1345 3513 possumus
1367 3492 1381 3517 ,
1430 3454 1591 3510 modo
1636 3456 1729 3514 ab-

144 3524 314 3569 scessn
340 3558 356 3583 ,
390 3521 555 3576 modo
586 3526 761 3582 reditu
786 3571 802 3597 ,
834 3534 1100 3591 variamtts
1152 3538 1392 3599 locorum
1422 3544 1728 3605 distinctio-

148 3617 279 3660 nem.
308 3608 650 3672 Testimonio
678 3630 759 3674 est
791 3622 916 3678 ltzec-
942 3626 1169 3694 epistola
1196 3670 1213 3697 ,
1263 3634 1570 3694 suburbano
1599 3654 1728 3711 agro

143 3711 298 3766 nuper
326 3708 549 3773 emissa,
578 3725 735 3779 quam
768 3714 833 3769 de
873 3714 1086 3776 Corano
1114 3734 1322 3792 nostro,
1354 3730 1399 3784 si
1447 3731 1580 3788 nihil
1612 3708 1725 3790 dvis-

141 3792 299 3857 posita
332 3798 651 3869 turbarerit,
688 3806 789 3860 alia
822 3823 1199 3882 consequetur.
1235 3817 1485 3877 Vestrum
1514 3834 1595 3881 est
1626 3825 1725 3882 hu-

139 3879 358 3948 iusmodi
406 3891 664 3949 absentia:
715 3908 912 3956 nostra:
957 3879 1321 3967 conditionem
1375 3913 1567 3971 litteris
1616 3918 1724 3975 fre-

142 3979 417 4040 quentibus
444 3997 663 4055 augere,
698 3991 740 4046 si
766 3993 969 4063 placet;
1006 3999 1217 4068 juvare,
1246 4004 1291 4059 si
1320 4004 1587 4078 displicet.
1618 4009 1722 4066 Va-

142 4064 249 4126 lete.

716 4156 927 4216 EPIST.
972 4163 1131 4220 LXII.

502 4260 812 4308 SHIRIACIIUS
849 4270 1130 4325 NICOIIACIII
1171 4277 1344 4321 PILIIS.

106 4360 116 4373 ι
202 4331 377 4405 Legati
423 4340 629 4397 ordinis
660 4347 832 4403 nostri
860 4364 925 4404 ex
958 4366 1053 4406 usu
1083 4355 1216 4411 actis
1244 4358 1489 4415 omnibus
1537 4377 1718 4419 rever-

143 4430 323 4486 terunt.
352 4431 487 4489 Nam
532 4446 585 4491 et
630 4439 859 4497 tironum
901 4449 1209 4517 conquievit
1255 4451 1500 4521 indictio,
1543 4466 1596 4511 et
1622 4473 1715 4512 ar-

141 4521 264 4584 genti
313 4525 471 4581 nobis
505 4528 637 4583 facta
669 4533 835 4601 gratia
861 4546 964 4591 est.
998 4539 1171 4610 Super
1198 4526 1500 4613 impetratis
1533 4558 1709 4606 tamen

142 4606 295 4666 adhuc
339 4628 594 4685 speratur
647 4627 838 4680 oratio.
889 4627 1038 4686 Nunc
1092 4633 1390 4692 domestica
1431 4648 1487 4694 et
1528 4642 1709 4698 animo

142 4712 304 4761 vestro
346 4712 523 4766 amica
566 4713 871 4788 jungemus.
920 4723 1037 4779 Stat
1082 4727 1357 4786 nobiscum
1388 4733 1707 4792 valetudinis

142 4789 341 4855 bonum.
359 4801 517 4873 Saepe
544 4808 799 4866 urbanam
822 4820 1291 4876 commorationem
1318 4826 1560 4892 proximo
1582 4842 1707 4884 rure

141 4882 521 4961 distinguimus.
555 4898 677 4955 Sola
706 4917 806 4959 nos
836 4910 996 4962 vestri
1025 4913 1266 4968 absentia
1313 4928 1568 4973 macerat.
1598 4918 1704 4976 Sed

142 4979 176 5030 si
218 4982 265 5036 in
306 5000 657 5061 conspectum
704 5007 948 5055 nostrum
996 5018 1224 5075 propere
1270 5013 1556 5079 veneritis;
1608 5028 1707 5070 nos

141 5084 329 5145 quoque
364 5098 643 5142 recursum
674 5101 911 5149 vestrum
940 5095 992 5150 in
1021 5097 1364 5171 Campaniam
1393 5119 1512 5160 cum
1556 5104 1705 5161 volu-

144 5173 267 5227 lttate
292 5175 683 5234 t'omitahimur.
720 5181 917 5241 Valete.
1317 5215 1319 5218 ⁴

690 5315 904 5374 EPIST.
944 5320 1121 5379 LXIII.

491 5436 795 5483 SYMIIACIIUS
836 5448 1115 5493 NICOMACK!
1153 5456 1328 5500 FILIIS.

201 5527 294 5587 Per
342 5534 615 5596 hominem
647 5558 823 5600 meum
870 5547 1073 5606 litteras
1118 5554 1391 5611 dederam.
1431 5558 1697 5615 Continuo

142 5616 289 5678 adfuit
314 5627 575 5686 Maximus
598 5673 613 5699 ,
643 5635 734 5705 qui
765 5638 897 5693 alias
924 5645 1214 5709 postularet
1253 5664 1264 5698 :
1302 5664 1469 5719 quare
1496 5651 1697 5705 saluta-

144 5706 314 5770 tionem
348 5723 629 5790 geminare
659 5742 766 5783 non
793 5731 978 5802 piguit.
1015 5735 1274 5795 Prmterea
1305 5745 1482 5812 exegit
1510 5759 1697 5800 recens

146 5806 333 5864 nuntius
374 5826 537 5883 super
564 5817 797 5876 adventu
824 5824 1023 5895 domini
1052 5840 1103 5884 et
1134 5832 1388 5902 principis
1408 5806 1609 5899 nostri,
1639 5844 1695 5890 ιιι

148 5903 223 5951 tos
243 5898 304 5957 de
327 5905 502 5966 reditu
532 5924 927 5973 commonerem
941 5957 960 5987 ,
985 5898 1147 5990 quem
1167 5934 1435 5981 maturare
1465 5927 1689 5991 debetis,

1834 3461 1955 3517 quae
1980 3450 2134 3505 vobis
2157 3451 2536 3511 salutationem
2561 3456 2764 3526 ferunt,
2806 3459 2875 3514 de
2898 3459 3147 3515 sollicitis
3174 3461 3422 3516 amaritu~

1832 3539 2012 3596 dinem
2066 3543 2320 3615 trahant,
2367 3556 2423 3603 et
2470 3548 2821 3607 nihilominus
2851 3552 3127 3607 rumorum
3160 3552 3424 3607 licentiam

1831 3632 1966 3689 Iides
1994 3635 2297 3706 scriptionis
2327 3639 2598 3698 excludat.
2628 3642 2733 3700 Sed
2748 3643 2831 3723 \de
2860 3642 2945 3698 Itis
2974 3643 3249 3699 hactenus.
3276 3643 3421 3698 Filia

1830 3742 1967 3783 mea:
1997 3729 2245 3787 valetudo
2271 3733 2487 3803 gravior
2516 3735 2649 3790 mihi
2685 3735 2899 3792 caneris
2927 3744 3031 3803 est,
3062 3735 3254 3802 quibus
3285 3749 3421 3790 nunc

1828 3819 2040 3877 animus
2084 3835 2387 3893 asperatur.
2438 3826 2703 3897 Exspecto
2750 3827 2913 3899 igitur
2959 3837 3019 3883 ut
3071 3828 3173 3893 illi,
3203 3827 3313 3882 Deo
3338 3826 3419 3897 ju-

1826 3921 1986 3969 vante
2008 3955 2024 3981 ,
2075 3914 2141 3971 ad
2169 3918 2396 3975 salutem
2426 3933 2549 3977 esse
2593 3922 2772 3977 omnia
2823 3921 3107 3979 nuntietis.
3141 3921 3216 3975 De
3242 3934 3347 3991 qua
3376 3920 3421 3976 si

1824 4016 1953 4063 voto
1980 4017 2107 4079 apta
2133 4024 2469 4084 comperero,
2504 4029 2626 4085 pars
2658 4016 2759 4072 ista
2796 4015 2973 4072 solatii
3003 4029 3255 4073 curarum
3282 4028 3418 4083 quo-

1824 4114 1928 4168 que
1952 4115 2193 4158 mearum
2225 4105 2431 4177 reliqua
2458 4106 2741 4176 mitigabit.
2776 4107 2986 4164 Valete.

2399 4197 2616 4255 EPIST.
2659 4198 2845 4255 LXVI.

2194 4302 2505 4344 δγιιιιλοηυε
2543 4304 2826 4345 ΝῘΟΟΙΑΟῙΙΙ
2865 4305 3040 4346 ιτιιηε.

1888 4374 2082 4431 Paucis
2125 4392 2154 4430 a
2185 4378 2356 4446 patria
2385 4379 2573 4435 diebus
2600 4378 2868 4435 abfuimus
2892 4420 2909 4447 ,
2958 4388 3015 4435 et
3060 4376 3413 4434 theatralibus

1816 4464 1957 4523 ludis
1987 4466 2216 4523 reditum
2250 4478 2491 4526 nostrum
2521 4468 2771 4541 suli‘ragia
2801 4472 2997 4528 civium
3026 4479 3413 4543 poposcerunt.

1819 4555 1927 4612 Nos
1970 4565 2148 4614 tamen
2193 4562 2355 4615 etiam
2404 4575 2548 4618 nunc
2584 4561 2947 4619 suburbanum
2997 4563 3098 4617 vite
3144 4561 3413 4617 Ostiensis

1814 4647 2095 4705 incolimus
2120 4692 2137 4718 ,
2171 4666 2445 4708 recursum
2483 4654 2745 4724 tantisper
2794 4663 3091 4718 morantes,
3121 4668 3191 4707 ne
3222 4665 3408 4722 preces

1815 4750 2158 4810 exspectasse
2204 4743 2503 4801 videamur.
2536 4745 2693 4812 Quod
2738 4747 2785 4801 si
2832 4746 3006 4802 facere
3048 4760 3115 4800 ex
3147 4744 3412 4799 sententia

1816 4832 2089 4902 religionis
2122 4842 2226 4890 tua:
2257 4845 2415 4893 antea
2447 4837 2737 4893 voluissem
2764 4877 2781 4903 ,
2829 4847 2887 4894 et
2922 4840 3175 4892 vitassem
3210 4836 3411 4903 pericu-

1816 4922 1952 4989 losa,
1985 4940 2105 4994 qua:
2138 4935 2260 4994 post
2287 4936 2472 4983 secuta
2504 4937 2655 4995 sunt,
2688 4937 2743 4985 et
2771 4929 3104 4998 exspectatio
3150 4927 3253 4980 mei
3296 4924 3410 4994 plus

1813 5016 2087 5086 dignitatis
2119 5018 2418 5075 habuisset.
2442 5021 2551 5076 Sed
2575 5037 2679 5075 una
2711 5022 2806 5077 fuit
2833 5020 2989 5090 hujus
3016 5018 3223 5074 consilii
3251 5018 3409 5086 ratio,
3480 5080 3489 5084 _

1812 5123 1882 5163 ne
1910 5109 2226 5178 quihusdam
2275 5112 2395 5167 loco
2426 5113 2614 5181 pulsus
2640 5114 2876 5177 viderer,
2917 5118 2973 5165 et
2997 5106 3298 5162 verecunda
3330 5108 3413 5165 di-

1810 5200 2013 5255 scessio
2042 5211 2283 5257 verteret
2327 5205 2384 5259 in
2432 5213 2613 5259 notam
2651 5200 2971 5259 timiditatis.
3006 5199 3081 5251 De
3113 5197 3291 5253 Siculo
3318 5215 3413 5256 ne-

1809 5291 1954 5363 gatio
1980 5300 2167 5347 vestro
2192 5305 2416 5351 sanctus
2432 5297 2702 5351 Comazon
2728 5308 2818 5347 me
2847 5302 3064 5389 quoque
3090 5289 3420 5389 assentiente

1810 5386 2112 5456 rescripsit.
2137 5385 2296 5443 Circa
2327 5405 2444 5445 rem
2473 5399 2707 5443 nostram
2730 5380 2971 5445 Siculam
3003 5377 3276 5439 mrbidum
3303 5402 3427 5452 esse

1809 5477 2125 5533 Nectarium
2158 5479 2365 5536 indicio
2411 5488 2568 5537 erunt
2593 5480 2800 5534 litterae,
2834 5482 2977 5537 quas
3004 5484 3179 5538 nuper
3203 5474 3434 5549 Euscius

1811 5570 1984 5623 misit.
2010 5569 2153 5623 Peto
2185 5586 2320 5641 ergo
2343 5616 2355 5639 τ
2404 5582 2464 5626 ιιι
2489 5570 2645 5623 homo
2673 5575 2855 5618 rerum
2891 5557 3148 5659 nescius,
3173 5574 3267 5637 qui
3290 5580 3445 5639 cubi-

1806 5660 1932 5715 culo
1959 5661 2196 5715 clausus
2223 5663 2396 5716 otium
2422 5663 2582 5724 (ovet,
2608 5654 2806 5721 scripto
2911 5647 3099 5750 ’1οὲῖὶ
3117 5668 3464 5749 coetceatur,

1805 5767 1875 5806 ne
1903 5759 2035 5819 post
2065 5750 2139 5803 de
2167 5751 2377 5806 Euscio
2409 5752 2559 5804 aliter
2588 5743 2801 5838 sentiat.
2834 5736 3185 5838 S'I‘Vfﬁd‘tus
3211 5753 3359 5822 justo
3380 5736 3477 5825 nov.

1803 5851 1914 5893 stra
1944 5837 2302 5892 defenderit.
2325 5839 2501 5907 Ipsam
2527 5830 2972 5925 homittisnosui
3000 5830 3334 5925 epismhm
3353 5858 3494 5925 ms“

1804 5939 1862 5984 ut
1889 5930 2245 5983 tcntamenti
2273 5929 2612 5986 insolentiam
2635 5922 2701 5979 de
2731 5919 2853 5983 ejus
2878 5914 3193 5977 moribus
3217 5946 3517 6018 κεκωλωῆ
