3932 6438
1667 372 1730 439 Q.
1775 367 2071 427 AUHELIU

2186 364 2599 426 .vunscnns.
3648 376 3738 436 est
3828 449 3836 455 η

489 507 646 566 quem
673 500 877 551 certum
910 501 994 548 est
1018 507 1045 546 a
1085 490 1239 546 nobis
1265 488 1406 544 nolle
1436 485 1776 558 reprehendi.
1808 484 2067 540 Petieram
2102 483 2148 542 Α
2175 479 2398 536 discidia
2423 481 2896 551 sarciunturzquia
2922 482 3317 540 festinationem
3349 484 3597 540 soliditati
3623 502 3734 540 con-

487 585 852 658 superioribus
884 585 1097 655 scriptis
1127 593 1184 638 ut
1211 581 1488 638 Puteolani
1520 579 1753 650 praetorii
1782 577 1885 631 mei
1914 577 2071 640 latus,

489 695 594 750 quo
622 682 725 734 itur
751 679 819 733 ad
863 678 1076 734 balneas
1104 721 1119 746 ,
1150 675 1504 744 dispositione
1541 673 1662 727 clivi
1696 670 1953 726 mollioris
1980 683 2072 723 or-

489 788 666 827 nares.
699 772 754 828 Si
789 771 948 826 dilata
975 784 1064 826 res
1092 781 1198 836 est,
1246 777 1372 839 peto
1401 779 1611 832 rursus,
1646 762 1809 818 facias
1845 778 1860 818 :
1899 761 1944 816 si
1976 761 2074 815 im-

490 865 655 935 pleta,
689 863 947 933 rescribe,
978 877 1086 932 quo
1114 862 1396 932 gaudeam.
1428 858 1580 914 Vale.

1052 954 1267 1011 EPIST.
1310 951 1518 1008 LXVII.

857 1063 1166 1106 SYRIACBUS
1206 1062 1491 1105 NICOIACIII
1509 1059 1703 1100 ἰἰιιιε.

565 1145 762 1201 Verum
788 1156 900 1212 est,
936 1144 1160 1216 nequire
1189 1143 1458 1197 hominem
1487 1149 1678 1196 cuncta
1714 1137 1913 1210 pariter
1948 1141 2075 1191 voto

489 1238 662 1292 amica
688 1236 888 1293 sortiri.
912 1235 1123 1304 Quanto
1148 1233 1470 1288 luculentius
1492 1231 1724 1287 natalem
1755 1228 1886 1284 mihi
1911 1227 2073 1293 diem,

489 1329 534 1385 si
581 1327 926 1392 adfuissetis,
975 1325 1241 1397 egissem?
1294 1323 1438 1394 quod
1485 1324 1536 1378 in
1583 1321 1846 1393 reliquum
1891 1317 2073 1402 saltim

489 1413 789 1479 numerosis
833 1435 1093 1477 annorum
1144 1419 1486 1490 processibus
1524 1417 1634 1474 fors
1663 1424 1811 1472 orata
1847 1422 2071 1486 praesta-

489 1515 582 1570 bit.
616 1516 856 1581 Interea,
907 1514 1121 1570 domina
1171 1512 1319 1580 filia,
1366 1511 1686 1567 honoratum
1735 1524 1822 1564 me
1870 1506 2075 1577 Optimo

2179 574 2319 629 ditor
2351 574 2554 654 primus
2578 582 2703 629 ante
2735 575 2876 643 tulit,
2904 584 2961 631 et
2990 577 3260 646 antiquior
3286 571 3334 632 ei
3363 579 3472 633 visa
3514 588 3602 652 est
3621 580 3738 634 cele-

2177 668 2309 724 ritas
2334 667 2541 735 utendi,
2571 683 2730 740 quam
2751 669 3019 725 securitas
3043 661 3465 725 succedentium.
3494 670 3599 726 Vos
3625 685 3739 724 nova

2178 771 2232 818 et
2254 777 2428 818 ternm
2452 777 2704 819 mansura
2732 763 2994 819 molimini
3023 781 3035 817 :
3061 761 3326 833 siquidem
3358 778 3536 840 sermo
3563 762 3742 819 distulit

2177 857 2426 926 quaedam
2453 870 2569 910 vos
2615 855 2912 912 Jucullanis
2961 855 3216 925 operibus
3259 854 3520 924 aequanda
3554 855 3739 910 iecisse.

2178 949 2288 1006 Nec
2332 958 2513 1005 tamen
2544 950 2700 1005 vobis
2735 949 2988 1020 impendii
3021 948 3386 1020 magnitudine
3425 948 3741 1004 cesserimus.

2181 1044 2284 1098 Par
2324 1044 2467 1100 enim
2516 1051 2763 1114 sumptus
2804 1053 2929 1110 est,
2978 1042 3148 1100 semel
3197 1041 3366 1098 solida
3402 1025 3662 1099 collocare
3701 1052 3745 1098 et

2179 1152 2324 1196 smne
2350 1138 2617 1210 integrare
2645 1137 2910 1193 cadentia.
2934 1137 3084 1194 Vale.

2748 1230 2964 1288 EPIST.
3007 1231 3192 1290 LXXI.

2549 1340 2605 1380 εἴ
2615 1341 2858 1381 ΙΜΑΕΙῙυδ
2894 1341 3182 1383 NICOIACHI
3221 1341 3394 1384 FILIIS.

2253 1416 2528 1487 Indulgete
2554 1417 2766 1473 deliciis
2787 1459 2802 1484 ,
2831 1418 3045 1489 quando
3088 1419 3158 1474 ita
3191 1428 3350 1476 terra:
3393 1433 3458 1474 ac
3490 1420 3648 1474 maris
3673 1433 3746 1472 co-

2183 1510 2282 1581 piis
2309 1509 2644 1577 redundatis,
2679 1520 2738 1566 ut
2763 1512 2917 1567 vobis
2945 1512 3306 1583 pollucibilem
3339 1514 3540 1570 victum
3571 1512 3745 1568 utrius-

487 1608 702 1664 lanilieii
731 1609 806 1664 tui
837 1616 1185 1664 monumento
1224 1607 1359 1662 satis
1386 1604 1613 1676 gaudeo.
1650 1602 1765 1658 Una
1795 1601 1994 1672 quippe
2020 1605 2076 1653 et
2171 1621 2284 1678 quo
2329 1605 2582 1664 elementi
2633 1607 2904 1664 ministret
2943 1609 3235 1678 opulentia,
3279 1593 3389 1664 Νοε
3412 1651 3430 1674 ,
3472 1607 3600 1663 satis
3644 1617 3746 1672 ist,

486 1713 636 1757 amor
665 1701 719 1756 in
750 1711 1024 1771 parentem
1055 1710 1230 1769 tuum,
1277 1709 1334 1756 et
1361 1699 1622 1756 industria
1649 1695 1962 1751 matronalis
1988 1695 2072 1749 in-

485 1793 696 1849 claruit.
729 1793 818 1850 Sic
845 1794 1036 1864 prisca
1067 1792 1280 1850 feminas
1310 1793 1469 1848 vitam
1501 1789 1733 1847 coluisse
1771 1788 2070 1843 traduntur.

485 1979 606 2036 telis
630 1979 866 2035 animum
891 1979 1116 2050 jubebat
1141 1979 1422 2036 intendere
1463 1995 1478 2033 :
1521 1980 1643 2049 quia
1671 1977 1921 2034 illecebra
1951 1991 2068 2032 ces-

485 2079 638 2126 sante
669 2080 974 2141 temporum
997 2072 1208 2127 vivitur.
1237 2069 1357 2126 Tibi
1388 2084 1534 2134 vero,
1563 2081 1616 2125 et
1645 2069 1786 2123 Baiae
1812 2069 2072 2139 appositae

485 2177 668 2220 curam
700 2163 863 2220 sobrii
909 2163 1089 2234 operis
1117 2163 1408 2219 detrahere
1435 2177 1544 2218 non
1580 2171 1822 2232 possunt.
1855 2161 2071 2216 Renun-

485 2255 588 2312 tias
617 2266 803 2328 stagna
845 2257 1180 2313 verrentibns
1200 2298 1218 2325 ,
1251 2265 1305 2312 et
1331 2255 1576 2312 residens
1602 2265 1694 2309 aut
1717 2251 2072 2310 obambulans

485 2350 626 2406 inter
653 2365 814 2422 pensa
839 2361 893 2406 et
920 2350 1189 2420 foragines
1219 2349 1518 2420 puellarum
1546 2390 1564 2417 ,
1606 2363 1739 2419 quas
1764 2347 1907 2403 solas
1931 2346 2072 2401 arbi-

485 2443 648 2498 traris
689 2455 850 2498 sexus
902 2442 979 2498 tui
1025 2442 1266 2498 delicias.
1299 2442 1490 2498 Merito
1539 2441 1700 2512 igitur
1741 2450 1790 2495 te
1818 2455 1958 2503 amo,
1991 2437 2074 2494 di-

483 2547 750 2604 gnamque
775 2534 896 2590 viro
924 2546 1016 2591 tuo
1036 2534 1484 2605 judicozquando
1509 2533 1665 2589 nobis
1695 2549 1845 2603 teque
1877 2532 1990 2586 laus
2019 2540 2076 2588 et

483 2630 727 2700 voluptas
753 2645 816 2686 ex
865 2631 1006 2685 illius
1046 2630 1374 2701 perfectione
1414 2629 1702 2686 adventitia
1727 2670 1742 2696 ,
1783 2638 1839 2684 et
1877 2643 1942 2683 ex
1983 2636 2072 2682 tua

483 2723 745 2794 probitate
771 2725 999 2796 genuina
1029 2734 1132 2781 est.
1166 2723 1320 2778 Vale.

1035 2816 1250 2873 EPIST.
1294 2814 1522 2872 LXVIII.

848 2925 1159 2966 IYIIACIUS
1197 2923 1481 2965 NICOIACIII
1520 2923 1700 2962 PILIIS.

551 3003 868 3073 Quanquam
891 3017 1128 3072 sperem,
1151 3000 1368 3071 praefata
1397 3001 1490 3055 Dei
1512 2999 1692 3066 venia,
1711 3012 1841 3052 mox
1870 2997 1924 3052 in
1945 3009 2075 3052 con-

482 3103 730 3165 spectum
757 3103 997 3150 mutuum
1034 3108 1132 3149 nos
1158 3107 1282 3148 esse
1309 3102 1568 3148 venturos
1608 3107 1623 3147 :
1661 3099 1838 3145 tamen
1881 3088 2075 3144 litteris

483 3189 751 3244 abstinere
797 3203 901 3243 non
933 3187 1132 3255 debui,
1177 3202 1244 3243 ne
1273 3186 1416 3258 quod
1467 3197 1686 3256 tempus.
1724 3183 2075 3240 familiaribus

482 3288 692 3336 careret
717 3280 930 3336 officiis.
953 3280 1117 3338 Sume
1142 3257 1301 3351 igitur
1321 3278 1654 3350 praelibatam
1675 3277 2074 3347 salutationem,
2103 3257 2150 3322 ο

483 3387 642 3443 quam
679 3373 772 3428 tibi
811 3373 938 3429 boni
966 3372 1189 3442 auspicii
1230 3373 1403 3444 gratia
1432 3372 1611 3428 adhuc
1638 3372 1782 3444 stylo
1813 3372 2078 3444 impendi-

483 3479 621 3532 mus,
655 3464 750 3521 sed
777 3479 908 3522 voce
935 3465 1181 3536 proxime
1208 3463 1534 3521 deferemus.
1553 3464 1704 3520 Vale.

1062 3579 1274 3635 EPIST.
1317 3577 1500 3634 LXIX.

863 3685 1167 3730 ετιιωοῐῑσε
1207 3687 1488 3730 ΜΕΟΜΑΩΗΙ
1527 3687 1702 3732 ιἰιιιε.

557 3767 796 3839 Eleganti
827 3776 1134 3824 commento
1162 3767 1434 3823 silentium
1464 3778 1701 3823 vestrum
1723 3779 1952 3838 purgare
1980 3780 2077 3820 vo-

487 3861 682 3920 luistis.
732 3861 975 3933 Allegata
1015 3868 1097 3916 est
1135 3861 1279 3916 enim
1321 3860 1528 3915 cautela
1575 3860 1808 3914 tristium
1859 3857 2073 3932 nuntio-

486 3969 627 4019 rum,
660 3954 903 4024 quanditt‘
925 3955 1156 4009 secunda
1187 3953 1539 4010 succederent
1577 3972 1591 4006 ε
1635 3961 1694 4006 ut
1722 3966 1806 4016 ea,
1839 3966 1958 4021 qua:
1990 3951 2074 4005 in-

483 4048 752 4104 termissio
769 4047 1076 4120 scriptionis
1096 4057 1223 4104 ante
1243 4049 1533 4112 celaverat,
1554 4047 1848 4101 laetioribus
1865 4044 2078 4100 indiciis

484 4140 862 4209 proderentur.
893 4141 1000 4198 Sed
1031 4141 1186 4196 nobis
1217 4151 1270 4196 et
1309 4139 1400 4195 illa
1435 4154 1529 4210 per
1562 4140 1778 4194 nuntios
1809 4137 2074 4208 incognita

483 4247 589 4288 non
643 4233 892 4302 fuerunt,
927 4241 981 4290 et
1011 4234 1128 4290 hac
1157 4246 1277 4288 sera
1310 4231 1598 4286 admodum
1626 4231 1738 4286 visa
1785 4240 1930 4286 sunt.
1960 4229 2074 4285 Au-

480 4325 638 4394 gebat
679 4325 823 4380 enim
875 4340 1149 4381 rumorum
1211 4324 1485 4379 licentiam
1532 4323 1768 4392 suspicio
1811 4307 2073 4377 cessantis

481 4415 663 4470 officii.
688 4417 750 4471 Et
780 4426 956 4471 tamen
980 4429 1300 4472 succensere
1322 4429 1428 4472 non
1452 4430 1755 4485 possumus,
1788 4426 2072 4486 postquam

481 4507 649 4577 gratia
699 4508 1041 4576 praesentium
1092 4508 1393 4562 litterarum
1447 4509 1760 4562 memoriam
1814 4507 2072 4577 praeteriti

479 4597 686 4654 doloris
729 4597 944 4655 exemit.
991 4598 1148 4654 Modo
1194 4609 1468 4654 memento
1525 4615 1706 4655 curam
1751 4603 1874 4672 styli
1931 4604 2072 4657 inter

482 4691 750 4763 prtecipna
778 4699 831 4748 et
857 4695 1026 4763 prima
1074 4693 1290 4758 sortiri;
1333 4707 1403 4748 ne
1433 4693 1589 4762 hujus
1620 4695 1854 4764 exempli
1889 4709 2069 4749 recor-

479 4786 625 4840 datio
656 4785 886 4855 majores
927 4785 1104 4842 denuo
1135 4794 1312 4841 metus
1355 4785 1541 4842 afferat
1567 4827 1583 4853 ,
1633 4785 1756 4840 dum
1797 4786 2070 4842 credimus
2147 4835 2150 4837 λ

479 4880 578 4933 sub
607 4881 1008 4952 exspectatione
1052 4882 1335 4938 meliorum
1384 4895 1573 4937 rursus
1620 4883 1794 4954 aliqua
1842 4881 2067 4938 adversa

481 4973 716 5028 reticeri.
742 4973 948 5031 Valete.

1057 5045 1278 5104 EPIST.
1319 5047 1482 5102 LXX.

851 5155 1162 5197 SYIIACHUS
1197 5155 1482 5197 NICOSACIII
1523 5154 1694 5197 FILIIS.

550 5233 646 5288 Diu
688 5233 767 5290 ab-
803 5233 944 5305 stylo
989 5233 1165 5290 fateor
1200 5241 1550 5305 temperasse.
1581 5233 1720 5289 Nihil
1754 5233 1896 5288 enim
1927 5232 2068 5302 quod

476 5326 858 5395 scriberemus,
908 5327 1149 5382 emersit.
1182 5325 1380 5382 Salutis
1427 5336 1606 5381 autem
1653 5333 1847 5380 vestrte
1891 5324 2066 5379 betam

477 5416 637 5471 fidem
666 5417 735 5474 de
766 5418 1169 5476 adventantium
1210 5433 1464 5475 sermone
1491 5418 1790 5488 capiebam.
1825 5416 2064 5471 Tandem

475 5509 831 5565 cessationem
864 5511 994 5567 vicit
1038 5511 1273 5568 atlectio.
1309 5511 1641 5580 Reparamus
1671 5509 1835 5578 igitur
1860 5521 2064 5562 morem

475 5599 720 5657 dicendae
744 5603 952 5672 salutis,
982 5605 1134 5660 vacui
1166 5603 1405 5661 omnium
1434 5600 1791 5670 negotiorum.
1820 5599 1947 5654 Post
1963 5599 2066 5669 Ty-

476 5693 687 5749 burtem
727 5696 922 5766 quippe
945 5697 1303 5753 secessionem
1343 5695 1527 5748 Romae
1555 5693 1663 5747 otia
1694 5692 1836 5747 lenta
1870 5692 2066 5758 prudn-

475 5787 668 5846 cimus.
724 5787 832 5846 Sed
888 5805 993 5847 non
1055 5801 1437 5860 usquequaque
1492 5785 1820 5854 agendarum
1886 5799 2066 5840 rerum

476 5893 662 5941 suum:
710 5881 944 5944 desides.
991 5882 1123 5940 Nam
1169 5879 1313 5936 domi
1371 5885 1752 5944 corruptorum
1798 5877 2066 5945 parietum

2177 1699 2321 1770 quod
2355 1701 2594 1756 omnium
2618 1741 2634 1766 ,
2687 1716 2806 1772 qua:
2845 1701 3040 1770 capitis
3065 1744 3079 1768 ,
3135 1712 3282 1768 parte
3310 1701 3608 1757 defruimnr
3635 1699 3750 1755 adeo

2181 1789 2420 1861 largiter,
2467 1801 2523 1847 ut
2561 1793 2661 1864 ipsi
2711 1805 2924 1863 quoque
2971 1793 3168 1863 opimis
3210 1792 3437 1864 dapibus
3466 1793 3747 1850 amuatnus.

383 1871 388 1874 ’
483 1887 553 1944 Et
580 1888 698 1942 illas
741 1887 957 1957 quidem
984 1887 1296 1944 deliciarum
1327 1886 1507 1942 sterile
1549 1884 1806 1940 saeculum
1835 1883 1985 1949 colo,
2012 1889 2070 1938 et
2094 1874 2152 1938 Β
2171 1885 2381 1942 Valete.

2731 1979 2944 2037 EPIST.
2992 1978 3202 2037 LXXII.

2549 2087 2856 2129 επυσιιυε
2897 2089 3182 2130 κισσυεπι
3218 2088 3394 2132 ιιίιιιε.

2247 2165 2444 2220 Patrias
2490 2179 2554 2220 ac
2603 2166 2888 2237 penatibus
2929 2166 3156 2234 redditi,
3182 2166 3426 2236 quadam
3473 2163 3753 2238 quibusof-

2175 2253 2514 2313 fenderemur
2542 2259 2850 2314 invenimus
2879 2276 2895 2314 :
2929 2259 3192 2331 siquidem
3232 2259 3486 2315 Ostiense
3516 2257 3753 2330 praedium

2177 2361 2415 2407 nostrum
2449 2350 2708 2422 frequens
2735 2353 2912 2423 pulsat
2933 2353 3240 2422 impressio.
3269 2350 3375 2409 Sed
3403 2352 3447 2406 si
3470 2352 3628 2408 vobis
3650 2363 3754 2421 pro—

2175 2457 2333 2514 spere
2384 2453 2562 2515 optata
2609 2445 2941 2515 procedunt,
2973 2453 3224 2515 praestate
3274 2443 3519 2512 litteras,
3550 2455 3754 2515 quarum

2177 2537 2359 2592 laetitia
2384 2546 2590 2608 tergeat
2609 2539 2805 2593 nubem
2835 2538 3120 2607 praesentis
3151 2537 3378 2607 injurias.
3397 2535 3558 2593 Vale.

2719 2629 2934 2685 EPIST.
2975 2627 3207 2684 LXXI‘II.

2553 2735 2580 2774 S
2590 2733 2866 2777 'IIMCIIUS
2903 2735 3061 2785 κιοοιι
3069 2735 3188 2776 Ασιιι
3227 2733 3400 2775 Ριιιις.

2251 2813 2456 2869 Renum
2489 2813 2673 2869 dolore
2700 2813 3018 2870 discrucior.
3042 2813 3147 2868 Sed
3175 2828 3244 2868 ne
3272 2811 3445 2882 major
3472 2813 3544 2866 ad
3569 2819 3754 2866 vestras

2176 2925 2332 2966 aures
2365 2909 2504 2964 fama
2533 2908 2832 2980 perveniat,
2860 2919 3180 2980 praesentem
3211 2917 3416 2964 statum
3450 2906 3759 2962 valetudinis

2179 3003 2415 3058 breviter
2472 3003 2720 3058 iudicavi.
2769 3002 2902 3057 Cum
2951 3002 3072 3058 lteta
3118 3001 3520 3066 successerint,
3574 3013 3759 3056 morem

2177 3111 2354 3152 meum
2371 3095 2759 3163 secutus,dabo
2785 3096 2851 3150 ad
2876 3081 2972 3150 vos
2996 3096 3242 3166 paginam
3265 3095 3551 3150 laetiorem.
3571 3093 3760 3148 Valete.

2723 3188 2939 3244 EPIST.
2981 3187 3220 3244 LXXIV.

2549 3295 2859 3336 BYIIMACIIUS
2898 3296 3185 3336 NICOIIACIII
3222 3295 3394 3335 FILIIS.

2251 3375 2366 3430 Non
2399 3375 2593 3430 frustra
2626 3375 2885 3432 hactenus
2916 3389 3173 3446 responsa
3204 3375 3531 3430 distulimus.
3574 3382 3763 3430 tractau

2182 3475 2266 3523 tus
2295 3454 2441 3521 enim
2488 3467 2682 3537 negotii
2733 3476 2789 3522 et
2832 3467 3140 3522 chartarum
3182 3465 3524 3537 investigatio
3575 3479 3765 3521 moram

2176 3558 2306 3627 justi
2334 3560 2589 3631 temporis
2616 3559 2920 3631 exigebant.
2952 3560 3076 3616 Haec
3103 3553 3194 3616 ubi
3221 3560 3468 3616 absoluta
3498 3569 3650 3625 sunt,
3677 3575 3766 3614 cte-

2181 3654 2330 3722 teris,
2362 3669 2482 3725 quae
2510 3667 2688 3709 causa:
2726 3654 2896 3724 poscit
2932 3654 3235 3725 instructio,
3267 3653 3610 3724 reciprocum
3644 3653 3766 3707 litte~

2181 3760 2360 3799 rarum
2391 3760 2584 3800 munus
2616 3744 2929 3814 adjecimus.
2977 3743 3080 3815 Ipsi
3108 3745 3252 3800 enim
3286 3745 3468 3799 multis
3507 3743 3766 3800 obstanti-

2182 3836 2280 3891 bus
2305 3837 2472 3903 curis,
2520 3837 2622 3892 iter
2651 3835 2718 3891 ad
2751 3851 2847 3892 vos
2873 3837 3158 3907 nequimus
3183 3837 3444 3908 arripere.
3476 3835 3768 3892 Consilium

2182 3941 2380 3997 tamen,
2413 3931 2555 4002 quod
2589 3931 2936 3987 trausactioni
2967 3941 3161 3988 vestra:
3192 3947 3470 4002 possemus
3491 3933 3768 3995 adhibere,

2177 4025 2503 4080 cumulatius
2528 4040 2595 4081 ex
2624 4026 2730 4080 alio
2761 4026 3254 4096 parente-capietis.
3277 4026 3377 4093 Qui
3403 4026 3504 4080 etsi
3529 4026 3770 4095 adjutora

2179 4135 2284 4173 non
2337 4119 2573 4188 indiget,
2614 4117 2924 4189 dignabitur
2968 4129 3148 4175 tamen
3189 4119 3263 4174 ob
3309 4117 3673 4186 inaniafori,
3722 4126 3768 4175 et

2177 4212 2380 4267 sutelas
2426 4222 2673 4268 veterum
2723 4212 3073 4269 formularum
3100 4254 3115 4280 ,
3148 4222 3392 4270 sanctum
3424 4213 3769 4270 I’rosdocium

2179 4306 2480 4377 praestolari
2503 4325 2515 4360 :
2537 4318 2818 4363 venturum
2841 4307 2909 4363 ad
2942 4323 3040 4364 vos
3069 4309 3334 4378 protinus,
3359 4322 3481 4363 cum
3514 4307 3768 4379 reliquias

2180 4400 2334 4456 mala:
2363 4400 2684 4457 valetudinis
2715 4401 2868 4471 plena
2899 4402 3129 4458 sanitate
3156 4402 3443 4459 limaverit.
3473 4402 3630 4458 Vale.

2742 4491 2950 4548 EPIST.
2989 4491 3200 4549 LXXV.
3227 4502 3231 4506 '

2547 4599 2860 4639 ενιιηςιιυε
2896 4599 3178 4641 ηιοοιιλοω
3219 4601 3392 4642 ειιιιε.

2095 4643 2150 4704 υ
2247 4675 2370 4731 Fuit
2413 4675 2624 4732 animus
2674 4675 2892 4734 Fundos
2941 4677 3259 4746 prteterire,
3290 4678 3336 4733 si
3381 4692 3476 4734 vos
3523 4677 3769 4733 Formias

2174 4770 2468 4825 accessisse
2496 4769 2827 4829 didicissem.
2852 4769 3140 4840 Postquam
3172 4770 3328 4826 aliter
3351 4771 3556 4840 evenit,
3585 4770 3770 4842 partiri

2175 4863 2276 4918 iter
2307 4865 2503 4932 placuit
2549 4863 2614 4917 ad
2662 4864 3011 4919 minuendum
3062 4864 3326 4922 laborem.
3374 4867 3490 4922 Erit
3523 4868 3688 4938 igitur
3718 4867 3770 4922 in

2173 4955 2400 5009 arbitrio
2441 4953 2688 5008 Fortuna:
2743 4965 2913 5010 ratum
2967 4957 3168 5025 facere,
3199 4968 3257 5013 ut
3287 4958 3364 5027 ad
3401 4960 3651 5029 quintum
3680 4975 3772 5015 ca-

2177 5047 2362 5103 lendas
2393 5051 2656 5117 Augustas
2685 5047 2973 5103 Formiana
3005 5050 3136 5107 sede
3168 5065 3501 5107 recreemur.
3537 5054 3665 5108 Ilzet:
3691 5061 3772 5108 est

2173 5139 2334 5193 animi
2366 5139 2530 5194 nostri
2562 5138 2883 5206 deStinatio;
2917 5156 3060 5196 nunc
3089 5143 3140 5198 in
3168 5143 3466 5201 caelestium
3495 5161 3662 5202 manu
3692 5153 3771 5202 est

2173 5229 2392 5286 ell‘cctns
2423 5231 2609 5301 optati.
2646 5230 2793 5287 Vale.

2713 5321 2925 5380 EPIST.
2967 5323 3204 5381 LXXVI.

2540 5430 2850 5470 svatnacnns
2890 5431 3175 5483 NlCOlllACtﬂ
3214 5418 3389 5474 nens.

2245 5507 2428 5562 Nullus
2464 5508 2666 5576 absque
2708 5508 2954 5576 epistolis
3003 5512 3140 5568 meis
3188 5513 3308 5569 dies
3351 5513 3568 5570 labitur.
3627 5514 3769 5583 Quid

2173 5599 2218 5656 si
2247 5600 2463 5655 allatum
2496 5607 2736 5655 mutuum
2792 5602 3125 5661 redderetis?
3163 5606 3273 5664 Nec
3311 5617 3488 5664 tamen
3540 5609 3768 5678 paenitet

2172 5693 2478 5763 diligentias,
2520 5694 2762 5763 quamvis
2809 5694 2984 5752 honor
3011 5698 3398 5758 vicissitudinis
3439 5701 3767 5772 negligatur.

2173 5786 2303 5840 Nam
2337 5803 2454 5855 quae
2493 5803 2556 5841 ex
2607 5803 2755 5842 more
2804 5789 2972 5855 fiunt,
3017 5792 3179 5848 etiain
3207 5795 3437 5865 gratuita
3465 5795 3762 5850 delecmnt.

2177 5878 2288 5943 Ego
2317 5877 2382 5934 ad
2413 5879 2694 5935 sanitatem
2741 5879 2887 5938 lento
2918 5881 3092 5940 adhuc
3134 5885 3305 5949 gradu
3353 5887 3618 5949 provehor
3643 5905 3658 5945 :
3684 5898 3763 5946 at.
