3932 6424
161 346 261 405 985

157 475 250 530 que
275 459 394 514 ideo
419 456 623 514 itineris
651 455 919 513 ulterioris
947 455 1225 526 ambiguus
1257 470 1425 527 usque
1451 456 1517 512 ad
1545 456 1719 526 profe-
1745 459 1806 521 Α.

154 563 284 608 ctum
311 551 751 608 deliberationem
780 561 1083 630 sequestro.
1127 551 1264 617 Quid
1306 550 1408 621 ipsi
1451 551 1516 606 de
1544 552 1718 608 reditu

154 654 238 698 aut
261 641 541 698 suburbata
564 640 990 698 commoratione
1014 637 1332 709 statueritis,
1365 649 1488 698 avet
1508 641 1719 698 animus

154 737 372 793 edoceri.
398 736 542 793 Vale.

666 808 878 866 EPIST.
923 807 1179 862 LXXVII.

494 912 804 954 ετιιηεηυε
842 913 1124 954 NICOIACBI
1167 911 1339 952 FILIIS.

211 990 465 1046 Antcveni
507 991 902 1062 inquisitionem
925 1033 941 1058 ,
991 1007 1112 1047 cum
1141 1006 1241 1046 vos
1271 989 1530 1046 sollicitos
1569 989 1716 1057 fore,

151 1082 280 1154 quod
306 1097 486 1138 essem
501 1084 692 1141 morbo
719 1093 1033 1150 attentatus,
1057 1083 1415 1140 adverterem.
1441 1083 1507 1138 Et
1531 1097 1718 1152 quam-

151 1177 224 1231 vis
266 1177 408 1232 ultro
457 1178 766 1248 scripserim
793 1178 996 1233 doloris
1045 1179 1148 1234 mei
1194 1176 1420 1232 adversa
1451 1175 1656 1231 tenuari
1699 1193 1713 1229 :

144 1268 403 1324 abolendae
416 1278 594 1324 tamen
607 1269 980 1325 sollicitudinis
991 1283 1156 1324 causa
1171 1269 1312 1340 (quae
1323 1268 1462 1338 apud
1475 1275 1718 1323 amantes

143 1377 338 1430 semper
369 1361 642 1417 incredula
665 1364 774 1428 est)
796 1378 935 1417 nunc
964 1376 1178 1432 quoque
1208 1362 1415 1425 nuntio,
1440 1361 1482 1414 si
1512 1361 1715 1414 dictum

144 1455 302 1508 nullus
319 1452 550 1508 fortunae
575 1455 709 1510 livor
725 1455 1024 1521 effascinet,
1045 1456 1100 1508 in
1128 1453 1472 1510 concordiam
1504 1467 1713 1509 mecum

143 1545 405 1600 sanitatem
441 1545 633 1602 redire.
667 1545 773 1602 Sed
805 1546 1051 1602 nondum
1079 1561 1296 1602 sensum
1328 1561 1505 1602 meum
1548 1561 1714 1616 pene-

143 1644 233 1690 trat
261 1636 544 1691 ammnitas
584 1636 849 1693 littoralis.
892 1637 1024 1694 Nam
1055 1647 1115 1694 ut
1155 1653 1220 1695 ex
1252 1638 1408 1710 longa
1440 1638 1604 1694 maris
1628 1637 1713 1708 ja-

146 1728 364 1782 ctationc
381 1729 602 1784 stabilis
617 1744 836 1798 gressus
865 1745 991 1786 sero
1018 1739 1330 1801 reparatur:
1361 1731 1440 1786 sic
1467 1740 1710 1800 tempore

1332 343 1812 403 EPISTOLARU‘M
1851 345 2054 404 LIBER
2099 346 2208 405 VII.
2225 379 2235 385 -

3309 349 3414 409 286

2373 457 2585 515 EPIST.
2632 458 2867 516 LXXIX.

2195 565 2502 606 SYIIACBUS
2539 565 2825 607 NICOIACIII
2867 565 3040 606 FILIIS.

1895 660 2096 717 .Bvum
2117 670 2340 718 maneat
2361 663 2459 718 bic‘
2473 663 2610 733 dies,
2640 667 2729 734 qui
2760 673 2812 718 te
2844 664 3030 729 nobis,
3059 664 3166 720 ﬁlia
3191 710 3204 734 ,
3237 667 3408 722 dedit.

1823 751 1976 808 Hunc
1997 767 2096 823 ego
2126 762 2181 808 et
2225 754 2432 824 gaudiis
2460 757 2673 823 mentis,
2704 765 2758 810 et
2787 754 3074 812 verborum
3116 755 3410 812 honoribus

1823 858 1920 916 per
1945 845 2142 901 multos
2195 857 2455 904 annorum
2498 835 2748 904 recursus
2788 848 3064 903 vobiscum
3105 856 3233 918 opto
3269 849 3408 904 cele-

1824 938 1999 1004 brare,
2048 938 2282 1009 adjicere
2311 941 2476 994 etiam
2522 939 2654 995 mihi
2685 940 2958 1011 ingravata
2984 981 3001 1007 ,
3056 940 3150 994 tibi
3177 941 3408 1009 jucunda

1821 1035 2157 1090 munuscula.
2185 1034 2250 1090 Ut
2275 1049 2415 1090 nunc
2440 1036 2634 1090 lineam
2665 1035 2820 1101 misi;
2847 1035 2998 1106 cujus
3017 1043 3191 1105 potest
3212 1035 3412 1089 oblatio

1820 1127 2011 1194 exigua
2038 1141 2142 1182 non
2167 1127 2368 1192 videri,
2413 1129 2459 1182 si
2491 1129 2658 1200 magis
2698 1129 2802 1184 mei
2828 1128 2882 1184 in
2909 1143 3003 1184 vos
3030 1128 3215 1196 animi,
3248 1139 3410 1198 quam

1819 1221 1900 1274 sui
1935 1221 2088 1291 pretii
2120 1223 2478 1278 aestimatione
2510 1223 2789 1293 pendatttr.
2815 1223 2967 1280 Vale.

2374 1333 2586 1393 EPIST.
2629 1337 2842 1396 LXXX.

2183 1444 2494 1487 SYIIMACIIUS
2533 1447 2814 1488 mcosucm
2856 1441 3027 1489 rtLtts.

1886 1543 2125 1598 Natalem
2167 1543 2397 1598 dominae
2445 1543 2566 1600 filiae
2615 1562 2780 1613 mete,
2812 1561 2968 1616 quem
3010 1561 3102 1616 per
3130 1560 3390 1602 annorum

1815 1648 2067 1690 recursus
2112 1648 2357 1705 optamus
2385 1651 2506 1691 esse
2535 1652 2876 1692 numerosum
2896 1679 2911 1704 ,
2940 1637 3210 1693 vobiscum
3238 1639 3396 1707 agere

1815 1736 1867 1782 et
1916 1726 2232 1798 participare
2274 1727 2560 1784 voluissem
2585 1768 2601 1794 ,
2643 1729 2744 1784 nisi
2796 1731 3072 1800 proposito
3116 1729 3404 1786 restitisset

139 1833 256 1888 opus
276 1828 376 1884 est,
401 1828 465 1874 ut
485 1821 614 1876 tanti
637 1821 757 1877 mali
786 1821 1031 1878 decessio
1051 1822 1225 1879 locum
1250 1823 1407 1879 faciat
1424 1823 1706 1892 voluptati.
1739 1846 1787 1908 Β
1815 1818 2063 1874 imbrium
2106 1819 2455 1874 continuatio.
2488 1817 2782 1891 Fungimur
2809 1817 2988 1877 tamen
3013 1821 3264 1892 religioso
3298 1821 3394 1874 lio-

140 1911 262 1981 Ergo
284 1925 461 1983 neque
482 1910 780 1970 Formiana:
806 1930 938 1980 orae,
966 1929 1140 1986 neque
1179 1914 1550 1971 :cdiflcationis
1574 1929 1708 1971 mea:
1813 1925 1944 1966 nore
1982 1911 2203 1981 jucundi
2255 1912 2588 1968 munusculi:
2624 1922 2898 1983 petentes,
2937 1922 2996 1969 ut
3045 1914 3400 1984 s’usccptionis

139 2004 383 2072 tantisper
396 2004 568 2059 ullam
585 2005 739 2075 capio
766 2005 1123 2062 dulcedinem.
1143 2006 1249 2064 Sed
1275 2009 1409 2073 hwc,
1441 2015 1500 2063 ut
1521 2022 1701 2078 spero,

136 2096 293 2149 omnia
329 2111 458 2151 cum
490 2097 630 2152 bono
651 2097 970 2154 raletudinis
998 2108 1356 2164 revertentur,
1388 2114 1619 2170 moxque
1637 2098 1706 2154 ad

139 2188 359 2241 lzrtisilm
375 2189 549 2243 vestri
576 2191 740 2245 animi
767 2191 905 2260 stylo
936 2205 1062 2245 meo
1096 2191 1488 2247 communicata
1520 2204 1706 2261 perve-

136 2279 278 2334 nient.
315 2278 471 2336 Vale.
645 2349 840 2408 EPIST
903 2347 1164 2408 LXXVI"

485 2455 792 2498 SYMIACIIUB
829 2455 1118 2500 NICO'ACBI
1156 2459 1330 2498 PILIIS.

191 2531 316 2587 Cum
338 2534 482 2588 mihi
505 2547 638 2604 puer
659 2547 836 2591 vester
858 2551 1016 2592 unam
1040 2537 1322 2607 epistolam
1348 2537 1700 2598 reddidisset:

134 2634 182 2680 ut
204 2627 548 2682 rescriberem
583 2629 852 2698 protinus,
897 2639 1144 2700 tanquam
1173 2645 1294 2685 mox
1336 2631 1606 2686 rediturus
1633 2629 1701 2686 ad

135 2733 212 2772 ωε
232 2716 490 2774 incubuit.
523 2719 630 2774 Sed
661 2729 713 2774 ut
744 2719 942 2788 didici,
972 2721 1084 2791 ipse
1105 2723 1175 2777 ad
1203 2723 1456 2777 ulteriora
1479 2735 1702 2778 conten-

133 2809 266 2872 detvs,
297 2809 516 2865 Inimica
543 2811 674 2866 usus
700 2819 785 2866 est
812 2811 1024 2879 tccbmi,
1054 2826 1160 2882 quo
1191 2817 1434 2883 pag'nam
1463 2822 1700 2868 nostram

132 2918 297 2963 coms
327 2909 450 2979 eius
487 2908 738 2966 Rusticus
773 2911 1102 2980 deportaret.
1145 2908 1238 2964 Ille
1283 2907 1503 2962 alteram
1559 2920 1700 2962 nunc

131 3011 380 3070 regressus
399 3004 632 3074 accepit.
659 3003 855 3060 Ridere
875 3017 970 3059 vos
995 3003 1247 3070 arbitror,
1297 3001 1438 3072 quod
1466 3016 1565 3071 ego
1581 3013 1702 3057 ser-

130 3093 208 3146 tili
239 3091 676 3166 circumscriptus
713 3097 962 3166 stropha,
1014 3109 1110 3164 pro
1138 3103 1284 3149 sorte
1321 3092 1550 3163 simplici
1597 3092 1697 3147 du-

129 3183 257 3252 plum
296 3187 580 3244 solverint.
629 3186 761 3267 Nam
801 3187 1028 3243 callidus
1054 3187 1306 3253 vernula,
1352 3185 1492 3256 quod
1528 3183 1695 3240 seruet

131 3280 340 3348 pcr‘ltrlit,
373 3281 460 3336 bis
485 3281 711 3352 recepit.
745 3281 1030 3353 Pergerem
1062 3280 1294 3349 leugius,
1331 3279 1375 3334 si
1397 3277 1696 3348 adjicienda

129 3375 470 3440 suppetereut.
497 3373 607 3430 Vos
637 3375 690 3430 in
713 3377 1009 3446 propinquo
1033 3374 1202 3441 urbis,
1227 3372 1524 3428 celebriore
1556 3371 1698 3427 fama

129 3479 284 3519 rerum
313 3467 495 3537 agitis,
519 3474 574 3522 et
599 3467 714 3538 pari
740 3466 871 3521 otio.
896 3465 1146 3521 Vestrum
1174 3474 1256 3521 est
1278 3464 1464 3535 procul
1495 3463 1699 3534 positos

130 3559 279 3616 ditare
303 3563 587 3634 comperti.
619 3561 771 3616 Vale.

1724 3233 1772 3297 C

1813 2003 2137 2074 benignitate
2162 1999 2446 2060 oblatibnis
2477 2004 2692 2060 exilitas
2717 1995 2994 2076 augeatur.
3037 2004 3188 2061 Vale.

2359 2138 2571 2198 EPIST.
2609 2139 2850 2196 LXXXI.

2176 2248 2484 2290 SYIIACIUS
2521 2248 2808 2290 NICOIACII
2844 2249 3018 2290 FILIIS.

1880 2345 2079 2401 Omnes
2100 2345 2165 2400 ad
2193 2359 2292 2401 nos
2322 2344 2803 2426 natalitii‘convivii
2827 2345 3009 2415 copias
3033 2344 3395 2400 transtulistis.

1808 2437 1920 2496 Sed
1970 2451 2133 2494 unum
2183 2437 2384 2506 deruit,
2434 2437 2720 2508 quominus
2771 2435 2840 2492 ad
2878 2445 3122 2492 nostrum
3163 2435 3398 2492 animum

1809 2530 2137 2588 redundaret
2185 2531 2341 2601 plena
2392 2529 2652 2586 festivitas
2701 2548 2714 2583 :
2761 2529 2903 2601 quod
2959 2545 3067 2586 non
3121 2528 3396 2584 vobiscum

1810 2625 1982 2694 petitis
2037 2633 2231 2680 cuncta
2297 2625 2732 2694 consumpsimus
2787 2638 3078 2694 :quorum
3129 2623 3398 2678 contuitus

1806 2726 1968 2789 atque
1988 2719 2266 2774 convictus
2279 2719 2662 2774 commendare
2682 2731 3064 2788 nonnunquam
3080 2717 3217 2772 solet
3233 2717 3397 2771 etiam

1807 2807 1964 2882 parca
1984 2812 2248 2868 convivia.
2284 2814 2459 2880 Quare
2486 2821 2540 2868 et
2561 2812 2734 2879 vobis,
2756 2820 2812 2866 et
2841 2811 3110 2866 communi
3149 2809 3355 2879 pignori
3380 2850 3394 2875 ,

1804 2906 1957 2976 cujus
2003 2906 2298 2960 solemnem
2330 2905 2474 2960 diem
2499 2903 2683 2960 sedula
2731 2903 2988 2974 religione
3032 2902 3345 2958 celebrastis
3371 2939 3390 2967 ,

1805 2997 2002 3054 uberes
2063 3011 2346 3067 precamur
2399 3011 2609 3060 annos,
2663 2985 2934 3051 recursum
2967 2994 3020 3049 in
3067 2993 3182 3048 haec
3210 2993 3397 3048 eadem

1805 3090 1940 3146 festa
1964 3104 2332 3145 numerosum.
2359 3089 2524 3145 Decet
2552 3089 2694 3144 enim
2717 3089 2835 3158 pios
2859 3095 3109 3158 parentes
3132 3085 3397 3168 inoffensa

1804 3184 2048 3241 felicitas.
2094 3183 2256 3238 Nobis
2296 3183 2526 3254 Tybnris
2565 3197 2692 3238 aura
2752 3182 3048 3243 blanditur;
3081 3180 3172 3236 sed
3213 3189 3395 3238 contra

1805 3287 2088 3347 exasperat
2109 3277 2343 3331 animum
2367 3276 2506 3332 male
2525 3285 2676 3348 gesta
2700 3259 2835 3330 ratio
2865 3276 3182 3330 villicorum.
3211 3272 3394 3343 Neque

1806 3387 1932 3444 ager
1953 3371 2160 3428 cultura
2195 3370 2357 3437 nitet,
2389 3379 2444 3425 et
2475 3369 2742 3424 fructuum
2779 3383 2901 3437 pars
2932 3357 3120 3439 magna
3153 3366 3396 3431 debetur,

1808 3465 2048 3536 nihilque
2083 3465 2194 3535 jam
2243 3465 2456 3520 colonis
2484 3473 2735 3535 superest
2765 3463 3109 3527 facultatum,
3140 3459 3278 3531 quod
3310 3465 3394 3518 aut

1809 3557 2001 3612 rationi
2032 3555 2346 3627 Opituletur,
2380 3567 2471 3611 aut
2499 3556 2687 3611 cultui.
2718 3555 2867 3610 Vale.

1041 3876 1512 3983 LIBER
1609 3816 2457 3983 SEPTIMUS.

597 4035 926 4117 EPISTOLA
965 4060 1199 4116 PRIMA.

479 4165 791 4208 SYIIACBUS
829 4169 1108 4223 δῖμιιηιιο
1148 4170 1310 4209 ιηιιο.

219 4278 336 4320 utne
363 4265 552 4320 alacer
583 4265 788 4334 paterni
818 4267 1085 4320 sermonis
1112 4264 1431 4336 auspicium,
1461 4272 1516 4319 et
1542 4264 1692 4319 dein-

124 4372 231 4429 ceps
252 4360 412 4417 officii
438 4359 626 4431 parilis
644 4359 696 4412 in
716 4373 819 4414 nos
832 4369 948 4414 esto
963 4358 1268 4422 munificus.
1291 4357 1459 4414 Simul
1483 4358 1686 4427 accipe,

2438 4060 2652 4119 EPIS'I'.
2696 4063 2782 4117 III.

2335 4168 2648 4211 δῖιιιηοιῐῠε
2695 4169 2838 4210 Ριιιο

1869 4263 2145 4321 Secundas
2173 4263 2246 4320 ad
2284 4263 2664 4321 amabilitatem
2694 4274 2835 4320 tuam
2889 4261 3092 4322 litteras
3121 4266 3302 4331 mitto,
3337 4275 3392 4326 ut

1794 4357 1861 4412 sit
1883 4357 2169 4414 assiduitas
2196 4358 2298 4414 mei
2329 4359 2593 4414 sermonis
2616 4358 2825 4428 utrique
2847 4358 3060 4414 solatio.
3086 4357 3166 4415 'I'u
3186 4357 3390 4430 quoqm

122 4454 242 4522 quod
266 4469 391 4509 τσο
425 4464 522 4508 tuo
541 4453 815 4520 congruit,
845 4452 1014 4508 fasces
1043 4461 1293 4524 praetura
1320 4461 1456 4518 ture,
1481 4453 1533 4504 in
1563 4466 1688 4506 euut
1722 4513 1762 4524 __
1793 4449 2029 4504 studium
2080 4463 2256 4504 meum
2288 4492 2302 4517 ,
2334 4451 2548 4521 quOties
2575 4446 2826 4506 dominus
2863 4459 2916 4506 et
2947 4450 3113 4507 frater
3140 4462 3262 4506 tuus
3307 4469 3394 4507 oc-

120 4560 296 4599 anuurn
348 4544 588 4601 feliciter
614 4544 985 4614 proferendos,
1017 4513 1100 4601 cui
1122 4546 1385 4601 advocata
1413 4543 1689 4598 numinum
1722 4513 1769 4572 θ
1797 4541 2045 4596 casiones
2099 4543 2395 4610 repererit,
2443 4541 2698 4597 mmulare
2731 4559 2744 4596 :
2778 4551 2831 4598 et
2858 4543 3002 4599 salus
3033 4552 3119 4598 tua
3154 4543 3281 4598 mihi
3311 4558 3391 4600 se-

123 4639 398 4702 voluntate,
431 4650 538 4706 ego
563 4651 774 4706 quoque
801 4637 957 4694 lactus
991 4638 1255 4694 intersim.
1299 4637 1494 4708 Optato
1533 4635 1692 4706 igitur
1796 4634 2080 4691 caritatem
2111 4634 2309 4690 tribuat
2325 4643 2422 4703 ,'et
2443 4634 2765 4706 seriptoru'm
2817 4634 3121 4706 iucunditas
3156 4636 3390 4707 volupta-

120 4725 279 4784 Imtare
303 4745 597 4799 processu,
626 4741 681 4788 et
720 4739 1039 4800 prepagatos
1069 4729 1162 4784 tibi
1188 4743 1358 4784 annos
1381 4730 1503 4782 vita:
1531 4735 1690 4796 atque

121 4816 319 4876 honoris
349 4823 710 4894 interpretare
739 4840 751 4874 :
779 4822 1020 4892 longiora
1043 4823 1184 4876 cnim
1209 4822 1363 4888 fiunt,
1394 4837 1512 4892 qua:
1539 4821 1682 4876 diffe-

119 4922 304 4968 runtur.
333 4913 444 4970 Nec
466 4914 681 4970 dubites
710 4915 920 4984 utrique
948 4924 1192 4968 nostrum
1218 4915 1558 4984 prospexisse
1586 4915 1690 4968 for-

118 5003 320 5070 tunam;
373 5015 438 5060 ut
480 5018 535 5062 et
585 5018 708 5063 tuus
745 5007 1088 5078 magistratus
1136 5008 1351 5077 juvetur
1405 5007 1686 5077 praesentia

119 5096 281 5164 patris,
310 5105 368 5152 et
399 5099 660 5155 festorum
689 5109 902 5155 tuorum
929 5100 1204 5170 voluptate
1233 5116 1415 5156 coram
1445 5101 1682 5156 defruar.

123 5183 246 5244 Vale.

739 5283 954 5340 EPIST.
997 5285 1058 5340 II.

642 5391 948 5436 SIIIACIIUS
986 5393 1144 5433 FILIO.

175 5463 266 5521 Ubi
296 5467 529 5536 primum
555 5470 824 5556 scribendi
852 5472 982 5528 mihi
1012 5471 1080 5527 ad
1107 5486 1202 5528 vos
1229 5437 1436 5542 copiam
1465 5473 1704 5560 familia-3

117 5556 180 5609 ris
217 5560 443 5630 ingessit
473 5566 708 5634 occasio,
731 5550 836 5621 non
859 5566 1041 5622 distuli
1073 5566 1394 5623 desiderium
1428 5570 1507 5624 tui
1547 5550 1684 5625 seri?

116 5648 276 5715 ptione
305 5656 534 5711 testari:
560 5667 618 5713 ut
643 5659 831 5714 salutis
860 5673 994 5716 mea;
1023 5668 1204 5715 certus
1235 5669 1376 5715 tuam
1409 5675 1597 5726 cures.
1630 5671 1687 5718 et

117 5740 326 5892 ζδὲηάα
350 5748 650 5808 absentiam
676 5767 848 5809 meam
891 5753 1146 5812 litteraria
1175 5753 1446 5824 voluptate
1472 5754 1680 5810 solcris.

1796 4743 1924 4790 tem.
1953 4731 2103 4789 Vale.
2793 4769 2808 4784 .

2416 4823 2634 4884 EPIST.
2676 4825 2766 4881 IV.

2333 4917 2647 4976 Svulscuus
2686 4935 2844 4977 nuo.

1865 5011 2199 5068 Circensium
2254 5011 2584 5067 solemnitati
2641 5012 2940 5069 consularis
2993 5010 3386 5081 magnificentia

1796 5101 2076 5179 satisfecit.
2106 5102 2374 5160 Ludorum
2401 5104 2578 5160 adhuc
2601 5115 2655 5161 et
2683 5105 2922 5162 muneris
2941 5103 3389 5175 splendidissima:

1797 5198 2076 5253 imminent
2107 5197 2440 5266 functiones;
2468 5197 2662 5271 quibus
2691 5208 2819 5255 ante
2853 5197 3169 5256 Februarias
3195 5212 3384 5265 nonas,

1796 5299 1852 5344 ut
1904 5292 2209 5361 opinamur,
2263 5292 2526 5364 impletis,
2571 5293 2672 5350 iter
2721 5293 2786 5348 ad
2838 5299 3016 5347 nostra
3062 5291 3384 5369 relegemus,

1793 5383 1919 5439 Haec
1940 5400 2006 5440 eo
2035 5387 2248 5453 scribo,
2298 5395 2357 5442 ut
2380 5386 2567 5443 laetitia
2594 5385 2938 5443 amabilitatis
2980 5394 3082 5441 tua:
3129 5400 3224 5456 spe
3272 5401 3387 5439 mc-

1795 5476 1926 5532 liore
1957 5488 2228 5547 pascatur.
2260 5477 2418 5536 Vale.

2431 5569 2646 5627 EPIST.
2678 5571 2743 5626 γ.

2336 5678 2646 5721 SYMIACHUS
2675 5677 2836 5719 ι-ἰιιο.

1863 5757 2042 5814 Credo
2063 5759 2198 5814 alias
2223 5757 2431 5814 litteras
2452 5772 2602 5814 meas
2623 5759 2678 5814 lu
2707 5771 2897 5813 manus
2917 5754 3259 5814 amabilitatis
3284 5763 3402 5808 tum'

1793 5860 1922 5909 aute
1974 5862 2247 5910 venturas.
2304 5852 2474 5923 llnjus
2527 5869 2759 5928 namque
2809 5851 3052 5926 epistolae
3106 5848 3388 5922 portitores
