3932 6446
179 409 267 465 289

1339 402 1824 461 EPISTOLARUM
1867 404 2064 463 LIBER
2107 410 2217 467 VII.

3301 432 3406 489 290

176 532 298 584 tuus,
325 511 702 573 et'litterarum
733 512 971 570 liberalis
999 514 1247 582 eullatio,
1279 514 1598 571 Tarentinas
1625 523 1718 570 aut
1744 516 1801 578 Δ
1822 532 2065 598 mensam
2091 523 2416 579 succinxerit
2444 526 2633 582 modus
2658 530 3022 600 voluntarius;
3057 544 3147 591 aut
3173 552 3403 610 unquam

173 612 354 669 Siculas
375 609 684 678 voluptates.
719 607 895 674 Quare
915 608 961 662 si
985 617 1039 662 tu
1062 621 1274 678 quoque
1297 607 1419 664 huic
1439 609 1722 664 sententia:
1827 611 2071 668 Formias
2135 615 2309 672 vicina
2377 619 2509 676 urbe
2539 661 2556 687 ,
2631 622 3001 696 longinquiore
3060 607 3400 690 mutaverim.

173 719 360 759 tttanum
399 701 641 771 porrigis,
679 700 818 755 adde
859 709 911 754 te
949 701 1321 756 rusticantium
1362 716 1620 767 numero;
1666 710 1723 756 et

172 797 409 865 paulisper
426 792 658 848 Catones
682 801 841 863 atque
867 793 1061 848 Atilios
1088 793 1366 860 aemulare,
1391 807 1526 862 quos
1545 793 1720 850 vomis

168 900 211 943 ct
236 888 356 944 stiva
382 885 446 940 ad
471 886 781 941 consulares
806 885 954 940 misit
979 887 1220 942 Securos.
1251 883 1397 942 Vale.

723 1019 944 1076 EPIST.
984 1019 1125 1075 XVI.

627 1127 931 1168 SYMIACHUS
982 1128 1211 1168 ΑττΑιο.

226 1214 386 1268 Vicem
417 1213 685 1274 sermonis
723 1212 829 1268 mei
859 1211 1196 1267 desiderasse
1239 1221 1290 1268 te
1329 1211 1574 1282 gaudeo:
1619 1211 1714 1266 sed

161 1309 359 1363 amolior
389 1306 640 1361 invidiam
675 1305 1033 1376 negligentiae.
1072 1305 1262 1360 Parata
1285 1305 1428 1361 enim
1459 1319 1713 1376 responsa

161 1401 368 1458 deseruit
396 1400 703 1455 tabellarius
735 1408 876 1467 tuus,
906 1400 1141 1467 excitus,
1175 1408 1232 1453 ut
1262 1397 1424 1454 fando
1450 1399 1708 1468 comperi,

161 1492 447 1549 valetudinis
491 1500 597 1546 tua:
641 1491 824 1546 dubio.
890 1490 1155 1560 Agnoscis
1206 1504 1401 1560 nempe
1451 1489 1712 1544 infucatas

159 1601 278 1650 esse,
304 1599 398 1640 nec
424 1599 490 1639 ex
521 1584 630 1639 alto
657 1583 795 1639 trahi
824 1583 1139 1640 cessationis
1177 1597 1311 1637 mete
1337 1597 1544 1638 causas.
1594 1582 1710 1637 Non

159 1679 230 1733 ibo
255 1677 475 1747 longius,
507 1676 633 1746 quia
673 1675 854 1732 brevis
882 1684 966 1732 est
995 1676 1225 1731 assertio
1251 1675 1510 1731 veritatis.
1561 1675 1712 1732 Nunc

157 1771 408 1826 sanitatem
457 1769 554 1826 tibi
599 1769 859 1839 gratulor,
903 1783 1004 1840 qua
1058 1776 1179 1838 post
1231 1768 1455 1824 nimium
1506 1779 1709 1824 metum

157 1865 369 1934 cognita,
426 1862 654 1917 multum
708 1861 885 1932 gaudii
943 1861 995 1915 in
1051 1863 1269 1931 pectore
1325 1876 1445 1917 meo
1497 1860 1790 1955 diluxit.B

158 1954 381 2011 Indicium
403 1963 588 2031 autem
609 1954 923 2024 respirantis
944 1953 1144 2024 vigoris
1174 1961 1380 2008 tuarum
1411 1952 1708 2008 litterarum

156 2047 423 2119 iucunditas
452 2047 710 2117 praetulit.
756 2047 904 2101 Petis
931 2060 1163 2113 namque
1191 2044 1258 2100 ad
1288 2045 1711 2100 conﬁrmandam

157 2141 478 2196 valetudinem
507 2140 637 2212 styli
664 2139 769 2196 mei
798 2139 1034 2195 remedia
1065 2138 1492 2194 subministrem.
1537 2138 1714 2194 Festi-

157 2236 269 2291 vitas
290 2237 381 2292 ista
403 2235 600 2290 Baiana
622 2243 722 2290 est.
753 2233 940 2288 Nimiis
962 2232 1168 2288 salibus
1199 2242 1250 2287 te
1276 2231 1424 2287 sinus
1447 2232 1710 2289 Lucrinus

157 2329 328 2388 iniecit.
358 2331 523 2385 Estne
555 2327 756 2397 aliquid
785 2328 839 2383 in
864 2327 1042 2383 verbis
1066 2327 1223 2390 meis,
1248 2325 1389 2396 quod
1410 2341 1571 2383 aures
1594 2337 1711 2381 tuas

155 2422 385 2494 sospitet?
421 2421 567 2494 quod
612 2421 934 2477 medicinam
973 2421 1224 2476 sensibus
1264 2419 1470 2474 faciat?
1511 2418 1707 2486 Credo,

156 2518 418 2574 consentio.
445 2516 582 2572 Nam
612 2516 928 2586 plerumque
955 2529 1133 2570 amara
1167 2514 1356 2569 hausta
1385 2513 1450 2569 ad
1480 2514 1707 2570 salutem

156 2611 334 2677 valent,
375 2618 426 2666 et
471 2610 653 2667 succis
697 2609 941 2664 tristibus
991 2608 1184 2664 affecta
1216 2607 1548 2665 refoventur.
1601 2608 1706 2665 Sed

158 2703 344 2759 nimium
372 2710 634 2774 quantum
665 2715 860 2756 avarus
888 2716 966 2766 es,
1007 2701 1095 2770 qui
1126 2699 1382 2756 Flaviano
1419 2715 1540 2755 meo
1571 2716 1708 2770 prte-

155 2808 279 2854 sente
303 2798 584 2868 quidquam
614 2794 876 2867 requiris;
921 2795 972 2849 in
1004 2811 1109 2864 quo
1138 2804 1283 2850 tanta
1323 2800 1502 2851 rerum
1536 2796 1706 2849 bona-

161 2902 257 2941 rum
285 2888 620 2943 delinimenta
666 2895 825 2952 sunt,
873 2893 931 2939 ut
970 2884 1098 2939 mihi
1128 2885 1279 2954 quasi
1319 2884 1456 2959 apud
1497 2887 1706 2942 sirenas

155 2987 229 3032 aut
251 2976 577 3050 Lot0phagos
608 2977 833 3032 haesisse
860 2976 1110 3031 videaris.
1162 2977 1354 3045 Atque
1375 2977 1575 3031 utinam
1615 2992 1706 3032 ve-

118 3129 123 3134 ,
156 3075 248 3122 stro
268 3068 366 3123 otio
388 3069 671 3139 jungerer.
722 3067 849 3122 I‘lus
877 3067 944 3123 de
971 3069 1128 3122 vobis
1157 3082 1435 3138 carperem
1477 3068 1706 3124 salubri-

156 3161 284 3226 tatis,
324 3178 475 3232 quam
519 3171 580 3216 tu
621 3160 932 3228 desideras,
982 3161 1072 3232 qui
1115 3175 1145 3215 a
1186 3177 1273 3216 me
1311 3162 1453 3218 solas
1498 3163 1704 3220 litteras

155 3253 424 3322 poposcisti.
455 3253 608 3310 Vale.
771 3316 775 3320 4

701 3347 918 3404 EPIST.
958 3348 1120 3403 XVII.

614 3456 922 3496 svuuacuus
971 3447 1195 3498 ΑττΑιο.

211 3529 287 3586 Nte
308 3548 399 3604 ego
426 3533 624 3589 frustra
668 3534 922 3590 hactenus
963 3536 1132 3602 tacui,
1179 3537 1307 3592 dum
1359 3537 1700 3608 te'promissi

155 3635 300 3679 certus
339 3626 610 3696 opperior.
663 3626 900 3682 Tandem
951 3629 1282 3686 redeundum
1334 3631 1463 3685 mihi
1507 3642 1590 3688 est
1633 3632 1700 3689 ad

153 3721 367 3772 consueta
393 3721 608 3786 solatia,
641 3722 917 3777 meliorum
949 3723 1343 3794 desperatione.
1379 3726 1445 3780 Et
1471 3725 1702 3783 fortasse

152 3821 402 3868 succenses
425 3813 688 3869 diuturno
715 3813 930 3870 silentio
961 3831 1102 3871 meo.
1148 3815 1204 3871 Id
1233 3832 1362 3873 vero
1386 3819 1546 3873 etiam
1575 3820 1702 3874 reli-

151 3915 284 3969 quum
313 3917 408 3973 est,
445 3916 508 3962 ut
547 3908 732 3963 irritus
767 3911 879 3979 spei
909 3911 1266 3968 cunctationis
1300 3927 1563 3969 arcessar.
1608 3913 1704 3970 Est

151 3991 282 4059 igitur
302 3997 368 4050 tui
384 3996 522 4065 juris
545 4013 710 4068 super
730 3999 989 4056 ordiendo
1015 4001 1204 4057 itinere
1230 4009 1375 4058 stare
1401 4003 1696 4072 promissis.

153 4082 220 4138 Me
240 4098 535 4146 contentum
564 4092 692 4162 styli
721 4093 988 4149 levamine
1019 4109 1123 4151 non
1151 4096 1374 4167 pigebit.
1420 4097 1532 4153 lloc
1553 4108 1702 4155 certe

150 4176 408 4236 ofﬁciorum
439 4184 790 4250 commercio,
823 4194 916 4241 aut
940 4187 1176 4253 solabor,
1217 4187 1359 4258 quod
1391 4203 1496 4244 non
1522 4189 1696 4256 venis,

151 4279 223 4325 aut
244 4275 493 4342 merebor,
524 4276 670 4348 quod
700 4278 905 4334 venias.
934 4277 1079 4334 Vale.
1149 4289 1156 4298 '

689 4389 907 4447 EPIST.
938 4391 1123 4448 XVIII.

605 4491 926 4539 'SVHIACHUS
964 4500 1196 4541 ΑττΑιο.

206 4590 432 4650 Proxime
452 4595 522 4652 de
544 4596 831 4652 Formiano
857 4597 977 4652 sinu
1006 4611 1281 4668 regressus
1309 4597 1362 4652 in
1392 4597 1556 4652 larem
1579 4596 1700 4653 Cte-

151 4680 275 4749 lium,
302 4685 459 4742 domo
484 4687 601 4756 jam
629 4687 717 4742 diu
751 4697 800 4744 te
830 4688 1022 4745 abesse
1049 4690 1308 4759 comperi.
1355 4689 1543 4743 Datum
1576 4691 1697 4744 mox

153 4777 388 4843 negotium
450 4790 538 4834 est
589 4779 888 4850 Theophilo
926 4781 1197 4836 communi
1240 4781 1414 4836 amico
1467 4790 1522 4837 et
1560 4795 1702 4838 nunc

151 4860 323 4921 itineris
363 4869 467 4924 mei
511 4871 684 4935 socio,
728 4880 785 4925 ut
821 4880 876 4927 et
914 4871 981 4926 ad
1023 4882 1074 4927 te
1114 4873 1165 4926 in
1209 4871 1476 4944 Tyburem
1514 4888 1701 4943 agrum

150 4954 320 5012 reditus
355 4963 459 5015 mei
505 4961 724 5016 nuntius
763 4974 1028 5033 pergeret,
1073 4972 1128 5020 et
1166 4965 1501 5018 salutationis
1537 4963 1700 5019 verba

151 5041 367 5104 deferret.
417 5051 572 5107 Hune
611 5060 698 5118 ttt,
741 5061 800 5108 ut
839 5069 900 5110 es
939 5056 1182 5109 curiosus
1221 5069 1398 5109 rerum
1430 5069 1698 5123 mearum,

152 5141 271 5203 quasi
313 5144 484 5213 aliqua
529 5145 624 5201 tibi
670 5145 726 5199 in
767 5163 864 5203 nos
907 5135 1125 5202 decreto
1172 5147 1384 5218 publico
1428 5149 1702 5220 inquisitio

153 5242 267 5286 esset
295 5235 519 5306 tributa,
555 5239 817 5294 versando
847 5242 1021 5309 palam
1060 5242 1240 5298 facere
1283 5244 1536 5312 coegisti,
1582 5221 1700 5313 quae

153 5320 258 5380 loris
282 5344 573 5397 gesseram.
614 5333 745 5388 Nam
776 5334 874 5390 hoc
904 5335 1165 5391 confessae
1195 5346 1322 5391 sunt
1352 5337 1540 5392 litterae
1573 5346 1696 5403 tute,

153 5430 260 5480 quas
285 5420 417 5476 idem
446 5423 528 5478 vir
555 5425 784 5492 optimus
809 5426 1140 5496 TlteOpltilus
1168 5431 1482 5497 reportavit.
1515 5429 1702 5486 Fuerit

154 5506 460 5579 benignitatis
501 5524 608 5569 tua:
648 5525 859 5571 actuum
905 5533 1144 5574 meorum
1180 5519 1386 5590 fastigia
1431 5530 1485 5576 et
1526 5523 1699 5590 capita

154 5596 456 5672 disquirere;
507 5614 686 5662 utrum
726 5608 913 5664 crebra
943 5611 1172 5665 vectatio
1209 5613 1382 5680 campi
1430 5625 1493 5666 ac
1538 5611 1700 5668 maris

155 5694 477 5754 valetudinem
534 5715 703 5755 meam
749 5701 980 5770 juverit;
1033 5715 1108 5757 an
1151 5702 1288 5757 ullus
1332 5703 1472 5772 agris
1503 5703 1699 5760 nostris

155 5786 326 5853 cultus,
376 5792 588 5847 :rdibus
629 5795 790 5860 nitor,
841 5797 1020 5865 pecori
1072 5812 1324 5852 numerus
1373 5779 1696 5862 accesserit;

155 5877 256 5943 quid
284 5880 549 5939 effluxerit
579 5885 791 5945 edilium
823 5887 1128 5956 copiarum;
1163 5897 1335 5947 utrum
1362 5889 1696 5946 consularem

1827 705 2073 762 Etiamne
2101 711 2384 778 explorare
2413 722 2463 767 te
2491 713 2569 767 fas
2596 713 2722 784 fuit,
2765 718 2889 788 quid
2933 723 3116 790 procul
3154 723 3223 778 ab
3262 726 3404 782 arbi-

1823 799 1921 852 tris
1961 801 2258 856 studiorum
2299 819 2542 860 meorum
2575 821 2702 862 cura
2735 811 3025 866 contulerit
3055 814 3105 868 in
3136 815 3402 886 paginas?

1823 889 2086 947 Utrumne
2135 909 2220 949 me
2269 907 2544 965 operatum
2599 900 2776 967 ceris,
2831 910 3036 959 stantes
3088 905 3402 979 plerumque

1820 981 1962 1036 oculi
1992 993 2046 1037 et
2085 984 2302 1052 palloris
2331 986 2482 1057 signa
2508 989 2854 1046 detexcrint?
2899 993 3306 1064 Exploratorem
3347 1008 3402 1057 te

1818 1075 1986 1145 stylus
2012 1091 2163 1131 meus
2187 1079 2407 1148 patitur.
2441 1081 2608 1137 Doces
2634 1083 2837 1140 amicos
2866 1087 3229 1156 suspicionum
3257 1093 3394 1160 vias,

1817 1176 1871 1223 et
1899 1167 1944 1222 si
1973 1167 2077 1223 dici
2113 1179 2307 1238 potest,
2339 1171 2504 1228 odore
2531 1183 2690 1243 atque
2716 1177 2956 1247 vestigiis
2983 1179 3182 1251 scripta
3213 1191 3400 1240 nostra

1817 1259 2071 1315 venaris?
2099 1259 2252 1316 Nunc
2282 1277 2382 1331 ego
2409 1263 2548 1319 scire
2575 1265 2806 1334 postulo,
2834 1268 2961 1337 quid
2991 1269 3043 1324 in
3071 1270 3400 1343 Tyburtibus

1815 1351 2073 1421 pomariis
2097 1352 2392 1409 litterarum
2417 1355 2596 1425 operis
2616 1371 2891 1414 exerceas.
2927 1361 3110 1418 Solum
3133 1363 3234 1418 hoc
3255 1364 3394 1421 fama

1813 1447 2020 1511 attulit;
2069 1447 2317 1502 balneum
2361 1448 2453 1503 tibi
2496 1464 2665 1519 nuper
2693 1459 3063 1523 exstructum,
3105 1455 3195 1510 cui
3238 1457 3398 1512 torris

1814 1553 1951 1592 unus
1993 1537 2058 1592 ad
2096 1539 2227 1608 justi
2249 1539 2442 1595 caloris
2472 1541 2723 1611 pabulum
2761 1544 3076 1602 satisfacere
3126 1557 3394 1604 narratur.

1815 1629 2109 1686 Lectitasse
2137 1641 2317 1686 autem
2353 1639 2406 1686 te
2445 1633 2498 1687 in
2539 1633 2706 1690 multo
2747 1635 2858 1690 otio
2897 1637 3177 1708 utriusque
3202 1637 3398 1710 linguae

1812 1730 2089 1784 aut-tores.
2134 1723 2247 1792 ipse
2278 1723 2436 1779 index
2470 1723 2638 1781 fuisti.
2690 1725 2803 1798 Ego
2843 1735 3021 1784 tamen
3067 1745 3172 1786 non
3216 1747 3399 1803 quaero

1814 1831 1881 1871 an
1920 1816 2122 1886 aliquid
2165 1817 2326 1873 etiam
2371 1819 2672 1889 scripseris.
2727 1821 3112 1879 Animadverto
3156 1825 3299 1881 enim
3344 1837 3399 1884 te

1815 1909 1985 1979 gloria
2014 1911 2360 1966 conscientiae
2396 1913 2598 1982 proprii
2627 1914 2804 1984 operis
2829 1928 3135 1984 accensum,
3165 1917 3399 1976 voluisse

1814 2019 2162 2073 cognoscere,
2194 2020 2262 2060 an
2291 2020 2393 2075 ego
2418 2020 2634 2076 quoque
2661 2006 2801 2064 idem
2845 2009 3087 2065 fecerim.
3138 2009 3246 2066 Sed
3283 2012 3396 2082 jam

1814 2097 2030 2152 omissis
2059 2097 2304 2166 epistolis
2329 2097 2491 2153 velim
2523 2098 2752 2156 redeas:
2794 2099 2897 2156 nisi
2929 2101 3066 2158 lorte
3104 2103 3181 2158 tui
3219 2103 3396 2161 balnei

1814 2188 1994 2243 brevis
2041 2198 2286 2259 sumptus
2337 2189 2611 2256 hortatur,
2666 2206 2734 2248 ne
2783 2191 2999 2251 deseras
3049 2195 3397 2264 parsimoniae

1812 2280 2274 2338 consuetudinem.
2309 2282 2460 2339 Vale.

2403 2374 2620 2432 EPIST.
2665 2375 2826 2434 XIX.‘

2197 2518 2216 2530 ,
2304 2482 2614 2523 εγηκλουυε
2661 2485 2895 2527 ΑττΑιο.

1882 2557 1998 2613 Duo
2027 2558 2228 2628 pariter
2254 2559 2542 2615 commissa
2569 2559 2622 2615 in
2648 2561 2940 2617 amicitiam
2969 2563 3263 2622 redemisti.
3297 2567 3392 2634 Diu

1807 2649 2048 2720 epistolae
2076 2659 2178 2705 tua:
2204 2651 2408 2707 salibus
2433 2651 2702 2719 abfueras,
2734 2653 2865 2708 nihil
2894 2656 3189 2726 scripseras
3218 2676 3230 2712 :
3272 2660 3393 2728 quis

1807 2739 2037 2797 Colchus
2066 2751 2156 2796 aut
2183 2742 2477 2798 Thessalus
2508 2754 2665 2798 cantu
2697 2753 2790 2799 aut
2810 2760 2979 2801 manu
3013 2746 3110 2803 has
3140 2748 3392 2806 offensio-

1808 2849 1904 2890 nes
1932 2834 2207 2890 levasset?
2254 2835 2392 2906 Ergo
2422 2835 2493 2891 ob
2519 2835 2762 2904 epistolae
2785 2835 3196 2895 delinimentum
3223 2843 3392 2897 venite

1806 2927 2037 2996 pretium
2061 2926 2238 2982 feres;
2261 2926 2392 2982 Sino
2416 2935 2473 2982 ut
2494 2927 2650 2982 amici
2677 2927 2753 2982 tui
2777 2930 3010 2998 nuptiale
3032 2929 3224 2987 festum
3247 2947 3390 2990 cura:

1808 3008 2012 3076 vacuus
2033 3034 2311 3089 exerceas,
2335 3030 2388 3075 et
2409 3015 2595 3076 urbem
2619 3022 2935 3092 'I‘yburtem,
2957 3039 3076 3093 qua:
3099 3040 3268 3096 nuper
3294 3027 3389 3082 tibi

1806 3113 1952 3170 faces
1980 3115 2236 3184 praetulit,
2276 3124 2616 3173 communem
2645 3112 2841 3169 Junoni
2879 3123 2934 3171 et
2966 3110 3176 3171 llerculi
3201 3117 3387 3174 facias.

1805 3205 2224 3271 Reverteris,'ut
2249 3219 2428 3278 spero,
2477 3214 2600 3275 post
2629 3207 2830 3276 repotia
2861 3207 2913 3262 in
2939 3207 3169 3264 Ctelium
3199 3208 3389 3267 lare‘m.

1729 3267 1777 3332 ο
1807 3299 1901 3355 Vel
1937 3300 1982 3355 si
2014 3267 2188 3354 adhuc
2213 3267 2364 3368 juvat
2391 3267 2606 3354 aestivos
2633 3267 2750 3354 dies
2778 3299 2829 3353 in
2865 3299 3122 3370 pomariis
3149 3301 3253 3356 tuis
3282 3301 3386 3358 du~

1803 3407 1963 3458 cere;
2013 3392 2210 3448 iterum
2241 3392 2337 3447 tibi
2380 3392 2674 3461 indignatio
2703 3408 2822 3449 mea
2852 3393 3147 3450 litterarum
3179 3404 3390 3452 tuarmn

1806 3484 1967 3541 melle
1995 3485 2255 3556 placanda
2282 3493 2383 3540 est.
2414 3484 2564 3540 Vale.
2691 3476 2694 3480 ’

1871 3585 1874 3590 ’
2414 3576 2633 3634 EPIST.
2675 3578 2791 3632 XX.

2306 3683 2617 3725 SVMMACHUS
2656 3685 2882 3725 ATTALO.

1882 3761 2010 3817 Villa
2039 3761 2292 3834 Tyburis,
2338 3777 2457 3833 quae
2501 3763 2745 3833 proxime
2792 3763 2846 3818 in
2892 3766 2981 3833 jus
3026 3773 3174 3820 tuum
3207 3767 3385 3832 venit,

1805 3855 2026 3924 majoris
2057 3854 2254 3924 ingenii
2306 3853 2708 3924 prmdicatorem
2754 3856 2999 3926 requirit.
3055 3856 3167 3926 Ego
3208 3867 3384 3914 tamen

1805 3947 2000 4017 linguae
2045 3948 2316 4017 modicus,
2369 3956 2425 4001 ιιι
2469 3957 2705 4017 putere,
2738 3949 2913 4004 verbis
2961 3949 3219 4006 honorem
3269 3952 3388 4006 loco

1805 4039 2018 4094 faciam.
2049 4039 2185 4106 Quid
2211 4039 2296 4094 hic
2319 4041 2370 4094 in
2394 4040 2567 4109 positu
2590 4039 2782 4094 aedium
2804 4041 3097 4095 veuuSIatis
3123 4043 3236 4096 est!
3267 4041 3387 4112 quis

1803 4132 1938 4186 situs
1964 4133 1977 4183 !
2018 4140 2248 4200 quantus
2271 4145 2334 4185 ex
2366 4132 2511 4186 edito
2539 4131 2645 4185 late
2683 4131 2734 4185 in
2763 4133 2921 4199 plana
2947 4136 3177 4201 jactatus
3204 4132 3388 4186 oculo-

1807 4227 1962 4280 rum!
2010 4224 2374 4293 Frcquentare
2404 4225 2502 4278 has
2540 4225 2698 4278 sedes
2727 4223 3117 4280 Orchomenias
3155 4225 3398 4302 dixerim

1740 4391 1742 4394 ν
1805 4315 1965 4383 deas,
2010 4324 2170 4385 atque
2199 4330 2291 4370 eas
2331 4314 2520 4370 sedulo
2556 4314 2803 4381 adnisas,
2848 4324 2905 4371 ut
2948 4323 3000 4370 te
3039 4317 3388 4373 conciliarent

1806 4407 2011 4462 aedibus
2042 4407 2154 4461 suis
2182 4406 2476 4463 dominum.
2511 4407 2682 4475 Perge
2711 4407 2872 4478 igitur
2898 4415 2955 4462 ut
2979 4407 3129 4474 facis,
3155 4417 3210 4464 et
3234 4409 3388 4465 victis

1707 4536 1712 4546 ι
1806 4514 1921 4555 aevo
1952 4498 2114 4576 redde
2157 4499 2468 4554 novitatem.
2524 4500 2690 4559 Multo
2734 4490 2837 4555 hoc
2881 4499 3021 4555 factu
3065 4503 3384 4571 promptius,

1804 4607 1966 4662 quam
1991 4590 2130 4662 quod
2162 4591 2450 4648 Hesiodum
2482 4591 2660 4646 ferunt
2702 4585 2887 4661 posito.
2916 4593 3068 4647 senio
3107 4591 3162 4647 in
3188 4593 3386 4648 virides

1725 4655 1787 4717 Dr
1804 4697 1974 4738 annos
2003 4682 2250 4738 rediisse.
2300 4681 2509 4738 Interea
2536 4679 2808 4753 gratulare
2840 4682 2993 4737 nobis
3020 4683 3213 4739 bonam
3242 4684 3388 4740 vale-

1806 4776 2070 4842 tudinem;
2103 4792 2222 4848 quze
2248 4784 2308 4831 ut
2333 4776 2427 4830 tibi
2453 4790 2669 4846 quoque
2698 4775 2914 4846 longum
2943 4775 3388 4844 secundet,.intcr

1806 4871 2012 4942 fastigia
2041 4881 2124 4928 est
2147 4879 2394 4927 votorum
2421 4883 2686 4924 meorum.
2717 4868 2866 4925 Vale.

2401 4959 2612 5017 EPIST.
2655 4960 2799 5017 XXI.

2302 5065 2605 5110 δικηλοηυε
2656 5069 2884 5110 ΛττΑιο.

1884 5149 2167 5219 Postquam
2203 5147 2332 5202 mihi
2374 5149 2580 5203 litteras
2611 5157 2728 5204 tuas
2759 5146 3040 5203 rhedarius
3079 5158 3226 5200 meus
3259 5145 3380 5202 red-

1807 5242 1971 5309 didit,
2020 5251 2073 5296 et
2120 5241 2368 5296 salutatio
2411 5257 2477 5296 ex
2525 5228 2714 5297 itinere
2744 5247 2951 5316 portata
2989 5237 3380 5294 observantiam

1809 5344 2041 5390 nostram
2072 5334 2236 5388 solvit
2262 5316 2545 5403 religione;
2579 5332 2734 5388 datus
2761 5338 2846 5386 est
2872 5329 3000 5384 mihi
3028 5329 3228 5410 aditus,
3265 5345 3384 5387 cre-

1807 5429 1905 5484 bro
1925 5428 2050 5482 dum
2072 5426 2270 5492 aberis,
2292 5433 2466 5480 tecum
2490 5424 2765 5492 loquendi.
2790 5423 2966 5489 Quare
2986 5421 3051 5475 ab
3074 5420 3156 5476 his
3176 5421 3380 5491 ordior,

1807 5538 1924 5592 qua:
1952 5522 2001 5575 in
2033 5530 2156 5574 voto
2188 5529 2277 5574 tuo
2307 5518 2476 5591 prima
2506 5525 2649 5571 sunt.
2698 5515 2863 5568 Deum
2895 5527 3044 5583 pace,
3078 5529 3192 5570 mea
3223 5525 3384 5588 atque

1805 5612 1943 5668 unici
1995 5611 2072 5666 tui
2119 5611 2322 5665 sanitas
2367 5610 2526 5677 viget.
2584 5607 2827 5662 Urbauas
2879 5605 3062 5662 turbas
3101 5607 3380 5675 Vaticano,

1803 5704 1855 5758 iu
1887 5710 2142 5773 quantum
2174 5702 2315 5766 licet,
2344 5714 2467 5754 rure
2493 5698 2725 5754 deelinu.
2771 5698 2836 5751 Et
2867 5707 3066 5763 tamen,
3097 5700 3141 5754 si
3168 5701 3384 5770 quando

1804 5797 1856 5851 in
1904 5804 2099 5852 cretum
2144 5807 2419 5855 vocamur,
2474 5790 2539 5845 ad
2584 5790 2898 5860 obsequium
2931 5790 3140 5848 concilii
3186 5791 3383 5862 publici

1803 5888 1999 5955 pedem
2031 5888 2230 5943 refero.
2278 5883 2400 5939 Scio
2436 5889 2486 5936 te
2518 5880 2650 5938 nihil
2682 5881 2910 5951 amplius
2941 5882 3008 5938 de
3038 5881 3192 5937 nobis
3222 5879 3379 5936 velle.
