3932 6442
197 393 283 449 ,οδ
1322 379 1801 441 EPISTOLABUM
1839 382 2039 443 LIBER
2083 386 2190 444 vn.

193 503 291 560 Non
317 500 445 572 piget
471 505 646 555 tamen
691 503 814 553 ante
840 494 1173 556 solutionem
1225 494 1533 566 religiosum
1583 495 1731 550 fenus
1761 494 1819 559 Α

192 597 374 652 iterare.
403 590 564 646 Tanta
594 599 678 645 est
701 587 846 644 enim
865 586 1128 646 securitas
1157 587 1320 642 animi
1343 586 1520 648 ianos
1548 586 1645 651 tui,
1676 595 1732 644 ut

191 697 437 754 repensum
467 688 644 750 putem
675 678 930 750 quidquid
956 678 1024 734 ab
1051 686 1268 738 amante
1297 677 1542 736 debetur.
1579 677 1726 734 Vale.

698 812 912 869 EPIST.
954 811 1198 868 XXXIV.

650 920 956 962 SYMIIACHUS
996 920 1212 961 ATTICO.

249 997 573 1056 Salutationis
604 997 1064 1053 honorificentiam
1108 997 1452 1068 praelocutus,
1503 997 1732 1053 Getulici

183 1091 361 1163 agentis
404 1091 453 1144 iu
491 1090 650 1145 rebus
678 1105 944 1160 exsequor
975 1090 1318 1158 postulatum,
1359 1091 1446 1160 qui
1495 1105 1524 1143 a
1557 1101 1608 1145 te
1644 1090 1730 1160 ju-

183 1197 300 1243 stum
324 1183 548 1240 favorem
578 1199 674 1254 per
696 1200 781 1240 me
807 1193 957 1252 Optat
978 1185 1220 1253 adipisci.
1248 1184 1601 1241 Humanitatis
1626 1195 1729 1241 tute

181 1289 247 1334 est
272 1277 501 1346 amplecti
544 1275 872 1344 probabilem
924 1277 1288 1345 voluntatem,
1341 1277 1730 1348 numerumque

180 1383 355 1432 eorum,
383 1369 469 1437 qui
505 1376 558 1423 te
584 1367 708 1436 jure
735 1367 1054 1437 suspiciunt,
1102 1368 1403 1438 adjectione
1449 1369 1574 1424 novi
1617 1369 1728 1423 cul-

182 1461 290 1515 toris
313 1473 518 1529 augere.
553 1457 705 1514 Vale.

694 1553 915 1616 EPIST.
957 1553 1171 1616 ΧΧΧΥ.

667 1660 975 1710 svttttttcuus
1011 1661 1186 1710 necto.

242 1759 467 1814 Animum
500 1773 677 1814 meum
702 1755 961 1826 Campani
991 1758 1188 1814 littoris
1218 1762 1725 1816 commemoratione

3317 405 3423 464 294

2359 502 2582 570 EPIST.
2623 505 2906 570 XXXVIII.

2365 611 2674 658 δῐιιιιΑωιυε
2709 615 2885 658 οεοιο.

1903 705 2081 763 Jocari
2105 709 2234 764 mihi
2265 710 2408 767 visus
2432 727 2511 777 es,
2555 727 2677 768 cum
2713 723 2765 770 te
2793 715 3057 772 scriberes
3084 716 3239 773 obvia
3271 720 3408 775 mili-

1836 811 1945 857 tum
1975 819 2122 858 arma
2151 805 2416 862 timuisse.
2439 806 2618 863 Credo
2647 824 2715 866 ne
2743 818 2890 864 tuum
2921 811 3021 866 iter
3048 812 3100 866 in
3118 810 3422 882 Campania:

1835 895 2120 967 longinqua
2167 883 2540 968 sequeremur.
2583 899 2715 955 Nam
2746 902 2791 957 si
2821 903 2934 973 ipse
2968 903 3059 959 diu
3101 915 3340 960 versatus
3369 908 3420 960 in

1837 993 2050 1055 castris,
2084 991 2325 1046 nonnihil
2369 993 2576 1049 timoris
2625 1004 2878 1065 expertus
2906 1011 2994 1062 es;
3041 1012 3140 1068 ego
3172 1006 3307 1068 togm
3335 1016 3420 1054 as-

1833 1093 2041 1150 suetus,
2072 1083 2196 1153 quid
2237 1085 2607 1142 amaritudinis
2653 1087 2997 1145 incidissem?
3056 1091 3161 1147 Sed
3196 1107 3297 1146 non
3329 1109 3420 1160 pa-

1836 1175 1960 1243 tior,
2012 1186 2067 1232 ut
2119 1177 2210 1232 tibi
2255 1179 2321 1234 ad
2353 1168 2558 1238 moram
2607 1183 2776 1254 prosit
2815 1183 3060 1238 aemulata
3114 1187 3418 1254 trepidatio.

1837 1271 1991 1326 Caret
2016 1272 2182 1341 Appia
2219 1281 2325 1327 tota
2356 1275 2634 1344 militibus,
2670 1277 2986 1334 transvectis
3011 1279 3280 1345 omnibus,
3329 1283 3415 1349 qui

1835 1372 2030 1440 pacato
2069 1364 2266 1430 Africa:
2308 1375 2450 1420 statu
2502 1367 2554 1420 in
2604 1367 2918 1443 obsequium
2965 1368 3129 1424 divini
3169 1371 3418 1442 principis

1834 1443 2186 1534 reverterunt.
2236 1457 2393 1526 Quid,
2426 1459 2568 1529 quod
2597 1460 2758 1517 etiam
2791 1461 2957 1530 patria
2988 1462 3038 1515 in
3066 1463 3222 1516 rebus
3249 1479 3417 1534 angu-

1821 1531 1950 1618 ξειῐε,
1999 1551 2080 1604 vel
2133 1561 2288 1620 opem
2331 1537 2614 1621 bonorum,
2665 1553 2747 1607 vel
2799 1554 3112 1609 societatem
3162 1557 3417 1626 requirit?

1831 1639 2016 1722 Neque
2043 1640 2200 1696 etiam
2227 1642 2570 1722 Iprmsentiam
2611 1653 2851 1699 nostram
2878 1646 2990 1700 sola
3023 1661 3274 1716 prospera
3304 1647 3418 1722 ejus

1831 1717 2165 1801 exspectant.
2185 1719 2584 1816 :I.audabilioris
2605 1736 2766 1792 ofﬁcii
2797 1746 2897 1803 est,
2919 1738 3235 1808 participare
3261 1717 3416 1795 dubia

177 1851 439 1906 sollicitas:
471 1849 568 1905 sed
601 1849 755 1904 nobis
785 1864 997 1920 quoque
1033 1851 1087 1904 in
1129 1847 1458 1907 Prienestino
1487 1869 1611 1908 rure
1660 1854 1726 1922 de
1751 1867 1805 1938 β
2525 1831 2862 1938 ερεξῐξιελξον
2891 1831 3036 1936 urbis.
3067 1841 3272 1938 ῐηίξξξεθ
3304 1833 3412 1938 νιξί·

174 1946 389 2017 gentibus
417 1960 522 2000 non
555 1944 730 2000 minus
773 1943 1104 2013 voluptatum
1135 1945 1390 2014 suppetit.
1441 1944 1562 2001 Sint
1603 1947 1725 2002 licet

173 2039 327 2108 plures
353 2037 625 2092 hominum
647 2037 952 2100 sententiae,
980 2053 1101 2107 quae
1142 2038 1429 2094 maritimis
1471 2046 1721 2096 montana

151 2145 456 2206 postponam
483 2151 500 2185 :
528 2150 628 2205 ego
653 2143 831 2189 tamen
863 2134 1337 2194 vitandisazstibus
1358 2135 1528 2205 magis
1545 2135 1723 2205 judico

174 2241 442 2292 nemorosa,
492 2241 655 2296 quam
703 2226 846 2280 cultu
876 2233 1059 2294 aperta
1084 2239 1396 2296 congruere.
1434 2227 1722 2298 Adjeceras

174 2318 226 2372 ad
252 2319 625 2374 irritamentum
671 2317 1014 2387 profectionis
1060 2327 1277 2383 nostrae,
1327 2317 1494 2386 filium
1545 2334 1720 2375 meum

173 2411 446 2467 Flavianum
477 2411 633 2467 brevi
667 2419 840 2465 tecum
875 2411 1130 2465 futurum.
1161 2410 1330 2481 Hujus
1359 2427 1458 2482 ego
1486 2427 1722 2482 praesen-

173 2504 227 2557 tia
246 2505 341 2574 jam
380 2504 466 2559 diu
500 2503 743 2559 defruor.
785 2503 861 2558 Ex
899 2518 1005 2574 quo
1036 2502 1290 2574 intelligis
1315 2512 1512 2568 sortem
1544 2520 1716 2559 meam

172 2599 309 2653 multo
340 2613 453 2654 esse
501 2600 790 2668 potiorem.
846 2597 978 2652 Nam
1024 2607 1078 2653 et
1124 2598 1576 2668 comparationem
1619 2598 1718 2652 loci

171 2690 408 2759 utriusque
437 2691 488 2744 in
518 2689 770 2760 ambiguo
801 2689 1077 2753 collocavi,
1110 2698 1163 2743 et
1196 2689 1504 2744 societatem
1537 2689 1721 2759 pigno-

170 2782 228 2834 ris
251 2781 360 2844 mei,
402 2798 503 2850 qua
536 2782 769 2836 maxime
813 2781 1134 2851 gloriabare,
1182 2783 1232 2836 in
1282 2781 1510 2836 fructum
1542 2798 1718 2838 meum

170 2874 396 2928 transtuli.
418 2875 562 2944 Ergo
585 2886 645 2930 tu
668 2875 843 2944 po:ius
871 2874 1107 2929 remetiri
1138 2873 1204 2928 ad
1232 2889 1330 2928 nos
1358 2873 1495 2928 viam
1521 2882 1717 2928 mutata

171 2964 440 3036 conditione
469 2966 700 3034 deberes
730 2967 794 3020 ad
845 2967 1167 3034 satietatem,
1215 2981 1374 3036 quam
1405 2966 1498 3020 tibi
1543 2963 1721 3020 attulit

170 3055 403 3130 cupiarum
430 3058 620 3128 longus
650 3072 795 3114 usus.
824 3057 953 3113 Nam
981 3039 1296 3130 Campania,
1324 3068 1387 3136 rut
1407 3066 1497 3136 est
1528 3057 1718 3132 absen-

170 3135 284 3200 tibus
309 3148 696 3220 desiderabilis,
743 3150 813 3205 ita
865 3137 1017 3205 facile
1063 3151 1243 3222 explet
1288 3135 1579 3207 morantes.
1613 3139 1718 3208 Sed

1834 1927 1940 1972 tum
1973 1928 2205 1986 serenat,
2255 1930 2309 1998 et
2344 1915 2595 1975 alimonia
2630 1922 2842 1977 interim
2887 1925 3101 1993 proviso
3133 1924 3256 1979 fulta
3284 1927 3410 1980 sub-

1830 2009 1988 2077 sidio,
2020 2009 2184 2080 frugis
2207 2011 2419 2083 Libycae
2449 2013 2735 2082 stipulatur
2763 2014 3068 2070 adventum.
3103 2015 3250 2072 Vale.

2377 2148 2598 2206 EPIST.
2628 2149 2871 2206 XXXIX.

2372 2257 2683 2318 svnacnus
2718 2259 2892 2301 DECIO.
2929 2321 2936 2330 ς

1904 2354 2221 2423 Plerumque
2267 2354 2378 2412 fors
2427 2356 2686 2428 disposita
2731 2359 3051 2434 conturbat:
3084 2362 3225 2432 quod
3276 2379 3414 2434 nunc

1830 2446 1959 2502 mihi
2011 2462 2105 2500 usu
2145 2447 2314 2513 .venit,
2368 2450 2456 2520 qui
2505 2450 2764 2508 Etruscos
2809 2466 3039 2522 vapores
3075 2453 3412 2526 salubritatis

1827 2551 1985 2592 causa
2019 2537 2167 2594 adire
2195 2554 2301 2594 non
2334 2541 2503 2609 potui,
2543 2549 2787 2613 retentus
2825 2543 3012 2602 subitis
3037 2554 3090 2597 et
3121 2545 3413 2600 tumultua-

1826 2629 1942 2683 riis.
1992 2628 2139 2684 Nulla
2175 2630 2452 2701 igitur‘tibi
2495 2646 2590 2700 per
2631 2647 2717 2686 me
2745 2631 2997 2688 indicitur
3024 2649 3171 2690 mora
3207 2653 3219 2688 :
3255 2637 3412 2705 quin-

1825 2719 1936 2776 imo
1958 2721 2243 2788 ethortor,
2278 2732 2331 2776 et
2388 2722 2618 2792 postulo,
2673 2733 2725 2778 ut
2779 2723 3025 2806 festinato
3081 2725 3270 2806 itinere
3303 2709 3412 2783 lio-

1824 2829 1967 2874 mam
2000 2816 2222 2880 revisas,
2253 2817 2554 2886 reddasque
2582 2817 2737 2874 nobis
2760 2801 3154 2887 jucundlitatem
3182 2801 3410 2890 praesen-

1829 2906 1915 2960 tia:
1945 2915 2068 2970 tuae,
2098 2923 2198 2976 qna
2222 2907 2390 2964 tlefrui
2424 2908 2475 2962 in
2499 2908 2821 2972 suburbanis
2848 2925 2954 2982 non
2983 2913 3226 2983 contigit.
3255 2913 3404 2970 Vale.

2438 3039 2651 3096 EPIST.
2685 3041 2798 3096 XL.

2357 3149 2664 3188 SYIMACHUS
2703 3150 2880 3190 DECIO.

173 3237 226 3293 dc
250 3241 338 3308 hoc
365 3259 465 3316 non
500 3246 593 3298 ibo
624 3244 852 3315 longius,
874 3260 940 3299 ne
967 3245 1037 3298 illi
1067 3245 1291 3316 regioni,
1312 3260 1430 3316 quae
1460 3245 1610 3300 nobis
1633 3260 1719 3328 ac-
1748 3247 1799 3316 ο
1898 3242 2012 3296 Jam
2035 3243 2232 3298 dudum
2275 3245 2419 3300 curis
2447 3246 2672 3316 publicis
2716 3249 2991 3304 absolutus
3033 3245 3271 3321 relegere
3309 3252 3406 3308 iter

171 3333 435 3408 ceptissi'tna
455 3344 561 3401 est,
583 3334 916 3403 denuntiare,
937 3335 980 3390 si
1005 3351 1223 3401 venero,
1246 3335 1513 3414 fastidium
1541 3351 1716 3392 meum

170 3429 336 3486 videar.
369 3418 512 3496 Vale.
1453 3415 1458 3418 I

375 3497 378 3508 ’
687 3523 899 3579 El’lS'l‘.
944 3522 1180 3594 XXXVI.

669 3633 980 3673 smn/tonus
1021 3633 1192 3686 DECIO.

225 3727 447 3786 Nondum
493 3730 904 3800 Neapolitanum
945 3729 1102 3800 littus
1150 3730 1496 3798 accessimus,
1554 3731 1717 3787 visuri

167 3837 317 3879 arcem
345 3825 662 3893 deliciarum
687 3834 926 3894 tuarum.
971 3825 1088 3897 .Sed
1139 3835 1314 3880 tamen
1356 3825 1554 3891 omnia,
1600 3839 1719 3892 quae

168 3911 446 3985 Tyrrhenus
474 3916 656 3980 alluit,
687 3915 918 3979 nominis
949 3916 1026 3970 tui
1058 3915 1210 3986 plena
1238 3924 1379 3986 sunt.
1413 3915 1548 3983 Quid
1579 3916 1715 3970 mul-

165 4008 239 4060 ta?
261 4008 556 4066 successisti
593 4011 644 4063 in
673 4009 867 4070 famam
889 4007 1137 4072 Luculli;
1182 4024 1297 4080 quo
1326 4010 1494 4079 magis
1529 4009 1716 4072 miror.

165 4098 217 4151 ad
241 4100 332 4159 alia
359 4110 409 4156 te
433 4117 822 4172 nonnunquam
854 4115 1012 4171 posse
1043 4101 1304 4160 transire:
1344 4100 1444 4155 nisi
1477 4101 1615 4156 forte
1645 4101 1723 4174 fa:

164 4194 297 4250 stidio
323 4194 460 4266 fugis
485 4197 696 4265 copias,
728 4204 782 4252 et
800 4195 1103 4267 mutatione
1132 4196 1360 4264 castigas
1390 4195 1715 4252 satietatem.

165 4284 254 4342 Sed
278 4289 490 4360 nimium
515 4293 784 4354 hactenus
811 4288 1050 4345 abfuisti.
1082 4289 1218 4345 Puto
1234 4288 1346 4359 jam
1373 4288 1718 4358 parcimonia:

163 4379 477 4444 diturnitate
516 4383 866 4453 conciliatum
913 4385 1004 4452 tibi
1047 4384 1373 4455 desiderium
1411 4382 1718 4452 cepiarum.

163 4467 278 4540 Quin
305 4489 428 4546 ergo
453 4475 528 4542 ad
555 4489 660 4534 nos
685 4476 910 4546 gradum
928 4478 1256 4546 promoves?
1299 4483 1394 4532 aut
1421 4475 1466 4530 si
1494 4474 1721 4546 libenter

165 4561 252 4620 illic
277 4575 464 4623 nostra:
494 4569 799 4634 immoraris
833 4567 1144 4637 frugalitati,
1191 4565 1520 4636 redeundum
1566 4564 1720 4624 nobis

1823 3336 2018 3406 potius,
2067 3353 2224 3407 quam
2275 3340 2527 3406 auspiciis
2571 3341 2867 3396 litterarum
2900 3344 3073 3398 lenire
3112 3345 3405 3400 amicorum

1823 3430 2087 3486 desideria
2121 3415 2374 3489 debuisti.
2405 3435 2534 3489 Nam
2566 3437 2609 3489 si
2637 3436 2884 3492 valetudo
2914 3453 2980 3492 ex
3001 3438 3262 3493 sententia
3286 3455 3406 3509 sup-

1823 3525 1984 3592 petit;
2015 3525 2138 3594 quid
2171 3541 2346 3581 causae
2376 3514 2744 3600 dicatn,lquod
2778 3531 2978 3586 diutius
3027 3533 3076 3586 in
3116 3533 3405 3602 Campania

1823 3616 2159 3673 demoraris?
2209 3621 2290 3674 An
2339 3630 2396 3675 ut
2439 3638 2537 3676 nos
2577 3625 2974 3680 amantissimos
3015 3627 3088 3680 tui
3120 3626 3406 3682 defraudes

1822 3708 1997 3775 bouis,
2028 3728 2146 3783 quae
2179 3714 2229 3768 in
2277 3722 2328 3768 te
2360 3715 2595 3771 solemus
2619 3703 2927 3787 amplecti?
2954 3718 3206 3786 Quinimo
3235 3719 3402 3787 urbis,

1824 3803 2097 3872 nostrique
2128 3805 2508 3880 reminiscere,
2559 3818 2612 3862 et
2638 3809 2766 3864 dum
2797 3812 3164 3880 opportunitas
3202 3813 3401 3866 restatis

1822 3896 2032 3961 invitat,
2080 3879 2180 3952 iter
2217 3899 2440 3954 festinus
2471 3915 2688 3971 usurpo,
2743 3913 2798 3956 ιιι
2829 3902 2981 3973 longa
3012 3905 3269 3959 absentia:
3302 3914 3404 3960 tute

1822 3979 2013 4044 damni
2044 3992 2255 4048 tandem
2289 4003 2468 4064 optato
2501 3996 2674 4050 reditu
2704 3998 3021 4054 sarciantur.
3054 3997 3203 4053 Vale.

2426 4107 2635 4188 EPIST.
2671 4109 2804 4165 xu.

2354 4213 2660 4254 SVMHACIIUS
2689 4215 2863 4255 DECIO.

1893 4307 2009 4375 Quo
2035 4308 2162 4361 abiit
2195 4309 2579 4384 promissorum
2621 4311 2792 4364 fides?
2833 4314 3078 4381 Speranti
3129 4329 3400 4369 recursu'n
3459 4357 3464 4362 .

1825 4406 1972 4453 tuum
2005 4400 2261 4454 litteraria
2297 4401 2591 4456 levamenta
2651 4397 2901 4460 tribuisti.
2953 4406 3126 4476 Potuit
3174 4406 3404 4473 jucunda

1826 4491 1978 4546 nobis
2011 4491 2168 4561 hujus
2199 4495 2438 4548 muneris
2476 4507 2598 4549 esse
2644 4484 2936 4565 perceptio,
2986 4496 3028 4552 si
3081 4496 3210 4550 nihil
3253 4515 3405 4570 gran~

1826 4585 1946 4640 dius
1969 4584 2371 4656 Spopoudisses.
2416 4586 2496 4641 An
2523 4587 2725 4658 veritus
2762 4601 2821 4642 es
2857 4587 3166 4643 deliciarum
3197 4599 3406 4644 tuarum

159 4665 364 4724 propere
375 4668 480 4726 est,
497 4674 636 4730 quos
666 4673 770 4728 non
802 4633 956 4726 decet
981 4659 1182 4718 alienas
1199 4633 1454 4714 allectare
1477 4657 1717 4732 delicias.

1834 4633 1943 4640 _---_
1969 4633 2370 4656 -,.-,---_.---__
2535 4633 2724 4658 -__-.-.--
2764 4633 2820 4642 --
2860 4633 3166 4643 ηπ.-.

1834 4683 2166 4738 consularem
2189 4681 2360 4737 virum
2387 4684 2615 4738 teSIem?
2643 4684 2772 4738 nihil
2803 4686 2910 4756 egit
2934 4684 3045 4741 hare
3063 4687 3404 4742 cautio.0cu-

162 4743 289 4802 ωε.
820 4787 831 4799 .

198 4746 289 4862 se.
395 4834 442 4878 ἰ
669 4787 888 4900 Eptsr.
929 4843 1192 4914 xxxvn.

667 4951 975 5012 Symmachus
1005 4950 1180 4992 oscro.

223 5047 478 5120 Voluptati
507 5050 637 5106 mihi
662 5059 765 5116 est,
806 5051 950 5120 quod
979 5050 1282 5108 .vales.'Sed
1313 5052 1454 5122 quod
1490 5053 1718 5110 Formiis

163 5141 336 5202 nostris
361 5141 720 5218 Neapolitana
760 5156 855 5198 ora
901 5144 1201 5212 praefertur,
1248 5143 1611 5200 animadverto
1643 5147 1718 5201 tui

164 5245 253 5284 non
273 5248 388 5290 esse
407 5234 617 5305 judicii.
663 5236 724 5290 In
766 5235 994 5306 gratiam
1021 5238 1217 5307 quippe
1245 5239 1583 5306 praesentium
1612 5256 1717 5295 non

163 5327 481 5395 sententiam,
512 5326 608 5382 sed
637 5327 799 5384 verba
817 5327 1045 5383 .mutasti
1071 5346 1084 5381 :
1111 5329 1213 5384 nisi
1233 5329 1381 5385 forte
1404 5344 1582 5386 rerum
1603 5341 1717 5386 tua-

165 5431 263 5472 rum
296 5422 510 5478 collatio
533 5423 675 5490 facit,
706 5423 962 5479 illudtibi
989 5439 1109 5480 esse
1149 5424 1457 5494 jucundius,
1491 5425 1584 5482 ubi
1605 5425 1717 5484 fru-

163 5522 261 5568 ctus
286 5518 517 5573 uberior.
555 5519 659 5575 Sed
687 5529 874 5576 natura
901 5522 1174 5592 regionum
1206 5525 1316 5578 suis
1343 5523 1572 5591 meritis,
1610 5538 1715 5578 non

164 5609 337 5662 nostris
359 5612 648 5681 quaestibus
673 5613 984 5669 aestimanda
1004 5623 1107 5670 est.
1131 5614 1334 5685 thuid
1363 5617 1429 5672 de
1459 5616 1560 5672 hoc
1580 5617 1717 5671 mul-

164 5700 238 5751 ta?
264 5701 566 5758 Testabitur
591 5706 940 5761 commoratio
961 5715 1068 5773 tua,
1101 5722 1167 5762 an
1201 5707 1270 5763 ibi
1299 5708 1548 5764 libentius
1577 5709 1715 5765 otie-

165 5789 260 5842 ris:
287 5807 399 5848 cum
425 5797 478 5848 in
529 5797 740 5854 dttbium
772 5815 877 5854 non
916 5801 1112 5870 veniat,
1144 5801 1282 5872 quod
1322 5816 1350 5855 a
1387 5817 1471 5857 me
1519 5802 1715 5858 invitus

165 5884 487 5945 abscesseris.
539 5891 679 5947 Vale.

1830 4775 1896 4830 lis
1919 4776 2187 4831 subtracta
2216 4775 2494 4842 miracula,
2540 4776 2758 4832 auribus
2787 4761 3151 4845 deprehendo.
3194 4781 3322 4835 Nam
3355 4791 3405 4837 ut

1825 4871 2048 4950 quisque
2081 4881 2261 4925 nostra
2293 4857 2962 4950 offenditurparcimonia,
3011 4882 3067 4950 te
3103 4863 3295 4929 abesse
3321 4888 3406 4927 su-

1825 4967 2012 5035 Spirat.
2063 4964 2245 5036 Itaque
2278 4965 2331 5019 in
2370 4953 2752 5042 contumeliam
2797 4964 3026 5032 convivii
3079 4951 3181 5020 mei
3236 4966 3405 5042 palam

1825 5041 2169 5112 desideraris.
2196 5056 2340 5112 Sciet
2369 5045 2484 5113 haec
2521 5039 2771 5122 senatus,
2809 5057 2993 5132 audiet
3022 5039 3284 5137 populus.
3303 5056 3405 5112 Ne-

1821 5165 1926 5221 que
1953 5150 2096 5204 enim
2129 5163 2347 5240 possum
2374 5137 2529 5230 aliter
2572 5147 2760 5226 ulcisci
2800 5149 3056 5230 absentiae
3079 5156 3182 5234 tua:
3200 5149 3406 5230 justum

1822 5241 2081 5322 dolorem.
2117 5239 2265 5320 Vale.

2401 5333 2622 5391 EPIST.
2665 5333 2822 5388 XLII.

2349 5413 2671 5480 svuttacrws‘
2694 5439 2850 5478 paulo

1897 5521 2274 5590 Ab’rumpcnda
2303 5506 2446 5594 juste
2475 5517 2701 5574 cessatio
2747 5526 2848 5584 est,
2889 5524 2944 5570 et
2971 5514 3022 5570 in
3064 5517 3254 5574 affatus
3283 5535 3404 5576 mu-

1825 5623 1944 5672 tuos
1968 5631 2093 5671 cura
2138 5615 2424 5680 tendenda,
2480 5628 2547 5667 ne
2594 5611 2789 5667 veteris
2838 5611 2977 5667 inter
3018 5628 3118 5667 nos
3157 5615 3406 5670 amicitiae

1821 5709 2136 5765 memoriam
2165 5705 2432 5763 scribendi
2464 5705 2734 5773 neglectus
2765 5713 3025 5759 attenuet.
3059 5706 3208 5772 Quod
3242 5717 3300 5761 ut
3338 5709 3405 5760 li-
3491 5717 3494 5720 ‘

1822 5803 2034 5860 bentius
2078 5801 2272 5856 dehinc
2316 5799 2500 5864 facias,
2550 5813 2576 5852 a
2614 5814 2696 5852 mc
2736 5813 2887 5852 sume
2935 5800 3272 5869 principium.
3321 5801 3399 5852 En

1821 5895 1916 5950 tibi
1948 5896 2150 5950 litteras
2172 5893 2544 5950 salutationem
2577 5892 2834 5960 ferentes,
2867 5909 2998 5961 quas
3023 5894 3268 5954 sensibus
3295 5893 3401 5946 tuis
