3932 6466
149 368 236 424 297
1276 351 1756 436 srtsrocanm
1797 358 1995 404 Lturzn
2027 361 2133 404 vn.

3274 347 3377 405 298

147 481 410 548 episcopum
456 475 691 530 omnium
741 483 1003 530 sectarum
1052 472 1395 527 attestatione
1444 465 1682 522 laudabi-
1710 467 1758 524 Α
1789 463 1958 532 culpat
1988 472 2078 516 aut
2107 461 2305 516 erroris
2334 462 2576 548 incurrit,
2598 473 2782 518 contra
2817 463 2956 518 illius
2977 464 3228 520 meritum
3253 479 3372 520 meo

145 571 231 624 lein
260 586 272 622 :
300 567 361 621 de
382 583 484 631 quo
509 570 656 637 plura
693 585 778 622 me
803 568 1004 631 dicere,
1036 576 1091 622 et
1115 565 1417 634 desperatio
1444 560 1686 631 :equandi

149 661 386 724 nieriti,ct
414 661 577 728 ipsius
602 660 776 728 pudor
823 675 927 713 non
981 658 1128 712 sinit.
1189 656 1453 710 Przeterca
1504 655 1678 720 testis,

144 766 229 806 non
253 751 526 805 laudatoris
559 761 734 820 partes
776 750 987 817 recepi‘;
1021 749 1112 802 tibi
1165 760 1446 802 reservans
1476 759 1682 798 morum

139 844 237 910 ejus
271 841 665 911 inspectionem.
703 843 871 910 Quem
911 853 1032 896 cum
1081 843 1289 908 penitus
1318 837 1638 906 expendcris
1667 878 1681 899 ,

142 934 344 1003 reperies
371 946 454 987 me
483 935 714 988 cessisse
741 936 918 1002 potius
947 931 1063 1002 ejus
1105 930 1369 997 laudibus,
1401 943 1559 999 quam
1591 942 1685 996 per

141 1027 476 1096 negligentiam
506 1026 760 1082 defuisse.
796 1026 948 1081 Vale.

705 1116 918 1172 EPIST.
974 1115 1077 1170 LII.

630 1225 940 1264 δικιλιῑιιυς
978 1222 1151 1262 DECIO.

194 1302 306 1369 Quid
336 1302 429 1356 tibi
471 1317 566 1370 pro
595 1310 733 1356 tanta
780 1303 832 1354 in
861 1315 946 1356 me
975 1313 1229 1370 meosque
1280 1313 1406 1353 cura
1462 1298 1680 1366 dignum

134 1395 425 1464 rependam?
454 1396 638 1449 Ofﬁcia
685 1403 771 1449 tua
803 1410 988 1449 revera
1019 1398 1233 1463 atquare
1273 1408 1377 1447 non
1417 1406 1632 1459 possum
1667 1408 1679 1443 :

133 1487 335 1556 spondeo
363 1497 562 1551 tamen,
600 1501 870 1557 nunquam
924 1500 1010 1540 me
1057 1486 1198 1540 cultu
1229 1483 1423 1538 mentis
1459 1490 1513 1537 et
1555 1479 1686 1536 affe-

133 1583 279 1636 ctione
300 1596 594 1635 cessurum.
625 1580 734 1635 Nec
759 1581 972 1648 ambigo
1001 1581 1161 1635 etiam
1186 1588 1238 1634 te
1263 1594 1358 1648 pro
1384 1575 1682 1633 benefactis

132 1673 268 1726 solam
304 1672 426 1726 boni
458 1673 618 1726 animi
647 1672 948 1727 mercedem
978 1680 1314 1740 exspectare.
1346 1669 1451 1724 Sed
1496 1671 1546 1722 in
1577 1669 1678 1723 bac

130 1765 482 1818 contestatione
519 1765 705 1833 gratim
733 1766 928 1818 morari
961 1779 1048 1818 me
1097 1765 1306 1833 longius
1349 1762 1520 1829 pudor
1561 1773 1682 1815 tuus

1790 554 2029 624 digneris
2061 556 2359 608 interventu
2397 544 2658 610 relaxare.
2687 555 2837 608 Vale.

2371 643 2593 699 EPIST.
2635 645 2789 699 LVII.

2311 751 2619 792 SYIMIACIIUS
2660 754 2832 792 DECIO.

1861 827 1927 880 Et
1958 829 2168 882 virtutis
2198 838 2253 883 et
2284 830 2537 897 prepositi
2564 831 2636 884 tui
2667 841 2771 891 est,
2798 833 2965 885 bonos
2986 848 3225 902 quosqtte
3254 849 3372 888 sns-

1788 917 1969 985 cipere
1996 936 2010 972 :
2042 918 2181 972 inter
2219 936 2352 988 qum
2393 921 2695 976 Alexander
2726 925 3178 990 contemplatione
3209 925 3375 979 bone-

1788 1007 1942 1060 statis
1965 1007 2083 1074 jure
2109 1020 2378 1065 censetur.
2410 1011 2560 1066 Ilimc
2587 1021 2641 1065 et
2679 1012 2730 1065 in
2773 1011 3140 1081 adjumentum
3182 1015 3287 1078 sui,
3319 1026 3375 1068 ct

1785 1097 1986 1152 amoris
2016 1100 2068 1152 in
2102 1109 2174 1152 te‘
2200 1104 2304 1155 mei
2347 1103 2532 1166 pratia,
2582 1103 2928 1157 familiaribus
2959 1105 3150 1158 litteris
3190 1119 3373 1168 prose-

1787 1197 1962 1256 cutus,
1994 1189 2266 1258 impendio
2293 1193 2575 1259 deprecor,
2605 1205 2665 1248 ut
2694 1197 2764 1248 illi
2810 1197 3045 1251 favorem
3075 1211 3369 1267 congruum

1787 1281 2009 1347 tribuas,
2042 1285 2167 1338 mibi
2191 1285 2608 1341 vicissitudinem
2638 1292 2901 1344 sermonis
2923 1290 3189 1344 exsolvas.
3219 1290 3374 1344 Vale.

2289 1412 2297 1419 -
2354 1377 2570 1434 EPIST.
2611 1379 2792 1433 LVIII.

2333 1483 2643 1526 δγιιιιλεηυε
2683 1487 2857 1526 Itl-ICItI.

1857 1559 1998 1614 Duas
2023 1561 2385 1615 oratiunculas
2415 1577 2561 1615 meas
2589 1577 2759 1630 nuper
2782 1563 2976 1625 editas,
3026 1562 3094 1616 ad
3134 1563 3364 1618 illustres

1783 1649 1948 1715 viros,
1981 1651 2228 1706 virtutum
2269 1665 2323 1708 et
2377 1653 2673 1708 litterarum
2730 1655 3031 1708 sacerdotio
3076 1656 3364 1723 prtcditos.

1788 1741 2019 1798 Felicem
2049 1755 2104 1798 et
2150 1745 2460 1800 Minervium
2506 1748 2646 1799 misi.
2698 1746 2894 1799 llarnm
2946 1747 3105 1800 etiam
3164 1759 3215 1801 te
3247 1788 3261 1806 ,
3313 1759 3365 1804 ut

131 1869 213 1906 non
234 1854 345 1908 sinit
370 1874 382 1908 :
413 1832 603 1911 deberi
630 1856 996 1924 enimjudicas
1027 1832 1274 1911 amicitiae
1303 1863 1500 1911 nostra:
1530 1854 1682 1924 quid-

1797 1842 2050 1887 rmantem
2080 1836 2206 1902 mei,
2251 1835 2297 1890 si
2345 1836 2705 1890 mediocribus
2753 1837 2975 1904 ingeniis
2999 1853 3104 1891 non
3132 1837 3364 1892 offende-

129 1945 229 2012 quid
251 1961 342 2017 ego
367 1946 534 2002 credo
573 1947 838 2017 pra-stari.
867 1947 1013 2003 Vale.

684 2037 903 2093 EPIST.
958 2039 1086 2093 LIII.

627 2144 937 2185 SYIIIIACIIUS
979 2146 1150 2185 I‘ECIO.

188 2217 332 2270 Parva
360 2227 444 2272 est
475 2220 866 2274 commendatio
897 2223 1216 2290 scriptorum
1263 2237 1525 2284 meorum.
1558 2225 1694 2276 cnm'

130 2306 377 2362 Eusebium
401 2307 721 2363 familiarem
747 2311 852 2363 vita
877 2311 1156 2375 innocens,
1186 2320 1242 2365 et
1267 2327 1470 2366 annosa
1497 2315 1682 2366 militia

129 2399 255 2452 bonis
273 2401 566 2471 quibusque
584 2400 852 2456 conciliet.
883 2400 994 2456 Suo
1038 2401 1197 2472 igitur
1231 2403 1490 2471 prmditits
1521 2406 1683 2458 meri-

129 2500 196 2552 to,
225 2491 576 2546 testimonimn
609 2508 706 2562 pro
749 2503 800 2548 te
830 2511 1029 2560 meum,
1064 2510 1172 2548 non
1203 2496 1462 2551 ambitum
1493 2509 1681 2567 postu-

129 2582 248 2635 lavit.
273 2582 332 2636 Et
359 2593 543 2639 tamen
571 2585 843 2642 abstinere
868 2598 972 2641 non
999 2587 1170 2642 debeo
1200 2589 1286 2641 tali
1315 2603 1513 2658 genere
1540 2590 1684 2644 litto-

133 2691 278 2730 rarum
304 2719 318 2740 ,
345 2677 516 2748 magis
545 2690 602 2732 ut
621 2678 745 2734 fidei
776 2680 1118 2746 satisfaciam,
1145 2697 1302 2750 quam
1331 2693 1386 2734 ut
1417 2682 1680 2738 labantem

129 2767 482 2833 gmtilicatione
526 2781 844 2826 sustentem.
889 2772 1014 2827 ΙΙωο
1060 2772 1222 2842 igitur
1247 2773 1519 2842 petitionis
1550 2788 1682 2828 meo:

129 2870 303 2912 summa
332 2869 432 2926 est,
465 2861 600 2915 utin
632 2865 888 2930 pra-claro
923 2871 1138 2930 pectore
1170 2875 1260 2920 tuo
1287 2865 1511 2919 formam
1540 2866 1679 2920 circa

131 2963 177 3003 se
199 2951 469 3009 voluntatis
496 2969 631 3009 mea:
655 2956 912 3010 inveniat.
943 2957 1091 3012 Vale.

633 3063 640 3074 ‘
695 3047 841 3104 EPIS
859 3049 908 3101 Γ.
950 3048 1082 3104 ω’.

614 3153 924 3195 εγιιιιλειιυε
979 3156 1150 3196 ΒΕΟΙΟ.

1787 1927 1884 1990 ris,
1924 1935 2052 1995 opto
2079 1943 2197 1982 esse
2245 1929 2523 1984 lectorem.
2575 1931 2676 1999 Ipsi
2719 1931 3003 1984 voluminis
3040 1931 3246 1998 cupiam
3293 1931 3368 1984 fa-

1786 2019 1947 2074 cient.
1979 2021 2050 2074 lta
2090 2022 2230 2075 enim
2281 2023 2519 2077 studiose
2566 2025 2757 2076 laruaut
2802 2037 2975 2076 meam
3017 2023 3280 2088 nutriunt,
3313 2033 3365 2076 ut

1784 2111 2028 2182 sulI'ragia
2068 2114 2326 2168 bonorum
2361 2115 2488 2167 tnilti
2523 2114 2761 2169 tteSt-iant
2802 2115 3055 2169 invidere.
3093 2115 3240 2170 Vale.

2373 2206 2589 2261 EPIST.
2641 2205 2780 2261 LIX.

2322 2316 2629 2356 SYIIMACIIUS
2673 2318 2847 2358 DECIO.

1855 2391 2050 2447 Sacras
2082 2393 2209 2448 mibi
2237 2393 2438 2449 litteras
2466 2394 2638 2448 Julius
2658 2411 2824 2464 agens
2849 2396 2899 2449 in
2925 2396 3081 2449 rebus
3103 2394 3366 2455 exhibuit.

1788 2484 2160 2554 leopardoruiu
2203 2487 2618 2542 munificentiam
2648 2490 3008 2543 continentes.
3045 2489 3186 2543 Idem
3222 2498 3364 2542 tuam

1783 2578 2144 2633 desideratam
2179 2580 2333 2635 uob‘s
2376 2581 2619 2649 paginam
2663 2581 2820 2634 simul
2854 2581 3092 2634 tradidit.
3122 2580 3365 2650 Principe

1785 2671 1944 2741 igitur
1966 2671 2085 2726 Ioco
2101 2673 2438 2726 salutatioiiis
2463 2672 2553 2727 tibi
2581 2673 2730 2726 solvo
2753 2673 3129 2727 reverentiam.
3162 2672 3366 2727 Dehinc

1785 2761 2016 2828 postulo,
2053 2771 2110 2815 ut
2131 2777 2226 2830 pro
2257 2777 2343 2816 me
2371 2764 2571 2832 gratias
2613 2778 2738 2830 agas
2763 2767 2954 2817 votivae
2981 2763 3239 2832 largitatis
3278 2779 3366 2816 au-

1784 2852 2109 2922 ctorizqme
2159 2854 2446 2922 jucundior
2495 2856 2616 2918 erit,
2667 2857 2708 2907 si
2739 2858 2786 2908 ei
2839 2853 3363 2907 commendationem

1785 2947 2090 3014 prosecutio
2123 2957 2421 3017 opportuna
2454 2947 2761 3016 praestiterit
2792 2965 2805 2998 :
2835 2956 2888 3001 ct
2917 2946 3056 3016 quod
3098 2951 3366 3000 verecun-

1784 3040 1869 3094 dia
1903 3055 2018 3095 mca
2065 3041 2150 3094 vix
2204 3040 2429 3109 implere
2481 3041 2764 3108 potuisset,
2805 3042 2917 3093 oris
2960 3031 3368 3094 tni'alfabilitas

1786 3143 2130 3202 exsequatur.
2203 3134 2374 3203 Spero
2423 3134 2565 3188 enim
2625 3147 2686 3187 ex
2735 3148 2982 3188 llIt‘llSllla
3032 3132 3367 3199 affectionis,

186 3221 245 3279 Ut
265 3239 319 3280 es
343 3227 516 3282 solers
545 3231 780 3282 omnium
814 3244 1012 3288 rerum.
1054 3231 1161 3284 seis
1198 3239 1456 3299 quantum
1487 3231 1681 3299 legatio
1707 3199 1753 3260 C
1785 3241 1942 3294 quam
2000 3228 2066 3279 de
2108 3237 2159 3278 te
2208 3240 2420 3280 mereor
2443 3268 2456 3290 ,
2509 3225 2648 3294 quod
2703 3224 3123 3279 cumn'atissime
3169 3225 3367 3292 possim

130 3316 470 3373 sollicitudinis
519 3318 730 3385 habeat,
769 3331 1026 3388 quantum
1059 3322 1419 3391 peregrinatio
1449 3321 1681 3376 difficul-

132 3404 234 3460 tatis
267 3408 622 3464 circnmferat.
675 3409 799 3464 Ilaec
842 3410 1058 3467 domino
1086 3422 1139 3467 et
1187 3412 1298 3467 filio
1343 3429 1466 3468 meo
1507 3416 1685 3468 Attalo

131 3507 315 3553 senatus
338 3501 601 3556 desideri-.1
629 3504 994 3572 prosequenti,
1023 3519 1174 3557 amor
1203 3515 1324 3557 tuus
1349 3505 1481 3559 levia
1500 3517 1550 3559 et
1575 3515 1683 3559 tuta

132 3591 387 3654 praestabit.
435 3591 662 3661 Suscipe
709 3592 869 3662 igitur
918 3602 1096 3662 partes
1136 3595 1475 3663 benignitatis
1501 3606 1558 3651 et
1589 3613 1684 3667 po-

132 3679 277 3734 titioni
306 3699 436 3738 mete
467 3683 698 3751 debitas,
718 3695 771 3740 et
798 3696 888 3740 tuo
912 3688 1122 3755 ingeuio
1147 3697 1524 3758 congruentes.
1546 3689 1686 3745 Satis

134 3772 286 3826 Attalo
312 3775 598 3845 videbitur,
639 3778 875 3848 quisquis
915 3780 1020 3834 erit
1046 3791 1267 3836 eventus
1289 3782 1468 3847 officii,
1502 3798 1684 3838 curam

133 3878 212 3929 pro
231 3880 284 3920 se
307 3868 568 3924 meruisse
599 3870 839 3939 poliOri~.
872 3871 1021 3927 Vale.

709 3961 922 4017 I-.PIS'I'.
976 3963 1082 4019 LV.

626 4071 935 4111 SYMMACIIL’S
973 4068 1148 4112 DSCIO.

187 4141 328 4212 Saepe
354 4160 470 4208 nos,
498 4155 559 4199 ut
587 4147 863 4209 condecet,
897 4147 1085 4203 litteris
1115 4151 1428 4205 numeraris.
1461 4151 1682 4208 Obsole-

133 4247 260 4290 scere
281 4237 420 4291 enim
444 4239 676 4306 quadam
699 4240 896 4294 silentii
926 4241 1168 4310 rubigine
1196 4242 1494 4296 animorum
1514 4243 1688 4299 fmdus

135 4326 393 4382 existimas.
451 4329 642 4383 Facias
674 4329 908 4384 officium
955 4334 1225 4402 germanis
1255 4335 1444 4389 studiis
1469 4337 1688 4390 animis-

134 4431 217 4484 que
235 4422 579 4474 conveniet».
618 4421 720 4476 Pro
746 4438 846 4490 qua
890 4439 949 4477 re
978 4423 1146 4478 vicem
1179 4425 1273 4479 tibi
1311 4426 1574 4480 sermonis
1605 4443 1690 4480 re-

134 4510 250 4564 lerre
275 4527 373 4565 non
403 4513 616 4567 distuli.
649 4514 811 4582 Cujus
832 4530 893 4568 ea
921 4516 1117 4570 solutio
1140 4526 1250 4578 est,
1273 4526 1332 4571 ut
1367 4533 1450 4572 me
1475 4518 1686 4574 alfectui

133 4605 378 4658 tuoetiam
406 4621 551 4659 tuine
585 4608 811 4660 sentiam
842 4609 1162 4665 debitorem.
1186 4611 1374 4665 Omnia
1421 4611 1562 4666 enim
1613 4611 1689 4665 fa-
1721 4580 1767 4639 D

134 4693 206 4747 cili
235 4695 621 4765 vicissitudine,
645 4711 694 4753 et
727 4701 1169 4769 compensatione
1199 4703 1513 4758 redduntur.
1549 4703 1690 4758 Con-

135 4792 307 4842 tractus
335 4805 465 4844 vero
495 4792 742 4846 amicitiae
763 4803 818 4847 et
847 4795 1116 4863 religionis
1154 4805 1386 4849 :cternus
1415 4809 1517 4850 cst.
1542 4796 1689 4863 Vale,

135 4886 173 4928 σει
193 4879 250 4932 ad
275 4883 616 4937 scribendum
642 4884 865 4953 diligens
881 4901 1000 4942 esse
1018 4903 1320 4956 persevera.
1350 4889 1457 4944 Nos
1487 4890 1692 4945 littera-

133 4985 230 5024 nun
249 4975 436 5029 solatia
465 4991 834 5046 suggeremus,
858 4982 1050 5048 quibus
1078 4989 1169 5033 aut
1193 4981 1429 5035 animum
1456 4983 1693 5038 mulcens

134 5077 421 5136 occupatus,
455 5082 549 5122 aut
575 5071 743 5124 vicem
777 5071 982 5126 referas
1011 5060 1238 5128 otiosus.
1277 5075 1421 5126 Vale.

710 5162 924 5218 I‘IPIST.
967 5161 1101 5218 LVI.

637 5266 938 5307 εῑιιιιλιειιυε
978 5270 1152 5309 θεειο.

189 5337 289 5392 Tua
307 5351 466 5396 vetus
491 5342 790 5396 humanitas
803 5357 899 5395 nos
914 5347 1159 5398 bortatnr
1180 5359 1334 5412 opem
1353 5346 1694 5414 poscentibus

134 5443 220 5482 non
243 5448 458 5502 negare.
480 5432 874 5489 Pro'l‘beodulo
894 5446 1070 5490 autem
1099 5437 1366 5491 scribendi
1395 5436 1521 5490 miiii
1547 5437 1609 5490 ad
1639 5447 1689 5491 te

131 5535 266 5577 causa
290 5526 612 5596 propensior
640 5535 744 5592 est,
774 5542 893 5582 cum
921 5527 989 5583 sit
1011 5528 1232 5583 colonus
1261 5543 1511 5598 agrorum
1541 5543 1689 5584 meo-

132 5628 251 5682 rum,
275 5630 435 5688 atque
455 5621 528 5673 illi
556 5620 732 5675 debita
756 5623 945 5691 magis,
971 5636 1126 5691 quam
1152 5621 1534 5691 precariacura
1556 5639 1682 5691 prte-

131 5717 294 5766 slctnr.
319 5715 489 5770 δτι-ιιι
515 5716 670 5785 igitur
693 5717 1131 5770 consuetudinem
1161 5725 1329 5779 tuam,
1363 5725 1410 5770 et
1443 5716 1689 5784 precibus

133 5803 267 5868 υἱοῖς,
290 5813 346 5858 ιιι
382 5821 502 5858 mos
531 5817 649 5859 tuus
678 5805 958 5874 promittit,
1008 5806 1278 5862 inﬂectere
1305 5825 1316 5859 :
1352 5815 1405 5858 Ill
1437 5807 1687 5878 quidquid

397 5902 661 5962 Ριτιιοι.
713 5900 939 5960 XVIII.

1790 3318 2204 3389 magn’tudincm
2237 3326 2432 3372 nostrte
2465 3317 2837 3386 gratulationis
2877 3317 3120 3387 implere.
3146 3317 3295 3373 Vale.

2389 3409 2606 3464 EPIST.
2656 3408 2768 3463 LX.

2300 3520 2613 3558 ειίιιιΑοιιυς
2675 3519 2849 3557 III'ZCIO.

1861 3594 2126 3650 Onerabat
2157 3597 2531 3651 verecundiam
2574 3611 2771 3660 meam,
2797 3595 2936 3664 quod
2967 3597 3110 3664 prior
3139 3597 3368 3667 scripse-

1792 3701 1895 3740 ras.
1927 3686 2194 3741 Continuo
2221 3689 2382 3742 altera
2429 3687 2652 3753 epistola
2688 3696 2774 3741 tua
2809 3699 3038 3756 gravatae
3077 3688 3237 3743 fronti
3267 3690 3369 3742 du-

1793 3779 1910 3846 [ιιι-χ
1940 3779 2092 3833 fenus
2127 3779 2396 3850 imposuit.
2445 3778 2717 3842 Formido,
2752 3780 2891 3847 quod
2918 3782 3097 3850 cupio,
3127 3797 3194 3836 ne
3241 3782 3370 3836 milii
3415 3792 3427 3805 ·

1790 3876 1914 3923 ante
1962 3869 2279 3924 solutionem
2311 3869 2538 3924 duorum
2596 3882 2962 3924 contractuum
3009 3872 3198 3927 tertius
3246 3887 3274 3926 a
3320 3881 3372 3926 te

1789 3977 1972 4017 sermo
2002 3963 2285 4019 tribuatur.
2320 3963 2492 4019 I'labet
2531 3963 2727 4034 quippe
2760 3967 2894 4017 banc
2944 3964 3334 4038 impatientiam
3357 4010 3372 4031 ,

1791 4069 1910 4123 quite
1941 4057 1992 4110 in
2029 4057 2080 4111 te
2106 4057 2292 4124 pollet,
2325 4055 2434 4109 oris
2461 4055 2697 4119 ubertas,
2732 4065 2788 4108 ut
2833 4055 3174 4110 intervallum
3209 4059 3370 4111 vicis-

1792 4145 2006 4199 situdini
2036 4154 2213 4214 neget,
2256 4155 2309 4199 et
2331 4144 2505 4199 officia
2541 4145 2774 4198 nondum
2804 4157 3143 4214 compensata
3173 4161 3373 4216 prteve-

1795 4237 1922 4291 niat.
1964 4235 2074 4292 Una
2121 4237 2280 4303 igitur
2307 4237 2374 4290 ad
2406 4237 2821 4290 satisfactionem
2870 4237 2952 4291 via
3005 4248 3287 4307 superest;
3319 4252 3374 4294 ut

1796 4332 2052 4400 imparem
2083 4347 2169 4386 me
2206 4331 2346 4400 ston
2397 4328 2590 4390 fatear,
2641 4331 2884 4398 quamvis
2932 4331 3075 4384 cultu
3124 4333 3374 4387 amicitiae

1795 4439 1976 4494 parem
2027 4441 2131 4476 non
2171 4438 2382 4492 negem.
2432 4423 2542 4476 Nec
2579 4429 2964 4478 contumaciter
3009 4423 3140 4478 fieri
3175 4435 3324 4491 pllles
3359 4467 3373 4487 ,

1795 4516 1937 4586 quod
1987 4515 2080 4569 tibi
2129 4514 2294 4568 animi
2336 4512 2438 4568 mei
2477 4512 2804 4582 diligentiam
2856 4514 3097 4569 confero.
3129 4517 3374 4584 Alioquin

1795 4608 1990 4663 frustra
2017 4622 2046 4660 a
2077 4617 2127 4663 te
2151 4606 2364 4676 diligor,
2389 4605 2488 4660 nisi
2516 4604 2798 4660 affectione
2827 4606 3004 4660 saltim
3029 4621 3126 4660 nos
3157 4609 3376 4676 patiaris

1793 4699 2105 4770 comparari.
2163 4700 2340 4767 Quare
2397 4707 2516 4766 post
2575 4697 2712 4750 banc
2767 4697 3152 4765 profes$i0nem
3201 4715 3375 4753 meam

1794 4793 2020 4848 laudata:
2053 4791 2312 4847 facundiae
2359 4790 2557 4844 donmn
2610 4791 2886 4860 frequenta
2918 4807 2932 4845 :
2968 4806 3076 4856 me,
3104 4793 3147 4845 si
3204 4794 3376 4848 rarior

1797 4885 1977 4950 luero,
2009 4891 2281 4938 memento
2307 4882 2555 4936 cessisse.
2587 4880 2666 4934 An
2707 4896 2814 4948 ego
2840 4880 3098 4934 adversus
3121 4882 3375 4950 jndicimn

1797 4977 2063 5044 publicum
2113 4989 2396 5044 provocem
2449 4973 2664 5042 scriptis
2719 4973 3062 5042 episto'armn
3109 4975 3373 5035 regiarum

1800 5067 2143 5137 magistrum?
2169 5066 2418 5120 Nostrum
2450 5073 2552 5129 est,
2581 5066 2873 5133 pastorales
2900 5065 3085 5117 inﬂare
3107 5065 3373 5131 calamos;

1800 5171 1946 5214 tuum
1987 5158 2156 5214 sacris
2201 5158 2344 5211 tibiis
2387 5172 2602 5212 carnen
2658 5157 2892 5210 iocinere
2935 5173 2947 5210 :
2993 5171 3090 5209 nos
3126 5155 3374 5210 obtundit

1798 5253 1984 5317 otium,
2018 5260 2068 5305 te
2095 5266 2221 5304 usus
2249 5259 2484 5304 exercet.
2513 5248 2620 5303 Nisi
2651 5247 2787 5302 forte
2813 5247 2948 5301 banc
2989 5255 3224 5300 nostram
3267 5249 3370 5316 pil-

1798 5355 1934 5398 vatze
1963 5343 2082 5397 vitae
2111 5343 2439 5397 vacatioocm
2465 5340 2631 5411 magis
2657 5350 3007 5410 opportunam
3033 5337 3375 5405 frequentan-

1796 5437 1881 5492 dis
1909 5435 2101 5491 litteris
2132 5445 2304 5504 putas.
2341 5433 2635 5486 Vides-non
2665 5431 2850 5484 eodem
2881 5439 3026 5483 motu
3059 5429 3276 5484 ﬂumina
3307 5433 3374 5486 de

1793 5538 1984 5598 stagno
2013 5542 2251 5597 serpere,
2280 5534 2335 5580 et
2354 5524 2420 5579 de
2450 5523 2592 5579 fonte
2618 5536 2920 5592 properare.
2951 5521 3123 5576 Omne
3149 5523 3288 5591 quod
3321 5525 3373 5579 in

1795 5635 1955 5675 cursu
1984 5628 2086 5678 est.
2116 5617 2276 5685 viget.
2309 5614 2653 5671 Continuatio
2678 5612 3047 5682 experientim,
3079 5614 3220 5669 vires
3250 5631 3374 5668 suas

1796 5722 2034 5766 renovat.
2066 5710 2341 5764 Sublatum
2374 5705 2467 5760 tibi
2496 5714 2596 5768 est,
2630 5705 2773 5772 quod
2816 5703 3140 5775 respondere
3165 5707 3370 5776 pomis.

1795 5819 1900 5860 ses.
1938 5803 2041 5861 Fac
2066 5801 2340 5872 deinceps,
2368 5798 2457 5872 qui
2489 5797 2633 5852 vales
2661 5797 2928 5853 scribendi
2959 5799 3108 5867 copia
3128 5842 3142 5863 ,
3176 5806 3231 5849 ut
3263 5806 3349 5851 tan

3066 5890 3140 5953 10
