  <div class='ocr_page' id='page_1' title='image "/cluster/home/n/w/nwhite01/storage/ocr_20150623/18/hvd.32044015471337/158.png"; bbox 0 0 3932 6426; ppageno 0'>
   <div class='ocr_carea' id='block_1_1' title="bbox 187 326 2250 388">
    <p class='ocr_par' dir='ltr' id='par_1_1' title="bbox 187 326 2250 388">
     <span class='ocr_line' id='line_1_1' title="bbox 187 326 2250 388; baseline 0.016 -31"><span class='ocrx_word' id='word_1_1' title='bbox 187 330 282 386; x_wconf 64' lang='grc' dir='ltr'>5οι</span> <span class='ocrx_word' id='word_1_2' title='bbox 1380 326 1858 383; x_wconf 68' lang='lat' dir='ltr'><strong>EPISTULARUM</strong></span> <span class='ocrx_word' id='word_1_3' title='bbox 1899 330 2100 386; x_wconf 76' lang='lat' dir='ltr'><strong>LIBER</strong></span> <span class='ocrx_word' id='word_1_4' title='bbox 2145 335 2250 388; x_wconf 85' lang='lat' dir='ltr'><strong>VII.</strong></span> 
     </span>
    </p>
   </div>
   <div class='ocr_carea' id='block_1_2' title="bbox 3339 353 3445 410">
    <p class='ocr_par' dir='ltr' id='par_1_2' title="bbox 3339 353 3445 410">
     <span class='ocr_line' id='line_1_2' title="bbox 3339 353 3445 410; baseline -0.019 0"><span class='ocrx_word' id='word_1_5' title='bbox 3339 353 3445 410; x_wconf 68' lang='lat'><strong>502</strong></span> 
     </span>
    </p>
   </div>
   <div class='ocr_carea' id='block_1_3' title="bbox 183 438 3441 532">
    <p class='ocr_par' dir='ltr' id='par_1_3' title="bbox 183 438 3441 532">
     <span class='ocr_line' id='line_1_3' title="bbox 183 438 3441 532; baseline 0.008 -36"><span class='ocrx_word' id='word_1_6' title='bbox 183 441 370 496; x_wconf 84' lang='lat' dir='ltr'><strong>indicia</strong></span> <span class='ocrx_word' id='word_1_7' title='bbox 400 449 505 494; x_wconf 67' lang='lat' dir='ltr'><strong>tua:</strong></span> <span class='ocrx_word' id='word_1_8' title='bbox 533 438 901 509; x_wconf 64' lang='lat' dir='ltr'><strong>prosperitatis</strong></span> <span class='ocrx_word' id='word_1_9' title='bbox 925 446 1227 509; x_wconf 85' lang='lat' dir='ltr'><strong>apportant.</strong></span> <span class='ocrx_word' id='word_1_10' title='bbox 1254 439 1452 495; x_wconf 81' lang='lat' dir='ltr'><strong>Fateor</strong></span> <span class='ocrx_word' id='word_1_11' title='bbox 1477 441 1635 510; x_wconf 84' lang='lat' dir='ltr'><strong>igitur</strong></span> <span class='ocrx_word' id='word_1_12' title='bbox 1661 443 1748 494; x_wconf 90' lang='lat' dir='ltr'><strong>ad-</strong></span> <span class='ocrx_word' id='word_1_13' title='bbox 1785 453 1827 502; x_wconf 74' lang='grc' dir='ltr'><strong>Α</strong></span> <span class='ocrx_word' id='word_1_14' title='bbox 1860 446 2154 502; x_wconf 72' lang='lat' dir='ltr'><strong>exhiberet.</strong></span> <span class='ocrx_word' id='word_1_15' title='bbox 2179 452 2412 516; x_wconf 84' lang='lat' dir='ltr'><strong>Quarum</strong></span> <span class='ocrx_word' id='word_1_16' title='bbox 2439 457 2780 523; x_wconf 74' lang='lat' dir='ltr'><strong>perceptione</strong></span> <span class='ocrx_word' id='word_1_17' title='bbox 2803 461 3062 531; x_wconf 89' lang='lat' dir='ltr'><strong>principio</strong></span> <span class='ocrx_word' id='word_1_18' title='bbox 3082 461 3320 532; x_wconf 66' lang='lat' dir='ltr'><strong>laetatus;</strong></span> <span class='ocrx_word' id='word_1_19' title='bbox 3348 467 3441 524; x_wconf 82' lang='lat' dir='ltr'><strong>ubi</strong></span> 
     </span>
    </p>
   </div>
   <div class='ocr_carea' id='block_1_4' title="bbox 183 531 1756 602">
    <p class='ocr_par' dir='ltr' id='par_1_4' title="bbox 183 531 1756 602">
     <span class='ocr_line' id='line_1_4' title="bbox 183 531 1756 602; baseline -0.001 -13"><span class='ocrx_word' id='word_1_20' title='bbox 183 535 284 590; x_wconf 88' lang='lat' dir='ltr'><strong>huc</strong></span> <span class='ocrx_word' id='word_1_21' title='bbox 311 533 574 588; x_wconf 89' lang='lat' dir='ltr'><strong>infirmam</strong></span> <span class='ocrx_word' id='word_1_22' title='bbox 603 531 961 590; x_wconf 70' lang='lat' dir='ltr'><strong>valetudinem</strong></span> <span class='ocrx_word' id='word_1_23' title='bbox 994 547 1168 587; x_wconf 84' lang='lat' dir='ltr'><strong>meam</strong></span> <span class='ocrx_word' id='word_1_24' title='bbox 1194 532 1516 602; x_wconf 89' lang='lat' dir='ltr'><strong>scriptorum</strong></span> <span class='ocrx_word' id='word_1_25' title='bbox 1548 544 1756 588; x_wconf 88' lang='lat' dir='ltr'><strong>tuorum</strong></span> 
     </span>
    </p>
   </div>
   <div class='ocr_carea' id='block_1_5' title="bbox 179 625 1754 696">
    <p class='ocr_par' dir='ltr' id='par_1_5' title="bbox 179 625 1754 696">
     <span class='ocr_line' id='line_1_5' title="bbox 179 625 1754 696; baseline -0.002 -13"><span class='ocrx_word' id='word_1_26' title='bbox 179 628 487 684; x_wconf 75' lang='lat' dir='ltr'><strong>assiduitate</strong></span> <span class='ocrx_word' id='word_1_27' title='bbox 524 626 757 682; x_wconf 74' lang='lat' dir='ltr'><strong>refoveri</strong></span> <span class='ocrx_word' id='word_1_28' title='bbox 789 643 803 679; x_wconf 88' lang='lat'><strong><em>:</em></strong></span> <span class='ocrx_word' id='word_1_29' title='bbox 835 635 998 696; x_wconf 89' lang='lat' dir='ltr'><strong>atque</strong></span> <span class='ocrx_word' id='word_1_30' title='bbox 1029 626 1288 696; x_wconf 75' lang='lat' dir='ltr'><strong>intelligo,</strong></span> <span class='ocrx_word' id='word_1_31' title='bbox 1325 625 1452 696; x_wconf 89' lang='lat' dir='ltr'><strong>quid</strong></span> <span class='ocrx_word' id='word_1_32' title='bbox 1499 642 1565 681; x_wconf 84' lang='lat' dir='ltr'><strong>ex</strong></span> <span class='ocrx_word' id='word_1_33' title='bbox 1616 642 1754 694; x_wconf 60' lang='lat' dir='ltr'><strong>pra:-</strong></span> 
     </span>
    </p>
   </div>
   <div class='ocr_carea' id='block_1_6' title="bbox 177 718 1753 782">
    <p class='ocr_par' dir='ltr' id='par_1_6' title="bbox 177 718 1753 782">
     <span class='ocr_line' id='line_1_6' title="bbox 177 718 1753 782; baseline -0.004 -6"><span class='ocrx_word' id='word_1_34' title='bbox 177 722 346 776; x_wconf 84' lang='lat' dir='ltr'><strong>sentia</strong></span> <span class='ocrx_word' id='word_1_35' title='bbox 371 734 456 773; x_wconf 88' lang='lat' dir='ltr'><strong>tua</strong></span> <span class='ocrx_word' id='word_1_36' title='bbox 486 718 886 774; x_wconf 80' lang='lat' dir='ltr'><strong>commoditatis</strong></span> <span class='ocrx_word' id='word_1_37' title='bbox 926 719 1206 774; x_wconf 87' lang='lat' dir='ltr'><strong>habiturus</strong></span> <span class='ocrx_word' id='word_1_38' title='bbox 1230 719 1363 782; x_wconf 87' lang='lat' dir='ltr'><strong>sim,</strong></span> <span class='ocrx_word' id='word_1_39' title='bbox 1395 733 1516 772; x_wconf 91' lang='lat' dir='ltr'><strong>cum</strong></span> <span class='ocrx_word' id='word_1_40' title='bbox 1547 727 1753 772; x_wconf 89' lang='lat' dir='ltr'><strong>tantum</strong></span> 
     </span>
    </p>
   </div>
   <div class='ocr_carea' id='block_1_7' title="bbox 176 808 1571 879">
    <p class='ocr_par' dir='ltr' id='par_1_7' title="bbox 176 808 1571 879">
     <span class='ocr_line' id='line_1_7' title="bbox 176 808 1571 879; baseline -0.003 -12"><span class='ocrx_word' id='word_1_41' title='bbox 176 830 236 867; x_wconf 76' lang='lat' dir='ltr'><strong>ex</strong></span> <span class='ocrx_word' id='word_1_42' title='bbox 263 811 456 867; x_wconf 79' lang='lat' dir='ltr'><strong>litteris</strong></span> <span class='ocrx_word' id='word_1_43' title='bbox 482 811 810 866; x_wconf 82' lang='lat' dir='ltr'><strong>salubritatis</strong></span> <span class='ocrx_word' id='word_1_44' title='bbox 835 808 1097 864; x_wconf 86' lang='lat' dir='ltr'><strong>indicibus</strong></span> <span class='ocrx_word' id='word_1_45' title='bbox 1118 808 1393 879; x_wconf 89' lang='lat' dir='ltr'><strong>accipiam.</strong></span> <span class='ocrx_word' id='word_1_46' title='bbox 1424 809 1571 863; x_wconf 87' lang='lat' dir='ltr'><strong>Vale.</strong></span> 
     </span>
    </p>
   </div>
   <div class='ocr_carea' id='block_1_8' title="bbox 734 921 1199 980">
    <p class='ocr_par' dir='ltr' id='par_1_8' title="bbox 734 921 1199 980">
     <span class='ocr_line' id='line_1_8' title="bbox 734 921 1199 980; baseline 0 -2"><span class='ocrx_word' id='word_1_47' title='bbox 734 922 953 980; x_wconf 76' lang='lat' dir='ltr'><strong>EPIST.</strong></span> <span class='ocrx_word' id='word_1_48' title='bbox 989 921 1199 978; x_wconf 81' lang='lat' dir='ltr'><strong>LXXII.</strong></span> 
     </span>
    </p>
   </div>
   <div class='ocr_carea' id='block_1_9' title="bbox 631 1029 1288 1073">
    <p class='ocr_par' dir='ltr' id='par_1_9' title="bbox 631 1029 1288 1073">
     <span class='ocr_line' id='line_1_9' title="bbox 631 1029 1288 1073; baseline -0.006 -1"><span class='ocrx_word' id='word_1_49' title='bbox 631 1029 942 1073; x_wconf 66' lang='lat' dir='ltr'><strong>SYNIACIIUS</strong></span> <span class='ocrx_word' id='word_1_50' title='bbox 982 1029 1288 1070; x_wconf 68' lang='lat' dir='ltr'><strong>FRATBIBUS.</strong></span> 
     </span>
    </p>
   </div>
   <div class='ocr_carea' id='block_1_10' title="bbox 240 1106 1753 1178">
    <p class='ocr_par' dir='ltr' id='par_1_10' title="bbox 240 1106 1753 1178">
     <span class='ocr_line' id='line_1_10' title="bbox 240 1106 1753 1178; baseline -0.004 -14"><span class='ocrx_word' id='word_1_51' title='bbox 240 1109 606 1167; x_wconf 72' lang='lat' dir='ltr'><strong>Mediolanum</strong></span> <span class='ocrx_word' id='word_1_52' title='bbox 646 1108 918 1178; x_wconf 87' lang='lat' dir='ltr'><strong>profectus</strong></span> <span class='ocrx_word' id='word_1_53' title='bbox 949 1108 1062 1162; x_wconf 75' lang='lat' dir='ltr'><strong>lucc</strong></span> <span class='ocrx_word' id='word_1_54' title='bbox 1098 1110 1301 1172; x_wconf 87' lang='lat' dir='ltr'><strong>scribo,</strong></span> <span class='ocrx_word' id='word_1_55' title='bbox 1335 1117 1388 1163; x_wconf 90' lang='lat' dir='ltr'><strong>et</strong></span> <span class='ocrx_word' id='word_1_56' title='bbox 1429 1106 1554 1162; x_wconf 91' lang='lat' dir='ltr'><strong>hinc</strong></span> <span class='ocrx_word' id='word_1_57' title='bbox 1585 1108 1753 1162; x_wconf 83' lang='lat' dir='ltr'><strong>hono-</strong></span> 
     </span>
    </p>
   </div>
   <div class='ocr_carea' id='block_1_11' title="bbox 172 1201 1752 1272">
    <p class='ocr_par' dir='ltr' id='par_1_11' title="bbox 172 1201 1752 1272">
     <span class='ocr_line' id='line_1_11' title="bbox 172 1201 1752 1272; baseline 0 -16"><span class='ocrx_word' id='word_1_58' title='bbox 172 1203 490 1260; x_wconf 87' lang='lat' dir='ltr'><strong>rificeutiatn</strong></span> <span class='ocrx_word' id='word_1_59' title='bbox 512 1203 662 1258; x_wconf 89' lang='lat' dir='ltr'><strong>vobis</strong></span> <span class='ocrx_word' id='word_1_60' title='bbox 681 1202 872 1256; x_wconf 79' lang='lat' dir='ltr'><strong>debita:</strong></span> <span class='ocrx_word' id='word_1_61' title='bbox 893 1202 1228 1256; x_wconf 84' lang='lat' dir='ltr'><strong>salutationis</strong></span> <span class='ocrx_word' id='word_1_62' title='bbox 1249 1201 1502 1256; x_wconf 73' lang='lat' dir='ltr'><strong>exhibeo.</strong></span> <span class='ocrx_word' id='word_1_63' title='bbox 1523 1201 1752 1272; x_wconf 63' lang='lat' dir='ltr'><strong>[Equum</strong></span> 
     </span>
    </p>
   </div>
   <div class='ocr_carea' id='block_1_12' title="bbox 169 1293 1753 1362">
    <p class='ocr_par' dir='ltr' id='par_1_12' title="bbox 169 1293 1753 1362">
     <span class='ocr_line' id='line_1_12' title="bbox 169 1293 1753 1362; baseline -0.001 -13"><span class='ocrx_word' id='word_1_64' title='bbox 169 1305 275 1359; x_wconf 84' lang='lat' dir='ltr'><strong>est,</strong></span> <span class='ocrx_word' id='word_1_65' title='bbox 306 1306 363 1348; x_wconf 92' lang='lat' dir='ltr'><strong>ut</strong></span> <span class='ocrx_word' id='word_1_66' title='bbox 403 1311 521 1350; x_wconf 88' lang='lat' dir='ltr'><strong>mea</strong></span> <span class='ocrx_word' id='word_1_67' title='bbox 567 1309 692 1348; x_wconf 89' lang='lat' dir='ltr'><strong>cura</strong></span> <span class='ocrx_word' id='word_1_68' title='bbox 723 1293 792 1350; x_wconf 88' lang='lat' dir='ltr'><strong>de</strong></span> <span class='ocrx_word' id='word_1_69' title='bbox 837 1293 987 1348; x_wconf 88' lang='lat' dir='ltr'><strong>vobis</strong></span> <span class='ocrx_word' id='word_1_70' title='bbox 1025 1294 1195 1348; x_wconf 85' lang='lat' dir='ltr'><strong>relatu</strong></span> <span class='ocrx_word' id='word_1_71' title='bbox 1243 1294 1344 1362; x_wconf 72' lang='lat' dir='ltr'><strong>pia:</strong></span> <span class='ocrx_word' id='word_1_72' title='bbox 1375 1293 1753 1349; x_wconf 85' lang='lat' dir='ltr'><strong>vicissitudinis</strong></span> 
     </span>
    </p>
   </div>
   <div class='ocr_carea' id='block_1_13' title="bbox 168 1387 693 1459">
    <p class='ocr_par' dir='ltr' id='par_1_13' title="bbox 168 1387 693 1459">
     <span class='ocr_line' id='line_1_13' title="bbox 168 1387 693 1459; baseline 0 -17"><span class='ocrx_word' id='word_1_73' title='bbox 168 1388 460 1459; x_wconf 76' lang='lat' dir='ltr'><strong>mitigetur.</strong></span> <span class='ocrx_word' id='word_1_74' title='bbox 485 1387 693 1448; x_wconf 77' lang='lat' dir='ltr'><strong>Valete.</strong></span> 
     </span>
    </p>
   </div>
   <div class='ocr_carea' id='block_1_14' title="bbox 716 1477 1205 1535">
    <p class='ocr_par' dir='ltr' id='par_1_14' title="bbox 716 1477 1205 1535">
     <span class='ocr_line' id='line_1_14' title="bbox 716 1477 1205 1535; baseline -0.006 -1"><span class='ocrx_word' id='word_1_75' title='bbox 716 1478 931 1535; x_wconf 83' lang='lat' dir='ltr'><strong>EPIST.</strong></span> <span class='ocrx_word' id='word_1_76' title='bbox 976 1477 1205 1534; x_wconf 81' lang='lat' dir='ltr'><strong>LXXIII.</strong></span> 
     </span>
    </p>
   </div>
   <div class='ocr_carea' id='block_1_15' title="bbox 265 1583 1288 1642">
    <p class='ocr_par' dir='ltr' id='par_1_15' title="bbox 265 1583 1288 1642">
     <span class='ocr_line' id='line_1_15' title="bbox 265 1583 1288 1642; baseline -0.008 -14"><span class='ocrx_word' id='word_1_77' title='bbox 265 1637 270 1642; x_wconf 84' lang='lat'><em>_</em></span> <span class='ocrx_word' id='word_1_78' title='bbox 496 1585 504 1592; x_wconf 84' lang='grc'><em>’</em></span> <span class='ocrx_word' id='word_1_79' title='bbox 627 1584 940 1632; x_wconf 56' lang='grc' dir='ltr'>δῖιιιιλςιιυε</span> <span class='ocrx_word' id='word_1_80' title='bbox 979 1583 1288 1626; x_wconf 76' lang='lat' dir='ltr'><strong>l-‘IiA&#39;I‘BIBUS.</strong></span> 
     </span>
    </p>
   </div>
   <div class='ocr_carea' id='block_1_16' title="bbox 232 1662 1746 1732">
    <p class='ocr_par' dir='ltr' id='par_1_16' title="bbox 232 1662 1746 1732">
     <span class='ocr_line' id='line_1_16' title="bbox 232 1662 1746 1732; baseline -0.001 -14"><span class='ocrx_word' id='word_1_81' title='bbox 232 1664 610 1729; x_wconf 82' lang='lat' dir='ltr'><strong>Pervenimus,</strong></span> <span class='ocrx_word' id='word_1_82' title='bbox 659 1663 756 1722; x_wconf 85' lang='lat' dir='ltr'><strong>sed</strong></span> <span class='ocrx_word' id='word_1_83' title='bbox 793 1663 1008 1720; x_wconf 89' lang='lat' dir='ltr'><strong>venisse</strong></span> <span class='ocrx_word' id='word_1_84' title='bbox 1049 1663 1162 1732; x_wconf 89' lang='lat' dir='ltr'><strong>jam</strong></span> <span class='ocrx_word' id='word_1_85' title='bbox 1203 1663 1445 1732; x_wconf 60' lang='lat' dir='ltr'><strong>panitet.</strong></span> <span class='ocrx_word' id='word_1_86' title='bbox 1494 1662 1624 1718; x_wconf 80' lang='lat' dir='ltr'><strong>Nam</strong></span> <span class='ocrx_word' id='word_1_87' title='bbox 1657 1664 1746 1717; x_wconf 89' lang='lat' dir='ltr'><strong>ubi</strong></span> 
     </span>
    </p>
   </div>
   <div class='ocr_carea' id='block_1_17' title="bbox 166 1757 1748 1826">
    <p class='ocr_par' dir='ltr' id='par_1_17' title="bbox 166 1757 1748 1826">
     <span class='ocr_line' id='line_1_17' title="bbox 166 1757 1748 1826; baseline -0.001 -15"><span class='ocrx_word' id='word_1_88' title='bbox 166 1759 399 1826; x_wconf 89' lang='lat' dir='ltr'><strong>primum</strong></span> <span class='ocrx_word' id='word_1_89' title='bbox 439 1759 609 1813; x_wconf 93' lang='lat' dir='ltr'><strong>solum</strong></span> <span class='ocrx_word' id='word_1_90' title='bbox 654 1757 832 1811; x_wconf 78' lang='lat' dir='ltr'><strong>Baiani</strong></span> <span class='ocrx_word' id='word_1_91' title='bbox 881 1757 1078 1816; x_wconf 73' lang='lat' dir='ltr'><strong>littoris</strong></span> <span class='ocrx_word' id='word_1_92' title='bbox 1119 1757 1350 1826; x_wconf 83' lang='lat' dir='ltr'><strong>conligi,</strong></span> <span class='ocrx_word' id='word_1_93' title='bbox 1381 1757 1562 1811; x_wconf 80' lang='lat' dir='ltr'><strong>statim</strong></span> <span class='ocrx_word' id='word_1_94' title='bbox 1597 1758 1748 1826; x_wconf 58' lang='lat' dir='ltr'><strong>pedis</strong></span> 
     </span>
    </p>
   </div>
   <div class='ocr_carea' id='block_1_18' title="bbox 1798 541 3442 620">
    <p class='ocr_par' dir='ltr' id='par_1_18' title="bbox 1798 541 3442 620">
     <span class='ocr_line' id='line_1_18' title="bbox 1798 541 3442 620; baseline 0.014 -33"><span class='ocrx_word' id='word_1_95' title='bbox 1798 608 1801 610; x_wconf 90' lang='lat'><em>_</em></span> <span class='ocrx_word' id='word_1_96' title='bbox 1863 550 2145 592; x_wconf 86' lang='lat' dir='ltr'><strong>commune</strong></span> <span class='ocrx_word' id='word_1_97' title='bbox 2196 541 2388 610; x_wconf 87' lang='lat' dir='ltr'><strong>pignus</strong></span> <span class='ocrx_word' id='word_1_98' title='bbox 2435 543 2752 603; x_wconf 81' lang='lat' dir='ltr'><strong>decubuisse</strong></span> <span class='ocrx_word' id='word_1_99' title='bbox 2797 551 3064 620; x_wconf 76' lang='lat' dir='ltr'><strong>cognovi,</strong></span> <span class='ocrx_word' id='word_1_100' title='bbox 3106 555 3442 612; x_wconf 75' lang='lat' dir='ltr'><strong>conflictatus</strong></span> 
     </span>
    </p>
   </div>
   <div class='ocr_carea' id='block_1_19' title="bbox 1861 635 3439 716">
    <p class='ocr_par' dir='ltr' id='par_1_19' title="bbox 1861 635 3439 716">
     <span class='ocr_line' id='line_1_19' title="bbox 1861 635 3439 716; baseline 0.014 -34"><span class='ocrx_word' id='word_1_101' title='bbox 1861 643 1979 684; x_wconf 89' lang='lat' dir='ltr'><strong>sum</strong></span> <span class='ocrx_word' id='word_1_102' title='bbox 2028 641 2249 699; x_wconf 89' lang='lat' dir='ltr'><strong>repente</strong></span> <span class='ocrx_word' id='word_1_103' title='bbox 2285 635 2640 693; x_wconf 82' lang='lat' dir='ltr'><strong>amaritudine</strong></span> <span class='ocrx_word' id='word_1_104' title='bbox 2679 640 2941 698; x_wconf 89' lang='lat' dir='ltr'><strong>lectionis.</strong></span> <span class='ocrx_word' id='word_1_105' title='bbox 2973 643 3080 699; x_wconf 88' lang='lat' dir='ltr'><strong>Sed</strong></span> <span class='ocrx_word' id='word_1_106' title='bbox 3109 645 3232 716; x_wconf 85' lang='lat' dir='ltr'><strong>quia</strong></span> <span class='ocrx_word' id='word_1_107' title='bbox 3273 646 3439 704; x_wconf 84' lang='lat' dir='ltr'><strong>filium</strong></span> 
     </span>
    </p>
   </div>
   <div class='ocr_carea' id='block_1_20' title="bbox 1860 722 3438 803">
    <p class='ocr_par' dir='ltr' id='par_1_20' title="bbox 1860 722 3438 803">
     <span class='ocr_line' id='line_1_20' title="bbox 1860 722 3438 803; baseline 0.013 -31"><span class='ocrx_word' id='word_1_108' title='bbox 1860 728 2101 774; x_wconf 86' lang='lat' dir='ltr'><strong>nostrum</strong></span> <span class='ocrx_word' id='word_1_109' title='bbox 2131 722 2397 780; x_wconf 89' lang='lat' dir='ltr'><strong>redditum</strong></span> <span class='ocrx_word' id='word_1_110' title='bbox 2437 727 2650 783; x_wconf 88' lang='lat' dir='ltr'><strong>sanitati</strong></span> <span class='ocrx_word' id='word_1_111' title='bbox 2697 730 2977 800; x_wconf 89' lang='lat' dir='ltr'><strong>subjuucta</strong></span> <span class='ocrx_word' id='word_1_112' title='bbox 3024 732 3356 803; x_wconf 82' lang='lat' dir='ltr'><strong>docuerunt,</strong></span> <span class='ocrx_word' id='word_1_113' title='bbox 3386 739 3438 793; x_wconf 92' lang='lat' dir='ltr'><strong>in</strong></span> 
     </span>
    </p>
   </div>
   <div class='ocr_carea' id='block_1_21' title="bbox 1861 813 3494 892">
    <p class='ocr_par' dir='ltr' id='par_1_21' title="bbox 1861 813 3494 892">
     <span class='ocr_line' id='line_1_21' title="bbox 1861 813 3494 892; baseline 0.009 -28"><span class='ocrx_word' id='word_1_114' title='bbox 1861 813 2202 881; x_wconf 87' lang='lat' dir='ltr'><strong>tranquillum</strong></span> <span class='ocrx_word' id='word_1_115' title='bbox 2223 815 2400 872; x_wconf 88' lang='lat' dir='ltr'><strong>denuo</strong></span> <span class='ocrx_word' id='word_1_116' title='bbox 2427 819 2638 874; x_wconf 79' lang='lat' dir='ltr'><strong>animus</strong></span> <span class='ocrx_word' id='word_1_117' title='bbox 2667 824 2992 892; x_wconf 71' lang='lat' dir='ltr'><strong>remigravit.</strong></span> <span class='ocrx_word' id='word_1_118' title='bbox 3023 825 3154 880; x_wconf 65' lang='lat' dir='ltr'><strong>Mea!</strong></span> <span class='ocrx_word' id='word_1_119' title='bbox 3181 828 3439 882; x_wconf 79' lang='lat' dir='ltr'><strong>valetudi-</strong></span> <span class='ocrx_word' id='word_1_120' title='bbox 3489 859 3494 866; x_wconf 57' lang='grc' dir='ltr'><strong>ι</strong></span> 
     </span>
    </p>
   </div>
   <div class='ocr_carea' id='block_1_22' title="bbox 1861 903 3440 985">
    <p class='ocr_par' dir='ltr' id='par_1_22' title="bbox 1861 903 3440 985">
     <span class='ocr_line' id='line_1_22' title="bbox 1861 903 3440 985; baseline 0.012 -30"><span class='ocrx_word' id='word_1_121' title='bbox 1861 903 1942 957; x_wconf 88' lang='lat' dir='ltr'><strong>nis</strong></span> <span class='ocrx_word' id='word_1_122' title='bbox 1961 913 2156 962; x_wconf 78' lang='lat' dir='ltr'><strong>statum</strong></span> <span class='ocrx_word' id='word_1_123' title='bbox 2179 908 2393 976; x_wconf 84' lang='lat' dir='ltr'><strong>scriptis</strong></span> <span class='ocrx_word' id='word_1_124' title='bbox 2419 911 2784 979; x_wconf 77' lang='lat' dir='ltr'><strong>superioribus</strong></span> <span class='ocrx_word' id='word_1_125' title='bbox 2811 914 3065 980; x_wconf 81' lang='lat' dir='ltr'><strong>iudicavi;</strong></span> <span class='ocrx_word' id='word_1_126' title='bbox 3088 917 3240 985; x_wconf 77' lang='lat' dir='ltr'><strong>cujus</strong></span> <span class='ocrx_word' id='word_1_127' title='bbox 3262 917 3440 974; x_wconf 84' lang='lat' dir='ltr'><strong>denuo</strong></span> 
     </span>
    </p>
   </div>
   <div class='ocr_carea' id='block_1_23' title="bbox 1857 993 3439 1077">
    <p class='ocr_par' dir='ltr' id='par_1_23' title="bbox 1857 993 3439 1077">
     <span class='ocr_line' id='line_1_23' title="bbox 1857 993 3439 1077; baseline 0.013 -32"><span class='ocrx_word' id='word_1_128' title='bbox 1857 993 2164 1050; x_wconf 83' lang='lat' dir='ltr'><strong>metninisse</strong></span> <span class='ocrx_word' id='word_1_129' title='bbox 2194 1012 2298 1052; x_wconf 89' lang='lat' dir='ltr'><strong>non</strong></span> <span class='ocrx_word' id='word_1_130' title='bbox 2329 1013 2463 1068; x_wconf 88' lang='lat' dir='ltr'><strong>opus</strong></span> <span class='ocrx_word' id='word_1_131' title='bbox 2489 1011 2603 1065; x_wconf 85' lang='lat' dir='ltr'><strong>est,</strong></span> <span class='ocrx_word' id='word_1_132' title='bbox 2641 1018 2710 1056; x_wconf 89' lang='lat' dir='ltr'><strong>ne</strong></span> <span class='ocrx_word' id='word_1_133' title='bbox 2739 1019 2836 1058; x_wconf 84' lang='lat' dir='ltr'><strong>vos</strong></span> <span class='ocrx_word' id='word_1_134' title='bbox 2861 1005 3105 1061; x_wconf 77' lang='lat' dir='ltr'><strong>sollicita:</strong></span> <span class='ocrx_word' id='word_1_135' title='bbox 3133 1008 3439 1077; x_wconf 74' lang='lat' dir='ltr'><strong>scriptionis</strong></span> 
     </span>
    </p>
   </div>
   <div class='ocr_carea' id='block_1_24' title="bbox 1860 1083 2615 1149">
    <p class='ocr_par' dir='ltr' id='par_1_24' title="bbox 1860 1083 2615 1149">
     <span class='ocr_line' id='line_1_24' title="bbox 1860 1083 2615 1149; baseline 0.02 -15"><span class='ocrx_word' id='word_1_136' title='bbox 1860 1083 2068 1139; x_wconf 90' lang='lat' dir='ltr'><strong>iteratio</strong></span> <span class='ocrx_word' id='word_1_137' title='bbox 2087 1089 2387 1145; x_wconf 85' lang='lat' dir='ltr'><strong>conturbet.</strong></span> <span class='ocrx_word' id='word_1_138' title='bbox 2415 1091 2615 1149; x_wconf 84' lang='lat' dir='ltr'><strong>Valete.</strong></span> 
     </span>
    </p>
   </div>
   <div class='ocr_carea' id='block_1_25' title="bbox 2401 1183 2897 1241">
    <p class='ocr_par' dir='ltr' id='par_1_25' title="bbox 2401 1183 2897 1241">
     <span class='ocr_line' id='line_1_25' title="bbox 2401 1183 2897 1241; baseline 0.01 -5"><span class='ocrx_word' id='word_1_139' title='bbox 2401 1183 2616 1239; x_wconf 79' lang='lat' dir='ltr'><strong>EPIST.</strong></span> <span class='ocrx_word' id='word_1_140' title='bbox 2659 1185 2897 1241; x_wconf 86' lang='lat' dir='ltr'><strong>LXXIX.</strong></span> 
     </span>
    </p>
   </div>
   <div class='ocr_carea' id='block_1_26' title="bbox 2320 1288 2972 1337">
    <p class='ocr_par' dir='ltr' id='par_1_26' title="bbox 2320 1288 2972 1337">
     <span class='ocr_line' id='line_1_26' title="bbox 2320 1288 2972 1337; baseline 0.015 -11"><span class='ocrx_word' id='word_1_141' title='bbox 2320 1288 2628 1333; x_wconf 68' lang='grc' dir='ltr'><strong>εγωιλειιυε</strong></span> <span class='ocrx_word' id='word_1_142' title='bbox 2666 1293 2972 1337; x_wconf 71' lang='grc' dir='ltr'>ῖιιΑτιιιΒυθ.</span> 
     </span>
    </p>
   </div>
   <div class='ocr_carea' id='block_1_27' title="bbox 1930 1361 3438 1443">
    <p class='ocr_par' dir='ltr' id='par_1_27' title="bbox 1930 1361 3438 1443">
     <span class='ocr_line' id='line_1_27' title="bbox 1930 1361 3438 1443; baseline 0.011 -28"><span class='ocrx_word' id='word_1_143' title='bbox 1930 1361 2004 1417; x_wconf 89' lang='lat' dir='ltr'><strong>De</strong></span> <span class='ocrx_word' id='word_1_144' title='bbox 2034 1363 2206 1418; x_wconf 90' lang='lat' dir='ltr'><strong>reditu</strong></span> <span class='ocrx_word' id='word_1_145' title='bbox 2239 1364 2333 1421; x_wconf 84' lang='lat' dir='ltr'><strong>lilii</strong></span> <span class='ocrx_word' id='word_1_146' title='bbox 2365 1371 2531 1422; x_wconf 82' lang='lat' dir='ltr'><strong>nostri</strong></span> <span class='ocrx_word' id='word_1_147' title='bbox 2565 1368 2742 1424; x_wconf 81' lang='lat' dir='ltr'><strong>Fausti</strong></span> <span class='ocrx_word' id='word_1_148' title='bbox 2775 1373 3104 1440; x_wconf 31' lang='lat' dir='ltr'><strong>prtenuutias.</strong></span> <span class='ocrx_word' id='word_1_149' title='bbox 3129 1375 3288 1443; x_wconf 85' lang='lat' dir='ltr'><strong>paulo</strong></span> <span class='ocrx_word' id='word_1_150' title='bbox 3315 1386 3438 1432; x_wconf 84' lang='lat' dir='ltr'><strong>ante</strong></span> 
     </span>
    </p>
   </div>
   <div class='ocr_carea' id='block_1_28' title="bbox 1857 1451 3438 1523">
    <p class='ocr_par' dir='ltr' id='par_1_28' title="bbox 1857 1451 3438 1523">
     <span class='ocr_line' id='line_1_28' title="bbox 1857 1451 3438 1523; baseline 0.011 -19"><span class='ocrx_word' id='word_1_151' title='bbox 1857 1451 2061 1508; x_wconf 86' lang='lat' dir='ltr'><strong>litteras</strong></span> <span class='ocrx_word' id='word_1_152' title='bbox 2091 1456 2241 1523; x_wconf 88' lang='lat' dir='ltr'><strong>misi,</strong></span> <span class='ocrx_word' id='word_1_153' title='bbox 2275 1469 2330 1511; x_wconf 91' lang='lat' dir='ltr'><strong>ut</strong></span> <span class='ocrx_word' id='word_1_154' title='bbox 2357 1460 2654 1516; x_wconf 88' lang='lat' dir='ltr'><strong>accelerata</strong></span> <span class='ocrx_word' id='word_1_155' title='bbox 2692 1463 2953 1518; x_wconf 80' lang='lat' dir='ltr'><strong>securitas</strong></span> <span class='ocrx_word' id='word_1_156' title='bbox 2990 1464 3244 1520; x_wconf 80' lang='lat' dir='ltr'><strong>desiderii</strong></span> <span class='ocrx_word' id='word_1_157' title='bbox 3275 1470 3438 1522; x_wconf 87' lang='lat' dir='ltr'><strong>vestri</strong></span> 
     </span>
    </p>
   </div>
   <div class='ocr_carea' id='block_1_29' title="bbox 1855 1545 3438 1620">
    <p class='ocr_par' dir='ltr' id='par_1_29' title="bbox 1855 1545 3438 1620">
     <span class='ocr_line' id='line_1_29' title="bbox 1855 1545 3438 1620; baseline 0.009 -23"><span class='ocrx_word' id='word_1_158' title='bbox 1855 1545 2236 1614; x_wconf 75' lang='lat' dir='ltr'><strong>impatientiam</strong></span> <span class='ocrx_word' id='word_1_159' title='bbox 2267 1551 2564 1620; x_wconf 81' lang='lat' dir='ltr'><strong>mitigaret;</strong></span> <span class='ocrx_word' id='word_1_160' title='bbox 2606 1553 2699 1607; x_wconf 88' lang='lat' dir='ltr'><strong>sed</strong></span> <span class='ocrx_word' id='word_1_161' title='bbox 2743 1570 2939 1612; x_wconf 87' lang='lat' dir='ltr'><strong>munus</strong></span> <span class='ocrx_word' id='word_1_162' title='bbox 2974 1556 3310 1613; x_wconf 81' lang='lat' dir='ltr'><strong>salutationis</strong></span> <span class='ocrx_word' id='word_1_163' title='bbox 3340 1559 3438 1613; x_wconf 55' lang='lat' dir='ltr'><strong>ite.</strong></span> 
     </span>
    </p>
   </div>
   <div class='ocr_carea' id='block_1_30' title="bbox 1854 1640 3435 1717">
    <p class='ocr_par' dir='ltr' id='par_1_30' title="bbox 1854 1640 3435 1717">
     <span class='ocr_line' id='line_1_30' title="bbox 1854 1640 3435 1717; baseline 0.009 -30"><span class='ocrx_word' id='word_1_164' title='bbox 1854 1651 1974 1690; x_wconf 85' lang='lat' dir='ltr'><strong>rare</strong></span> <span class='ocrx_word' id='word_1_165' title='bbox 2003 1641 2118 1705; x_wconf 86' lang='lat' dir='ltr'><strong>ipso</strong></span> <span class='ocrx_word' id='word_1_166' title='bbox 2144 1640 2301 1694; x_wconf 86' lang='lat' dir='ltr'><strong>etiam</strong></span> <span class='ocrx_word' id='word_1_167' title='bbox 2345 1643 2716 1708; x_wconf 88' lang='lat' dir='ltr'><strong>proliciscente</strong></span> <span class='ocrx_word' id='word_1_168' title='bbox 2755 1661 2859 1699; x_wconf 92' lang='lat' dir='ltr'><strong>non</strong></span> <span class='ocrx_word' id='word_1_169' title='bbox 2889 1647 3075 1716; x_wconf 90' lang='lat' dir='ltr'><strong>piguit.</strong></span> <span class='ocrx_word' id='word_1_170' title='bbox 3102 1647 3289 1717; x_wconf 80' lang='lat' dir='ltr'><strong>Capite</strong></span> <span class='ocrx_word' id='word_1_171' title='bbox 3336 1649 3435 1717; x_wconf 83' lang='lat' dir='ltr'><strong>igi-</strong></span> 
     </span>
    </p>
   </div>
   <div class='ocr_carea' id='block_1_31' title="bbox 1854 1729 3434 1806">
    <p class='ocr_par' dir='ltr' id='par_1_31' title="bbox 1854 1729 3434 1806">
     <span class='ocr_line' id='line_1_31' title="bbox 1854 1729 3434 1806; baseline 0.008 -27"><span class='ocrx_word' id='word_1_172' title='bbox 1854 1735 1941 1780; x_wconf 89' lang='lat' dir='ltr'><strong>tur</strong></span> <span class='ocrx_word' id='word_1_173' title='bbox 1969 1729 2236 1797; x_wconf 86' lang='lat' dir='ltr'><strong>geminam</strong></span> <span class='ocrx_word' id='word_1_174' title='bbox 2285 1733 2611 1800; x_wconf 76' lang='lat' dir='ltr'><strong>voluptatem</strong></span> <span class='ocrx_word' id='word_1_175' title='bbox 2643 1751 2656 1787; x_wconf 89' lang='lat'><strong>:</strong></span> <span class='ocrx_word' id='word_1_176' title='bbox 2691 1736 2862 1803; x_wconf 85' lang='lat' dir='ltr'><strong>primo</strong></span> <span class='ocrx_word' id='word_1_177' title='bbox 2899 1754 2962 1792; x_wconf 83' lang='lat' dir='ltr'><strong>ex</strong></span> <span class='ocrx_word' id='word_1_178' title='bbox 3012 1739 3178 1806; x_wconf 83' lang='lat' dir='ltr'><strong>ipsius</strong></span> <span class='ocrx_word' id='word_1_179' title='bbox 3225 1740 3434 1802; x_wconf 81' lang='lat' dir='ltr'><strong>reditu;</strong></span> 
     </span>
    </p>
   </div>
   <div class='ocr_carea' id='block_1_32' title="bbox 163 1820 3434 1916">
    <p class='ocr_par' dir='ltr' id='par_1_32' title="bbox 163 1820 3434 1916">
     <span class='ocr_line' id='line_1_32' title="bbox 163 1820 3434 1916; baseline 0 -18"><span class='ocrx_word' id='word_1_180' title='bbox 163 1820 350 1904; x_wconf 78' lang='lat' dir='ltr'><strong>dolore</strong></span> <span class='ocrx_word' id='word_1_181' title='bbox 373 1856 652 1916; x_wconf 87' lang='lat' dir='ltr'><strong>correptus</strong></span> <span class='ocrx_word' id='word_1_182' title='bbox 676 1864 817 1902; x_wconf 91' lang='lat' dir='ltr'><strong>sum.</strong></span> <span class='ocrx_word' id='word_1_183' title='bbox 843 1849 1018 1916; x_wconf 81' lang='lat' dir='ltr'><strong>Atque</strong></span> <span class='ocrx_word' id='word_1_184' title='bbox 1039 1847 1159 1901; x_wconf 89' lang='lat' dir='ltr'><strong>ideo</strong></span> <span class='ocrx_word' id='word_1_185' title='bbox 1186 1820 1348 1916; x_wconf 72' lang='lat' dir='ltr'><strong>pauca</strong></span> <span class='ocrx_word' id='word_1_186' title='bbox 1371 1820 1744 1911; x_wconf 41' lang='lat' dir='ltr'><strong>dictavi,-mo.v</strong></span> <span class='ocrx_word' id='word_1_187' title='bbox 1779 1824 1827 1884; x_wconf 75' lang='grc' dir='ltr'><strong><em>Β</em></strong></span> <span class='ocrx_word' id='word_1_188' title='bbox 1855 1820 2047 1916; x_wconf 57' lang='grc' dir='ltr'><strong>ἀθΙῘίηθ</strong></span> <span class='ocrx_word' id='word_1_189' title='bbox 2076 1837 2142 1876; x_wconf 57' lang='lat' dir='ltr'><strong>ﬂ</strong></span> <span class='ocrx_word' id='word_1_190' title='bbox 2168 1838 2418 1916; x_wconf 62' lang='grc' dir='ltr'><strong>εθηηθυθ</strong></span> <span class='ocrx_word' id='word_1_191' title='bbox 2447 1825 2702 1892; x_wconf 55' lang='lat' dir='ltr'><strong>&quot;mem&quot;,</strong></span> <span class='ocrx_word' id='word_1_192' title='bbox 2730 1841 2835 1896; x_wconf 79' lang='grc'><strong>(1⁸³0</strong></span> <span class='ocrx_word' id='word_1_193' title='bbox 2859 1829 3012 1882; x_wconf 59' lang='lat' dir='ltr'><strong>“bis</strong></span> <span class='ocrx_word' id='word_1_194' title='bbox 3034 1829 3270 1885; x_wconf 66' lang='grc' dir='ltr'><strong>τθδάίιοε</strong></span> <span class='ocrx_word' id='word_1_195' title='bbox 3295 1833 3434 1885; x_wconf 68' lang='grc' dir='ltr'><strong>δεηίο</strong></span> 
     </span>
    </p>
   </div>
   <div class='ocr_carea' id='block_1_33' title="bbox 164 1938 1748 2008">
    <p class='ocr_par' dir='ltr' id='par_1_33' title="bbox 164 1938 1748 2008">
     <span class='ocr_line' id='line_1_33' title="bbox 164 1938 1748 2008; baseline 0 -17"><span class='ocrx_word' id='word_1_196' title='bbox 164 1941 212 1992; x_wconf 92' lang='lat' dir='ltr'><strong>in</strong></span> <span class='ocrx_word' id='word_1_197' title='bbox 239 1939 532 1992; x_wconf 81' lang='lat' dir='ltr'><strong>scribendo</strong></span> <span class='ocrx_word' id='word_1_198' title='bbox 563 1942 770 1992; x_wconf 76' lang='lat' dir='ltr'><strong>futurus</strong></span> <span class='ocrx_word' id='word_1_199' title='bbox 813 1938 1050 2000; x_wconf 87' lang='lat' dir='ltr'><strong>uberior,</strong></span> <span class='ocrx_word' id='word_1_200' title='bbox 1094 1939 1138 1993; x_wconf 89' lang='lat' dir='ltr'><strong>si</strong></span> <span class='ocrx_word' id='word_1_201' title='bbox 1192 1954 1276 1992; x_wconf 91' lang='lat' dir='ltr'><strong>me</strong></span> <span class='ocrx_word' id='word_1_202' title='bbox 1325 1940 1526 1992; x_wconf 84' lang='lat' dir='ltr'><strong>sanitas</strong></span> <span class='ocrx_word' id='word_1_203' title='bbox 1572 1949 1748 2008; x_wconf 90' lang='lat' dir='ltr'><strong>optata</strong></span> 
     </span>
    </p>
   </div>
   <div class='ocr_carea' id='block_1_34' title="bbox 163 2031 1744 2102">
    <p class='ocr_par' dir='ltr' id='par_1_34' title="bbox 163 2031 1744 2102">
     <span class='ocr_line' id='line_1_34' title="bbox 163 2031 1744 2102; baseline -0.003 -14"><span class='ocrx_word' id='word_1_204' title='bbox 163 2033 492 2102; x_wconf 70' lang='lat' dir='ltr'><strong>respexerit,</strong></span> <span class='ocrx_word' id='word_1_205' title='bbox 530 2045 581 2087; x_wconf 90' lang='lat' dir='ltr'><strong>et</strong></span> <span class='ocrx_word' id='word_1_206' title='bbox 623 2042 813 2088; x_wconf 62' lang='lat' dir='ltr'><strong>vestra:</strong></span> <span class='ocrx_word' id='word_1_207' title='bbox 843 2031 1070 2086; x_wconf 87' lang='lat' dir='ltr'><strong>invicem</strong></span> <span class='ocrx_word' id='word_1_208' title='bbox 1101 2031 1294 2086; x_wconf 69' lang='lat' dir='ltr'><strong>litterae</strong></span> <span class='ocrx_word' id='word_1_209' title='bbox 1323 2032 1744 2100; x_wconf 83' lang='lat' dir='ltr'><strong>provocavcrint.</strong></span> 
     </span>
    </p>
   </div>
   <div class='ocr_carea' id='block_1_35' title="bbox 165 2126 376 2186">
    <p class='ocr_par' dir='ltr' id='par_1_35' title="bbox 165 2126 376 2186">
     <span class='ocr_line' id='line_1_35' title="bbox 165 2126 376 2186; baseline 0.014 -8"><span class='ocrx_word' id='word_1_210' title='bbox 165 2126 376 2186; x_wconf 69' lang='lat' dir='ltr'><strong>Valete.</strong></span> 
     </span>
    </p>
   </div>
   <div class='ocr_carea' id='block_1_36' title="bbox 700 2194 1198 2252">
    <p class='ocr_par' dir='ltr' id='par_1_36' title="bbox 700 2194 1198 2252">
     <span class='ocr_line' id='line_1_36' title="bbox 700 2194 1198 2252; baseline -0.006 0"><span class='ocrx_word' id='word_1_211' title='bbox 700 2195 915 2252; x_wconf 81' lang='lat' dir='ltr'><strong>EPIST.</strong></span> <span class='ocrx_word' id='word_1_212' title='bbox 961 2194 1198 2250; x_wconf 86' lang='lat' dir='ltr'><strong>LXXIV.</strong></span> 
     </span>
    </p>
   </div>
   <div class='ocr_carea' id='block_1_37' title="bbox 627 2303 1279 2348">
    <p class='ocr_par' dir='ltr' id='par_1_37' title="bbox 627 2303 1279 2348">
     <span class='ocr_line' id='line_1_37' title="bbox 627 2303 1279 2348; baseline -0.012 0"><span class='ocrx_word' id='word_1_213' title='bbox 627 2303 940 2348; x_wconf 61' lang='lat' dir='ltr'><strong>SYIIMACIIUS</strong></span> <span class='ocrx_word' id='word_1_214' title='bbox 972 2303 1279 2342; x_wconf 75' lang='lat' dir='ltr'><strong>FRATIHBUS.</strong></span> 
     </span>
    </p>
   </div>
   <div class='ocr_carea' id='block_1_38' title="bbox 227 2378 1748 2448">
    <p class='ocr_par' dir='ltr' id='par_1_38' title="bbox 227 2378 1748 2448">
     <span class='ocr_line' id='line_1_38' title="bbox 227 2378 1748 2448; baseline 0.001 -15"><span class='ocrx_word' id='word_1_215' title='bbox 227 2379 413 2435; x_wconf 81' lang='lat' dir='ltr'><strong>Primo</strong></span> <span class='ocrx_word' id='word_1_216' title='bbox 440 2379 701 2443; x_wconf 83' lang='lat' dir='ltr'><strong>adventu,</strong></span> <span class='ocrx_word' id='word_1_217' title='bbox 739 2390 796 2434; x_wconf 90' lang='lat' dir='ltr'><strong>ut</strong></span> <span class='ocrx_word' id='word_1_218' title='bbox 831 2380 1033 2448; x_wconf 87' lang='lat' dir='ltr'><strong>scripto</strong></span> <span class='ocrx_word' id='word_1_219' title='bbox 1078 2379 1360 2447; x_wconf 87' lang='lat' dir='ltr'><strong>superiore</strong></span> <span class='ocrx_word' id='word_1_220' title='bbox 1394 2378 1748 2448; x_wconf 86' lang='lat' dir='ltr'><strong>signavimus,</strong></span> 
     </span>
    </p>
   </div>
   <div class='ocr_carea' id='block_1_39' title="bbox 161 2470 1748 2542">
    <p class='ocr_par' dir='ltr' id='par_1_39' title="bbox 161 2470 1748 2542">
     <span class='ocr_line' id='line_1_39' title="bbox 161 2470 1748 2542; baseline 0.002 -19"><span class='ocrx_word' id='word_1_221' title='bbox 161 2472 413 2526; x_wconf 84' lang='lat' dir='ltr'><strong>valetudo</strong></span> <span class='ocrx_word' id='word_1_222' title='bbox 444 2481 626 2526; x_wconf 89' lang='lat' dir='ltr'><strong>nostra</strong></span> <span class='ocrx_word' id='word_1_223' title='bbox 657 2486 904 2542; x_wconf 87' lang='lat' dir='ltr'><strong>percussa</strong></span> <span class='ocrx_word' id='word_1_224' title='bbox 927 2482 1008 2525; x_wconf 90' lang='lat' dir='ltr'><strong>est</strong></span> <span class='ocrx_word' id='word_1_225' title='bbox 1032 2488 1042 2522; x_wconf 97' lang='lat'>:</span> <span class='ocrx_word' id='word_1_226' title='bbox 1069 2485 1163 2524; x_wconf 85' lang='lat' dir='ltr'><strong>seu</strong></span> <span class='ocrx_word' id='word_1_227' title='bbox 1196 2470 1552 2525; x_wconf 87' lang='lat' dir='ltr'><strong>insalubribus</strong></span> <span class='ocrx_word' id='word_1_228' title='bbox 1573 2473 1748 2542; x_wconf 82' lang='lat' dir='ltr'><strong>aquis,</strong></span> 
     </span>
    </p>
   </div>
   <div class='ocr_carea' id='block_1_40' title="bbox 160 2565 1750 2626">
    <p class='ocr_par' dir='ltr' id='par_1_40' title="bbox 160 2565 1750 2626">
     <span class='ocr_line' id='line_1_40' title="bbox 160 2565 1750 2626; baseline -0.003 -7"><span class='ocrx_word' id='word_1_229' title='bbox 160 2567 267 2621; x_wconf 87' lang='lat' dir='ltr'><strong>sive</strong></span> <span class='ocrx_word' id='word_1_230' title='bbox 295 2568 442 2620; x_wconf 85' lang='lat' dir='ltr'><strong>aeris</strong></span> <span class='ocrx_word' id='word_1_231' title='bbox 479 2567 790 2621; x_wconf 87' lang='lat' dir='ltr'><strong>mutatione.</strong></span> <span class='ocrx_word' id='word_1_232' title='bbox 826 2565 957 2619; x_wconf 83' lang='lat' dir='ltr'><strong>Fors</strong></span> <span class='ocrx_word' id='word_1_233' title='bbox 987 2566 1203 2620; x_wconf 84' lang='lat' dir='ltr'><strong>viderit.</strong></span> <span class='ocrx_word' id='word_1_234' title='bbox 1249 2565 1402 2621; x_wconf 84' lang='lat' dir='ltr'><strong>Nunc</strong></span> <span class='ocrx_word' id='word_1_235' title='bbox 1429 2576 1602 2626; x_wconf 86' lang='lat' dir='ltr'><strong>status</strong></span> <span class='ocrx_word' id='word_1_236' title='bbox 1639 2583 1750 2621; x_wconf 75' lang='lat' dir='ltr'><strong>mo-</strong></span> 
     </span>
    </p>
   </div>
   <div class='ocr_carea' id='block_1_41' title="bbox 161 2657 1750 2729">
    <p class='ocr_par' dir='ltr' id='par_1_41' title="bbox 161 2657 1750 2729">
     <span class='ocr_line' id='line_1_41' title="bbox 161 2657 1750 2729; baseline -0.001 -17"><span class='ocrx_word' id='word_1_237' title='bbox 161 2660 257 2713; x_wconf 89' lang='lat' dir='ltr'><strong>lior</strong></span> <span class='ocrx_word' id='word_1_238' title='bbox 286 2660 457 2729; x_wconf 65' lang='lat' dir='ltr'><strong>coepit</strong></span> <span class='ocrx_word' id='word_1_239' title='bbox 480 2660 711 2714; x_wconf 81' lang='lat' dir='ltr'><strong>adversa</strong></span> <span class='ocrx_word' id='word_1_240' title='bbox 737 2667 957 2713; x_wconf 89' lang='lat' dir='ltr'><strong>tenuare</strong></span> <span class='ocrx_word' id='word_1_241' title='bbox 981 2674 996 2710; x_wconf 88' lang='lat'><strong>:</strong></span> <span class='ocrx_word' id='word_1_242' title='bbox 1020 2657 1115 2713; x_wconf 88' lang='lat' dir='ltr'><strong>sed</strong></span> <span class='ocrx_word' id='word_1_243' title='bbox 1145 2673 1250 2725; x_wconf 77' lang='lat' dir='ltr'><strong>pra:</strong></span> <span class='ocrx_word' id='word_1_244' title='bbox 1277 2657 1486 2713; x_wconf 68' lang='lat' dir='ltr'><strong>caeteris</strong></span> <span class='ocrx_word' id='word_1_245' title='bbox 1511 2659 1750 2712; x_wconf 89' lang='lat' dir='ltr'><strong>remedio</strong></span> 
     </span>
    </p>
   </div>
   <div class='ocr_carea' id='block_1_42' title="bbox 161 2749 1748 2823">
    <p class='ocr_par' dir='ltr' id='par_1_42' title="bbox 161 2749 1748 2823">
     <span class='ocr_line' id='line_1_42' title="bbox 161 2749 1748 2823; baseline -0.001 -17"><span class='ocrx_word' id='word_1_246' title='bbox 161 2753 288 2818; x_wconf 86' lang='lat' dir='ltr'><strong>luit,</strong></span> <span class='ocrx_word' id='word_1_247' title='bbox 318 2752 468 2823; x_wconf 89' lang='lat' dir='ltr'><strong>quod</strong></span> <span class='ocrx_word' id='word_1_248' title='bbox 500 2767 594 2806; x_wconf 91' lang='lat' dir='ltr'><strong>vos</strong></span> <span class='ocrx_word' id='word_1_249' title='bbox 644 2752 852 2806; x_wconf 87' lang='lat' dir='ltr'><strong>salvere</strong></span> <span class='ocrx_word' id='word_1_250' title='bbox 896 2751 1267 2820; x_wconf 77' lang='lat' dir='ltr'><strong>cognovimus.</strong></span> <span class='ocrx_word' id='word_1_251' title='bbox 1313 2749 1466 2818; x_wconf 85' lang='lat' dir='ltr'><strong>Quod</strong></span> <span class='ocrx_word' id='word_1_252' title='bbox 1511 2751 1556 2804; x_wconf 89' lang='lat' dir='ltr'><strong>si</strong></span> <span class='ocrx_word' id='word_1_253' title='bbox 1589 2750 1748 2804; x_wconf 87' lang='lat' dir='ltr'><strong>etiam</strong></span> 
     </span>
    </p>
   </div>
   <div class='ocr_carea' id='block_1_43' title="bbox 161 2841 1752 2913">
    <p class='ocr_par' dir='ltr' id='par_1_43' title="bbox 161 2841 1752 2913">
     <span class='ocr_line' id='line_1_43' title="bbox 161 2841 1752 2913; baseline -0.002 -14"><span class='ocrx_word' id='word_1_254' title='bbox 161 2846 367 2900; x_wconf 85' lang='lat' dir='ltr'><strong>reditus</strong></span> <span class='ocrx_word' id='word_1_255' title='bbox 397 2845 565 2898; x_wconf 88' lang='lat' dir='ltr'><strong>nostri</strong></span> <span class='ocrx_word' id='word_1_256' title='bbox 604 2856 811 2913; x_wconf 87' lang='lat' dir='ltr'><strong>tempus</strong></span> <span class='ocrx_word' id='word_1_257' title='bbox 842 2843 1129 2912; x_wconf 87' lang='lat' dir='ltr'><strong>inquiritis,</strong></span> <span class='ocrx_word' id='word_1_258' title='bbox 1163 2843 1226 2896; x_wconf 89' lang='lat' dir='ltr'><strong>ad</strong></span> <span class='ocrx_word' id='word_1_259' title='bbox 1259 2841 1378 2896; x_wconf 86' lang='lat' dir='ltr'><strong>idus</strong></span> <span class='ocrx_word' id='word_1_260' title='bbox 1401 2841 1648 2896; x_wconf 88' lang='lat' dir='ltr'><strong>Octobris</strong></span> <span class='ocrx_word' id='word_1_261' title='bbox 1679 2844 1752 2897; x_wconf 86' lang='lat' dir='ltr'><strong>lc-</strong></span> 
     </span>
    </p>
   </div>
   <div class='ocr_carea' id='block_1_44' title="bbox 162 2935 1597 3010">
    <p class='ocr_par' dir='ltr' id='par_1_44' title="bbox 162 2935 1597 3010">
     <span class='ocr_line' id='line_1_44' title="bbox 162 2935 1597 3010; baseline -0.003 -15"><span class='ocrx_word' id='word_1_262' title='bbox 162 2956 282 3010; x_wconf 82' lang='lat' dir='ltr'><strong>gere</strong></span> <span class='ocrx_word' id='word_1_263' title='bbox 306 2942 435 3008; x_wconf 85' lang='lat' dir='ltr'><strong>iter,</strong></span> <span class='ocrx_word' id='word_1_264' title='bbox 451 2940 498 2994; x_wconf 90' lang='lat' dir='ltr'><strong>si</strong></span> <span class='ocrx_word' id='word_1_265' title='bbox 519 2939 664 2996; x_wconf 86' lang='lat' dir='ltr'><strong>dicto</strong></span> <span class='ocrx_word' id='word_1_266' title='bbox 683 2939 893 2993; x_wconf 80' lang='lat' dir='ltr'><strong>fortuna</strong></span> <span class='ocrx_word' id='word_1_267' title='bbox 913 2937 1074 3002; x_wconf 86' lang='lat' dir='ltr'><strong>adsit,</strong></span> <span class='ocrx_word' id='word_1_268' title='bbox 1101 2946 1369 3006; x_wconf 81' lang='lat' dir='ltr'><strong>optamus.</strong></span> <span class='ocrx_word' id='word_1_269' title='bbox 1393 2935 1597 2992; x_wconf 82' lang='lat' dir='ltr'><strong>Valete.</strong></span> 
     </span>
    </p>
   </div>
   <div class='ocr_carea' id='block_1_45' title="bbox 730 3053 1202 3110">
    <p class='ocr_par' dir='ltr' id='par_1_45' title="bbox 730 3053 1202 3110">
     <span class='ocr_line' id='line_1_45' title="bbox 730 3053 1202 3110; baseline -0.008 0"><span class='ocrx_word' id='word_1_270' title='bbox 730 3054 946 3110; x_wconf 81' lang='lat' dir='ltr'><strong>EPIST.</strong></span> <span class='ocrx_word' id='word_1_271' title='bbox 993 3053 1202 3108; x_wconf 86' lang='lat' dir='ltr'><strong>LXXV.</strong></span> 
     </span>
    </p>
   </div>
   <div class='ocr_carea' id='block_1_46' title="bbox 623 3160 1288 3208">
    <p class='ocr_par' dir='ltr' id='par_1_46' title="bbox 623 3160 1288 3208">
     <span class='ocr_line' id='line_1_46' title="bbox 623 3160 1288 3208; baseline -0.003 -6"><span class='ocrx_word' id='word_1_272' title='bbox 623 3163 931 3203; x_wconf 70' lang='grc' dir='ltr'>εγιιιιριειιυε</span> <span class='ocrx_word' id='word_1_273' title='bbox 976 3160 1288 3208; x_wconf 69' lang='grc' dir='ltr'>Πιιιτιιιθυε.</span> 
     </span>
    </p>
   </div>
   <div class='ocr_carea' id='block_1_47' title="bbox 227 3237 1752 3308">
    <p class='ocr_par' dir='ltr' id='par_1_47' title="bbox 227 3237 1752 3308">
     <span class='ocr_line' id='line_1_47' title="bbox 227 3237 1752 3308; baseline -0.005 -10"><span class='ocrx_word' id='word_1_274' title='bbox 227 3243 354 3298; x_wconf 87' lang='lat' dir='ltr'><strong>Seio</strong></span> <span class='ocrx_word' id='word_1_275' title='bbox 397 3251 450 3296; x_wconf 89' lang='lat' dir='ltr'><strong>et</strong></span> <span class='ocrx_word' id='word_1_276' title='bbox 493 3240 783 3296; x_wconf 85' lang='lat' dir='ltr'><strong>desiderari</strong></span> <span class='ocrx_word' id='word_1_277' title='bbox 822 3248 879 3294; x_wconf 88' lang='lat' dir='ltr'><strong>et</strong></span> <span class='ocrx_word' id='word_1_278' title='bbox 919 3238 1219 3308; x_wconf 80' lang='lat' dir='ltr'><strong>exspectari</strong></span> <span class='ocrx_word' id='word_1_279' title='bbox 1267 3253 1295 3291; x_wconf 87' lang='lat' dir='ltr'><strong>a</strong></span> <span class='ocrx_word' id='word_1_280' title='bbox 1345 3238 1500 3293; x_wconf 91' lang='lat' dir='ltr'><strong>vobis</strong></span> <span class='ocrx_word' id='word_1_281' title='bbox 1545 3237 1752 3292; x_wconf 82' lang='lat' dir='ltr'><strong>litteras</strong></span> 
     </span>
    </p>
   </div>
   <div class='ocr_carea' id='block_1_48' title="bbox 164 3329 1750 3403">
    <p class='ocr_par' dir='ltr' id='par_1_48' title="bbox 164 3329 1750 3403">
     <span class='ocr_line' id='line_1_48' title="bbox 164 3329 1750 3403; baseline -0.005 -16"><span class='ocrx_word' id='word_1_282' title='bbox 164 3349 332 3399; x_wconf 68' lang='lat' dir='ltr'><strong>neas,</strong></span> <span class='ocrx_word' id='word_1_283' title='bbox 364 3334 492 3403; x_wconf 83' lang='lat' dir='ltr'><strong>quia</strong></span> <span class='ocrx_word' id='word_1_284' title='bbox 521 3334 685 3387; x_wconf 84' lang='lat' dir='ltr'><strong>moris</strong></span> <span class='ocrx_word' id='word_1_285' title='bbox 713 3339 827 3395; x_wconf 86' lang='lat' dir='ltr'><strong>est,</strong></span> <span class='ocrx_word' id='word_1_286' title='bbox 858 3341 912 3384; x_wconf 93' lang='lat' dir='ltr'><strong>ut</strong></span> <span class='ocrx_word' id='word_1_287' title='bbox 958 3344 1153 3383; x_wconf 91' lang='lat' dir='ltr'><strong>munus</strong></span> <span class='ocrx_word' id='word_1_288' title='bbox 1198 3329 1501 3400; x_wconf 88' lang='lat' dir='ltr'><strong>hujusmodi</strong></span> <span class='ocrx_word' id='word_1_289' title='bbox 1529 3345 1556 3381; x_wconf 90' lang='lat' dir='ltr'><strong>a</strong></span> <span class='ocrx_word' id='word_1_290' title='bbox 1590 3333 1750 3398; x_wconf 78' lang='lat' dir='ltr'><strong>proti-</strong></span> 
     </span>
    </p>
   </div>
   <div class='ocr_carea' id='block_1_49' title="bbox 166 3423 1752 3492">
    <p class='ocr_par' dir='ltr' id='par_1_49' title="bbox 166 3423 1752 3492">
     <span class='ocr_line' id='line_1_49' title="bbox 166 3423 1752 3492; baseline -0.005 -12"><span class='ocrx_word' id='word_1_291' title='bbox 166 3427 499 3481; x_wconf 80' lang='lat' dir='ltr'><strong>ciscenlibus</strong></span> <span class='ocrx_word' id='word_1_292' title='bbox 526 3426 764 3480; x_wconf 78' lang='lat' dir='ltr'><strong>inchoet.</strong></span> <span class='ocrx_word' id='word_1_293' title='bbox 797 3423 1112 3492; x_wconf 79' lang='lat' dir='ltr'><strong>Auspicium</strong></span> <span class='ocrx_word' id='word_1_294' title='bbox 1142 3437 1271 3492; x_wconf 86' lang='lat' dir='ltr'><strong>ergo</strong></span> <span class='ocrx_word' id='word_1_295' title='bbox 1299 3423 1451 3477; x_wconf 92' lang='lat' dir='ltr'><strong>vobis</strong></span> <span class='ocrx_word' id='word_1_296' title='bbox 1475 3424 1752 3478; x_wconf 64' lang='lat' dir='ltr'><strong>servandae</strong></span> 
     </span>
    </p>
   </div>
   <div class='ocr_carea' id='block_1_50' title="bbox 166 3514 1750 3594">
    <p class='ocr_par' dir='ltr' id='par_1_50' title="bbox 166 3514 1750 3594">
     <span class='ocr_line' id='line_1_50' title="bbox 166 3514 1750 3594; baseline -0.004 -24"><span class='ocrx_word' id='word_1_297' title='bbox 166 3519 306 3573; x_wconf 83' lang='lat' dir='ltr'><strong>inter</strong></span> <span class='ocrx_word' id='word_1_298' title='bbox 336 3533 439 3572; x_wconf 87' lang='lat' dir='ltr'><strong>nos</strong></span> <span class='ocrx_word' id='word_1_299' title='bbox 469 3516 810 3572; x_wconf 84' lang='lat' dir='ltr'><strong>salutationis</strong></span> <span class='ocrx_word' id='word_1_300' title='bbox 850 3516 1070 3594; x_wconf 63' lang='lat' dir='ltr'><strong>emitto;</strong></span> <span class='ocrx_word' id='word_1_301' title='bbox 1117 3530 1449 3584; x_wconf 82' lang='lat' dir='ltr'><strong>nequaquam</strong></span> <span class='ocrx_word' id='word_1_302' title='bbox 1479 3514 1750 3576; x_wconf 86' lang='lat' dir='ltr'><strong>dubitans,</strong></span> 
     </span>
    </p>
   </div>
   <div class='ocr_carea' id='block_1_51' title="bbox 165 3604 1752 3681">
    <p class='ocr_par' dir='ltr' id='par_1_51' title="bbox 165 3604 1752 3681">
     <span class='ocr_line' id='line_1_51' title="bbox 165 3604 1752 3681; baseline -0.003 -18"><span class='ocrx_word' id='word_1_303' title='bbox 165 3622 413 3681; x_wconf 84' lang='lat' dir='ltr'><strong>tanquam</strong></span> <span class='ocrx_word' id='word_1_304' title='bbox 462 3610 618 3680; x_wconf 80' lang='lat' dir='ltr'><strong>signo</strong></span> <span class='ocrx_word' id='word_1_305' title='bbox 660 3609 788 3668; x_wconf 78' lang='lat' dir='ltr'><strong>dato</strong></span> <span class='ocrx_word' id='word_1_306' title='bbox 829 3608 896 3662; x_wconf 89' lang='lat' dir='ltr'><strong>ad</strong></span> <span class='ocrx_word' id='word_1_307' title='bbox 939 3607 1370 3677; x_wconf 73' lang='lat' dir='ltr'><strong>respondendum</strong></span> <span class='ocrx_word' id='word_1_308' title='bbox 1404 3622 1498 3660; x_wconf 89' lang='lat' dir='ltr'><strong>vos</strong></span> <span class='ocrx_word' id='word_1_309' title='bbox 1540 3604 1752 3659; x_wconf 73' lang='lat' dir='ltr'><strong>desides</strong></span> 
     </span>
    </p>
   </div>
   <div class='ocr_carea' id='block_1_52' title="bbox 163 3702 761 3760">
    <p class='ocr_par' dir='ltr' id='par_1_52' title="bbox 163 3702 761 3760">
     <span class='ocr_line' id='line_1_52' title="bbox 163 3702 761 3760; baseline -0.005 -3"><span class='ocrx_word' id='word_1_310' title='bbox 163 3721 268 3760; x_wconf 86' lang='lat' dir='ltr'><strong>nou</strong></span> <span class='ocrx_word' id='word_1_311' title='bbox 296 3704 528 3759; x_wconf 88' lang='lat' dir='ltr'><strong>futuros.</strong></span> <span class='ocrx_word' id='word_1_312' title='bbox 553 3702 761 3757; x_wconf 86' lang='lat' dir='ltr'><strong>Valete.</strong></span> 
     </span>
    </p>
   </div>
   <div class='ocr_carea' id='block_1_53' title="bbox 704 3791 1210 3849">
    <p class='ocr_par' dir='ltr' id='par_1_53' title="bbox 704 3791 1210 3849">
     <span class='ocr_line' id='line_1_53' title="bbox 704 3791 1210 3849; baseline -0.006 -2"><span class='ocrx_word' id='word_1_313' title='bbox 704 3792 924 3849; x_wconf 79' lang='lat' dir='ltr'><strong>EPIST.</strong></span> <span class='ocrx_word' id='word_1_314' title='bbox 976 3791 1210 3846; x_wconf 84' lang='lat' dir='ltr'><strong>LXXVI.</strong></span> 
     </span>
    </p>
   </div>
   <div class='ocr_carea' id='block_1_54' title="bbox 629 3871 1288 3941">
    <p class='ocr_par' dir='ltr' id='par_1_54' title="bbox 629 3871 1288 3941">
     <span class='ocr_line' id='line_1_54' title="bbox 629 3871 1288 3941; baseline -0.009 0"><span class='ocrx_word' id='word_1_315' title='bbox 629 3899 935 3941; x_wconf 69' lang='lat' dir='ltr'><strong>svuuscnus</strong></span> <span class='ocrx_word' id='word_1_316' title='bbox 961 3871 1288 3940; x_wconf 25' lang='lat' dir='ltr'><strong>&#39;rnnmnus.</strong></span> 
     </span>
    </p>
   </div>
   <div class='ocr_carea' id='block_1_55' title="bbox 228 3975 1753 4048">
    <p class='ocr_par' dir='ltr' id='par_1_55' title="bbox 228 3975 1753 4048">
     <span class='ocr_line' id='line_1_55' title="bbox 228 3975 1753 4048; baseline -0.005 -14"><span class='ocrx_word' id='word_1_317' title='bbox 228 3979 566 4048; x_wconf 80' lang='lat' dir='ltr'><strong>Religiosum</strong></span> <span class='ocrx_word' id='word_1_318' title='bbox 599 3989 760 4046; x_wconf 87' lang='lat' dir='ltr'><strong>atque</strong></span> <span class='ocrx_word' id='word_1_319' title='bbox 804 3979 1042 4032; x_wconf 87' lang='lat' dir='ltr'><strong>votivum</strong></span> <span class='ocrx_word' id='word_1_320' title='bbox 1079 3987 1192 4040; x_wconf 84' lang='lat' dir='ltr'><strong>est,</strong></span> <span class='ocrx_word' id='word_1_321' title='bbox 1237 3986 1292 4036; x_wconf 87' lang='lat' dir='ltr'><strong>ut</strong></span> <span class='ocrx_word' id='word_1_322' title='bbox 1337 3991 1366 4030; x_wconf 88' lang='lat' dir='ltr'><strong>a</strong></span> <span class='ocrx_word' id='word_1_323' title='bbox 1396 3975 1753 4046; x_wconf 66' lang='lat' dir='ltr'><strong>quaestoribus</strong></span> 
     </span>
    </p>
   </div>
   <div class='ocr_carea' id='block_1_56' title="bbox 160 4066 1755 4138">
    <p class='ocr_par' dir='ltr' id='par_1_56' title="bbox 160 4066 1755 4138">
     <span class='ocr_line' id='line_1_56' title="bbox 160 4066 1755 4138; baseline -0.006 -13"><span class='ocrx_word' id='word_1_324' title='bbox 160 4071 460 4125; x_wconf 87' lang='lat' dir='ltr'><strong>candidatis</strong></span> <span class='ocrx_word' id='word_1_325' title='bbox 491 4070 630 4123; x_wconf 92' lang='lat' dir='ltr'><strong>dona</strong></span> <span class='ocrx_word' id='word_1_326' title='bbox 661 4069 920 4124; x_wconf 86' lang='lat' dir='ltr'><strong>solemnia</strong></span> <span class='ocrx_word' id='word_1_327' title='bbox 965 4068 1255 4138; x_wconf 85' lang='lat' dir='ltr'><strong>potissimis</strong></span> <span class='ocrx_word' id='word_1_328' title='bbox 1293 4076 1452 4136; x_wconf 71' lang='lat' dir='ltr'><strong>tthtte</strong></span> <span class='ocrx_word' id='word_1_329' title='bbox 1490 4067 1631 4120; x_wconf 89' lang='lat' dir='ltr'><strong>amic</strong></span> <span class='ocrx_word' id='word_1_330' title='bbox 1652 4066 1755 4120; x_wconf 68' lang='lat' dir='ltr'><strong>asi-</strong></span> 
     </span>
    </p>
   </div>
   <div class='ocr_carea' id='block_1_57' title="bbox 163 4157 1752 4228">
    <p class='ocr_par' dir='ltr' id='par_1_57' title="bbox 163 4157 1752 4228">
     <span class='ocr_line' id='line_1_57' title="bbox 163 4157 1752 4228; baseline -0.001 -15"><span class='ocrx_word' id='word_1_331' title='bbox 163 4163 262 4216; x_wconf 79' lang='lat' dir='ltr'><strong>inis</strong></span> <span class='ocrx_word' id='word_1_332' title='bbox 292 4162 614 4216; x_wconf 82' lang='lat' dir='ltr'><strong>offerantur.</strong></span> <span class='ocrx_word' id='word_1_333' title='bbox 647 4161 763 4228; x_wconf 90' lang='lat' dir='ltr'><strong>Quo</strong></span> <span class='ocrx_word' id='word_1_334' title='bbox 794 4160 848 4214; x_wconf 92' lang='lat' dir='ltr'><strong>in</strong></span> <span class='ocrx_word' id='word_1_335' title='bbox 881 4175 1106 4218; x_wconf 7' lang='lat' dir='ltr'><strong>ntgnnero</strong></span> <span class='ocrx_word' id='word_1_336' title='bbox 1131 4159 1251 4226; x_wconf 81' lang='lat' dir='ltr'><strong>jure</strong></span> <span class='ocrx_word' id='word_1_337' title='bbox 1295 4157 1614 4212; x_wconf 75' lang='lat' dir='ltr'><strong>censentini.</strong></span> <span class='ocrx_word' id='word_1_338' title='bbox 1656 4157 1752 4211; x_wconf 86' lang='lat' dir='ltr'><strong>0f-</strong></span> 
     </span>
    </p>
   </div>
   <div class='ocr_carea' id='block_1_58' title="bbox 164 4251 1752 4323">
    <p class='ocr_par' dir='ltr' id='par_1_58' title="bbox 164 4251 1752 4323">
     <span class='ocr_line' id='line_1_58' title="bbox 164 4251 1752 4323; baseline -0.003 -18"><span class='ocrx_word' id='word_1_339' title='bbox 164 4257 276 4305; x_wconf 85' lang='lat' dir='ltr'><strong>fero</strong></span> <span class='ocrx_word' id='word_1_340' title='bbox 319 4254 482 4323; x_wconf 82' lang='lat' dir='ltr'><strong>igitur</strong></span> <span class='ocrx_word' id='word_1_341' title='bbox 534 4253 692 4306; x_wconf 82' lang='lat' dir='ltr'><strong>vobis</strong></span> <span class='ocrx_word' id='word_1_342' title='bbox 735 4251 1028 4312; x_wconf 79' lang='lat' dir='ltr'><strong>eburneum</strong></span> <span class='ocrx_word' id='word_1_343' title='bbox 1065 4251 1372 4321; x_wconf 79' lang='lat' dir='ltr'><strong>dypticutu,</strong></span> <span class='ocrx_word' id='word_1_344' title='bbox 1405 4260 1458 4302; x_wconf 83' lang='lat' dir='ltr'><strong>ot</strong></span> <span class='ocrx_word' id='word_1_345' title='bbox 1497 4252 1752 4303; x_wconf 39' lang='lat' dir='ltr'><strong>canistel-</strong></span> 
     </span>
    </p>
   </div>
   <div class='ocr_carea' id='block_1_59' title="bbox 165 4343 1748 4416">
    <p class='ocr_par' dir='ltr' id='par_1_59' title="bbox 165 4343 1748 4416">
     <span class='ocr_line' id='line_1_59' title="bbox 165 4343 1748 4416; baseline 0 -18"><span class='ocrx_word' id='word_1_346' title='bbox 165 4347 271 4399; x_wconf 90' lang='lat' dir='ltr'><strong>lum</strong></span> <span class='ocrx_word' id='word_1_347' title='bbox 313 4354 634 4416; x_wconf 85' lang='lat' dir='ltr'><strong>argentequ</strong></span> <span class='ocrx_word' id='word_1_348' title='bbox 672 4345 928 4408; x_wconf 83' lang='lat' dir='ltr'><strong>librarum</strong></span> <span class='ocrx_word' id='word_1_349' title='bbox 963 4345 1193 4401; x_wconf 84' lang='lat' dir='ltr'><strong>duarum</strong></span> <span class='ocrx_word' id='word_1_350' title='bbox 1234 4343 1328 4398; x_wconf 88' lang='lat' dir='ltr'><strong>filii</strong></span> <span class='ocrx_word' id='word_1_351' title='bbox 1359 4344 1464 4399; x_wconf 89' lang='lat' dir='ltr'><strong>mei</strong></span> <span class='ocrx_word' id='word_1_352' title='bbox 1513 4343 1748 4407; x_wconf 87' lang='lat' dir='ltr'><strong>nomine,</strong></span> 
     </span>
    </p>
   </div>
   <div class='ocr_carea' id='block_1_60' title="bbox 162 4437 1752 4508">
    <p class='ocr_par' dir='ltr' id='par_1_60' title="bbox 162 4437 1752 4508">
     <span class='ocr_line' id='line_1_60' title="bbox 162 4437 1752 4508; baseline 0 -18"><span class='ocrx_word' id='word_1_353' title='bbox 162 4439 249 4507; x_wconf 91' lang='lat' dir='ltr'><strong>qui</strong></span> <span class='ocrx_word' id='word_1_354' title='bbox 281 4440 638 4508; x_wconf 79' lang='lat' dir='ltr'><strong>qna-storium</strong></span> <span class='ocrx_word' id='word_1_355' title='bbox 668 4453 862 4492; x_wconf 90' lang='lat' dir='ltr'><strong>munus</strong></span> <span class='ocrx_word' id='word_1_356' title='bbox 908 4437 1148 4492; x_wconf 76' lang='lat' dir='ltr'><strong>exhibuit</strong></span> <span class='ocrx_word' id='word_1_357' title='bbox 1179 4454 1192 4490; x_wconf 91' lang='lat'><strong>:</strong></span> <span class='ocrx_word' id='word_1_358' title='bbox 1225 4447 1280 4496; x_wconf 86' lang='lat' dir='ltr'><strong>et</strong></span> <span class='ocrx_word' id='word_1_359' title='bbox 1325 4437 1593 4502; x_wconf 70' lang='lat' dir='ltr'><strong>inn-cndio</strong></span> <span class='ocrx_word' id='word_1_360' title='bbox 1626 4451 1752 4504; x_wconf 88' lang='lat' dir='ltr'><strong>prc-</strong></span> 
     </span>
    </p>
   </div>
   <div class='ocr_carea' id='block_1_61' title="bbox 162 4528 1753 4599">
    <p class='ocr_par' dir='ltr' id='par_1_61' title="bbox 162 4528 1753 4599">
     <span class='ocr_line' id='line_1_61' title="bbox 162 4528 1753 4599; baseline 0.001 -19"><span class='ocrx_word' id='word_1_361' title='bbox 162 4545 280 4595; x_wconf 85' lang='lat' dir='ltr'><strong>ror,</strong></span> <span class='ocrx_word' id='word_1_362' title='bbox 325 4539 387 4584; x_wconf 84' lang='lat' dir='ltr'><strong>ut</strong></span> <span class='ocrx_word' id='word_1_363' title='bbox 436 4530 575 4594; x_wconf 83' lang='lat' dir='ltr'><strong>hanc</strong></span> <span class='ocrx_word' id='word_1_364' title='bbox 629 4528 1092 4590; x_wconf 76' lang='lat' dir='ltr'><strong>honorificentiam</strong></span> <span class='ocrx_word' id='word_1_365' title='bbox 1137 4529 1432 4599; x_wconf 83' lang='lat' dir='ltr'><strong>dignemini</strong></span> <span class='ocrx_word' id='word_1_366' title='bbox 1478 4537 1753 4597; x_wconf 84' lang='lat' dir='ltr'><strong>gratanter</strong></span> 
     </span>
    </p>
   </div>
   <div class='ocr_carea' id='block_1_62' title="bbox 163 4622 1190 4748">
    <p class='ocr_par' dir='ltr' id='par_1_62' title="bbox 163 4622 1190 4748">
     <span class='ocr_line' id='line_1_62' title="bbox 163 4622 1190 4748; baseline -0.002 -74"><span class='ocrx_word' id='word_1_367' title='bbox 163 4624 441 4692; x_wconf 82' lang='lat' dir='ltr'><strong>amplecti.</strong></span> <span class='ocrx_word' id='word_1_368' title='bbox 473 4622 680 4680; x_wconf 84' lang='lat' dir='ltr'><strong>Valete.</strong></span> <span class='ocrx_word' id='word_1_369' title='bbox 708 4693 902 4748; x_wconf 63' lang='lat' dir='ltr'><strong>EPIST</strong></span> <span class='ocrx_word' id='word_1_370' title='bbox 958 4692 1190 4747; x_wconf 35' lang='lat' dir='ltr'><strong>LX‘V“</strong></span> 
     </span>
     <span class='ocr_line' id='line_1_63' title="bbox 725 4709 1164 4748; baseline -0.005 1"><span class='ocrx_word' id='word_1_371' title='bbox 725 4709 735 4730; x_wconf 68' lang='grc'><strong>⁴</strong></span> <span class='ocrx_word' id='word_1_372' title='bbox 909 4734 921 4748; x_wconf 77' lang='grc' dir='ltr'><strong><em>ο</em></strong></span> <span class='ocrx_word' id='word_1_373' title='bbox 1005 4733 1021 4746; x_wconf 72' lang='grc' dir='ltr'><strong>ι</strong></span> <span class='ocrx_word' id='word_1_374' title='bbox 1057 4733 1068 4746; x_wconf 80' lang='lat'><strong>.~</strong></span> <span class='ocrx_word' id='word_1_375' title='bbox 1155 4717 1164 4747; x_wconf 91' lang='lat' dir='ltr'><strong>I</strong></span> 
     </span>
    </p>
   </div>
   <div class='ocr_carea' id='block_1_63' title="bbox 725 4709 1212 4748">
    <p class='ocr_par' dir='ltr' id='par_1_63' title="bbox 725 4709 1212 4748">
     <span class='ocr_line' id='line_1_64' title="bbox 725 4709 1212 4748; baseline -0.002 -1"><span class='ocrx_word' id='word_1_376' title='bbox 725 4709 856 4748; x_wconf 68' lang='lat' dir='ltr'><strong>Ll’lb</strong></span> <span class='ocrx_word' id='word_1_377' title='bbox 875 4709 888 4747; x_wconf 96' lang='grc' dir='ltr'><strong>Ι</strong></span> <span class='ocrx_word' id='word_1_378' title='bbox 909 4734 921 4748; x_wconf 90' lang='grc'><strong>.</strong></span> <span class='ocrx_word' id='word_1_379' title='bbox 960 4709 1136 4747; x_wconf 67' lang='grc' dir='ltr'><strong>ιλλν</strong></span> <span class='ocrx_word' id='word_1_380' title='bbox 1155 4709 1212 4747; x_wconf 87' lang='lat' dir='ltr'><strong>tl.</strong></span> 
     </span>
    </p>
   </div>
   <div class='ocr_carea' id='block_1_64' title="bbox 630 4803 1285 4842">
    <p class='ocr_par' dir='ltr' id='par_1_64' title="bbox 630 4803 1285 4842">
     <span class='ocr_line' id='line_1_65' title="bbox 630 4803 1285 4842; baseline 0 -1"><span class='ocrx_word' id='word_1_381' title='bbox 630 4803 938 4842; x_wconf 63' lang='lat' dir='ltr'><strong>SVIIMACIIUS</strong></span> <span class='ocrx_word' id='word_1_382' title='bbox 981 4803 1285 4841; x_wconf 68' lang='lat' dir='ltr'><strong>FIIATIIIBL‘S.</strong></span> 
     </span>
    </p>
   </div>
   <div class='ocr_carea' id='block_1_65' title="bbox 233 4878 1752 4950">
    <p class='ocr_par' dir='ltr' id='par_1_65' title="bbox 233 4878 1752 4950">
     <span class='ocr_line' id='line_1_66' title="bbox 233 4878 1752 4950; baseline -0.004 -14"><span class='ocrx_word' id='word_1_383' title='bbox 233 4880 475 4936; x_wconf 84' lang='lat' dir='ltr'><strong>Suhcsse</strong></span> <span class='ocrx_word' id='word_1_384' title='bbox 505 4880 712 4950; x_wconf 88' lang='lat' dir='ltr'><strong>aliquas</strong></span> <span class='ocrx_word' id='word_1_385' title='bbox 752 4880 966 4934; x_wconf 89' lang='lat' dir='ltr'><strong>silentio</strong></span> <span class='ocrx_word' id='word_1_386' title='bbox 997 4893 1117 4934; x_wconf 84' lang='lat' dir='ltr'><strong>meo</strong></span> <span class='ocrx_word' id='word_1_387' title='bbox 1147 4894 1337 4933; x_wconf 87' lang='lat' dir='ltr'><strong>causas</strong></span> <span class='ocrx_word' id='word_1_388' title='bbox 1373 4886 1565 4948; x_wconf 84' lang='lat' dir='ltr'><strong>sponte</strong></span> <span class='ocrx_word' id='word_1_389' title='bbox 1609 4878 1752 4932; x_wconf 78' lang='lat' dir='ltr'><strong>:rsti-</strong></span> 
     </span>
    </p>
   </div>
   <div class='ocr_carea' id='block_1_66' title="bbox 163 4971 1753 5042">
    <p class='ocr_par' dir='ltr' id='par_1_66' title="bbox 163 4971 1753 5042">
     <span class='ocr_line' id='line_1_67' title="bbox 163 4971 1753 5042; baseline -0.004 -17"><span class='ocrx_word' id='word_1_390' title='bbox 163 4988 312 5026; x_wconf 83' lang='lat' dir='ltr'><strong>mare</strong></span> <span class='ocrx_word' id='word_1_391' title='bbox 346 4972 637 5042; x_wconf 85' lang='lat' dir='ltr'><strong>potuistis:</strong></span> <span class='ocrx_word' id='word_1_392' title='bbox 673 4987 793 5024; x_wconf 91' lang='lat' dir='ltr'><strong>nam</strong></span> <span class='ocrx_word' id='word_1_393' title='bbox 834 4971 1106 5040; x_wconf 76' lang='lat' dir='ltr'><strong>quomodo</strong></span> <span class='ocrx_word' id='word_1_394' title='bbox 1141 4971 1439 5024; x_wconf 72' lang='lat' dir='ltr'><strong>omis’sscm</strong></span> <span class='ocrx_word' id='word_1_395' title='bbox 1481 4971 1753 5040; x_wconf 68' lang='lat' dir='ltr'><strong>religionis</strong></span> 
     </span>
    </p>
   </div>
   <div class='ocr_carea' id='block_1_67' title="bbox 167 5059 1754 5131">
    <p class='ocr_par' dir='ltr' id='par_1_67' title="bbox 167 5059 1754 5131">
     <span class='ocr_line' id='line_1_68' title="bbox 167 5059 1754 5131; baseline -0.003 -15"><span class='ocrx_word' id='word_1_396' title='bbox 167 5064 378 5123; x_wconf 79' lang='lat' dir='ltr'><strong>munia,</strong></span> <span class='ocrx_word' id='word_1_397' title='bbox 419 5065 462 5115; x_wconf 92' lang='lat' dir='ltr'><strong>si</strong></span> <span class='ocrx_word' id='word_1_398' title='bbox 505 5063 782 5117; x_wconf 80' lang='lat' dir='ltr'><strong>valerem?</strong></span> <span class='ocrx_word' id='word_1_399' title='bbox 821 5077 962 5124; x_wconf 75' lang='lat' dir='ltr'><strong>nunc</strong></span> <span class='ocrx_word' id='word_1_400' title='bbox 1010 5061 1263 5131; x_wconf 65' lang='lat' dir='ltr'><strong>p-iufatim</strong></span> <span class='ocrx_word' id='word_1_401' title='bbox 1302 5060 1490 5114; x_wconf 84' lang='lat' dir='ltr'><strong>dolore</strong></span> <span class='ocrx_word' id='word_1_402' title='bbox 1530 5059 1754 5113; x_wconf 76' lang='lat' dir='ltr'><strong>cedente</strong></span> 
     </span>
    </p>
   </div>
   <div class='ocr_carea' id='block_1_68' title="bbox 160 5149 1753 5219">
    <p class='ocr_par' dir='ltr' id='par_1_68' title="bbox 160 5149 1753 5219">
     <span class='ocr_line' id='line_1_69' title="bbox 160 5149 1753 5219; baseline -0.001 -15"><span class='ocrx_word' id='word_1_403' title='bbox 160 5153 400 5208; x_wconf 79' lang='lat' dir='ltr'><strong>officium</strong></span> <span class='ocrx_word' id='word_1_404' title='bbox 444 5153 785 5217; x_wconf 79' lang='lat' dir='ltr'><strong>salutationis</strong></span> <span class='ocrx_word' id='word_1_405' title='bbox 813 5151 1030 5214; x_wconf 73' lang='lat' dir='ltr'><strong>differre</strong></span> <span class='ocrx_word' id='word_1_406' title='bbox 1073 5167 1176 5207; x_wconf 92' lang='lat' dir='ltr'><strong>non</strong></span> <span class='ocrx_word' id='word_1_407' title='bbox 1224 5151 1393 5219; x_wconf 83' lang='lat' dir='ltr'><strong>potui.</strong></span> <span class='ocrx_word' id='word_1_408' title='bbox 1438 5149 1618 5205; x_wconf 79' lang='lat' dir='ltr'><strong>Vestri</strong></span> <span class='ocrx_word' id='word_1_409' title='bbox 1652 5163 1753 5204; x_wconf 72' lang='lat' dir='ltr'><strong>erll</strong></span> 
     </span>
    </p>
   </div>
   <div class='ocr_carea' id='block_1_69' title="bbox 161 5242 1753 5314">
    <p class='ocr_par' dir='ltr' id='par_1_69' title="bbox 161 5242 1753 5314">
     <span class='ocr_line' id='line_1_70' title="bbox 161 5242 1753 5314; baseline -0.004 -14"><span class='ocrx_word' id='word_1_410' title='bbox 161 5247 401 5301; x_wconf 85' lang='lat' dir='ltr'><strong>numeris</strong></span> <span class='ocrx_word' id='word_1_411' title='bbox 427 5245 630 5308; x_wconf 84' lang='lat' dir='ltr'><strong>referre</strong></span> <span class='ocrx_word' id='word_1_412' title='bbox 659 5253 899 5300; x_wconf 91' lang='lat' dir='ltr'><strong>mutuam</strong></span> <span class='ocrx_word' id='word_1_413' title='bbox 923 5247 1114 5304; x_wconf 86' lang='lat' dir='ltr'><strong>vicem.</strong></span> <span class='ocrx_word' id='word_1_414' title='bbox 1151 5244 1278 5313; x_wconf 68' lang='lat' dir='ltr'><strong>Quae</strong></span> <span class='ocrx_word' id='word_1_415' title='bbox 1307 5242 1438 5298; x_wconf 86' lang='lat' dir='ltr'><strong>mihi</strong></span> <span class='ocrx_word' id='word_1_416' title='bbox 1467 5243 1582 5298; x_wconf 78' lang='lat' dir='ltr'><strong>dies</strong></span> <span class='ocrx_word' id='word_1_417' title='bbox 1603 5251 1753 5314; x_wconf 81' lang='lat' dir='ltr'><strong>Opta-</strong></span> 
     </span>
    </p>
   </div>
   <div class='ocr_carea' id='block_1_70' title="bbox 162 5337 1750 5408">
    <p class='ocr_par' dir='ltr' id='par_1_70' title="bbox 162 5337 1750 5408">
     <span class='ocr_line' id='line_1_71' title="bbox 162 5337 1750 5408; baseline -0.003 -16"><span class='ocrx_word' id='word_1_418' title='bbox 162 5352 212 5393; x_wconf 83' lang='lat' dir='ltr'><strong>ta</strong></span> <span class='ocrx_word' id='word_1_419' title='bbox 238 5342 550 5406; x_wconf 80' lang='lat' dir='ltr'><strong>pertulerit,</strong></span> <span class='ocrx_word' id='word_1_420' title='bbox 580 5340 646 5394; x_wconf 88' lang='lat' dir='ltr'><strong>ad</strong></span> <span class='ocrx_word' id='word_1_421' title='bbox 677 5339 1160 5402; x_wconf 72' lang='lat' dir='ltr'><strong>convalescentium</strong></span> <span class='ocrx_word' id='word_1_422' title='bbox 1191 5340 1421 5395; x_wconf 85' lang='lat' dir='ltr'><strong>fomenta</strong></span> <span class='ocrx_word' id='word_1_423' title='bbox 1455 5337 1750 5408; x_wconf 70' lang='lat' dir='ltr'><strong>pra‘stabit.</strong></span> 
     </span>
    </p>
   </div>
   <div class='ocr_carea' id='block_1_71' title="bbox 165 5429 1274 5499">
    <p class='ocr_par' dir='ltr' id='par_1_71' title="bbox 165 5429 1274 5499">
     <span class='ocr_line' id='line_1_72' title="bbox 165 5429 1274 5499; baseline 0 -17"><span class='ocrx_word' id='word_1_424' title='bbox 165 5429 376 5487; x_wconf 72' lang='lat' dir='ltr'><strong>Valete.</strong></span> <span class='ocrx_word' id='word_1_425' title='bbox 1047 5436 1056 5445; x_wconf 93' lang='lat'>&#39;</span> <span class='ocrx_word' id='word_1_426' title='bbox 1266 5493 1274 5499; x_wconf 25' lang='grc' dir='ltr'>η</span> 
     </span>
    </p>
   </div>
   <div class='ocr_carea' id='block_1_72' title="bbox 687 5520 1232 5580">
    <p class='ocr_par' dir='ltr' id='par_1_72' title="bbox 687 5520 1232 5580">
     <span class='ocr_line' id='line_1_73' title="bbox 687 5520 1232 5580; baseline -0.007 -2"><span class='ocrx_word' id='word_1_427' title='bbox 687 5521 905 5580; x_wconf 81' lang='lat' dir='ltr'><strong>EPIST.</strong></span> <span class='ocrx_word' id='word_1_428' title='bbox 950 5520 1232 5578; x_wconf 71' lang='lat' dir='ltr'><strong>LXXVIII.</strong></span> 
     </span>
    </p>
   </div>
   <div class='ocr_carea' id='block_1_73' title="bbox 629 5628 1293 5672">
    <p class='ocr_par' dir='ltr' id='par_1_73' title="bbox 629 5628 1293 5672">
     <span class='ocr_line' id='line_1_74' title="bbox 629 5628 1293 5672; baseline -0.003 -2"><span class='ocrx_word' id='word_1_429' title='bbox 629 5631 941 5672; x_wconf 67' lang='grc' dir='ltr'>εγωιλοιιυε</span> <span class='ocrx_word' id='word_1_430' title='bbox 980 5628 1293 5670; x_wconf 66' lang='grc' dir='ltr'>ιἰιΑτῐιιΒυε.</span> 
     </span>
    </p>
   </div>
   <div class='ocr_carea' id='block_1_74' title="bbox 230 5703 1756 5780">
    <p class='ocr_par' dir='ltr' id='par_1_74' title="bbox 230 5703 1756 5780">
     <span class='ocr_line' id='line_1_75' title="bbox 230 5703 1756 5780; baseline -0.004 -18"><span class='ocrx_word' id='word_1_431' title='bbox 230 5706 524 5779; x_wconf 79' lang='lat' dir='ltr'><strong>Postquam</strong></span> <span class='ocrx_word' id='word_1_432' title='bbox 566 5710 844 5780; x_wconf 82' lang='lat' dir='ltr'><strong>paginam,</strong></span> <span class='ocrx_word' id='word_1_433' title='bbox 878 5723 998 5779; x_wconf 63' lang='lat' dir='ltr'><strong>qua:</strong></span> <span class='ocrx_word' id='word_1_434' title='bbox 1029 5708 1183 5761; x_wconf 80' lang='lat' dir='ltr'><strong>vobis</strong></span> <span class='ocrx_word' id='word_1_435' title='bbox 1223 5705 1600 5760; x_wconf 82' lang='lat' dir='ltr'><strong>salutationem</strong></span> <span class='ocrx_word' id='word_1_436' title='bbox 1646 5703 1756 5757; x_wconf 79' lang='lat' dir='ltr'><strong>fer-</strong></span> 
     </span>
    </p>
   </div>
   <div class='ocr_carea' id='block_1_75' title="bbox 166 5797 1756 5874">
    <p class='ocr_par' dir='ltr' id='par_1_75' title="bbox 166 5797 1756 5874">
     <span class='ocr_line' id='line_1_76' title="bbox 166 5797 1756 5874; baseline -0.004 -18"><span class='ocrx_word' id='word_1_437' title='bbox 166 5814 279 5870; x_wconf 85' lang='lat' dir='ltr'><strong>ret,</strong></span> <span class='ocrx_word' id='word_1_438' title='bbox 315 5805 501 5870; x_wconf 86' lang='lat' dir='ltr'><strong>emisi;</strong></span> <span class='ocrx_word' id='word_1_439' title='bbox 537 5815 774 5874; x_wconf 80' lang='lat' dir='ltr'><strong>temporc</strong></span> <span class='ocrx_word' id='word_1_440' title='bbox 809 5803 992 5869; x_wconf 70' lang='lat' dir='ltr'><strong>affuit,</strong></span> <span class='ocrx_word' id='word_1_441' title='bbox 1023 5802 1109 5872; x_wconf 90' lang='lat' dir='ltr'><strong>qtti</strong></span> <span class='ocrx_word' id='word_1_442' title='bbox 1159 5801 1287 5856; x_wconf 89' lang='lat' dir='ltr'><strong>mihi</strong></span> <span class='ocrx_word' id='word_1_443' title='bbox 1321 5809 1524 5855; x_wconf 76' lang='lat' dir='ltr'><strong>vestras</strong></span> <span class='ocrx_word' id='word_1_444' title='bbox 1553 5797 1756 5851; x_wconf 75' lang='lat' dir='ltr'><strong>litteras</strong></span> 
     </span>
    </p>
   </div>
   <div class='ocr_carea' id='block_1_76' title="bbox 1854 1912 3081 1978">
    <p class='ocr_par' dir='ltr' id='par_1_76' title="bbox 1854 1912 3081 1978">
     <span class='ocr_line' id='line_1_77' title="bbox 1854 1912 3081 1978; baseline 0.008 -14"><span class='ocrx_word' id='word_1_445' title='bbox 1854 1912 1947 1966; x_wconf 83' lang='lat' dir='ltr'><strong>tati</strong></span> <span class='ocrx_word' id='word_1_446' title='bbox 1971 1927 2286 1972; x_wconf 84' lang='lat' dir='ltr'><strong>communes</strong></span> <span class='ocrx_word' id='word_1_447' title='bbox 2314 1915 2512 1972; x_wconf 86' lang='lat' dir='ltr'><strong>liberos</strong></span> <span class='ocrx_word' id='word_1_448' title='bbox 2535 1917 2849 1973; x_wconf 86' lang='lat' dir='ltr'><strong>indicamus.</strong></span> <span class='ocrx_word' id='word_1_449' title='bbox 2874 1920 3081 1978; x_wconf 86' lang='lat' dir='ltr'><strong>Valete.</strong></span> 
     </span>
    </p>
   </div>
   <div class='ocr_carea' id='block_1_77' title="bbox 2404 2029 2879 2086">
    <p class='ocr_par' dir='ltr' id='par_1_77' title="bbox 2404 2029 2879 2086">
     <span class='ocr_line' id='line_1_78' title="bbox 2404 2029 2879 2086; baseline 0.008 -4"><span class='ocrx_word' id='word_1_450' title='bbox 2404 2029 2620 2084; x_wconf 84' lang='lat' dir='ltr'><strong>EPIST.</strong></span> <span class='ocrx_word' id='word_1_451' title='bbox 2664 2030 2879 2086; x_wconf 81' lang='lat' dir='ltr'><strong>LXXX.</strong></span> 
     </span>
    </p>
   </div>
   <div class='ocr_carea' id='block_1_78' title="bbox 2318 2136 2975 2178">
    <p class='ocr_par' dir='ltr' id='par_1_78' title="bbox 2318 2136 2975 2178">
     <span class='ocr_line' id='line_1_79' title="bbox 2318 2136 2975 2178; baseline 0.003 -4"><span class='ocrx_word' id='word_1_452' title='bbox 2318 2136 2628 2177; x_wconf 62' lang='grc' dir='ltr'>εἳδιιιλειιυδ</span> <span class='ocrx_word' id='word_1_453' title='bbox 2667 2139 2975 2178; x_wconf 65' lang='grc' dir='ltr'><strong>νιιΑτιιιΒυε.</strong></span> 
     </span>
    </p>
   </div>
   <div class='ocr_carea' id='block_1_79' title="bbox 1925 2209 3435 2286">
    <p class='ocr_par' dir='ltr' id='par_1_79' title="bbox 1925 2209 3435 2286">
     <span class='ocr_line' id='line_1_80' title="bbox 1925 2209 3435 2286; baseline 0.008 -24"><span class='ocrx_word' id='word_1_454' title='bbox 1925 2209 2300 2279; x_wconf 76' lang='lat' dir='ltr'><strong>Superioribus</strong></span> <span class='ocrx_word' id='word_1_455' title='bbox 2325 2215 2516 2268; x_wconf 87' lang='lat' dir='ltr'><strong>diebus</strong></span> <span class='ocrx_word' id='word_1_456' title='bbox 2547 2216 2751 2269; x_wconf 80' lang='lat' dir='ltr'><strong>litteras</strong></span> <span class='ocrx_word' id='word_1_457' title='bbox 2777 2214 3144 2286; x_wconf 82' lang='lat' dir='ltr'><strong>frequentavi;</strong></span> <span class='ocrx_word' id='word_1_458' title='bbox 3168 2217 3263 2273; x_wconf 88' lang='lat' dir='ltr'><strong>sed</strong></span> <span class='ocrx_word' id='word_1_459' title='bbox 3295 2221 3435 2274; x_wconf 89' lang='lat' dir='ltr'><strong>nulla</strong></span> 
     </span>
    </p>
   </div>
   <div class='ocr_carea' id='block_1_80' title="bbox 1852 2304 3438 2379">
    <p class='ocr_par' dir='ltr' id='par_1_80' title="bbox 1852 2304 3438 2379">
     <span class='ocr_line' id='line_1_81' title="bbox 1852 2304 3438 2379; baseline 0.005 -23"><span class='ocrx_word' id='word_1_460' title='bbox 1852 2304 2142 2359; x_wconf 87' lang='lat' dir='ltr'><strong>assiduitas</strong></span> <span class='ocrx_word' id='word_1_461' title='bbox 2185 2306 2324 2374; x_wconf 90' lang='lat' dir='ltr'><strong>potis</strong></span> <span class='ocrx_word' id='word_1_462' title='bbox 2364 2318 2448 2360; x_wconf 71' lang='lat' dir='ltr'><strong>est</strong></span> <span class='ocrx_word' id='word_1_463' title='bbox 2476 2308 2712 2362; x_wconf 85' lang='lat' dir='ltr'><strong>animum</strong></span> <span class='ocrx_word' id='word_1_464' title='bbox 2761 2311 2990 2364; x_wconf 89' lang='lat' dir='ltr'><strong>amantis</strong></span> <span class='ocrx_word' id='word_1_465' title='bbox 3031 2312 3438 2379; x_wconf 39' lang='lat' dir='ltr'><strong>explerc.’Pnto</strong></span> 
     </span>
    </p>
   </div>
   <div class='ocr_carea' id='block_1_81' title="bbox 1852 2398 3436 2470">
    <p class='ocr_par' dir='ltr' id='par_1_81' title="bbox 1852 2398 3436 2470">
     <span class='ocr_line' id='line_1_82' title="bbox 1852 2398 3436 2470; baseline 0.004 -20"><span class='ocrx_word' id='word_1_466' title='bbox 1852 2409 2030 2452; x_wconf 87' lang='lat' dir='ltr'><strong>autem</strong></span> <span class='ocrx_word' id='word_1_467' title='bbox 2063 2398 2213 2453; x_wconf 89' lang='lat' dir='ltr'><strong>vobis</strong></span> <span class='ocrx_word' id='word_1_468' title='bbox 2253 2399 2321 2453; x_wconf 87' lang='lat' dir='ltr'><strong>ad</strong></span> <span class='ocrx_word' id='word_1_469' title='bbox 2365 2401 2728 2469; x_wconf 78' lang='lat' dir='ltr'><strong>cognitionem</strong></span> <span class='ocrx_word' id='word_1_470' title='bbox 2767 2402 3037 2468; x_wconf 87' lang='lat' dir='ltr'><strong>sufficere,</strong></span> <span class='ocrx_word' id='word_1_471' title='bbox 3079 2404 3221 2470; x_wconf 90' lang='lat' dir='ltr'><strong>quod</strong></span> <span class='ocrx_word' id='word_1_472' title='bbox 3260 2403 3436 2458; x_wconf 86' lang='lat' dir='ltr'><strong>valere</strong></span> 
     </span>
    </p>
   </div>
   <div class='ocr_carea' id='block_1_82' title="bbox 1855 2490 3436 2562">
    <p class='ocr_par' dir='ltr' id='par_1_82' title="bbox 1855 2490 3436 2562">
     <span class='ocr_line' id='line_1_83' title="bbox 1855 2490 3436 2562; baseline 0.003 -19"><span class='ocrx_word' id='word_1_473' title='bbox 1855 2504 1954 2543; x_wconf 89' lang='lat' dir='ltr'><strong>nos</strong></span> <span class='ocrx_word' id='word_1_474' title='bbox 1984 2490 2306 2547; x_wconf 79' lang='lat' dir='ltr'><strong>scribimus:</strong></span> <span class='ocrx_word' id='word_1_475' title='bbox 2340 2492 2464 2546; x_wconf 90' lang='lat' dir='ltr'><strong>licet</strong></span> <span class='ocrx_word' id='word_1_476' title='bbox 2491 2506 2774 2546; x_wconf 85' lang='lat' dir='ltr'><strong>commune</strong></span> <span class='ocrx_word' id='word_1_477' title='bbox 2805 2494 2993 2561; x_wconf 84' lang='lat' dir='ltr'><strong>pignus</strong></span> <span class='ocrx_word' id='word_1_478' title='bbox 3037 2495 3219 2562; x_wconf 86' lang='lat' dir='ltr'><strong>paucis</strong></span> <span class='ocrx_word' id='word_1_479' title='bbox 3247 2493 3436 2547; x_wconf 84' lang='lat' dir='ltr'><strong>diebus</strong></span> 
     </span>
    </p>
   </div>
   <div class='ocr_carea' id='block_1_83' title="bbox 1853 2581 3436 2650">
    <p class='ocr_par' dir='ltr' id='par_1_83' title="bbox 1853 2581 3436 2650">
     <span class='ocr_line' id='line_1_84' title="bbox 1853 2581 3436 2650; baseline 0.001 -17"><span class='ocrx_word' id='word_1_480' title='bbox 1853 2581 2125 2650; x_wconf 73' lang='lat' dir='ltr'><strong>sanguinis</strong></span> <span class='ocrx_word' id='word_1_481' title='bbox 2150 2583 2409 2639; x_wconf 68' lang='lat' dir='ltr'><strong>effusione</strong></span> <span class='ocrx_word' id='word_1_482' title='bbox 2435 2593 2715 2648; x_wconf 76' lang='lat' dir='ltr'><strong>vexatum,</strong></span> <span class='ocrx_word' id='word_1_483' title='bbox 2742 2587 2836 2639; x_wconf 87' lang='lat' dir='ltr'><strong>otii</strong></span> <span class='ocrx_word' id='word_1_484' title='bbox 2869 2587 3036 2640; x_wconf 89' lang='lat' dir='ltr'><strong>nostri</strong></span> <span class='ocrx_word' id='word_1_485' title='bbox 3068 2586 3319 2639; x_wconf 86' lang='lat' dir='ltr'><strong>minuerit</strong></span> <span class='ocrx_word' id='word_1_486' title='bbox 3345 2601 3436 2636; x_wconf 82' lang='lat' dir='ltr'><strong>vo-</strong></span> 
     </span>
    </p>
   </div>
   <div class='ocr_carea' id='block_1_84' title="bbox 1856 2676 3436 2748">
    <p class='ocr_par' dir='ltr' id='par_1_84' title="bbox 1856 2676 3436 2748">
     <span class='ocr_line' id='line_1_85' title="bbox 1856 2676 3436 2748; baseline 0 -20"><span class='ocrx_word' id='word_1_487' title='bbox 1856 2676 2148 2741; x_wconf 69' lang='lat' dir='ltr'><strong>lmitatem;</strong></span> <span class='ocrx_word' id='word_1_488' title='bbox 2181 2677 2324 2743; x_wconf 90' lang='lat' dir='ltr'><strong>quod</strong></span> <span class='ocrx_word' id='word_1_489' title='bbox 2351 2677 2460 2744; x_wconf 80' lang='lat' dir='ltr'><strong>jam</strong></span> <span class='ocrx_word' id='word_1_490' title='bbox 2491 2677 2669 2732; x_wconf 85' lang='lat' dir='ltr'><strong>divina</strong></span> <span class='ocrx_word' id='word_1_491' title='bbox 2699 2693 2801 2747; x_wconf 88' lang='lat' dir='ltr'><strong>ope</strong></span> <span class='ocrx_word' id='word_1_492' title='bbox 2821 2677 2887 2733; x_wconf 87' lang='lat' dir='ltr'><strong>ad</strong></span> <span class='ocrx_word' id='word_1_493' title='bbox 2919 2679 3128 2748; x_wconf 88' lang='lat' dir='ltr'><strong>plenam</strong></span> <span class='ocrx_word' id='word_1_494' title='bbox 3155 2677 3436 2732; x_wconf 87' lang='lat' dir='ltr'><strong>sanitatem</strong></span> 
     </span>
    </p>
   </div>
   <div class='ocr_carea' id='block_1_85' title="bbox 1854 2770 2566 2839">
    <p class='ocr_par' dir='ltr' id='par_1_85' title="bbox 1854 2770 2566 2839">
     <span class='ocr_line' id='line_1_86' title="bbox 1854 2770 2566 2839; baseline 0.003 -17"><span class='ocrx_word' id='word_1_495' title='bbox 1854 2771 2022 2837; x_wconf 73' lang='lat' dir='ltr'><strong>cmpit</strong></span> <span class='ocrx_word' id='word_1_496' title='bbox 2039 2785 2335 2839; x_wconf 86' lang='lat' dir='ltr'><strong>cmergere.</strong></span> <span class='ocrx_word' id='word_1_497' title='bbox 2365 2770 2566 2824; x_wconf 77' lang='lat' dir='ltr'><strong>Valete.</strong></span> 
     </span>
    </p>
   </div>
   <div class='ocr_carea' id='block_1_86' title="bbox 2396 2861 2900 2916">
    <p class='ocr_par' dir='ltr' id='par_1_86' title="bbox 2396 2861 2900 2916">
     <span class='ocr_line' id='line_1_87' title="bbox 2396 2861 2900 2916; baseline 0.002 -3"><span class='ocrx_word' id='word_1_498' title='bbox 2396 2861 2612 2916; x_wconf 71' lang='lat' dir='ltr'><strong>EI‘IST.</strong></span> <span class='ocrx_word' id='word_1_499' title='bbox 2663 2862 2900 2916; x_wconf 85' lang='lat' dir='ltr'><strong>LXXXI.</strong></span> 
     </span>
    </p>
   </div>
   <div class='ocr_carea' id='block_1_87' title="bbox 2334 2969 2951 3008">
    <p class='ocr_par' dir='ltr' id='par_1_87' title="bbox 2334 2969 2951 3008">
     <span class='ocr_line' id='line_1_88' title="bbox 2334 2969 2951 3008; baseline 0 -2"><span class='ocrx_word' id='word_1_500' title='bbox 2334 2969 2641 3008; x_wconf 62' lang='lat' dir='ltr'><strong>SVllIIXCllUi</strong></span> <span class='ocrx_word' id='word_1_501' title='bbox 2680 2969 2951 3007; x_wconf 61' lang='lat' dir='ltr'><strong>MESSALE.</strong></span> 
     </span>
    </p>
   </div>
   <div class='ocr_carea' id='block_1_88' title="bbox 1931 3044 3435 3113">
    <p class='ocr_par' dir='ltr' id='par_1_88' title="bbox 1931 3044 3435 3113">
     <span class='ocr_line' id='line_1_89' title="bbox 1931 3044 3435 3113; baseline -0.001 -13"><span class='ocrx_word' id='word_1_502' title='bbox 1931 3046 2162 3100; x_wconf 78' lang='lat' dir='ltr'><strong>Fortuna</strong></span> <span class='ocrx_word' id='word_1_503' title='bbox 2192 3061 2314 3101; x_wconf 91' lang='lat' dir='ltr'><strong>cum</strong></span> <span class='ocrx_word' id='word_1_504' title='bbox 2346 3046 2552 3101; x_wconf 87' lang='lat' dir='ltr'><strong>civibus</strong></span> <span class='ocrx_word' id='word_1_505' title='bbox 2585 3046 2784 3100; x_wconf 87' lang='lat' dir='ltr'><strong>nostris</strong></span> <span class='ocrx_word' id='word_1_506' title='bbox 2813 3044 3037 3100; x_wconf 83' lang='lat' dir='ltr'><strong>revertit</strong></span> <span class='ocrx_word' id='word_1_507' title='bbox 3079 3045 3132 3098; x_wconf 90' lang='lat' dir='ltr'><strong>in</strong></span> <span class='ocrx_word' id='word_1_508' title='bbox 3175 3045 3435 3113; x_wconf 81' lang='lat' dir='ltr'><strong>gratiam,</strong></span> 
     </span>
    </p>
   </div>
   <div class='ocr_carea' id='block_1_89' title="bbox 1859 3134 3435 3208">
    <p class='ocr_par' dir='ltr' id='par_1_89' title="bbox 1859 3134 3435 3208">
     <span class='ocr_line' id='line_1_90' title="bbox 1859 3134 3435 3208; baseline -0.002 -17"><span class='ocrx_word' id='word_1_509' title='bbox 1859 3148 2138 3208; x_wconf 88' lang='lat' dir='ltr'><strong>postquam</strong></span> <span class='ocrx_word' id='word_1_510' title='bbox 2169 3147 2222 3192; x_wconf 90' lang='lat' dir='ltr'><strong>te</strong></span> <span class='ocrx_word' id='word_1_511' title='bbox 2256 3137 2358 3192; x_wconf 89' lang='lat' dir='ltr'><strong>sibi</strong></span> <span class='ocrx_word' id='word_1_512' title='bbox 2391 3138 2689 3205; x_wconf 82' lang='lat' dir='ltr'><strong>respublica</strong></span> <span class='ocrx_word' id='word_1_513' title='bbox 2721 3134 3028 3192; x_wconf 75' lang='lat' dir='ltr'><strong>vindicavit.</strong></span> <span class='ocrx_word' id='word_1_514' title='bbox 3058 3137 3402 3190; x_wconf 86' lang='lat' dir='ltr'><strong>Annumeran</strong></span> <span class='ocrx_word' id='word_1_515' title='bbox 3423 3167 3435 3176; x_wconf 88' lang='lat'><strong>-</strong></span> 
     </span>
    </p>
   </div>
   <div class='ocr_carea' id='block_1_90' title="bbox 1860 3222 3438 3300">
    <p class='ocr_par' dir='ltr' id='par_1_90' title="bbox 1860 3222 3438 3300">
     <span class='ocr_line' id='line_1_91' title="bbox 1860 3222 3438 3300; baseline -0.001 -17"><span class='ocrx_word' id='word_1_516' title='bbox 1860 3222 1960 3285; x_wconf 75' lang='lat' dir='ltr'><strong>itus</strong></span> <span class='ocrx_word' id='word_1_517' title='bbox 1984 3238 2068 3284; x_wconf 90' lang='lat' dir='ltr'><strong>est</strong></span> <span class='ocrx_word' id='word_1_518' title='bbox 2099 3230 2258 3300; x_wconf 83' lang='lat' dir='ltr'><strong>igitur</strong></span> <span class='ocrx_word' id='word_1_519' title='bbox 2297 3229 2511 3284; x_wconf 74' lang='lat' dir='ltr'><strong>czutcris</strong></span> <span class='ocrx_word' id='word_1_520' title='bbox 2540 3229 2881 3298; x_wconf 77' lang='lat' dir='ltr'><strong>sperantbus</strong></span> <span class='ocrx_word' id='word_1_521' title='bbox 2910 3229 3212 3296; x_wconf 55' lang='lat' dir='ltr'><strong>atquitatetn</strong></span> <span class='ocrx_word' id='word_1_522' title='bbox 3239 3227 3438 3283; x_wconf 84' lang='lat' dir='ltr'><strong>Jucuu-</strong></span> 
     </span>
    </p>
   </div>
   <div class='ocr_carea' id='block_1_91' title="bbox 1855 3322 3440 3390">
    <p class='ocr_par' dir='ltr' id='par_1_91' title="bbox 1855 3322 3440 3390">
     <span class='ocr_line' id='line_1_92' title="bbox 1855 3322 3440 3390; baseline -0.003 -13"><span class='ocrx_word' id='word_1_523' title='bbox 1855 3324 1957 3377; x_wconf 86' lang='lat' dir='ltr'><strong>dus</strong></span> <span class='ocrx_word' id='word_1_524' title='bbox 1996 3322 2354 3379; x_wconf 82' lang='lat' dir='ltr'><strong>amicissimus</strong></span> <span class='ocrx_word' id='word_1_525' title='bbox 2402 3337 2582 3387; x_wconf 88' lang='lat' dir='ltr'><strong>meus;</strong></span> <span class='ocrx_word' id='word_1_526' title='bbox 2629 3337 2789 3390; x_wconf 87' lang='lat' dir='ltr'><strong>quem</strong></span> <span class='ocrx_word' id='word_1_527' title='bbox 2843 3324 3032 3375; x_wconf 86' lang='lat' dir='ltr'><strong>morbo</strong></span> <span class='ocrx_word' id='word_1_528' title='bbox 3080 3322 3186 3387; x_wconf 76' lang='lat' dir='ltr'><strong>jam</strong></span> <span class='ocrx_word' id='word_1_529' title='bbox 3233 3322 3440 3375; x_wconf 85' lang='lat' dir='ltr'><strong>diutino</strong></span> 
     </span>
    </p>
   </div>
   <div class='ocr_carea' id='block_1_92' title="bbox 1855 3415 3436 3485">
    <p class='ocr_par' dir='ltr' id='par_1_92' title="bbox 1855 3415 3436 3485">
     <span class='ocr_line' id='line_1_93' title="bbox 1855 3415 3436 3485; baseline -0.001 -15"><span class='ocrx_word' id='word_1_530' title='bbox 1855 3433 2100 3485; x_wconf 80' lang='lat' dir='ltr'><strong>gravem,</strong></span> <span class='ocrx_word' id='word_1_531' title='bbox 2145 3416 2460 3485; x_wconf 72' lang='lat' dir='ltr'><strong>prmfectura</strong></span> <span class='ocrx_word' id='word_1_532' title='bbox 2502 3416 2750 3470; x_wconf 84' lang='lat' dir='ltr'><strong>eminens</strong></span> <span class='ocrx_word' id='word_1_533' title='bbox 2808 3415 2874 3468; x_wconf 84' lang='lat' dir='ltr'><strong>ad</strong></span> <span class='ocrx_word' id='word_1_534' title='bbox 2923 3420 3282 3483; x_wconf 61' lang='lat' dir='ltr'><strong>cogu‘touem</strong></span> <span class='ocrx_word' id='word_1_535' title='bbox 3327 3418 3436 3483; x_wconf 86' lang='lat' dir='ltr'><strong>pri-</strong></span> 
     </span>
    </p>
   </div>
   <div class='ocr_carea' id='block_1_93' title="bbox 1858 3505 3442 3575">
    <p class='ocr_par' dir='ltr' id='par_1_93' title="bbox 1858 3505 3442 3575">
     <span class='ocr_line' id='line_1_94' title="bbox 1858 3505 3442 3575; baseline -0.002 -15"><span class='ocrx_word' id='word_1_536' title='bbox 1858 3518 1993 3564; x_wconf 63' lang='lat' dir='ltr'><strong>vace</strong></span> <span class='ocrx_word' id='word_1_537' title='bbox 2032 3510 2140 3563; x_wconf 85' lang='lat' dir='ltr'><strong>litis</strong></span> <span class='ocrx_word' id='word_1_538' title='bbox 2183 3509 2476 3563; x_wconf 79' lang='lat' dir='ltr'><strong>exciverat.</strong></span> <span class='ocrx_word' id='word_1_539' title='bbox 2520 3507 2615 3562; x_wconf 84' lang='lat' dir='ltr'><strong>Est</strong></span> <span class='ocrx_word' id='word_1_540' title='bbox 2657 3507 2733 3560; x_wconf 91' lang='lat' dir='ltr'><strong>illi</strong></span> <span class='ocrx_word' id='word_1_541' title='bbox 2773 3505 2988 3575; x_wconf 90' lang='lat' dir='ltr'><strong>quidem</strong></span> <span class='ocrx_word' id='word_1_542' title='bbox 3025 3508 3291 3570; x_wconf 82' lang='lat' dir='ltr'><strong>votivum,</strong></span> <span class='ocrx_word' id='word_1_543' title='bbox 3339 3509 3442 3560; x_wconf 82' lang='lat' dir='ltr'><strong>sub</strong></span> 
     </span>
    </p>
   </div>
   <div class='ocr_carea' id='block_1_94' title="bbox 1855 3597 3440 3666">
    <p class='ocr_par' dir='ltr' id='par_1_94' title="bbox 1855 3597 3440 3666">
     <span class='ocr_line' id='line_1_95' title="bbox 1855 3597 3440 3666; baseline -0.006 -9"><span class='ocrx_word' id='word_1_544' title='bbox 1855 3602 2104 3657; x_wconf 81' lang='lat' dir='ltr'><strong>examine</strong></span> <span class='ocrx_word' id='word_1_545' title='bbox 2150 3611 2242 3656; x_wconf 84' lang='lat' dir='ltr'><strong>tuo</strong></span> <span class='ocrx_word' id='word_1_546' title='bbox 2292 3599 2620 3666; x_wconf 83' lang='lat' dir='ltr'><strong>respondere</strong></span> <span class='ocrx_word' id='word_1_547' title='bbox 2677 3598 2983 3666; x_wconf 83' lang='lat' dir='ltr'><strong>propositis.</strong></span> <span class='ocrx_word' id='word_1_548' title='bbox 3032 3597 3136 3651; x_wconf 78' lang='lat' dir='ltr'><strong>Sed</strong></span> <span class='ocrx_word' id='word_1_549' title='bbox 3189 3599 3440 3652; x_wconf 88' lang='lat' dir='ltr'><strong>valetudo</strong></span> 
     </span>
    </p>
   </div>
   <div class='ocr_carea' id='block_1_95' title="bbox 1857 3689 3438 3760">
    <p class='ocr_par' dir='ltr' id='par_1_95' title="bbox 1857 3689 3438 3760">
     <span class='ocr_line' id='line_1_96' title="bbox 1857 3689 3438 3760; baseline -0.003 -14"><span class='ocrx_word' id='word_1_550' title='bbox 1857 3693 2118 3746; x_wconf 65' lang='lat' dir='ltr'><strong>voluntati</strong></span> <span class='ocrx_word' id='word_1_551' title='bbox 2148 3691 2428 3757; x_wconf 88' lang='lat' dir='ltr'><strong>obnititur,</strong></span> <span class='ocrx_word' id='word_1_552' title='bbox 2451 3706 2571 3760; x_wconf 72' lang='lat' dir='ltr'><strong>quze</strong></span> <span class='ocrx_word' id='word_1_553' title='bbox 2594 3689 2855 3743; x_wconf 80' lang='lat' dir='ltr'><strong>effusione</strong></span> <span class='ocrx_word' id='word_1_554' title='bbox 2877 3689 3150 3757; x_wconf 82' lang='lat' dir='ltr'><strong>sanguinis</strong></span> <span class='ocrx_word' id='word_1_555' title='bbox 3179 3689 3438 3752; x_wconf 88' lang='lat' dir='ltr'><strong>sauciata,</strong></span> 
     </span>
    </p>
   </div>
   <div class='ocr_carea' id='block_1_96' title="bbox 1857 3779 3443 3849">
    <p class='ocr_par' dir='ltr' id='par_1_96' title="bbox 1857 3779 3443 3849">
     <span class='ocr_line' id='line_1_97' title="bbox 1857 3779 3443 3849; baseline -0.005 -10"><span class='ocrx_word' id='word_1_556' title='bbox 1857 3784 2106 3840; x_wconf 79' lang='lat' dir='ltr'><strong>itinerum</strong></span> <span class='ocrx_word' id='word_1_557' title='bbox 2136 3791 2345 3838; x_wconf 88' lang='lat' dir='ltr'><strong>recusat</strong></span> <span class='ocrx_word' id='word_1_558' title='bbox 2388 3782 2611 3836; x_wconf 87' lang='lat' dir='ltr'><strong>incerta.</strong></span> <span class='ocrx_word' id='word_1_559' title='bbox 2641 3781 2748 3835; x_wconf 82' lang='lat' dir='ltr'><strong>Nec</strong></span> <span class='ocrx_word' id='word_1_560' title='bbox 2792 3779 2964 3835; x_wconf 87' lang='lat' dir='ltr'><strong>deerit</strong></span> <span class='ocrx_word' id='word_1_561' title='bbox 2999 3780 3085 3849; x_wconf 71' lang='lat' dir='ltr'><strong>jus</strong></span> <span class='ocrx_word' id='word_1_562' title='bbox 3109 3780 3443 3835; x_wconf 81' lang='lat' dir='ltr'><strong>adversantis</strong></span> 
     </span>
    </p>
   </div>
   <div class='ocr_carea' id='block_1_97' title="bbox 1859 3871 3444 3944">
    <p class='ocr_par' dir='ltr' id='par_1_97' title="bbox 1859 3871 3444 3944">
     <span class='ocr_line' id='line_1_98' title="bbox 1859 3871 3444 3944; baseline -0.006 -12"><span class='ocrx_word' id='word_1_563' title='bbox 1859 3876 2133 3944; x_wconf 84' lang='lat' dir='ltr'><strong>petitioni,</strong></span> <span class='ocrx_word' id='word_1_564' title='bbox 2165 3875 2211 3929; x_wconf 87' lang='lat' dir='ltr'><strong>si</strong></span> <span class='ocrx_word' id='word_1_565' title='bbox 2251 3874 2317 3928; x_wconf 86' lang='lat' dir='ltr'><strong>ad</strong></span> <span class='ocrx_word' id='word_1_566' title='bbox 2353 3873 2617 3929; x_wconf 86' lang='lat' dir='ltr'><strong>Vicarium</strong></span> <span class='ocrx_word' id='word_1_567' title='bbox 2659 3883 2808 3926; x_wconf 93' lang='lat' dir='ltr'><strong>tuum</strong></span> <span class='ocrx_word' id='word_1_568' title='bbox 2856 3872 3172 3939; x_wconf 85' lang='lat' dir='ltr'><strong>disceptatio</strong></span> <span class='ocrx_word' id='word_1_569' title='bbox 3217 3871 3444 3925; x_wconf 76' lang='lat' dir='ltr'><strong>transfe~</strong></span> 
     </span>
    </p>
   </div>
   <div class='ocr_carea' id='block_1_98' title="bbox 1857 3964 3444 4036">
    <p class='ocr_par' dir='ltr' id='par_1_98' title="bbox 1857 3964 3444 4036">
     <span class='ocr_line' id='line_1_99' title="bbox 1857 3964 3444 4036; baseline -0.005 -14"><span class='ocrx_word' id='word_1_570' title='bbox 1857 3979 2025 4022; x_wconf 88' lang='lat' dir='ltr'><strong>ratur.</strong></span> <span class='ocrx_word' id='word_1_571' title='bbox 2052 3967 2178 4022; x_wconf 65' lang='lat' dir='ltr'><strong>Ilaec</strong></span> <span class='ocrx_word' id='word_1_572' title='bbox 2208 3966 2366 4036; x_wconf 80' lang='lat' dir='ltr'><strong>igitur</strong></span> <span class='ocrx_word' id='word_1_573' title='bbox 2391 3979 2599 4020; x_wconf 90' lang='lat' dir='ltr'><strong>summa</strong></span> <span class='ocrx_word' id='word_1_574' title='bbox 2623 3975 2706 4018; x_wconf 88' lang='lat' dir='ltr'><strong>est</strong></span> <span class='ocrx_word' id='word_1_575' title='bbox 2729 3964 3016 4031; x_wconf 86' lang='lat' dir='ltr'><strong>postulati:</strong></span> <span class='ocrx_word' id='word_1_576' title='bbox 3040 3973 3096 4016; x_wconf 91' lang='lat' dir='ltr'><strong>ut</strong></span> <span class='ocrx_word' id='word_1_577' title='bbox 3125 3977 3247 4018; x_wconf 90' lang='lat' dir='ltr'><strong>cum</strong></span> <span class='ocrx_word' id='word_1_578' title='bbox 3269 3977 3444 4016; x_wconf 69' lang='lat' dir='ltr'><strong>causa:</strong></span> 
     </span>
    </p>
   </div>
   <div class='ocr_carea' id='block_1_99' title="bbox 1858 4052 3445 4126">
    <p class='ocr_par' dir='ltr' id='par_1_99' title="bbox 1858 4052 3445 4126">
     <span class='ocr_line' id='line_1_100' title="bbox 1858 4052 3445 4126; baseline -0.004 -14"><span class='ocrx_word' id='word_1_579' title='bbox 1858 4058 1988 4113; x_wconf 90' lang='lat' dir='ltr'><strong>nihil</strong></span> <span class='ocrx_word' id='word_1_580' title='bbox 2029 4059 2097 4113; x_wconf 92' lang='lat' dir='ltr'><strong>de</strong></span> <span class='ocrx_word' id='word_1_581' title='bbox 2134 4058 2253 4112; x_wconf 91' lang='lat' dir='ltr'><strong>loco</strong></span> <span class='ocrx_word' id='word_1_582' title='bbox 2299 4064 2514 4126; x_wconf 87' lang='lat' dir='ltr'><strong>pereat,</strong></span> <span class='ocrx_word' id='word_1_583' title='bbox 2560 4056 2790 4110; x_wconf 85' lang='lat' dir='ltr'><strong>salutem</strong></span> <span class='ocrx_word' id='word_1_584' title='bbox 2840 4054 3041 4108; x_wconf 90' lang='lat' dir='ltr'><strong>homini</strong></span> <span class='ocrx_word' id='word_1_585' title='bbox 3088 4052 3445 4122; x_wconf 83' lang='lat' dir='ltr'><strong>peregrinatio</strong></span> 
     </span>
    </p>
   </div>
   <div class='ocr_carea' id='block_1_100' title="bbox 1860 4148 2551 4212">
    <p class='ocr_par' dir='ltr' id='par_1_100' title="bbox 1860 4148 2551 4212">
     <span class='ocr_line' id='line_1_101' title="bbox 1860 4148 2551 4212; baseline -0.007 -7"><span class='ocrx_word' id='word_1_586' title='bbox 1860 4162 2065 4212; x_wconf 87' lang='lat' dir='ltr'><strong>remota</strong></span> <span class='ocrx_word' id='word_1_587' title='bbox 2094 4149 2364 4204; x_wconf 90' lang='lat' dir='ltr'><strong>conciliet.</strong></span> <span class='ocrx_word' id='word_1_588' title='bbox 2401 4148 2551 4202; x_wconf 85' lang='lat' dir='ltr'><strong>Vale.</strong></span> 
     </span>
    </p>
   </div>
   <div class='ocr_carea' id='block_1_101' title="bbox 2377 4235 2898 4293">
    <p class='ocr_par' dir='ltr' id='par_1_101' title="bbox 2377 4235 2898 4293">
     <span class='ocr_line' id='line_1_102' title="bbox 2377 4235 2898 4293; baseline -0.01 0"><span class='ocrx_word' id='word_1_589' title='bbox 2377 4237 2592 4293; x_wconf 82' lang='lat' dir='ltr'><strong>EPIST.</strong></span> <span class='ocrx_word' id='word_1_590' title='bbox 2636 4235 2898 4291; x_wconf 88' lang='lat' dir='ltr'><strong>LXXXII.</strong></span> 
     </span>
    </p>
   </div>
   <div class='ocr_carea' id='block_1_102' title="bbox 2339 4333 2964 4384">
    <p class='ocr_par' dir='ltr' id='par_1_102' title="bbox 2339 4333 2964 4384">
     <span class='ocr_line' id='line_1_103' title="bbox 2339 4333 2964 4384; baseline -0.011 0"><span class='ocrx_word' id='word_1_591' title='bbox 2339 4333 2652 4384; x_wconf 67' lang='lat' dir='ltr'><strong>svuuscubs</strong></span> <span class='ocrx_word' id='word_1_592' title='bbox 2691 4335 2964 4381; x_wconf 62' lang='lat' dir='ltr'><strong>hsssace.</strong></span> 
     </span>
    </p>
   </div>
   <div class='ocr_carea' id='block_1_103' title="bbox 1931 4414 3451 4490">
    <p class='ocr_par' dir='ltr' id='par_1_103' title="bbox 1931 4414 3451 4490">
     <span class='ocr_line' id='line_1_104' title="bbox 1931 4414 3451 4490; baseline -0.009 -9"><span class='ocrx_word' id='word_1_593' title='bbox 1931 4423 2248 4482; x_wconf 87' lang='lat' dir='ltr'><strong>Instruenda</strong></span> <span class='ocrx_word' id='word_1_594' title='bbox 2284 4421 2414 4477; x_wconf 90' lang='lat' dir='ltr'><strong>mihi</strong></span> <span class='ocrx_word' id='word_1_595' title='bbox 2452 4430 2611 4490; x_wconf 88' lang='lat' dir='ltr'><strong>atque</strong></span> <span class='ocrx_word' id='word_1_596' title='bbox 2640 4418 2948 4474; x_wconf 87' lang='lat' dir='ltr'><strong>adornanda</strong></span> <span class='ocrx_word' id='word_1_597' title='bbox 2982 4422 3210 4485; x_wconf 71' lang='lat' dir='ltr'><strong>prmtura</strong></span> <span class='ocrx_word' id='word_1_598' title='bbox 3237 4421 3345 4477; x_wconf 88' lang='lat' dir='ltr'><strong>est,</strong></span> <span class='ocrx_word' id='word_1_599' title='bbox 3377 4414 3451 4468; x_wconf 83' lang='lat' dir='ltr'><strong>ad</strong></span> 
     </span>
    </p>
   </div>
   <div class='ocr_carea' id='block_1_104' title="bbox 1859 4504 3442 4588">
    <p class='ocr_par' dir='ltr' id='par_1_104' title="bbox 1859 4504 3442 4588">
     <span class='ocr_line' id='line_1_105' title="bbox 1859 4504 3442 4588; baseline -0.011 -14"><span class='ocrx_word' id='word_1_600' title='bbox 1859 4521 2014 4588; x_wconf 71' lang='lat' dir='ltr'><strong>cuius</strong></span> <span class='ocrx_word' id='word_1_601' title='bbox 2041 4516 2330 4572; x_wconf 88' lang='lat' dir='ltr'><strong>editionem</strong></span> <span class='ocrx_word' id='word_1_602' title='bbox 2361 4509 2745 4582; x_wconf 81' lang='lat' dir='ltr'><strong>magnitudinis</strong></span> <span class='ocrx_word' id='word_1_603' title='bbox 2771 4519 2878 4563; x_wconf 73' lang='lat' dir='ltr'><strong>tua:</strong></span> <span class='ocrx_word' id='word_1_604' title='bbox 2907 4520 3196 4577; x_wconf 87' lang='lat' dir='ltr'><strong>processus</strong></span> <span class='ocrx_word' id='word_1_605' title='bbox 3233 4504 3442 4559; x_wconf 79' lang='lat' dir='ltr'><strong>anima-</strong></span> 
     </span>
    </p>
   </div>
   <div class='ocr_carea' id='block_1_105' title="bbox 1866 4596 3444 4677">
    <p class='ocr_par' dir='ltr' id='par_1_105' title="bbox 1866 4596 3444 4677">
     <span class='ocr_line' id='line_1_106' title="bbox 1866 4596 3444 4677; baseline -0.009 -11"><span class='ocrx_word' id='word_1_606' title='bbox 1866 4612 1956 4666; x_wconf 85' lang='lat' dir='ltr'><strong>vit.</strong></span> <span class='ocrx_word' id='word_1_607' title='bbox 2004 4612 2298 4677; x_wconf 70' lang='lat' dir='ltr'><strong>locmptum</strong></span> <span class='ocrx_word' id='word_1_608' title='bbox 2345 4606 2488 4662; x_wconf 87' lang='lat' dir='ltr'><strong>enim</strong></span> <span class='ocrx_word' id='word_1_609' title='bbox 2538 4618 2715 4660; x_wconf 87' lang='lat' dir='ltr'><strong>meum</strong></span> <span class='ocrx_word' id='word_1_610' title='bbox 2769 4600 2974 4654; x_wconf 84' lang='lat' dir='ltr'><strong>viribus</strong></span> <span class='ocrx_word' id='word_1_611' title='bbox 3024 4596 3206 4653; x_wconf 88' lang='lat' dir='ltr'><strong>fratris</strong></span> <span class='ocrx_word' id='word_1_612' title='bbox 3245 4607 3444 4652; x_wconf 90' lang='lat' dir='ltr'><strong>utetur.</strong></span> 
     </span>
    </p>
   </div>
   <div class='ocr_carea' id='block_1_106' title="bbox 1863 4689 3445 4772">
    <p class='ocr_par' dir='ltr' id='par_1_106' title="bbox 1863 4689 3445 4772">
     <span class='ocr_line' id='line_1_107' title="bbox 1863 4689 3445 4772; baseline -0.011 -14"><span class='ocrx_word' id='word_1_613' title='bbox 1863 4706 2058 4772; x_wconf 70' lang='lat' dir='ltr'><strong>Quinso</strong></span> <span class='ocrx_word' id='word_1_614' title='bbox 2101 4703 2262 4770; x_wconf 72' lang='lat' dir='ltr'><strong>igitur</strong></span> <span class='ocrx_word' id='word_1_615' title='bbox 2301 4712 2512 4754; x_wconf 87' lang='lat' dir='ltr'><strong>mecum</strong></span> <span class='ocrx_word' id='word_1_616' title='bbox 2556 4695 2804 4764; x_wconf 85' lang='lat' dir='ltr'><strong>religiose</strong></span> <span class='ocrx_word' id='word_1_617' title='bbox 2836 4691 3010 4746; x_wconf 87' lang='lat' dir='ltr'><strong>votiva</strong></span> <span class='ocrx_word' id='word_1_618' title='bbox 3039 4689 3213 4744; x_wconf 86' lang='lat' dir='ltr'><strong>officia</strong></span> <span class='ocrx_word' id='word_1_619' title='bbox 3243 4691 3445 4760; x_wconf 85' lang='lat' dir='ltr'><strong>partia-</strong></span> 
     </span>
    </p>
   </div>
   <div class='ocr_carea' id='block_1_107' title="bbox 1865 4783 3445 4863">
    <p class='ocr_par' dir='ltr' id='par_1_107' title="bbox 1865 4783 3445 4863">
     <span class='ocr_line' id='line_1_108' title="bbox 1865 4783 3445 4863; baseline -0.011 -11"><span class='ocrx_word' id='word_1_620' title='bbox 1865 4799 1960 4863; x_wconf 87' lang='lat' dir='ltr'><strong>ris,</strong></span> <span class='ocrx_word' id='word_1_621' title='bbox 1991 4807 2044 4851; x_wconf 90' lang='lat' dir='ltr'><strong>ct</strong></span> <span class='ocrx_word' id='word_1_622' title='bbox 2075 4793 2427 4849; x_wconf 86' lang='lat' dir='ltr'><strong>familiaribus</strong></span> <span class='ocrx_word' id='word_1_623' title='bbox 2457 4789 2590 4844; x_wconf 91' lang='lat' dir='ltr'><strong>meis</strong></span> <span class='ocrx_word' id='word_1_624' title='bbox 2615 4787 2680 4841; x_wconf 88' lang='lat' dir='ltr'><strong>ad</strong></span> <span class='ocrx_word' id='word_1_625' title='bbox 2715 4784 2980 4855; x_wconf 68' lang='lat' dir='ltr'><strong>l-Iispanize</strong></span> <span class='ocrx_word' id='word_1_626' title='bbox 3009 4783 3295 4852; x_wconf 90' lang='lat' dir='ltr'><strong>longinqua</strong></span> <span class='ocrx_word' id='word_1_627' title='bbox 3327 4797 3445 4852; x_wconf 86' lang='lat' dir='ltr'><strong>per-</strong></span> 
     </span>
    </p>
   </div>
   <div class='ocr_carea' id='block_1_108' title="bbox 1862 4873 3447 4959">
    <p class='ocr_par' dir='ltr' id='par_1_108' title="bbox 1862 4873 3447 4959">
     <span class='ocr_line' id='line_1_109' title="bbox 1862 4873 3447 4959; baseline -0.012 -16"><span class='ocrx_word' id='word_1_628' title='bbox 1862 4888 2133 4959; x_wconf 87' lang='lat' dir='ltr'><strong>gentibus,</strong></span> <span class='ocrx_word' id='word_1_629' title='bbox 2166 4887 2235 4939; x_wconf 86' lang='lat' dir='ltr'><strong>ob</strong></span> <span class='ocrx_word' id='word_1_630' title='bbox 2266 4897 2527 4953; x_wconf 86' lang='lat' dir='ltr'><strong>equorum</strong></span> <span class='ocrx_word' id='word_1_631' title='bbox 2557 4878 2822 4936; x_wconf 70' lang='lat' dir='ltr'><strong>curulium</strong></span> <span class='ocrx_word' id='word_1_632' title='bbox 2867 4876 3294 4943; x_wconf 55' lang='lat' dir='ltr'><strong>coemptionem,</strong></span> <span class='ocrx_word' id='word_1_633' title='bbox 3337 4873 3447 4928; x_wconf 79' lang='lat' dir='ltr'><strong>suf-</strong></span> 
     </span>
    </p>
   </div>
   <div class='ocr_carea' id='block_1_109' title="bbox 1865 4963 3443 5050">
    <p class='ocr_par' dir='ltr' id='par_1_109' title="bbox 1865 4963 3443 5050">
     <span class='ocr_line' id='line_1_110' title="bbox 1865 4963 3443 5050; baseline -0.013 -15"><span class='ocrx_word' id='word_1_634' title='bbox 1865 4981 2026 5050; x_wconf 87' lang='lat' dir='ltr'><strong>fragia</strong></span> <span class='ocrx_word' id='word_1_635' title='bbox 2061 4973 2405 5048; x_wconf 84' lang='lat' dir='ltr'><strong>promovendi</strong></span> <span class='ocrx_word' id='word_1_636' title='bbox 2433 4972 2630 5044; x_wconf 89' lang='lat' dir='ltr'><strong>negotii</strong></span> <span class='ocrx_word' id='word_1_637' title='bbox 2657 4969 2894 5040; x_wconf 89' lang='lat' dir='ltr'><strong>digneris</strong></span> <span class='ocrx_word' id='word_1_638' title='bbox 2917 4979 3177 5021; x_wconf 83' lang='lat' dir='ltr'><strong>annuere.</strong></span> <span class='ocrx_word' id='word_1_639' title='bbox 3205 4963 3443 5032; x_wconf 87' lang='lat' dir='ltr'><strong>Longum</strong></span> 
     </span>
    </p>
   </div>
   <div class='ocr_carea' id='block_1_110' title="bbox 1863 5053 3438 5138">
    <p class='ocr_par' dir='ltr' id='par_1_110' title="bbox 1863 5053 3438 5138">
     <span class='ocr_line' id='line_1_111' title="bbox 1863 5053 3438 5138; baseline -0.012 -7"><span class='ocrx_word' id='word_1_640' title='bbox 1863 5076 1988 5138; x_wconf 86' lang='lat' dir='ltr'><strong>fiat,</strong></span> <span class='ocrx_word' id='word_1_641' title='bbox 2018 5072 2063 5126; x_wconf 89' lang='lat' dir='ltr'><strong>si</strong></span> <span class='ocrx_word' id='word_1_642' title='bbox 2102 5070 2260 5125; x_wconf 89' lang='lat' dir='ltr'><strong>velim</strong></span> <span class='ocrx_word' id='word_1_643' title='bbox 2308 5065 2502 5124; x_wconf 86' lang='lat' dir='ltr'><strong>litteris</strong></span> <span class='ocrx_word' id='word_1_644' title='bbox 2531 5061 2829 5133; x_wconf 72' lang='lat' dir='ltr'><strong>prrcstanda</strong></span> <span class='ocrx_word' id='word_1_645' title='bbox 2878 5070 3221 5128; x_wconf 90' lang='lat' dir='ltr'><strong>percurrere.</strong></span> <span class='ocrx_word' id='word_1_646' title='bbox 3249 5053 3438 5123; x_wconf 82' lang='lat' dir='ltr'><strong>Capita</strong></span> 
     </span>
    </p>
   </div>
   <div class='ocr_carea' id='block_1_111' title="bbox 1864 5147 3447 5232">
    <p class='ocr_par' dir='ltr' id='par_1_111' title="bbox 1864 5147 3447 5232">
     <span class='ocr_line' id='line_1_112' title="bbox 1864 5147 3447 5232; baseline -0.016 -10"><span class='ocrx_word' id='word_1_647' title='bbox 1864 5179 2042 5222; x_wconf 86' lang='lat' dir='ltr'><strong>rerum</strong></span> <span class='ocrx_word' id='word_1_648' title='bbox 2063 5161 2306 5232; x_wconf 78' lang='lat' dir='ltr'><strong>subjecto</strong></span> <span class='ocrx_word' id='word_1_649' title='bbox 2325 5157 2560 5215; x_wconf 89' lang='lat' dir='ltr'><strong>indiculo</strong></span> <span class='ocrx_word' id='word_1_650' title='bbox 2581 5154 2806 5211; x_wconf 88' lang='lat' dir='ltr'><strong>strictim</strong></span> <span class='ocrx_word' id='word_1_651' title='bbox 2825 5149 3026 5206; x_wconf 88' lang='lat' dir='ltr'><strong>notavi.</strong></span> <span class='ocrx_word' id='word_1_652' title='bbox 3043 5149 3158 5204; x_wconf 87' lang='lat' dir='ltr'><strong>Tibi</strong></span> <span class='ocrx_word' id='word_1_653' title='bbox 3180 5147 3447 5216; x_wconf 83' lang='lat' dir='ltr'><strong>integrum</strong></span> 
     </span>
    </p>
   </div>
   <div class='ocr_carea' id='block_1_112' title="bbox 1863 5239 3448 5325">
    <p class='ocr_par' dir='ltr' id='par_1_112' title="bbox 1863 5239 3448 5325">
     <span class='ocr_line' id='line_1_113' title="bbox 1863 5239 3448 5325; baseline -0.015 -13"><span class='ocrx_word' id='word_1_654' title='bbox 1863 5259 1967 5312; x_wconf 90' lang='lat' dir='ltr'><strong>erit</strong></span> <span class='ocrx_word' id='word_1_655' title='bbox 2000 5253 2238 5325; x_wconf 84' lang='lat' dir='ltr'><strong>adjicere</strong></span> <span class='ocrx_word' id='word_1_656' title='bbox 2284 5249 2576 5313; x_wconf 81' lang='lat' dir='ltr'><strong>beneficia,</strong></span> <span class='ocrx_word' id='word_1_657' title='bbox 2621 5245 2666 5301; x_wconf 87' lang='lat' dir='ltr'><strong>si</strong></span> <span class='ocrx_word' id='word_1_658' title='bbox 2703 5259 2806 5315; x_wconf 88' lang='lat' dir='ltr'><strong>qua</strong></span> <span class='ocrx_word' id='word_1_659' title='bbox 2838 5241 3006 5313; x_wconf 86' lang='lat' dir='ltr'><strong>stylus</strong></span> <span class='ocrx_word' id='word_1_660' title='bbox 3043 5239 3273 5311; x_wconf 86' lang='lat' dir='ltr'><strong>petentis</strong></span> <span class='ocrx_word' id='word_1_661' title='bbox 3313 5240 3448 5290; x_wconf 84' lang='lat' dir='ltr'><strong>onu-</strong></span> 
     </span>
    </p>
   </div>
   <div class='ocr_carea' id='block_1_113' title="bbox 1862 5349 2129 5408">
    <p class='ocr_par' dir='ltr' id='par_1_113' title="bbox 1862 5349 2129 5408">
     <span class='ocr_line' id='line_1_114' title="bbox 1862 5349 2129 5408; baseline -0.015 0"><span class='ocrx_word' id='word_1_662' title='bbox 1862 5353 1950 5408; x_wconf 88' lang='lat' dir='ltr'><strong>sit.</strong></span> <span class='ocrx_word' id='word_1_663' title='bbox 1981 5349 2129 5405; x_wconf 88' lang='lat' dir='ltr'><strong>Vale.</strong></span> 
     </span>
    </p>
   </div>
   <div class='ocr_carea' id='block_1_114' title="bbox 2382 5407 2925 5470">
    <p class='ocr_par' dir='ltr' id='par_1_114' title="bbox 2382 5407 2925 5470">
     <span class='ocr_line' id='line_1_115' title="bbox 2382 5407 2925 5470; baseline -0.018 -1"><span class='ocrx_word' id='word_1_664' title='bbox 2382 5412 2595 5470; x_wconf 77' lang='lat' dir='ltr'><strong>EPIS’I‘.</strong></span> <span class='ocrx_word' id='word_1_665' title='bbox 2637 5407 2925 5466; x_wconf 87' lang='lat' dir='ltr'><strong>LXXXIII.</strong></span> 
     </span>
    </p>
   </div>
   <div class='ocr_carea' id='block_1_115' title="bbox 2321 5515 2946 5561">
    <p class='ocr_par' dir='ltr' id='par_1_115' title="bbox 2321 5515 2946 5561">
     <span class='ocr_line' id='line_1_116' title="bbox 2321 5515 2946 5561; baseline -0.014 0"><span class='ocrx_word' id='word_1_666' title='bbox 2321 5519 2634 5561; x_wconf 67' lang='grc' dir='ltr'>εῖιιιιιςιιοε</span> <span class='ocrx_word' id='word_1_667' title='bbox 2678 5515 2946 5557; x_wconf 57' lang='grc' dir='ltr'><strong>διεθΒΑω-ζ.</strong></span> 
     </span>
    </p>
   </div>
   <div class='ocr_carea' id='block_1_116' title="bbox 1934 5585 3444 5680">
    <p class='ocr_par' dir='ltr' id='par_1_116' title="bbox 1934 5585 3444 5680">
     <span class='ocr_line' id='line_1_117' title="bbox 1934 5585 3444 5680; baseline -0.019 -15"><span class='ocrx_word' id='word_1_668' title='bbox 1934 5610 1990 5666; x_wconf 91' lang='lat' dir='ltr'><strong>Si</strong></span> <span class='ocrx_word' id='word_1_669' title='bbox 2029 5604 2155 5680; x_wconf 84' lang='lat' dir='ltr'><strong>quid</strong></span> <span class='ocrx_word' id='word_1_670' title='bbox 2206 5618 2302 5672; x_wconf 86' lang='lat' dir='ltr'><strong>pro</strong></span> <span class='ocrx_word' id='word_1_671' title='bbox 2333 5599 2506 5653; x_wconf 85' lang='lat' dir='ltr'><strong>amico</strong></span> <span class='ocrx_word' id='word_1_672' title='bbox 2542 5607 2704 5667; x_wconf 87' lang='lat' dir='ltr'><strong>atque</strong></span> <span class='ocrx_word' id='word_1_673' title='bbox 2745 5590 2984 5646; x_wconf 89' lang='lat' dir='ltr'><strong>unanimi</strong></span> <span class='ocrx_word' id='word_1_674' title='bbox 3036 5602 3158 5644; x_wconf 86' lang='lat' dir='ltr'><strong>meo</strong></span> <span class='ocrx_word' id='word_1_675' title='bbox 3203 5585 3444 5643; x_wconf 81' lang='lat' dir='ltr'><strong>Jucundo</strong></span> 
     </span>
    </p>
   </div>
   <div class='ocr_carea' id='block_1_117' title="bbox 1861 5681 3444 5766">
    <p class='ocr_par' dir='ltr' id='par_1_117' title="bbox 1861 5681 3444 5766">
     <span class='ocr_line' id='line_1_118' title="bbox 1861 5681 3444 5766; baseline -0.019 -9"><span class='ocrx_word' id='word_1_676' title='bbox 1861 5704 2036 5764; x_wconf 71' lang='lat' dir='ltr'><strong>priora</strong></span> <span class='ocrx_word' id='word_1_677' title='bbox 2061 5697 2256 5766; x_wconf 86' lang='lat' dir='ltr'><strong>scripta</strong></span> <span class='ocrx_word' id='word_1_678' title='bbox 2281 5691 2592 5754; x_wconf 83' lang='lat' dir='ltr'><strong>valuissent,</strong></span> <span class='ocrx_word' id='word_1_679' title='bbox 2617 5684 2837 5757; x_wconf 84' lang='lat' dir='ltr'><strong>agendis</strong></span> <span class='ocrx_word' id='word_1_680' title='bbox 2865 5682 3033 5753; x_wconf 85' lang='lat' dir='ltr'><strong>magis</strong></span> <span class='ocrx_word' id='word_1_681' title='bbox 3057 5681 3262 5752; x_wconf 89' lang='lat' dir='ltr'><strong>gratiis,</strong></span> <span class='ocrx_word' id='word_1_682' title='bbox 3287 5692 3444 5747; x_wconf 86' lang='lat' dir='ltr'><strong>quam</strong></span> 
     </span>
    </p>
   </div>
   <div class='ocr_carea' id='block_1_118' title="bbox 1861 5770 3446 5857">
    <p class='ocr_par' dir='ltr' id='par_1_118' title="bbox 1861 5770 3446 5857">
     <span class='ocr_line' id='line_1_119' title="bbox 1861 5770 3446 5857; baseline -0.021 -8"><span class='ocrx_word' id='word_1_683' title='bbox 1861 5770 2555 5857; x_wconf 74' lang='lat' dir='ltr'><strong>renovandispetitionibus</strong></span> <span class='ocrx_word' id='word_1_684' title='bbox 2585 5796 2612 5834; x_wconf 90' lang='lat' dir='ltr'><strong>a</strong></span> <span class='ocrx_word' id='word_1_685' title='bbox 2665 5795 2748 5833; x_wconf 90' lang='lat' dir='ltr'><strong>me</strong></span> <span class='ocrx_word' id='word_1_686' title='bbox 2786 5791 2964 5832; x_wconf 86' lang='lat' dir='ltr'><strong>sermo</strong></span> <span class='ocrx_word' id='word_1_687' title='bbox 3004 5773 3446 5843; x_wconf 79' lang='lat' dir='ltr'><strong>impenderetur:</strong></span> 
     </span>
    </p>
   </div>
  </div>
