3932 6448
445 352 596 407 ’303

1681 349 1739 418 Q.
1784 346 2125 404 AURELIUS
2163 345 2598 407 SYMMACIIUS.
3651 359 3736 414 3M

495 463 589 516 sed
629 460 748 528 quia
800 459 850 512 iu
902 456 1044 514 civili
1092 458 1302 526 negotio
1346 465 1505 526 auget
1547 458 1665 526 ejus
1712 459 2075 512 infirmitatem
2107 460 2156 517 Α
2185 469 2286 525 est,
2320 461 2463 530 quod
2493 462 2636 530 cupit
2670 461 2786 516 foro
2814 470 2904 516 tuo
2934 476 3038 518 non
3062 463 3323 519 obscurus
3349 474 3468 520 ortu
3499 479 3640 522 actor
3666 488 3735 524 ac-

494 555 683 610 crebra
712 551 1019 614 conventio,
1045 549 1156 618 jam
1193 564 1296 602 non
1341 564 1438 618 pro
1476 563 1658 612 causa,
1705 549 1798 603 sed
1844 563 1939 616 pro
1979 562 2073 600 va-

493 645 729 700 letudine
759 642 1032 698 familiaris
1063 642 1166 695 mei
1204 642 1444 695 instauro
1475 655 1799 696 sermonem.
1833 641 1898 694 Et
1927 648 2074 693 certe

494 735 721 790 difﬁcilis
757 733 1063 802 impetratio
1091 746 1212 786 esse
1253 747 1358 786 non
1407 731 1621 797 debuit,
1668 741 1948 800 postquam
2000 731 2070 784 illi

499 828 708 882 divinus
737 827 926 880 afIatus
961 826 1130 895 longa:
1168 823 1613 894 peregrinationis
1647 821 1873 892 gratiam
1905 821 2027 876 fecit
2055 835 2068 874 :

472 913 645 988 {:ujus
683 917 760 974 rei
805 917 1205 974 exsecutionem
1259 915 1426 969 miror
1453 929 1574 969 esse
1613 912 1918 977 difficilem,
1950 925 2070 966 cum

483 1012 682 1088 (lenitas
705 1021 790 1065 tua
815 1011 988 1064 soleat
1012 1008 1132 1062 talia
1154 1008 1311 1063 etiam
1342 1007 1460 1062 sine
1488 1006 1730 1075 rescripti
1757 1003 2072 1058 auctoritate

482 1093 770 1178 3praestare.
816 1107 1116 1175 Impensius
1155 1105 1316 1175 igitur
1353 1119 1565 1174 qumso,
1603 1112 1662 1156 ut
1703 1101 1898 1158 Vicarii
1949 1099 2068 1154 foro

491 1214 635 1270 sirpe
664 1201 716 1253 iu
747 1199 827 1253 his
850 1197 1066 1268 judiciis
1110 1196 1306 1265 agitata
1335 1211 1494 1249 causa
1526 1194 1817 1249 reddatur:
1857 1193 2070 1261 quando

494 1296 594 1348 hoc
616 1301 671 1348 et
695 1307 863 1348 sacrm
889 1292 1078 1346 littera:
1105 1291 1389 1358 imperant,
1423 1295 1478 1342 et
1501 1287 1823 1357 iudiciorum
1852 1300 1956 1338 non
1989 1300 2071 1339 re-

493 1387 627 1442 futat
656 1386 982 1440 humanitas.
1008 1383 1158 1438 Vale.

1010 1474 1226 1530 EPIST.
1273 1474 1552 1529 LXXXIV.

973 1581 1281 1622 διιιιιιοιιυε
1319 1583 1352 1618 II
1364 1581 1592 1621 εεελιμε.

564 1663 796 1717 Primam
843 1658 972 1715 mihi
1018 1657 1284 1712 scribendi
1330 1672 1544 1710 causam
1589 1655 1776 1721 religio
1825 1653 1981 1715 fecit,
2016 1661 2072 1705 ut

489 1754 718 1812 amicitia
751 1761 933 1808 nostra
972 1751 1165 1805 litteris
1193 1749 1486 1804 excolatur.
1523 1748 1820 1803 Secundam
1852 1760 2071 1816 sugges-

485 1851 557 1903 sit
586 1845 906 1908 humanitas,
932 1852 988 1897 ttt
1018 1843 1132 1896 viro
1160 1841 1364 1910 optimo
1391 1839 1650 1893 Thalasso
1677 1838 1917 1892 familiari
1946 1851 2067 1891 meo
2102 1823 2145 1880 Β

486 1951 576 1993 tua
605 1938 921 1994 concilietur
949 1934 1181 1989 affectio.
1214 1933 1469 2001 Superest
1533 1942 1587 1985 ιιι
1617 1942 1672 1986 et
1701 1931 1829 1985 mihi
1859 1946 2066 1985 sermo-

489 2031 572 2085 nis
615 2031 691 2084 tui
740 2027 1052 2084 vicissitudo
1102 2025 1454 2095 respondeat,
1497 2017 1961 2080 etcommondato
2003 2039 2066 2077 ex

487 2121 750 2178 sententia
781 2119 1034 2190 procedat
1054 2127 1314 2188 optatum.
1352 2116 1498 2172 Vale.

1005 2209 1218 2265 EPIST.
1257 2207 1516 2264 LXXXV.

973 2319 1279 2360 ειιιιιιιειιυε
1323 2317 1592 2358 MESSALA}.

559 2404 628 2459 Et
657 2402 756 2459 mei
788 2401 930 2456 circa
963 2408 1015 2453 te
1047 2396 1304 2467 propositi
1335 2395 1472 2449 razio
1501 2392 1744 2464 poposcit
1784 2399 1841 2445 ιιι
1870 2389 2069 2444 scribe-

485 2511 627 2560 rem,
667 2505 721 2549 et
750 2493 864 2548 viro
906 2490 1227 2552 clarissimo,
1253 2498 1411 2557 atque
1451 2485 1796 2541 ornatissimo
1838 2482 2070 2537 Eusebio

486 2589 828 2659 adstipulatio
861 2599 980 2640 mea
1008 2585 1198 2639 deesse
1225 2597 1330 2636 non
1361 2580 1544 2635 debuit
1569 2598 1582 2633 :
1617 2593 1777 2648 quem
1807 2577 1972 2647 probe
2001 2575 2068 2629 de

486 2681 704 2750 optimis
731 2681 861 2733 viris
891 2678 1140 2732 meritum
1172 2689 1355 2743 qureso
1379 2683 1464 2726 tua
1494 2672 1792 2739 benignitas
1821 2681 2071 2722 munere-

487 2785 594 2827 tur.
638 2772 766 2826 Nam
798 2768 1084 2825 laudabilis
1125 2767 1348 2836 quisque
1391 2765 1528 2820 hanc
1557 2763 1725 2816 solam
1767 2757 2068 2814 mercedem

488 2866 706 2934 pudoris
734 2875 893 2932 atque
928 2860 1224 2916 honestatis
1253 2867 1500 2927 exoptat,
1533 2867 1587 2910 ut
1619 2855 1682 2908 ad
1716 2854 1957 2908 intimam
1995 2851 2071 2904 fa-

488 2959 845 3014 miliaritatem
892 2957 1175 3016 bonorum,
1216 2954 1396 3022 tuique
1443 2951 1727 3013 similium,
1775 2964 1904 3018 pura
1936 2962 2068 3001 con-

489 3055 754 3109 ciliatione
786 3049 1080 3120 perveniat.
1115 3047 1266 3100 \‘ale.

1007 3138 1220 3193 EPIST.
1267 3137 1549 3192 LXXXVI.

964 3245 1272 3286 εγιιιιιιιῑιιιῑε
1319 3244 1585 3284 ιιεεελωε.

558 3324 742 3379 Omnis
773 3322 1168 3378 commendatio
1210 3321 1396 3374 amicis
1440 3319 1804 3374 testimonium
1852 3315 2069 3377 tribuit,

486 3415 796 3486 suﬂragium
841 3421 1058 3485 praestat
1102 3413 1404 3484 incognitis.
1438 3413 1725 3466 Processus
1777 3410 1958 3478 igitur,
1991 3409 2072 3460 vir

489 3510 881 3569 ornatissimus,
910 3507 1048 3561 filius
1080 3521 1252 3568 meus,
1285 3521 1388 3559 non
1421 3505 1580 3559 estin
1610 3519 1670 3558 ea
1703 3511 1854 3570 parte
1885 3516 2072 3555 nume-

489 3601 706 3665 randus,
741 3601 825 3653 cui
859 3599 1118 3654 beneficio
1149 3597 1346 3664 scripta
1382 3604 1731 3665 prieslautur;
1766 3594 1858 3649 sed
1893 3594 2071 3662 potius

487 3695 540 3746 iu
584 3707 678 3752 ea,
719 3692 803 3744 cui
856 3689 1168 3744 vicissitudo
1211 3704 1276 3742 ex
1317 3702 1502 3741 amore
1555 3687 1892 3755 persolvitur.
1937 3685 2072 3738 Puro

485 3797 592 3850 jam
621 3783 822 3849 liquere
845 3781 974 3846 tibi,
999 3794 1120 3847 qum.
1140 3777 1280 3832 circa
1309 3779 1454 3831 illum
1485 3778 1816 3830 familiariter
1845 3776 2068 3830 tenenda

485 3875 555 3928 sit
585 3874 750 3927 forma
777 3873 957 3942 judicii
978 3914 993 3938 ,
1023 3887 1181 3941 quem
1211 3873 1328 3926 sine
1378 3871 1560 3925 favore
1608 3868 1948 3923 commendo.
1983 3868 2073 3920 Di-

485 3980 647 4034 gnttm
671 3975 754 4018 est
782 3965 962 4034 igitur,
983 3971 1241 4032 quantum
1275 3961 1414 4031 apud
1447 3977 1532 4014 me
1562 3961 1736 4014 meriti
1767 3957 2069 4022 collocavit,

489 4064 694 4111 tantum
717 4055 855 4126 apud
882 4067 932 4110 te
964 4053 1304 4125 benignitatis
1332 4053 1586 4107 inveniat:
1617 4052 1763 4106 Vale.

991 4148 1208 4230 ISPIS'I‘.
1250 4146 1559 4203 Lxxxvu.

972 4259 1279 4299 SVMDIACIIL’S
1306 4261 1465 4298 DIESSA
1477 4258 1574 4296 [ΛΞ.

557 4347 838 4402 Numidam
871 4342 1207 4400 familiaritas
1235 4351 1416 4395 nostra
1435 4339 1572 4410 apttd
1601 4351 1650 4394 te
1671 4338 1826 4394 debet
1845 4339 2032 4408 juvare
2055 4358 2066 4388 :

489 4452 649 4507 quem
696 4447 788 4490 tuo
829 4435 980 4489 trado
1028 4433 1300 4498 suffragio.
1332 4443 1390 4486 ut
1437 4435 1708 4495 meritum,
1747 4431 1886 4499 quod
1929 4431 2068 4497 apud

490 4543 592 4582 nos
616 4526 861 4580 honestis
891 4525 1079 4579 officiis
1101 4524 1402 4586 collocavit,
1433 4535 1520 4576 tua
1546 4538 1642 4591 pro
1667 4538 1750 4575 me
1776 4538 1902 4575 cura
1925 4537 2074 4576 com-

494 4631 699 4687 penset.
735 4619 906 4672 Mores
939 4615 1174 4671 hominis
1213 4630 1278 4668 ex
1328 4629 1448 4668 meo
1479 4614 1650 4680 pende
1688 4613 1910 4680 judicio,
1941 4621 1996 4666 et
2021 4613 2073 4666 in

489 4712 743 4766 omnibus
765 4727 884 4781 qua:
923 4711 1124 4764 utilitas
1161 4709 1277 4778 ejus
1305 4707 1555 4777 exquirit,
1587 4717 1766 4760 votum
1807 4721 2078 4761 commen-

492 4804 671 4859 dautis
703 4804 934 4858 imitare.
974 4803 1118 4857 Vale.

998 4894 1217 4950 EPIST.
1248 4893 1580 4949 LXXXVIII.

982 5005 1075 5044 εῖιι
1085 5005 1287 5043 ΜΛΕῘΙυδ
1321 5004 1481 5042 ΜΕ88Α
1491 5005 1566 5042 LIB
1576 5027 1587 5040 ι

515 5107 522 5115 ·
564 5080 826 5136 Amicitia:
858 5090 1132 5148 parentum
1167 5089 1311 5133 tet-te
1340 5080 1618 5132 iit-liberos
1650 5078 2064 5144 transferuntur,

492 5183 551 5229 ut
600 5175 796 5228 raritas
847 5172 1013 5227 semel
1061 5172 1184 5224 inita
1241 5169 1640 5224 successoribus
1689 5185 1874 5224 eorum
1924 5173 2074 5225 velut

498 5266 842 5321 hareditario
880 5264 1000 5334 jure
1024 5262 1284 5332 proficiat.
1311 5264 1432 5328 Quo
1454 5262 1671 5317 nomine
1698 5263 1886 5332 Optimi
1911 5277 2076 5332 quou-

493 5360 614 5409 datn
651 5357 750 5410 viri
777 5354 1020 5425 Gregorii
1052 5354 1216 5408 lilium
1247 5355 1570 5423 diligendum
1605 5354 1802 5423 pariter
1831 5369 1894 5408 ac
1922 5363 2076 5409 tuen-

493 5452 620 5500 dum
653 5449 848 5517 recepi.
903 5446 1022 5500 Fuit
1058 5448 1200 5501 enim
1234 5446 1361 5500 mibi
1391 5463 1510 5500 cum
1550 5457 1697 5516 patre
1739 5448 1858 5515 ejus
1911 5447 2072 5501 fidum

495 5539 669 5592 ftedus
700 5540 1029 5604 animorum;
1058 5540 1150 5594 sed
1191 5539 1464 5608 religionis
1491 5539 1729 5593 debitum
1759 5549 1930 5593 tecum
1947 5549 2080 5607 Opto

500 5630 705 5700 partiri.
729 5633 1066 5702 Quapropter
1089 5648 1271 5703 quicso
1319 5641 1375 5687 ut
1401 5648 1580 5689 curam
1614 5647 1785 5687 meam
1811 5647 1908 5702 pro
1931 5648 1996 5687 co
2020 5633 2078 5688 in

497 5724 582 5778 his
617 5739 740 5793 qua:
779 5740 906 5779 usus
943 5728 1253 5796 poposcerit
1291 5728 1622 5796 exsequaris.
1686 5725 1827 5782 Inter
1883 5737 2076 5782 cmtera

492 5827 674 5874 autem
701 5827 817 5872 vota
839 5818 1053 5889 juvenis
1078 5821 1402 5890 prtecipttum
1428 5821 1666 5877 liberalis
1683 5825 1845 5879 animi
1869 5827 2075 5896 signum

2182 553 2375 605 cedere
2400 567 2414 607 :
2437 553 2523 606 cui
2554 555 2643 616 (ut
2667 555 2855 624 spero)
2878 562 2931 608 et
2960 554 3322 624 magisterium
3351 557 3630 625 splendore
3665 562 3732 614 di-

2179 647 2353 712 cendi,
2380 657 2433 703 et
2458 649 2768 719 suffragium
2794 653 2988 707 mentis
3013 653 3249 709 bonitate
3278 655 3575 725 prmstabis.
3607 653 3732 710 Vale.

2694 763 2908 822 EPIST.
2952 767 3243 827 LXXXIX.

2661 870 2969 915 εγιιιιιοιιυε
3000 876 3266 916 ιιεεελιᾱῑ.

2245 945 2562 1000 Iamdudum
2597 948 2797 1004 litteras
2819 967 2965 1005 meas
3002 953 3053 1006 in
3092 967 3282 1007 manus
3307 962 3422 1007 tuas
3443 952 3606 1006 credo
3635 966 3737 1018 per.

2177 1037 2312 1092 latas
2334 1038 2526 1106 quibus
2570 1040 2793 1110 allegavi
2835 1045 2974 1112 quod
3001 1041 3220 1112 judiciis
3265 1042 3617 1113 approbatum
3645 1052 3734 1104 est.

2175 1132 2403 1187 amicum
2435 1146 2610 1187 meum
2632 1132 2958 1200 Iucundum,
2973 1151 3274 1206 quanquam
3295 1133 3646 1190 tuiexaminis
3664 1149 3736 1188 cu-

2177 1225 2379 1295 pidum,
2407 1240 2501 1291 per
2523 1225 2879 1281 valetudinem
2925 1243 3029 1280 non
3059 1241 3219 1296 posse
3260 1225 3550 1297 proficisci.
3592 1226 3736 1293 llujus

2177 1320 2228 1372 in
2259 1319 2376 1373 dies
2405 1319 2629 1374 morbus
2659 1320 2932 1390 augescit:
2957 1329 3011 1375 et
3035 1322 3154 1376 ideo
3200 1331 3384 1390 repeto
3411 1323 3736 1389 postu'atum.
3758 1354 3771 1369 .

2176 1426 2243 1466 ne
2275 1410 2474 1465 incidat
2515 1411 2770 1465 invidiam
2801 1413 3180 1476 contumaciae,
3228 1412 3316 1481 qui
3359 1411 3737 1466 miserationem

2177 1511 2430 1556 meretur.
2465 1503 2530 1556 Et
2559 1518 2690 1557 sane
2711 1503 2855 1558 civili
2877 1518 3055 1558 causa:
3086 1503 3215 1558 nihil
3237 1504 3489 1573 deeerpet
3519 1504 3738 1556 Immani-

2177 1603 2276 1658 tas,
2321 1596 2365 1647 si
2415 1593 2481 1646 ad
2531 1592 2801 1647 Vicarium
2836 1603 3074 1648 vestrum
3118 1593 3468 1648 transferatur
3507 1607 3735 1648 examen.

2175 1687 2306 1740 Nam
2338 1686 2538 1751 pariter
2561 1695 2614 1740 et
2644 1685 2907 1739 laboranti
2935 1685 3249 1740 detrahetur
3279 1684 3493 1754 injuria,
3516 1693 3573 1738 et
3599 1697 3738 1752 uego-

2179 1779 2253 1832 tio
2282 1778 2401 1832 linis
2427 1777 2641 1832 debitus
2662 1778 2894 1832 eveniet.
2927 1777 3072 1831 Vale.
3279 1779 3282 1782 ’

2777 1869 2989 1924 EPIST.
3033 1868 3146 1924 XC.

2663 1978 2969 2018 SVSHIACHUS
3008 1977 3274 2018 ιιεςελιε.

2247 2057 2497 2112 Probavit
2526 2055 2748 2111 effectus
2776 2072 2880 2109 non
2906 2056 3176 2109 immerito
3207 2071 3234 2106 a
3258 2069 3343 2110 me
3373 2062 3609 2122 sperata.
3635 2065 3740 2121 qua:

2174 2162 2430 2221 pra-stare
2457 2151 2705 2219 dignatus
2734 2163 2814 2212 es,
2847 2150 3122 2217 magisque
3161 2163 3248 2202 me
3278 2146 3488 2217 cuipam
3523 2146 3742 2215 potuisse

2173 2245 2517 2306 contrahere,
2565 2244 2608 2295 si
2662 2241 2801 2309 apud
2855 2249 3146 2304 amantem,
3184 2239 3471 2293 Prmtorias
3527 2237 3741 2306 pignoris

2173 2338 2342 2392 nostri
2374 2335 2723 2390 necessitates
2745 2333 2946 2402 pudore
2972 2332 3279 2386 tacuissem.
3301 2330 3492 2384 Ornari
3516 2344 3640 2398 ergo
3662 2343 3743 2379 nos

2172 2431 2380 2501 gaudeo
2412 2429 2780 2498 frequentibus
2815 2427 3015 2480 amoris
3045 2424 3118 2478 tui
3153 2423 3472 2478 testimoniis
3505 2438 3517 2473 ι
3555 2429 3608 2475 et
3632 2418 3743 2472 volo

2172 2541 2380 2595 speres,
2411 2522 2666 2593 quidquid
2694 2523 2876 2592 gratia:
2914 2520 3078 2574 editio
3108 2528 3287 2572 nostra
3330 2513 3657 2582 qua-sivetit,
3687 2510 3743 2564 ad

2175 2627 2261 2671 tua
2295 2615 2550 2670 beneficia
2578 2629 2663 2668 me
2689 2612 2914 2668 cedente
2947 2611 3304 2667 referendum.
3334 2607 3486 2661 Vale.

2772 2724 2990 2780 EPIST.
3031 2721 3165 2776 XCI.

2581 2817 2592 2827 ’
2661 2833 2968 2874 εγιιιιλοιιυε
3001 2831 3270 2872 nassam.

2247 2914 2486 2968 Honores
2508 2911 2720 2983 quidem
2771 2923 2985 2977 semper
3013 2908 3135 2962 vit:e
3165 2922 3227 2960 ac
3257 2906 3552 2960 litterarum
3575 2902 3740 2973 splen-

2175 3007 2305 3061 dore
2325 3004 2561 3074 gessisti.
2591 3002 2693 3057 Sed
2738 3002 3000 3055 bonorum
3043 3015 3184 3052 nunc
3213 2997 3451 3051 omnium
3479 2993 3742 3065 gratulatio

2176 3109 2279 3162 est,
2309 3099 2470 3152 etiam
2511 3094 2783 3165 publicum
2815 3093 2908 3146 tibi
2950 3093 3115 3146 decus
3159 3105 3278 3144 esse
3316 3089 3572 3141 delatum.
3621 3085 3744 3154 Opto

2098 3198 2145 3266 ο
2179 3191 2336 3260 igitur
2361 3205 2426 3244 ex
2465 3187 2730 3241 sententia
2765 3184 2931 3254 partis
2963 3183 3154 3237 fruaris
3190 3180 3510 3251 insignibus,
3543 3189 3596 3234 ct
3632 3192 3743 3246 pro-

2179 3295 2362 3336 vecuts
2391 3281 2441 3332 iit
2466 3279 2740 3333 cumulum
2771 3275 2975 3346 gloriae,
3006 3273 3426 3345 magnitudinem
3451 3271 3634 3341 judicii
3659 3270 3744 3324 im-

2178 3374 2395 3444 perialis
2424 3372 2746 3442 :equipares.
2776 3367 2926 3420 Vale.

2761 3453 2979 3512 EPIST.
3023 3455 3181 3512 XCII.

2667 3569 2972 3608 διιιιιλοιιυε
3003 3565 3266 3606 ιιεδςιιιε.

2245 3648 2419 3703 Oflicii
2453 3647 2555 3700 mei
2584 3654 2665 3700 est
2701 3645 2945 3698 nuntiare
2995 3642 3134 3711 quod
3180 3644 3423 3700 vaieam;
3461 3638 3592 3703 vati,
3623 3646 3672 3690 ιιι
3700 3645 3745 3688 te

2176 3742 2384 3796 salvere
2415 3754 2647 3809 cognosc
2669 3753 2757 3792 -m.
2793 3737 2929 3805 Ergo
2975 3735 3170 3788 indit-io
3199 3747 3582 3804 prosperorum
3611 3743 3740 3785 meo-

2177 3847 2292 3886 rum
2340 3839 2522 3899 partes
2559 3828 2788 3882 amantis
2831 3827 3089 3895 implevi;
3127 3838 3180 3879 tu
3217 3824 3347 3879 milii
3393 3825 3570 3877 adhuc
3602 3823 3744 3877 debes

2175 3926 2418 3980 Sﬂtlilalis
2452 3932 2554 3976 tua:
2581 3921 2796 3992 gaudia.
2829 3921 2958 3986 Qum
2994 3927 3051 3971 ιιι
3094 3918 3259 3971 solida
3294 3916 3397 3970 f‘tde
3430 3917 3482 3968 in
3528 3915 3743 3968 notitiam

2177 4032 2348 4071 meam
2380 4016 2612 4076 veniant,
2638 4025 2683 4064 et
2722 4011 2952 4065 Deorum
2985 4009 3161 4072 favor,
3196 4018 3248 4062 et
3283 4019 3368 4059 tua
3402 4006 3604 4075 scripta
3627 4018 3742 4073 pra-

2177 4109 2412 4164 stabttnt.
2443 4106 2595 4159 Vale.

2743 4173 2954 4230 I'ZPIST.
2998 4171 3180 4228 XCIII.

2642 4283 2956 4323 SYSIMACIIUS
2988 4278 3303 4321 LONGIMANO.

2253 4365 2439 4420 Amico
2462 4365 2642 4417 animo
2671 4360 2862 4430 gaudia
2895 4368 3072 4412 nostra
3110 4356 3420 4426 participas,
3449 4362 3505 4408 et
3538 4355 3742 4418 integra-

2177 4474 2287 4516 tum
2309 4456 2550 4515 Flaviaui
2582 4456 2680 4510 filii
2705 4454 2809 4509 mei
2837 4454 3095 4507 honorem
3123 4451 3243 4522 slyli
3267 4449 3626 4521 gratulatione
3643 4462 3742 4516 pro-

2107 4582 2155 4641 ι)
2181 4557 2447 4626 sequeris.
2483 4557 2680 4624 Dignus
2705 4555 2823 4607 lteta
2852 4551 2938 4607 cui
2967 4566 3182 4617 semper
3199 4550 3467 4603 eveniant.
3504 4548 3644 4601 llanc
3664 4559 3741 4596 au-

2185 4659 2288 4702 tem
2316 4647 2642 4717 dignationis
2671 4656 2772 4698 tute
2797 4644 3178 4713 hen‘gnitatetn
3206 4642 3317 4694 scio
3339 4639 3408 4694 ab
3443 4640 3583 4694 illius
3614 4636 3741 4690 insti-

2184 4751 2298 4794 tuto
2331 4756 2450 4793 man
2471 4755 2571 4804 ire,
2595 4738 2680 4807 qui
2710 4738 2976 4806 perstitit.
3006 4732 3363 4788 Laudabihter
3388 4730 3548 4800 igitur
3569 4741 3737 4797 seque-

2184 4832 2257 4886 ris
2301 4829 2660 4900 magisterium
2687 4827 2903 4896 optimm
2928 4823 3235 4879 voluntatis.
3268 4823 3441 4888 Tene,
3473 4835 3666 4890 (ιιιιρεο,
3693 4823 3739 4868 ιιι

2183 4923 2370 4985 facies,
2403 4921 2759 4976 constantiam
2783 4932 2962 4974 rerum
3011 4916 3305 4974 bonarum;
3350 4913 3499 4967 illum
3535 4911 3738 4968 imitare,

2184 5029 2282 5069 nos
2304 5013 2484 5085 dilige.
2515 5012 2662 5068 Vale.

2749 5081 2965 5138 EPIST.
3008 5079 3192 5136 XCIV.

2653 5191 2710 5230 εν
2720 5188 2963 5230 ιιιιλειιυε
2992 5185 3303 5228 ιοκῦιιιιικο.

2257 5270 2440 5326 IIonor
2485 5268 2690 5324 militia:
2723 5278 2916 5324 vestra:
2953 5266 3130 5320 dantis
3178 5261 3454 5318 beneficiis
3499 5254 3736 5317 enitescit.

2187 5363 2318 5418 Cum
2364 5362 2524 5432 igitur
2571 5373 2623 5415 te
2653 5361 2970 5414 meritorum
3011 5358 3150 5410 ratio
3193 5353 3416 5409 summis
3469 5367 3591 5421 prox
3617 5361 3740 5401 mutu

2186 5456 2365 5521 faciat,
2419 5456 2573 5510 fama:
2603 5463 2657 5507 et
2686 5443 3083 5523 gratiae‘deeus
3123 5448 3450 5516 benignitate
3493 5441 3740 5510 conquiro.

2186 5547 2292 5603 Nec
2319 5549 2501 5617 procul
2529 5546 2703 5613 abest,
2733 5545 2800 5599 de
2831 5560 2937 5614 quo
2980 5541 3284 5611 hujusmodi
3317 5539 3545 5594 fructum
3582 5547 3742 5604 capes-

2183 5654 2292 5694 sas.
2335 5639 2633 5693 Juvanduni
2662 5637 2805 5692 enim
2858 5635 2948 5690 tibi
2993 5633 3160 5687 filium
3206 5646 3385 5686 meum
3438 5627 3742 5685 Itesrderiuui

2185 5736 2378 5790 littera:
2426 5735 2708 5802 ingerunt;
2751 5732 2948 5794 virum,
2999 5737 3194 5798 praeter
3236 5726 3526 5785 fortunam,
3564 5718 3746 5776 coortis

2185 5828 2342 5886 rebus
2369 5823 2640 5892 ornatum,
2664 5805 2794 5892 quas
2820 5821 2918 5877 sibi
2946 5819 3220 5875 hominum
3245 5832 3368 5873 cura
3401 5823 3628 5887 prmstat.
3653 5804 3743 5864 Sed
