3932 6436
549 393 652 447 507

1726 382 1780 449 ο.
1825 377 2166 436 AL‘BELIUS
2203 376 2632 438 svnnacuus.
3656 381 3733 435 303

552 505 603 556 in
632 498 844 572 tyranni
874 496 1134 566 justitiam
1169 493 1370 568 iudicio
1399 492 1658 545 bonorum
1693 501 1990 557 temporum
2037 503 2126 542 rc-
2159 494 2202 550 Λ
2232 492 2559 559 allegataque
2601 492 2652 544 iu
2677 489 2876 559 indicio
2921 491 3248 548 monimenta
3292 493 3595 562 placitorum,
3620 496 3732 551 filius

549 587 866 646 servandus.
914 587 1016 640 Sed
1070 584 1317 653 praestitit
1368 583 1445 636 illi
1498 581 1718 636 amissio
1773 581 2126 647 prmfeetura',

551 679 690 749 quod
711 677 930 731 mutavit
948 685 1242 729 auctorem.
1263 674 1392 740 Qua:
1415 673 1758 742 igitur‘verba
1788 681 1990 725 tantum
2014 687 2131 725 ntu-

552 785 653 824 nus
680 767 998 839 mquabunt?
1035 765 1374 834 Coniungite,
1408 779 1504 817 oro
1529 778 1646 828 vos,
1689 763 1861 828 nobis,
1893 763 1957 816 ad
1995 762 2131 818 refe-

550 859 748 915 rendas
779 857 1035 928 prmcelso
1060 857 1177 910 viro
1211 855 1430 925 gratias.
1470 852 1598 907 Nam
1630 867 1750 906 cum
1790 853 1984 922 singuli
2014 854 2130 906 vin-

554 965 739 1004 camur
767 950 843 1002 rei
867 947 1249 1015 magnitudine,
1277 959 1412 1014 opus
1437 954 1515 998 est
1541 943 1901 998 laudatoribus
1923 944 2126 1011 multis,

554 1055 614 1100 ut
652 1060 907 1116 numerus
953 1045 1170 1113 impleat
1197 1059 1331 1098 onus
1365 1042 1553 1096 debiti.
1591 1041 1659 1096 Et
1701 1057 1834 1097 sane
1880 1041 2129 1097 dominus

553 1139 783 1206 pectoris
808 1136 933 1205 mei,
963 1151 992 1189 a
1027 1151 1136 1204 quo
1187 1134 1479 1203 profectum
1517 1142 1600 1187 est
1644 1133 1985 1195 beneficium.
2013 1149 2123 1188 non

552 1243 622 1281 ex
649 1226 868 1281 alterius
893 1225 1083 1286 verbis,
1116 1223 1208 1278 sed
1237 1238 1304 1277 ex
1328 1222 1520 1291 gaudio
1541 1223 1885 1276 conscientia:
1907 1238 2124 1277 mensus

553 1334 666 1373 ram
709 1317 831 1372 facti
878 1318 958 1371 sui
992 1316 1193 1384 colligit
1231 1333 1243 1367 :
1294 1329 1395 1369 nec
1433 1315 1645 1382 ignorat
1679 1314 1801 1368 talia
1840 1329 1982 1380 esse,
2011 1331 2128 1381 qua:

553 1419 792 1478 praestat,
819 1418 877 1464 ut
902 1410 1116 1462 vincant
1145 1421 1294 1474 spem
1323 1407 1626 1460 solutionis.
1653 1405 1760 1460 Nos
1791 1415 1967 1461 tamen
2001 1421 2124 1477 grao

553 1502 639 1554 tias
661 1501 854 1567 vicem,
886 1500 990 1554 fide
1018 1499 1264 1554 amicitia:
1287 1507 1344 1552 et
1361 1498 1718 1552 observantia:
1739 1499 2123 1566 rependetnus:

551 1593 844 1660 damusque
872 1592 995 1646 huic
1027 1592 1106 1646 rei
1148 1591 1362 1645 obsides
1409 1591 1641 1655 animos,
1682 1591 1876 1659 quibus
1923 1591 2129 1644 satisfa-

550 1687 698 1740 eitmt
727 1684 882 1739 liberi
920 1685 1054 1738 lucis
1083 1684 1410 1740 auctoribus.
1453 1684 1561 1739 Piis
1585 1684 1727 1739 enim
1765 1685 2128 1740 contractibus

551 1792 703 1836 amor
727 1776 946 1833 sufﬁcit.
979 1777 1129 1833 Vale.

1152 1867 1366 1923 EPIST.
1398 1867 1505 1923 CV.

1025 1973 1326 2013 SVIIIACIIUS
1367 1973 1642 2014 PATRUINO.

622 2049 858 2119 Agendis
886 2050 947 2104 D.
972 2050 1042 2104 Μ.
1088 2050 1272 2104 comiti
1315 2050 1770 2104 excellentissimo
1799 2051 1916 2105 viro
1939 2052 2126 2119 gratiis

552 2155 650 2209 par
669 2156 791 2196 esse
823 2155 926 2195 non
957 2149 1134 2208 potest
1169 2140 1514 2195 mediocritas
1539 2141 1826 2195 verborum
1858 2157 2120 2197 meorum.

550 2232 670 2286 Tibi
701 2233 860 2302 igitur
889 2232 991 2286 hoc
1015 2246 1207 2286 munus
1235 2231 1477 2301 iniungo,
1502 2239 1562 2284 ut
1587 2231 1657 2286 de
1685 2231 1979 2301 impetratis
2002 2248 2126 2288 eve-

551 2321 821 2377 ctionibus
851 2321 904 2376 in
937 2321 1316 2376 adminiculum
1343 2322 1609 2390 praetoriae
1633 2321 1942 2386 functionis,
1979 2323 2127 2377 habi-

556 2428 665 2468 tttm
701 2415 898 2467 mentis
939 2429 1074 2468 mea:
1103 2413 1242 2481 apud
1279 2428 1400 2468 eum
1431 2413 1638 2478 plenius
1659 2415 1980 2482 .exsequaris
2010 2432 2022 2467 :
2054 2415 2128 2468 si-

553 2506 768 2574 mulque
796 2505 1030 2574 digneris
1058 2501 1208 2571 eniti,
1236 2513 1293 2557 ut
1318 2505 1370 2558 in
1400 2519 1512 2559 rem
1537 2505 1715 2559 missis
1745 2507 1890 2561 celer
1913 2507 1981 2560 ad
2007 2506 2126 2560 llis-

554 2593 739 2663 panias
797 2594 1050 2648 transitus
1090 2595 1422 2663 itnpetretur.
1484 2596 1700 2663 Appetit
1736 2597 1880 2651 enim
1917 2607 2124 2666 tempus

553 2682 830 2748 editionis,
871 2695 1150 2753 metusque
1179 2685 1307 2739 mihi
1341 2694 1426 2740 est
1453 2700 1524 2740 ne
1567 2701 1828 2754 equorum
1858 2676 2121 2744 curulium

553 2775 700 2829 tarda
726 2779 1014 2846 coemptio,
1063 2787 1119 2832 et
1153 2792 1365 2831 morosa
1403 2779 1653 2834 deductio
1680 2773 1924 2835 sollicitis
1951 2791 2126 2837 arcte.

552 2874 639 2920 tur
664 2869 942 2937 angustiis.
977 2871 1053 2924 De
1080 2870 1180 2925 hoc
1208 2870 1366 2927 etiam
1389 2872 1670 2928 sublimem
1703 2876 1874 2928 virum
1901 2884 1956 2931 et
1983 2892 2121 2946 pra:-

549 2959 984 3016 eeHentissimum
1015 2964 1290 3028 comitem,
1313 2979 1534 3019 securus
1554 2968 1938 3034 iinpetrati‘onis
1951 2970 2118 3024 oravi.

547 3051 731 3120 Adieci
779 3064 1037 3121 praeterea
1087 3057 1562 3123 commonitorem,
1611 3060 1764 3129 cujus
1803 3061 2123 3131 suffragator

550 3157 672 3198 esse
709 3143 1016 3210 dignaberis
1048 3164 1062 3198 :
1092 3155 1153 3201 ut
1178 3148 1224 3201 si
1267 3150 1491 3204 molesta
1531 3151 1714 3218 petitio
1742 3167 1850 3207 non
1885 3153 2119 3220 videtur,

556 3237 850 3292 familiares
891 3253 1072 3304 meos,
1111 3241 1249 3294 datis
1283 3244 1348 3294 ad
1395 3243 1699 3308 potissimos
1747 3245 2118 3315 Hispaniarum

554 3327 767 3395 litteris,
795 3339 1164 3398 prosequatur.
1197 3331 1337 3386 Satis
1366 3333 1564 3388 dictum
1605 3344 1706 3392 est.
1739 3337 1796 3391 Si
1822 3338 1950 3407 quid
1978 3338 2119 3392 aliud

550 3420 656 3473 tuis
684 3419 900 3474 auribus
941 3423 1233 3477 amicorum
1265 3441 1506 3480 meorum
1548 3441 1729 3482 sermo
1768 3433 2115 3500 suggesserit,

547 3524 665 3575 oro,
703 3520 760 3563 ut
789 3512 844 3565 in
869 3526 1052 3567 curam
1079 3517 1247 3571 sancti
1275 3526 1331 3571 et
1360 3517 1652 3574 fidelissimi
1676 3522 1910 3591 pectoris
1939 3525 2013 3578 tui
2036 3538 2121 3578 re-

547 3600 728 3670 cipere
765 3617 872 3658 non
901 3605 1158 3673 graveris.
1193 3607 1342 3662 Vale.

1144 3701 1360 3756 EPIST.
1383 3702 1516 3757 CVI.

1010 3804 1318 3848 SYIIACBUB
1359 3807 1637 3848 PATRUINO.

620 3879 790 3936 Amor
815 3887 1031 3936 mutuus
1078 3882 1201 3937 facit
1227 3893 1283 3937 ut
1309 3884 1404 3939 tibi
1430 3900 1496 3940 ex
1522 3901 1620 3940 usu
1649 3901 1770 3942 meo
1792 3888 1996 3958 agenda
2023 3889 2119 3945 de-

544 3969 736 4038 legem.
777 3970 910 4027 Cum
947 3972 1106 4043 igitur
1149 3973 1244 4029 lilii
1281 3974 1388 4030 mei
1436 3977 1685 4045 prtetoria
1727 3979 1889 4036 instet
1925 3980 2115 4048 editio,

541 4075 704 4128 quam
729 4061 812 4117 vir
839 4061 1060 4119 illustris
1093 4077 1302 4130 eomes,
1343 4066 1488 4122 omni
1519 4068 1772 4123 virtutum
1797 4084 1995 4138 genere
2017 4085 2113 4126 su-

540 4150 914 4217 blimissimus.
957 4153 1072 4208 suis
1095 4155 1460 4212 evectionibus
1492 4157 1684 4227 iuvare
1719 4160 1968 4231 dignatus
1993 4172 2073 4218 est
2094 4205 2111 4228 ,

539 4243 867 4310 coemptioni
895 4259 1158 4313 equorum
1187 4248 1453 4304 curulium
1479 4251 1728 4307 celeritas
1756 4252 2109 4310 admovenda.

541 4331 719 4398 Quare
738 4347 921 4401 quaeso
966 4343 1018 4389 te
1048 4345 1104 4389 ut
1123 4337 1407 4395 familiares
1429 4354 1578 4396 meos
1596 4341 1661 4395 ad
1685 4342 1964 4413 Hispanias
1985 4345 2113 4400 mis-

539 4435 628 4474 sos
655 4421 800 4474 nulla
829 4423 1051 4479 tarditas
1074 4426 1381 4484 demoretur
1407 4448 1421 4483 :
1450 4446 1584 4499 quos
1611 4436 1975 4489 commendari
2007 4436 2111 4492 tuis

540 4508 734 4564 litteris
753 4510 897 4577 volo,
921 4521 979 4566 ut
1009 4513 1110 4568 illis
1137 4517 1326 4572 merita
1353 4527 1440 4573 tua
1462 4521 1819 4591 Hispanorum
1842 4527 2109 4583 mentibus

540 4599 798 4669 impressa
821 4601 1077 4674 suffragio
1103 4605 1232 4660 sint.
1261 4607 1412 4663 Vale.

1119 4697 1334 4754 EPIS'I‘.
1363 4700 1524 4756 CVII.

1011 4802 1323 4848 SYNIIACIIUS
1349 4809 1634 4852 PATBUINO.

604 4874 802 4932 Juliani
842 4880 1060 4950 Agentis
1098 4885 1152 4939 in
1190 4887 1351 4942 rebus
1381 4890 1682 4946 molestiam
1720 4894 1870 4962 novi,
1905 4898 2108 4953 natales

536 4967 726 5033 probo,
757 4969 1022 5026 fortunam
1054 4975 1231 5031 doleo.
1264 4977 1535 5035 Fatalihus
1581 4982 1724 5038 enim
1755 4985 1912 5041 malis
1934 4987 2025 5042 diu
2053 4998 2109 5042 et

535 5058 769 5126 graviter
796 5061 1089 5118 exhaustus
1113 5075 1217 5120 est.
1267 5066 1371 5124 Sed
1400 5070 1566 5126 credo
1588 5087 1709 5128 cum
1739 5089 1805 5130 eo
1843 5075 2021 5132 omnia
2049 5077 2101 5130 in

535 5147 760 5213 gratiam
789 5150 1046 5217 reditura,
1074 5154 1120 5207 si
1147 5157 1444 5224 patrocinio
1471 5167 1562 5213 tuo
1591 5169 1645 5215 et
1674 5162 2002 5219 humanitate
2027 5165 2106 5219 fo-

531 5246 743 5325 veatur.
794 5239 956 5295 Plura
998 5258 1103 5298 non
1145 5245 1338 5313 dicam,
1384 5263 1504 5303 cum
1555 5252 1826 5320 praeclaris
1867 5252 2107 5308 moribus

535 5327 642 5381 tuis
669 5331 924 5388 familiare
958 5334 1026 5391 sit
1068 5337 1188 5407 opis
1214 5339 1421 5412 indiges
1445 5341 1746 5407 sublevare,
1778 5353 1832 5398 et
1858 5343 1982 5399 huic
2009 5359 2104 5413 pe-

537 5419 711 5474 titioni
753 5437 885 5479 meae
937 5427 1098 5483 etiam
1149 5438 1254 5485 tua:
1297 5435 1494 5488 mentis
1546 5443 1736 5489 natura
1782 5436 2101 5490 consentiat.

538 5509 682 5566 Vale.

1108 5616 1322 5673 EPIST.
1352 5617 1529 5674 CVIII.

1007 5722 1312 5764 SHIIIACIIUS
1348 5724 1444 5764 ΡΑἸ
1454 5723 1629 5765 ιιωκο.

605 5791 734 5852 Post
759 5807 1076 5854 consensum
1107 5798 1356 5868 partium,
1384 5808 1501 5870 post
1520 5799 1788 5857 vinculum
1819 5800 2103 5872 pactionis,

2231 598 2378 638 meus
2419 583 2736 637 Caecilianus
2773 581 2950 637 denuo
2981 583 3048 637 ad
3087 584 3291 638 incerta
3340 585 3443 640 litis
3478 586 3730 641 attrahitur.

2231 677 2365 731 Nota
2409 684 2491 732 est
2541 677 2634 730 tibi
2673 676 2900 744 qualitas
2938 690 3135 741 causm,
3184 678 3373 732 merito
3407 679 3582 732 omitto
3612 695 3732 734 com-

2233 779 2376 839 perta
2404 771 2542 839 stilo
2561 769 2798 838 exsequi.
2828 769 2938 822 lloe
2959 779 3163 823 tantum
3194 769 3262 823 de
3287 779 3464 824 sancto
3490 771 3645 824 animo
3667 781 3734 824 tuo

2232 864 2568 932 impetratum
2601 861 2743 926 volo,
2793 870 2850 915 ut
2888 859 3078 915 iisdem
3127 861 3350 924 viribus,
3399 863 3575 932 quibus
3609 862 3737 915 lucta-

2232 954 2370 1006 tnina
2393 952 2614 1013 sedasti.
2647 951 2888 1022 repetita:
2924 951 3187 1006 medearis
3210 951 3451 1020 inierim:
3480 952 3588 1019 quia
3616 951 3736 1020 iusti-

2230 1044 2356 1096 tiam
2373 1053 2529 1096 ‘tttam
2551 1041 2713 1097 debet
2734 1042 2908 1096 acrius
2941 1041 3163 1096 incitare
3185 1043 3461 1097 adversum
3491 1024 3629 1097 fidem
3651 1044 3736 1110 pla-

2230 1135 2319 1188 citi
2349 1142 2502 1202 rupta
2530 1125 2836 1189 concordia.
2873 1133 3023 1187 Vale.
3621 1153 3624 1156 ’

2829 1223 3041 1277 EPIST.
3065 1223 3201 1279 CIX.

2714 1332 3016 1371 SHIMACIIUS
3043 1332 3324 1370 PATRUINO.

2300 1407 2492 1478 Aperta
2515 1403 2922 1475 estimprobitas
2946 1423 3129 1463 eorum
3169 1409 3258 1477 qui
3300 1407 3550 1461 reducunt
3575 1405 3618 1459 iu
3637 1421 3742 1472 qua»

2230 1501 2458 1553 stionem
2490 1501 2823 1568 pactionibus
2865 1499 3169 1562 terminata,
3206 1507 3258 1552 et
3289 1497 3740 1567 per-iitipatientiaiu

2229 1591 2421 1658 quietis
2471 1591 2628 1644 finem
2647 1588 2806 1659 iurgii
2832 1589 3063 1643 secunda
3089 1590 3182 1644 lite
3201 1600 3542 1644 commutant.
3561 1589 3741 1643 Estima

2231 1680 2388 1748 igitur
2417 1681 2508 1734 filii
2549 1682 2651 1734 mei
2689 1681 2958 1735 Cmciliani
2987 1681 3250 1742 dolorem,
3291 1684 3377 1734 eui
3416 1681 3571 1733 otium
3598 1678 3741 1730 conci-

2230 1773 2360 1828 l.are
2388 1789 2490 1826 non
2516 1773 2686 1839 potuit
2711 1773 2920 1826 damnis
2943 1773 3248 1841 patrimonii
3277 1782 3452 1841 empta
3483 1770 3738 1826 concordia.

2155 1853 2204 1914 Β
2229 1867 2356 1920 Nam
2381 1865 2651 1919 reducitur
2678 1866 2728 1918 in
2771 1864 3053 1932 longinqua
3072 1863 3290 1932 iudicia,
3320 1864 3510 1932 quibus
3533 1861 3682 1920 facile,
3707 1861 3742 1913 si

2226 1955 2532 2026 suffragium
2575 1954 2792 2019 tuleris,
2839 1964 3096 2010 eruetur:
3133 1965 3216 2008 est
3257 1955 3400 2007 enim
3450 1952 3499 2006 in
3542 1964 3588 2004 te
3622 1960 3743 2018 atque

2228 2048 2391 2101 fratre
2421 2057 2604 2114 portus
2622 2046 2882 2110 omnium,
2913 2059 3048 2114 quos
3075 2043 3291 2098 fortuita
3320 2045 3618 2097 sollicitant.
3649 2043 3745 2094 l‘ro-

2229 2137 2388 2206 lisior
2417 2137 2470 2191 in
2499 2137 2730 2205 petendo
2755 2151 2859 2190 non
2893 2151 3015 2192 esse
3044 2135 3238 2202 debeo,
3269 2151 3394 2189 eum
3426 2151 3586 2189 causa:
3612 2134 3744 2201 quali-

2227 2237 2328 2291 las.
2374 2237 2429 2282 et
2473 2235 2561 2280 tua
2593 2227 2796 2297 iustitia
2827 2227 2946 2295 plus
2996 2227 3064 2282 de
3105 2236 3158 2282 te
3206 2227 3404 2282 favoris
3441 2241 3589 2297 quam
3630 2238 3744 2278 meus

2228 2321 2562 2375 interventus
2593 2321 2793 2375 eliciat.
2827 2320 2980 2375 Vale.

2835 2410 3048 2465 EPIST.
3077 2409 3189 2465 CX.

2703 2515 3010 2557 εγιηυιοιιυε
3035 2517 3314 2558 PATRUI'SO.

2299 2593 2411 2646 Duo
2429 2593 2497 2646 ad
2543 2608 2629 2648 me
2659 2594 2795 2648 bona
2826 2595 3011 2662 parilis
3039 2596 3324 2664 voluptatis
3357 2602 3589 2650 recentes
3614 2593 3745 2648 ttutttii

2227 2686 2563 2756 pertulerunt
2591 2696 2682 2742 :et
2707 2701 2802 2740 vos
2828 2686 2988 2756 iustis
3026 2686 3284 2741 honorum
3311 2690 3550 2743 crevisse
3576 2700 3746 2756 proces-

2224 2777 2395 2843 sibus,
2428 2785 2482 2831 et
2505 2777 2728 2831 domino
2755 2790 2820 2831 ac
2845 2777 2956 2831 lilio
2983 2791 3104 2831 meo
3142 2777 3402 2832 Flaviano
3438 2778 3644 2832 fructum
3669 2774 3747 2841 pri-

2225 2873 2330 2925 vati
2369 2871 2464 2926 otii
2504 2886 2623 2926 esse
2651 2870 2908 2925 delatum.
2938 2871 3159 2940 Sumpta
3205 2871 3366 2940 igitur
3407 2872 3606 2940 gemina
3645 2866 3743 2928 fide,

2228 2970 2432 3016 vestras
2448 2963 2648 3018 litteras
2669 2978 2828 3032 super
2847 2962 2949 3017 hoc
2972 2973 3280 3032 exspectare
3301 2963 3481 3031 debui,
3500 2976 3619 3034 quas
3637 2959 3748 3012 msti-

2227 3055 2362 3107 mavi
2393 3069 2487 3123 per
2513 3057 2888 3109 verecundiam
2912 3054 3252 3109 dill‘erendas.
3281 3056 3463 3122 Quare
3481 3052 3749 3108 iazstintatioc

2228 3163 2350 3203 nem
2383 3149 2578 3203 laetitia:
2620 3163 2754 3203 mem
2797 3149 2950 3203 vobis
2994 3149 3277 3217 relinquo:
3307 3147 3436 3216 quia
3484 3157 3746 3201 mensuram

2225 3239 2344 3305 eius
2368 3240 2436 3294 de
2462 3249 2639 3293 vestro
2664 3241 2715 3292 in
2763 3254 2861 3293 nos
2889 3254 3074 3293 amore
3097 3240 3375 3308 colligitis.
3409 3239 3511 3296 Sed
3543 3238 3617 3290 his
3641 3250 3748 3302 gau-

2223 3333 2328 3387 diis
2353 3332 2517 3386 etiam
2549 3331 2635 3385 illa
2665 3339 2792 3399 opto
2817 3331 3090 3401 conjungi,
3138 3346 3259 3399 quae
3301 3330 3374 3385 de
3399 3328 3632 3400 praetoria
3657 3324 3748 3378 edi-

2223 3427 2367 3480 tione
2389 3425 2482 3478 filii
2513 3424 2617 3478 mei
2634 3423 2744 3493 iatn
2773 3423 2980 3493 pridem
3007 3422 3268 3487 postulata
3298 3422 3627 3478 meministis.
3647 3417 3748 3472 Nam

2222 3516 2570 3570 vehementer
2605 3515 2862 3579 admiror,
2887 3515 3048 3584 iustis
3074 3521 3129 3568 et
3156 3514 3487 3568 solemnibus
3510 3508 3749 3567 desideriis

2222 3607 2457 3662 nondum
2492 3607 2743 3662 arrisisse
2761 3621 2979 3662 sacrum
3009 3606 3351 3674 rescriptum.
3384 3607 3566 3675 Itaque
3585 3615 3746 3658 saeua-

2220 3700 2303 3753 dis
2347 3699 2542 3754 litteris
2573 3713 2758 3756 rursus
2793 3698 2976 3766 oravi,
3007 3707 3066 3752 ut
3094 3699 3386 3768 petitiones
3421 3697 3545 3752 nulli
3571 3704 3747 3764 grateS.

2221 3791 2350 3846 mihi
2376 3807 2506 3846 vero
2531 3791 2819 3861 iucundas,
2848 3791 3042 3862 quibus
3070 3793 3232 3846 missa
3273 3792 3480 3859 pariter
3505 3789 3651 3844 etiam
3676 3784 3752 3838 mi-

2219 3900 2408 3939 norum
2432 3885 2832 3953 magistratuum
2855 3884 3097 3953 exempla
3117 3884 3506 3953 suffragantur,
3536 3880 3748 3947 benigne.

2219 3985 2277 4029 ut
2302 3990 2418 4030 mos
2446 3976 2564 4044 ejus
2590 3983 2696 4041 est,
2729 3974 2866 4030 tradi
2889 3974 3074 4043 iubeat
3097 3974 3328 4030 effectui.
3355 3975 3466 4030 Sed
3495 3969 3754 4027 beneficen-

2219 4068 2345 4123 tiam
2377 4069 2507 4121 tanti
2529 4068 2651 4130 viri,
2681 4065 2766 4121 cui
2793 4080 3009 4132 semper
3035 4066 3282 4133 voluptas
3309 4076 3400 4120 est
3433 4080 3587 4132 supra
3627 4073 3752 4125 spem

2218 4173 2408 4227 magna
2450 4165 2730 4226 praestare,
2778 4155 3160 4224 promptiorem
3193 4170 3290 4224 spe
3327 4154 3665 4215 reddendam,
3700 4149 3753 4209 si.

2217 4257 2275 4303 ttt
2302 4249 2605 4318 frequenter
2645 4247 2886 4317 poposci,
2939 4245 3136 4302 vestris
3179 4245 3626 4303 admonitionibus
3651 4254 3752 4310 pro-

2215 4350 2453 4397 vocetur.
2499 4337 2644 4395 Vale.

2685 4427 2688 4430 '
2805 4408 3021 4466 EPIST.
3052 4407 3192 4464 CXI.

2689 4515 3000 4556 εγκυλειιυε
3030 4515 3306 4555 ΡΑΤΒΒΙΧΟ.

2285 4593 2522 4648 Fratrem
2548 4607 2723 4647 meum
2747 4593 2997 4647 Severum
3022 4594 3190 4645 multo
3215 4604 3467 4645 sermone
3495 4597 3753 4659 proseque-

2215 4700 2322 4751 rer,
2355 4683 2398 4738 si
2429 4697 2566 4737 novo
2593 4682 2738 4736 aditu
2764 4681 3053 4737 amicitiam
3094 4689 3235 4735 tuam
3265 4690 3491 4750 peteret,
3523 4689 3607 4732 aut
3643 4689 3752 4744 pra.-

2213 4775 2465 4828 dicationi
2505 4774 2772 4843 ingenium
2804 4772 2920 4841 eius
2943 4772 3272 4845 conveniret.
3306 4771 3475 4826 Pareo
3507 4770 3657 4840 igitur
3681 4779 3754 4817 co-

2214 4869 2334 4934 piae,
2365 4875 2559 4935 tuoque
2583 4864 2807 4935 judicio,
2842 4875 2897 4917 ιιι
2921 4863 3126 4932 iustitia
3158 4863 3447 4932 diligentia:
3478 4871 3580 4914 tute
3604 4856 3753 4929 potius

2216 4959 2469 5014 voluntati
2498 4973 2654 5027 quam
2687 4957 2818 5011 meis
2843 4955 3032 5010 litteris
3058 4956 3374 5023 applicetur.
3411 4955 3557 5009 Vale.

2789 5068 3001 5124 EPIS'I‘.
3029 5069 3191 5124 CXII.

2681 5178 2989 5219 δι’διιίλοηυε
3019 5179 3302 5219 Ρλτιιυιαο.

2279 5253 2408 5309 Cum
2432 5253 2524 5309 tibi
2553 5254 2791 5309 omnium
2815 5269 3056 5308 meorum
3085 5267 3213 5308 cura
3237 5253 3502 5321 praecipua
3531 5253 3618 5312 sit.
3639 5260 3756 5318 prm-

2211 5362 2364 5402 sumo
2395 5347 2504 5400 lilio
2534 5359 2656 5400 meo
2696 5344 2949 5400 Arcentio
2976 5344 3254 5413 spectabili
3281 5343 3417 5410 viro,
3451 5357 3607 5413 quem
3647 5335 3759 5393 mihi

2209 5438 2446 5504 adiungit
2465 5434 2719 5501 aflinitas,
2743 5433 2985 5488 intimam
3013 5433 3424 5488 familiaritatem
3457 5441 3598 5487 tuam
3624 5438 3759 5500 υνδε

2210 5529 2459 5598 reserari,
2491 5542 2648 5598 quam
2692 5527 2885 5583 merito
2913 5527 2987 5582 illi
3018 5537 3072 5582 et
3105 5526 3225 5581 vitm
3267 5529 3451 5590 decus,
3488 5535 3545 5580 et
3571 5519 3761 5579 familiai

2209 5618 2494 5686 antiquitas
2535 5617 2805 5674 conciliat.
2862 5619 2954 5672 llis
3001 5619 3232 5687 prepriis
3273 5617 3391 5686 eius
3431 5616 3586 5670 bonis
3619 5612 3758 5667 etiam

2211 5725 2340 5764 mete
2389 5723 2576 5778 preces
2621 5709 2675 5762 in
2717 5719 3060 5777 augmentum
3106 5705 3592 5764 commendationis
3628 5714 3761 5757 acce-

2171 5795 2176 5800 ’
2208 5801 2340 5855 dunt
2377 5817 2387 5854 :
2418 5810 2475 5856 ut
2507 5799 2661 5866 plane
2689 5799 2932 5856 dubitare
2964 5815 3066 5856 non
3104 5799 3304 5867 possim
3357 5796 3676 5855 cumulatius
3699 5805 3763 5852 en
