3932 6432
150 356 248 410 509

1307 350 1795 434 ‘EPISTOLARUII
1837 352 2038 409 ιιιιειι
2082 355 2186 409 VII.

3292 355 3401 420 5ίὺ

148 477 313 517 uicum
358 460 741 527 testimonium,
788 467 842 516 et
877 467 1024 514 tuum
1057 458 1314 528 judicium
1345 459 1703 530 profuturum.
1741 465 1783 522 Δ
1817 479 1956 520 nunc
1988 474 2250 538 tempero,
2295 483 2416 524 cum
2455 473 2680 542 gratiam
2729 481 2967 530 mutuam
2994 487 3101 530 non
3148 484 3389 545 reporto.

143 554 283 609 Vale.

699 641 919 699 EPIST.
949 643 1135 699 CXIII.

606 749 919 790 εῖιιιιιιειιιιε
945 751 1222 791 PATRUINO.

198 824 475 881 Dominum
501 835 556 882 et
583 825 751 881 lilium
788 842 966 882 meum
993 827 1230 882 Attalum
1261 826 1329 882 de
1354 827 1706 883 summatibus

135 916 254 971 viris
287 916 354 970 ad
399 917 648 972 dominos
692 928 743 973 et
771 917 1046 988 principes
1078 926 1295 973 nostros
1347 919 1708 989 amplissimus

133 1010 257 1064 ordo
299 1009 517 1080 legavit,
565 1009 884 1064 instructum
927 1009 1091 1064 variis
1126 1007 1194 1064 de
1235 1024 1383 1064 more
1420 1011 1705 1076 mandatis,

135 1117 242 1170 qua:
283 1110 534 1170 spectare
577 1098 691 1157 viss
731 1107 858 1154 sunt
903 1098 1101 1154 bonum
1141 1099 1436 1170 publicum.
1483 1100 1615 1155 lluic
1661 1102 1706 1156 si

134 1195 297 1247 fautor
340 1190 660 1257 accesseris,
705 1190 938 1245 futurum
979 1205 1123 1255 reor,
1160 1200 1221 1246 ut
1263 1191 1336 1246 illi
1382 1207 1478 1261 pro
1523 1191 1708 1247 lalmre

130 1286 329 1338 fructus
381 1280 772 1337 accommodet.
822 1281 1017 1350 Quaso
1059 1282 1241 1352 igitur,
1296 1284 1382 1336 vel
1429 1283 1708 1353 legationis

132 1377 340 1442 merito,
363 1375 452 1430 vel
476 1390 600 1430 meo
619 1375 837 1430 nomine
864 1376 917 1429 in
939 1375 1198 1444 optimum
1226 1376 1396 1430 virum
1423 1375 1561 1430 bene
1580 1389 1710 1430 con-

128 1469 299 1533 sulas;
334 1466 427 1536 qui
456 1469 590 1522 satis
616 1465 781 1522 animi
816 1467 1163 1523 conﬁrmatus
1199 1475 1282 1522 est
1311 1467 1568 1538 sull‘ragio
1616 1477 1709 1521 tuo

128 1575 485 1618 successuram
513 1559 844 1628 felicitatem.
878 1561 1026 1616 Vale.

693 1713 914 1770 EPIST.
947 1711 1130 1770 CXIV.

607 1821 920 1861 εῖιιιιιιειιυε
943 1823 1227 1863 PATIIUINO.

190 1897 412 1954 Beatum
439 1905 516 1966 te,
542 1901 633 1968 qui
665 1893 928 1954 lienorum
957 1903 1215 1956 emeritus
1254 1902 1464 1957 otiaris.
1511 1901 1619 1958 Nos
1652 1903 1707 1959 in

127 1995 303 2059 patria:
330 1989 451 2044 salo
490 1989 738 2056 vivimus,
767 1999 822 2045 et
858 1988 1108 2047 ﬂuctibus
1137 1993 1504 2049 verberantur.
1536 1995 1711 2063 Quor-

126 2097 236 2138 sum
261 2083 371 2138 ista
402 2083 742 2153 protulerim,
767 2083 1016 2140 dominus
1045 2095 1100 2140 et
1130 2085 1268 2142 Illius
1306 2103 1458 2143 meus
1497 2088 1708 2144 Attalus

128 2175 453 2246 eloquetur:
486 2175 572 2232 cui
601 2189 727 2247 spes
767 2177 1002 2233 visenda:
1048 2182 1370 2247 prrestantiae
1409 2189 1513 2235 tua:
1559 2181 1710 2236 labo-

130 2282 235 2323 rem
265 2267 719 2339 peregrinationis
747 2269 873 2326 fecit
898 2269 1207 2340 optabilem.
1244 2271 1387 2327 Vale.

708 2404 923 2460 EI’IS'I'.
954 2403 1116 2462 CXV.

601 2510 910 2550 ειιιιιιςιιυε
933 2510 1104 2551 PATRIS
1113 2511 1222 2552 1N0.

193 2585 306 2642 Duo
326 2585 688 2656 mibipariter
699 2587 936 2656 jucunda
958 2589 1135 2643 delata
1151 2597 1298 2644 sunt.
1323 2589 1506 2646 Primo
1526 2605 1708 2647 sermo

131 2687 268 2733 tuus:
297 2679 398 2749 ιιιιί
425 2678 638 2734 etiamsi
667 2680 974 2746 continuus,
1002 2680 1275 2736 fastidium
1303 2698 1412 2738 non
1444 2696 1703 2740 moveret.

133 2767 329 2824 Dehinc
355 2769 542 2826 fr'atris
567 2772 734 2825 nostri
771 2772 1074 2828 Frumentii
1104 2784 1390 2844 exoptatus
1405 2775 1702 2839 adventus;

130 2875 277 2928 quem
319 2875 428 2931 ego
453 2861 510 2916 in
553 2877 837 2918 nutrierunt
863 2865 1128 2921 bonorum
1175 2879 1296 2922 esse
1343 2867 1702 2932 referendmn,

132 2953 433 3024 priusquam
460 2971 666 3009 morum
691 2956 857 3025 ipsius
879 2958 1170 3027 periculum
1193 2958 1448 3023 facerem,
1477 2977 1542 3015 ex
1569 2976 1707 3030 pra!-

132 3051 365 3115 rogativa
413 3048 490 3103 tui
537 3050 823 3105 testimonii
860 3051 1122 3121 iudicavi.
1169 3052 1276 3108 Sed
1324 3054 1414 3108 hbi
1455 3054 1704 3124 propiore

130 3154 421 3210 congre-su
459 3143 741 3212 probitatis
781 3153 1096 3201 ornamenta
1133 3155 1462 3216 patuerunt,
1495 3149 1699 3204 adverti

131 3249 246 3288 eum
275 3239 455 3291 minus
483 3252 642 3306 quam
672 3238 808 3292 ratio
848 3240 1154 3308 postulabat
1205 3255 1300 3310 per
1327 3242 1701 3296 verecundiam
1733 3217 1777 3278 δ

135 3328 498 3397 ριειιῑεειῐιιιιι,
530 3346 596 3385 ne
617 3333 730 3397 ipse
747 3345 805 3386 se
835 3332 1142 3387 laudatione
1168 3348 1263 3389 sua
1293 3334 1538 3389 mandata
1569 3335 1709 3390 litte-

133 3417 201 3474 ris
224 3417 500 3474 videretur
529 3424 777 3491 ingerere
803 3440 815 3476 :
843 3421 926 3478 his
966 3439 1096 3495 ergo
1129 3426 1442 3480 muneribus
1468 3435 1706 3497 optatum

134 3510 223 3564 tibi
249 3511 408 3565 solvo
439 3525 785 3580 reSponsum,
813 3529 921 3585 quo
949 3530 1035 3570 me
1059 3530 1220 3584 agere
1247 3531 1311 3572 ex
1336 3519 1623 3579 sententia,
1655 3531 1709 3572 et

132 3599 235 3655 frui
281 3603 561 3658 commoda
609 3617 730 3659 cum
781 3606 918 3660 meis
974 3606 1282 3661 valetudine
1329 3623 1705 3678 recognoscas.

134 3693 260 3749 IIuic
298 3705 478 3750 autem
524 3696 602 3751 rei
650 3695 782 3752 nihil
824 3698 1182 3768 adjiciendum
1226 3708 1377 3768 puto,
1423 3714 1544 3754 cum
1592 3701 1710 3755 solo
1763 3744 1768 3750 .

131 3798 325 3843 nostrze
354 3791 543 3846 salutis
583 3791 780 3846 indicio
808 3793 1095 3862 gratulatio
1134 3792 1364 3848 fraterna
1405 3795 1573 3863 possit
1609 3810 1707 3852 ex-

130 3879 281 3949 pleri.
319 3881 472 3938 Vale.

701 3975 920 4032 ISI’IST.
947 3975 1127 4033 CXVI.

605 4078 916 4122 SYHMACIIIIS
941 4084 1226 4126 ιηιτιιυιιιο.

192 4152 313 4211 Scis
344 4169 446 4226 pro
485 4156 643 4212 insita
673 4159 766 4213 tibi
799 4163 1150 4228 humanitate,
1180 4162 1307 4234 quid
1353 4164 1611 4234 parvulis,
1653 4176 1708 4221 et

127 4251 407 4309 parentum
435 4245 690 4315 suﬂ'raglo
717 4247 988 4305 destitutis
1025 4251 1368 4322 benignitatis
1405 4269 1470 4309 ac
1496 4255 1708 4310 miseri-

126 4333 319 4388 cordia:
347 4333 636 4391 debeatur.
664 4337 856 4394 Merito
880 4341 1011 4395 mihi
1052 4342 1191 4413 apud
1221 4353 1276 4400 te
1305 4345 1558 4401 utendum
1586 4361 1707 4402 esse

127 4439 228 4476 non
255 4425 500 4481 arbitrer
545 4425 710 4497 longo
747 4429 949 4486 ambitu
995 4431 1298 4489 litterarum
1347 4450 1446 4506 pro
1485 4437 1704 4492 illustris

127 4516 401 4570 memoriae
428 4517 530 4572 viri
568 4517 754 4574 Severi
800 4521 964 4579 Illiis:
997 4524 1084 4594 qtti
1135 4541 1165 4578 n
1191 4526 1236 4580 si
1277 4525 1538 4582 bonorum
1563 4529 1706 4598 judi-

126 4620 244 4659 cum
263 4608 527 4676 iuventur
549 4609 772 4679 auxilio,
796 4614 992 4682 prada:
1019 4625 1182 4685 atque
1224 4617 1433 4688 injuriae
1461 4597 1704 4689 subjace-
1737 4597 1784 4654 ί)

128 4696 272 4750 bunt.
299 4698 574 4770 Quidquid
603 4715 788 4757 eorum
817 4707 994 4774 poscit
1020 4708 1249 4774 utilitas,
1283 4708 1434 4765 favor
1455 4721 1577 4767 tuus
1598 4727 1701 4768 non

124 4798 380 4853 gravetur
423 4791 736 4861 impendere
769 4805 865 4851 :ut
891 4799 1104 4868 publico
1143 4802 1327 4857 saltim
1351 4803 1706 4862 defendamur

125 4878 350 5022 ;djutu,
413 4883 508 4952 qui
553 4882 911 4944 familiaribus
967 4890 1305 4948 adminiculis
1361 4895 1705 4953 deseruntur.

166 4973 269 5026 ale.

683 5068 901 5128 EPIST.
944 5071 1151 5129 CXVII.

608 5171 916 5218 SYIIIIACIIUS
944 5180 1227 5223 PATRUINO.

189 5243 482 5303 Exsortem
521 5256 575 5304 te
600 5252 865 5308 sermonis
889 5256 992 5310 mei
1019 5271 1143 5312 esse
1173 5273 1277 5313 non
1310 5260 1503 5330 patiar,
1537 5275 1708 5335 neque

118 5349 147 5386 a
175 5340 454 5394 scribendi
495 5347 892 5408 perseverantia
939 5349 1139 5405 silentii
1168 5353 1242 5405 tui
1283 5350 1583 5411 imitatione
1607 5358 1704 5412 de-

119 5426 450 5486 «και-,δρία
473 5433 620 5488 enim
667 5434 983 5508 plerumque
1021 5454 1126 5494 non
1152 5442 1404 5499 amicitiae
1433 5447 1705 5518 negligen-

122 5518 210 5583 tia,
231 5523 334 5574 sed
361 5522 797 5592 obstrei-entibus
829 5531 976 5584 curis
1001 5530 1179 5587 ofllcia
1215 5535 1497 5591 retardari.
1533 5538 1700 5594 Velim

120 5612 254 5667 idem
280 5618 502 5686 credas,
531 5628 588 5673 et
624 5620 676 5673 in
723 5630 999 5692 posterum
1044 5640 1228 5681 curam
1271 5643 1522 5698 capessas
1559 5633 1698 5690 inte-

118 5705 306 5770 κτιΜί
343 5707 496 5765 istius
524 5714 783 5780 muneris,
809 5717 952 5785 quod
996 5719 1110 5787 ipse
1134 5719 1244 5789 jam
1277 5723 1481 5791 pridem
1529 5742 1700 5783 mora-

122 5798 210 5850 ris.
241 5797 357 5855 Ero
389 5809 514 5858 tunc
553 5808 852 5875 promptior
892 5809 1168 5868 exltjbend
1190 5828 1214 5869 s
1256 5815 1471 5884 litteris,
1504 5820 1596 5890 qni
1634 5835 1698 5876 ne

1817 555 1964 613 Vale.

2369 654 2580 710 EPIST.
2612 655 2840 713 CXVIII.

2291 762 2602 804 SVSIHACIIUS
2625 764 2916 805 Ρλτιιυικο.

1884 834 2101 891 Certum
2149 837 2321 894 habeo
2365 838 2495 894 nihil
2520 841 2674 906 apud
2723 841 2959 896 animum
3001 851 3147 897 tmtm
3191 843 3393 898 amico-

1815 941 1934 982 rum
1979 927 2175 984 Iitteris
2213 945 2338 986 esse
2371 931 2657 1002 jucundius
2685 951 2698 987 :
2725 943 2785 989 et
2832 934 2954 990 ideo
2999 936 3396 1004 promptissime

1812 1025 2092 1095 frequento
2121 1027 2409 1098 colloquia,
2453 1045 2574 1098 qua:
2618 1032 2732 1086 scio
2771 1032 2913 1102 apud
2939 1033 3194 1089 eximium
3224 1035 3396 1089 virum

1813 1119 1988 1190 magni
2015 1132 2137 1176 esse
2161 1123 2437 1177 momenti.
2476 1122 2735 1194 Superest
2772 1136 2831 1181 ut
2876 1126 2992 1195 ipse
3039 1142 3196 1198 quam
3247 1127 3396 1182 beni-

1814 1229 1918 1276 gne
1944 1214 2152 1272 litteras
2179 1232 2328 1274 meas
2347 1219 2538 1284 sumis,
2562 1229 2670 1275 tam
2694 1221 2925 1277 libenter
2945 1222 3137 1278 indicia
3165 1224 3396 1294 propriae

1815 1306 2092 1376 sospitatis
2120 1307 2354 1364 emittas.
2394 1309 2544 1366 Vale.

2125 1395 2134 1406 ’
2385 1401 2602 1458 EPIST.
2640 1403 2828 1460 CXIX.

2290 1506 2597 1548 εϊιιιλειιιιο
2627 1511 2910 1550 PATRIIINO.

1883 1579 2043 1634 Cordi
2075 1591 2154 1636 est
2186 1581 2497 1650 frequenter
2517 1584 2715 1654 alloqui
2740 1599 2858 1651 vos,
2888 1601 2954 1641 ne
2979 1585 3226 1642 videatur
3251 1585 3394 1656 apud

1815 1685 1902 1725 me
1926 1671 2224 1728 ofﬁciorum
2252 1672 2598 1731 familiarium
2620 1693 2745 1731 cura
2777 1678 3034 1748 tepuisse.
3071 1681 3245 1748 Atque
3273 1679 3394 1734 ideo

1814 1763 2038 1816 salutem
2089 1762 2231 1818 votis
2276 1776 2444 1834 opto,
2501 1767 2695 1823 litteris
2745 1767 2871 1823 dico
2917 1784 2932 1822 :
2991 1779 3178 1838 petens
3242 1778 3301 1824 ut
3352 1771 3395 1824 si

1739 1838 1788 1899 Β
1813 1856 2025 1924 quando
2053 1857 2178 1927 styli
2205 1870 2333 1911 usus
2357 1858 2639 1914 intervallo
2661 1859 2902 1930 longiore
2931 1861 3247 1925 cessaverit,
3269 1876 3396 1918 cau-

1812 1964 1928 2004 sam
1953 1949 2152 2005 silentii
2182 1965 2288 2004 non
2318 1951 2602 2020 voluntati,
2632 1962 2724 2008 aut
2748 1954 2989 2017 desidim,
3023 1954 3118 2008 sed
3164 1967 3394 2025 occupa-

1813 2042 2048 2097 tionibus
2086 2043 2386 2114 applicetis.
2422 2044 2574 2100 Vale.

2392 2135 2608 2192 EPIST.
2639 2137 2804 2193 CXX.

2287 2241 2599 2284 δγιιιιιοιιιιδ
2625 2245 2906 2286 PATRUINO.

1884 2316 2209 2372 Athanasius
2259 2317 2324 2373 V.
2357 2320 2422 2374 (Ζ.
2458 2321 2902 2390 peregrinationis
2943 2322 3192 2392 iniuriam
3249 2321 3400 2392 justo

1812 2407 1998 2465 dolore
2025 2409 2282 2481 suscepit.
2312 2410 2444 2466 Nam
2470 2421 2646 2480 pactae
2675 2413 2749 2479 ei,
2768 2422 2826 2469 et
2854 2412 3008 2469 nobis
3033 2414 3251 2468 arbitris
3271 2415 3396 2484 jun-

1812 2515 1913 2559 cta:
1939 2503 2270 2574 obligatione
2299 2506 2580 2576 pignorum
2609 2507 2806 2575 nuptire
2832 2507 3183 2577 denegantur.
3216 2507 3394 2577 Exag—

1811 2611 2058 2664 gerarem
2089 2595 2208 2651 laeti
2261 2595 2415 2666 hujus
2445 2597 2720 2662 invidiam,
2762 2599 2865 2653 nisi
2908 2599 3072 2654 verba
3113 2600 3272 2654 rebus
3303 2615 3393 2654 es-

1809 2695 1933 2741 sent
1975 2687 2206 2742 minora.
2240 2687 2360 2758 Ipse
2393 2688 2532 2759 apud
2579 2697 2632 2745 te
2666 2691 2807 2761 quod
2853 2691 3078 2762 quresito
3121 2707 3256 2760 opus
3283 2701 3390 2754 est,

1809 2777 2023 2846 plenius
2050 2778 2351 2846 eloquetur.
2390 2780 2560 2836 Orare
2590 2795 2697 2835 non
2737 2780 2930 2846 debeo,
2971 2789 3034 2836 nt
3055 2790 3148 2835 tuo
3174 2781 3395 2851 juvetur

1810 2869 2029 2935 auxilio,
2055 2869 2198 2936 quod
2228 2871 2304 2926 illi
2326 2883 2380 2926 et
2403 2884 2558 2935 amor
2581 2881 2704 2944 tuus
2724 2872 2972 2944 spondet,
2999 2882 3056 2929 et
3085 2875 3286 2928 munita
3321 2875 3398 2930 Ie.

1808 2959 1964 3032 gibus
2003 2975 2164 3016 causa
2205 2962 2478 3017 conciliat.
2523 2963 2670 3018 Vale.
3351 2961 3354 2964 ’

2386 3099 2597 3156 EPIST.
2629 3099 2817 3158 CXXI.

2294 3207 2602 3250 εςιιιιιιοιιιιε
2628 3210 2909 3250 ΡΑτιιυιΝο.
3209 3240 3214 3244 .

1885 3280 2009 3338 Scio
2035 3282 2101 3337 ad
2131 3282 2385 3339 indicium
2412 3285 2660 3342 amicitiae
2685 3288 2978 3357 pertinere,
3001 3288 3146 3358 quod
3177 3289 3395 3361 religio-

1816 3391 1937 3428 nem
1993 3383 2136 3429 tuam
2184 3377 2494 3448 participem
2537 3391 2734 3434 nostra:
2781 3381 3115 3438 necessitatis
3151 3397 3388 3439 assumo.

1810 3468 2034 3530 Suscipe
2083 3468 2258 3538 igitur,
2292 3485 2475 3540 qua~so
2506 3480 2576 3536 te,
2611 3473 2850 3542 procliv'e
2888 3475 3216 3542 mandatum,
3247 3477 3390 3546 quod

1815 3574 1911 3628 pro
1939 3569 2119 3615 mutua
2148 3561 2419 3630 diligentia
2449 3566 2610 3618 etiam
2635 3580 2739 3620 non
2771 3575 2985 3636 rogatus
3013 3582 3203 3623 curare
3228 3567 3393 3623 debe-

1812 3667 1920 3706 res.
1955 3651 2073 3708 Ursi
2104 3668 2260 3722 quam
2287 3654 2500 3724 plurimi
2527 3656 2594 3710 ad
2623 3656 2916 3712 editionem
2950 3658 3190 3713 muneris
3218 3659 3387 3714 nostri

1811 3760 1876 3799 ex
1905 3744 2050 3800 Italia
2072 3745 2430 3812 devehuntur,
2455 3763 2594 3816 quos
2617 3750 2862 3820 capimus
2888 3751 3136 3806 celeriter
3161 3752 3213 3805 in
3231 3766 3386 3808 nsum

1810 3838 2072 3893 exhiberi.
2117 3839 2346 3910 Dignare
2384 3840 2547 3912 igitur
2582 3857 2768 3897 eorum
2797 3845 3081 3899 transitum
3111 3844 3292 3900 studio
3333 3853 3390 3898 et
3463 3865 3465 3867 ί

1810 3929 2082 4000 diligentia
2117 3931 2426 3998 vindicare;
2457 3933 2727 4004 simulque
2767 3934 3026 3991 adhibere
3054 3935 3385 3994 custodiam.

1812 4035 1879 4075 ne
1906 4037 2011 4089 qua
2052 4021 2195 4077 fraus
2221 4038 2378 4079 avara
2417 4035 2731 4081 commutet.
2763 4027 2989 4083 Maxime
3032 4039 3209 4083 autem
3238 4042 3388 4082 rum-

1812 4111 2001 4178 penda:
2023 4121 2148 4166 sunt
2185 4128 2373 4178 morai,
2401 4115 2523 4185 quia
2571 4116 2689 4170 dies
2713 4118 2984 4180 proximus
3011 4118 3266 4172 funetioni
3296 4132 3386 4172 θοι

1810 4203 1986 4273 gendo
2015 4206 2293 4274 apparatni
2326 4222 2431 4261 non
2459 4207 2663 4262 relaxat
2692 4208 2951 4264 inducias.
2985 4209 3132 4265 Vale.

2365 4335 2580 4394 EPIST.
2619 4335 2828 4396 CXXII.

2289 4445 2590 4488 .‘BIIIACIIUS
2621 4450 2903 4491 PATRUINO.

1881 4541 2058 4597 Probo
2087 4542 2406 4599 modestiam
2427 4555 2591 4602 tuam.
2618 4549 2729 4605 Sed
2752 4550 2948 4608 damno
2975 4553 3105 4608 mihi
3131 4569 3254 4612 esse
3282 4573 3388 4612 non

1810 4633 2013 4702 debuit,
2039 4634 2166 4690 dum
2195 4646 2404 4707 sperata
2433 4650 2710 4710 exspectat
2735 4642 2969 4714 impleri.
2997 4646 3058 4700 Et
3079 4658 3227 4703 certe
3249 4665 3390 4704 nunc

1813 4738 2089 4800 postquam
2111 4731 2189 4784 rei
2209 4728 2431 4786 ellectns
2451 4733 2612 4788 ﬁnem
2629 4734 2842 4791 silentio
2862 4736 3029 4806 dedit,
3050 4738 3389 4809 dispendium

1813 4834 1987 4874 meum
2023 4818 2358 4889 frequentior
2384 4821 2558 4894 stylus
2586 4825 2806 4881 sarciat.
2833 4827 2928 4898 Est
2946 4829 3088 4883 aliud
3125 4847 3234 4901 quo
3258 4848 3391 4886 cnn-

1812 4919 1896 4963 cta
1923 4910 2120 4978 scripta
2148 4926 2484 4980 compenses.
2514 4912 2568 4967 In
2599 4916 2821 4984 agendis
2848 4917 2911 4973 D.
2944 4919 3012 4973 M.
3049 4919 3269 4976 Consuli
3294 4939 3388 4991 pro

1818 5000 2078 5056 beneﬁcio
2112 5016 2210 5056 suo
2247 5001 2432 5071 gratiis
2460 5012 2697 5059 nostram
2736 5006 2931 5061 sortire
2972 5023 3275 5076 personam,
3323 5027 3389 5065 co

1813 5091 2030 5160 affectu,
2061 5107 2170 5164 quo
2197 5094 2497 5160 amicorum
2529 5095 2624 5151 tibi
2652 5099 2842 5168 gaudia
2870 5100 3142 5154 vendicas.
3174 5101 3302 5165 Sed,
3335 5118 3366 5155 ιι

1813 5186 1946 5251 scio,
1992 5187 2434 5243 Iuculentioribus
2463 5190 2664 5258 verbis,
2713 5201 2768 5246 et
2811 5202 3029 5262 prepter
3073 5193 3270 5264 ingenii
3313 5205 3367 5250 tu

1813 5276 2343 5345 magnitudinem-,et-
2382 5281 2499 5337 sine
2542 5282 2863 5338 adulationis
2907 5284 3108 5352 pudore
3152 5285 3389 5343 absentis
3463 5329 3474 5336 -

1809 5368 2061 5437 gaudium
2086 5370 2456 5442 prosequeris.
2483 5373 2654 5442 Adde,
2681 5375 2725 5428 si
2755 5375 2947 5444 placet,
2975 5375 3114 5442 quod
3143 5387 3267 5433 ante
3291 5395 3388 5448 po-

1813 5459 2065 5516 stulatum
2096 5472 2268 5528 tenes,
2315 5475 2371 5518 ut
2416 5466 2639 5521 aliarum
2672 5466 2991 5538 Lybicarum
3034 5468 3165 5525 mihi
3189 5476 3390 5544 emptio

1813 5564 1960 5606 sacra
1992 5555 2311 5611 auctoritate
2354 5567 2660 5626 prastetur.
2691 5563 2807 5626 Quo
2835 5560 3121 5630 impetrato
3149 5568 3388 5623 omnium

1815 5646 2215 5713 perceptionnm
2243 5647 2440 5703 donum
2474 5651 2691 5718 putabo.
2732 5651 2810 5707 De
2831 5654 3030 5722 juvene
3057 5649 3236 5715 autem
3269 5678 3389 5715 meo

1812 5744 2056 5791 retexere
2105 5753 2209 5792 non
2252 5738 2457 5806 laboro,
2491 5757 2610 5811 quae
2657 5754 2848 5814 sponte
2881 5751 3192 5806 meministi.
3227 5753 3402 5808 Intele

1811 5821 1914 5894 lgo
1941 5828 2080 5881 cnim
2107 5829 2305 5884 remitti
2332 5831 2609 5889 modesticc
2640 5850 2773 5891 mea:
2805 5841 3053 5909 precandi
3096 5843 3398 5899 necessitas
