3932 6446
541 366 635 452 att

1707 382 1772 445 ο.
1817 369 2156 433 sunmus

2254 366 2637 424 HIMACIIUS.
3684 373 3758 431 3i!

545 518 677 574 tem,
706 518 826 558 cum
871 500 1124 556 libentius
1165 515 1194 552 a
1240 495 1457 552 sublimi
1500 502 1555 549 et
1596 485 2125 560 magniﬁcentissimo
2155 483 2202 542 Α
2231 488 2534 574 revertetur
2573 479 3033 574 Iegibnsgquidcm
3071 479 3271 574 debita,
3305 479 3400 537 sed
3440 482 3593 552 patris
3618 489 3758 540 sensui

544 601 663 654 viro
691 613 795 653 non
829 602 1135 665 exspectata
1169 600 1508 662 prmstentur.
1549 584 1694 639 Vale.

1095 726 1318 782 EPIST.
1350 723 1583 779 CXXIII.

1031 834 1340 876 δγηυλειιυε
1378 829 1658 871 ΡΑΤΒΙἹΝΟ.

623 945 677 996 In
716 941 832 995 viro
872 939 1076 1008 optimo
1117 947 1172 992 et
1195 933 1518 990 amicissimo
1555 943 1676 985 meo
1716 927 1968 984 Perrocio
2017 925 2130 982 Ro-

551 1051 709 1090 mana
738 1034 1052 1104 simplicitas
1095 1039 1198 1086 est.
1249 1029 1425 1084 Taceo
1473 1023 1614 1094 quod
1657 1023 1805 1077 illum
1848 1023 2000 1091 longa
2033 1020 2132 1074 mi-

553 1131 664 1183 Iitia
711 1139 766 1184 ct
803 1128 1071 1197 inculpata
1117 1123 1450 1180 cohonestat.
1504 1119 1706 1173 lllinora
1750 1118 1892 1171 enim
1939 1126 2133 1170 czetera

552 1225 679 1277 facit
707 1237 916 1277 morum
946 1220 1062 1288 ejus
1099 1217 1379 1284 inspectio.
1421 1214 1572 1267 llunc.
1597 1211 1918 1265 nnanimitas
1959 1219 2132 1262 vestra

554 1323 680 1367 ante
711 1329 815 1366 non
845 1312 1066 1366 didicit:
1088 1309 1342 1380 judicium
1375 1321 1552 1360 meum
1581 1313 1762 1358 secuta
1787 1299 2135 1372 suscipiat.Si

556 1405 670 1458 visu
701 1415 878 1460 vestro
902 1403 1010 1471 jam
1041 1404 1087 1456 ei
1119 1414 1257 1470 opus
1295 1399 1478 1457 fuerit.
1528 1409 1714 1465 quaeso
1757 1405 1815 1448 ut
1856 1394 1930 1448 illi
1968 1394 2138 1446 honor

557 1496 846 1551 testimonii
875 1495 978 1550 nici
1003 1493 1256 1550 conciliet
1275 1490 1415 1561 apud
1436 1506 1532 1544 vos
1553 1487 1750 1541 amoris
1771 1497 2135 1555 augmentum.

559 1590 710 1648 Vale.

1111 1656 1321 1714 EPIST.
1354 1656 1588 1713 CXXIV.

1033 1765 1346 1804 SYIIIIACIIUS
1384 1763 1666 1803 PATIIUISO.

628 1845 937 1900 Amicorum
964 1842 1149 1897 liberis
1173 1842 1289 1896 usui
1319 1855 1441 1896 esse
1461 1840 1739 1904 debemus,
1764 1837 1903 1908 quod
1929 1839 2138 1894 etiamsi
2177 1872 2220 1930 Β

559 1937 674 2004 ipse
697 1936 982 1998 nescirem,
1014 1944 1104 1988 tuo
1127 1935 1376 2002 exemplo
1403 1943 1456 1988 et
1485 1932 1784 1988 imitatione
1813 1931 2141 1987 didicissem.

561 2026 644 2080 Ad
676 2028 814 2080 hanc
849 2025 1170 2080 sententiam
1220 2026 1470 2093 pertinet,
1501 2023 1590 2094 qui
1623 2024 1715 2078 tibi
1758 2025 1962 2079 litteras
1991 2022 2144 2076 exhi-

563 2119 730 2174 bebit.
762 2118 1023 2190 Fungitur
1060 2127 1239 2172 autem
1274 2119 1460 2173 militia
1489 2120 1539 2172 in
1569 2117 1784 2173 scriniis
1813 2119 2105 2172 litterarum
2133 2134 2144 2169 :

562 2211 649 2266 cui
674 2211 805 2265 satis
832 2211 950 2280 opis
989 2219 1043 2266 et
1079 2210 1348 2267 felicitatis
1385 2212 1618 2274 eveniet,
1651 2212 1694 2264 si
1737 2211 1801 2264 ad
1846 2209 2147 2264 clientelam

564 2302 1012 2372 splendidissima:
1039 2303 1234 2359 domus
1261 2315 1364 2358 tua:
1394 2307 1653 2360 meruerit
1680 2305 1976 2373 pervenire.
1995 2300 2147 2355 Vale.

1126 2403 1345 2496 splsr.
1377 2439 1588 2495 cxxv.

1046 2568 1349 2608 SVMIACUUS
1387 2566 1673 2608 PATRUINO.

639 2667 990 2724 Athanasium
1033 2667 1186 2722 bonis
1225 2667 1429 2721 artibus
1458 2667 1660 2722 clarum
1703 2667 1945 2722 securius
1969 2681 2153 2720 amare

568 2760 731 2828 ccepi.
751 2767 1031 2830 postquam
1059 2759 1128 2814 de
1147 2773 1214 2813 eo
1229 2759 1488 2828 judicium
1518 2769 1664 2813 tuum
1686 2759 1944 2828 comperi.
1967 2758 2151 2825 Magna

570 2855 714 2909 enim
744 2854 1094 2924 praerogativa
1121 2862 1224 2920 est,
1258 2854 1521 2922 placuisse
1547 2853 1986 2922 sapienti.Quare
2006 2866 2154 2906 com-

569 2945 910 2999 mendatione
937 2945 1055 3013 ejus
1081 2945 1346 3010 abstineo,
1380 2961 1449 3000 ne
1481 2946 1688 3000 minora
1718 2943 1962 3010 afferam,
1993 2959 2152 3015 quam

569 3047 623 3092 te
652 3035 817 3090 credo
843 3035 1063 3090 sentire.
1097 3035 1188 3089 Illa
1225 3049 1348 3104 pars
1370 3035 1498 3089 mihi
1534 3036 1750 3105 pronior
1785 3035 1931 3090 dictu
1969 3046 2072 3103 est,
2099 3047 2157 3091 ut

568 3145 718 3185 ames
749 3131 802 3184 in
831 3147 898 3186 eo
949 3147 1100 3200 spem
1148 3148 1306 3202 quam
1337 3133 1561 3198 dedisti,
1606 3133 1876 3203 addasque
1904 3134 2154 3188 inchoato

573 3223 835 3277 beneﬁcio
863 3223 1266 3292 perfectionem.
1298 3227 1468 3294 Quam
1501 3226 1544 3280 si
1572 3227 1763 3297 aliquis
1787 3235 2012 3282 eventus
2039 3227 2153 3281 elu-

571 3314 725 3378 serit,
755 3313 930 3381 efﬁce,
959 3332 1055 3369 oro
1081 3325 1155 3383 te,
1179 3317 1380 3386 majora
1415 3317 1740 3387 praestando,
1773 3328 1831 3372 ut
1859 3318 1934 3373 illi
1958 3319 2153 3388 prioris

573 3407 680 3462 voti
705 3410 872 3477 prosit
892 3411 1131 3465 amissio.
1165 3411 1314 3467 Vale.

1129 3523 1342 3578 EPIST.
1371 3524 1600 3580 CXXVI.

1049 3649 1357 3691 SVHIACIIUS
1393 3653 1676 3693 ΡΔτΙιωΝΟ.

645 3743 766 3799 Non
794 3760 988 3800 novum
1030 3757 1191 3818 atque
1235 3749 1554 3805 intentatum
1589 3751 1765 3806 refero
1807 3752 2156 3822 postulatum,

579 3836 673 3891 sed
701 3835 841 3905 quod
871 3837 1132 3908 ingesmm
1163 3840 1268 3895 tuis
1289 3842 1506 3897 auribus
1529 3858 1903 3912 recognoscas.
1931 3843 2159 3899 lllustris

579 3932 853 3985 memoriae
897 3932 994 3986 viri
1034 3931 1209 3988 Ruﬁni
1245 3935 1555 4004 exprmfecti
1588 3937 1734 3992 urbis
1775 3937 1909 3991 ﬁlias
1941 3946 2160 4006 paterna

578 4020 862 4078 affectione
900 4022 1132 4079 defendo
1169 4047 1180 4078 :
1213 4042 1439 4095 quarum
1477 4029 1894 4084 sollicitudinem
1920 4046 2014 4098 per
2041 4046 2155 4095 vos,

578 4114 774 4184 quibus
800 4116 1029 4186 reipubl.
1056 4118 1183 4173 cura
1204 4128 1308 4186 est,
1331 4131 1458 4190 opto
1483 4121 1661 4175 tutari.
1679 4121 1745 4175 Et
1770 4121 1890 4176 ideo
1915 4131 2160 4190 precator

579 4207 799 4276 accedo,
843 4219 901 4263 ut
942 4210 1195 4280 quidquid
1233 4212 1391 4266 clarae
1426 4212 1666 4280 quidem,
1707 4213 1800 4267 scd
1840 4213 2162 4268 miserabilis

578 4297 775 4354 domus
798 4315 927 4355 usus
955 4303 1216 4371 exegerit,
1260 4303 1399 4357 facili
1429 4304 1804 4373 impetrationc
1834 4315 2157 4360 mereantur.

583 4390 691 4445 lies
721 4406 950 4461 namque
979 4393 1084 4447 illis
1117 4404 1200 4449 est
1241 4410 1336 4464 per
1375 4396 1645 4465 Apuliam,
1691 4412 1794 4456 nou
1839 4407 1944 4450 tam
1988 4397 2160 4451 reditu

585 4481 782 4550 ampla,
804 4497 963 4550 quam
993 4498 1178 4538 censu.
1211 4485 1334 4539 llaec
1363 4486 1464 4539 nisi
1494 4486 1754 4540 bonorum
1795 4487 2036 4556 judicnm
2063 4487 2162 4540 ful-

585 4572 757 4625 ciatur
801 4573 1020 4639 auxilio,
1071 4574 1300 4642 publicis
1341 4577 1596 4632 oneribus
1644 4579 1782 4631 fessa
1827 4580 2158 4634 succumbet.

586 4661 716 4730 Opis
757 4663 916 4731 igitur
943 4673 1045 4718 tua:
1090 4666 1330 4720 levamen
1365 4676 1661 4736 exspectat.
1710 4668 1794 4722 Me
1828 4684 2040 4738 quoque
2069 4670 2164 4723 tibi

589 4753 753 4807 facies
778 4756 964 4822 gratiae
987 4755 1306 4823 debitorem,
1333 4759 1376 4812 si
1415 4760 1564 4827 gravi
1594 4759 1829 4829 pondere
1858 4761 2050 4815 victam
2081 4776 2167 4815 sa-

592 4846 779 4900 lutaris
801 4845 1051 4902 defensor
1078 4849 1337 4904 erexeris.
1371 4849 1521 4905 Vale.

1076 5061 1083 5075 θ
1133 4985 1348 5041 EPIST.
1373 4987 1631 5046 CXXVII.

1065 5116 1375 5158 SYIIACllUS
1411 5120 1693 5160 PATBUINO.

663 5218 1052 5288 Promptiorem
1085 5234 1170 5274 me
1190 5220 1333 5275 circa
1364 5221 1616 5277 Herennii
1643 5223 1922 5278 laudabilis
1953 5224 2049 5278 viri
2081 5224 2171 5278 de-

593 5313 887 5367 leusionem
905 5312 1106 5382 judicia
1141 5323 1314 5369 vestra
1342 5313 1600 5370 fecerunt.
1638 5313 1808 5372 Habet
1833 5316 1975 5371 enim
2007 5318 2170 5385 pluri-

593 5419 738 5455 mum
764 5404 1052 5472 voluptatis
1073 5406 1288 5472 electio,
1316 5418 1368 5461 et
1386 5418 1678 5475 provocant
1699 5407 1936 5462 animum
1961 5419 2170 5476 sperata

594 5493 859 5556 praesidia.
893 5493 997 5549 Sed
1026 5511 1200 5550 meum
1232 5510 1464 5563 nonest,
1505 5499 1707 5568 scripto
1733 5507 2002 5552 ostentare
2045 5497 2170 5565 quid

594 5585 805 5651 negotio
829 5589 1200 5656 promovendo
1239 5603 1366 5642 cura
1393 5599 1572 5643 nostra
1596 5587 1904 5642 contulerit.
1932 5587 2177 5642 Narraliit

595 5677 709 5728 Ιιςιτυ
745 5675 892 5728 vobis
939 5679 1028 5731 ille
1053 5695 1209 5748 quem
1237 5680 1490 5748 iuvimus,
1517 5679 1672 5733 simul
1705 5677 1872 5747 ipsius
1901 5679 1972 5732 rei
2002 5679 2176 5734 exitus

593 5766 767 5821 ofﬁcia
809 5769 1107 5826 testabitur.
1149 5771 1351 5826 Cuncta
1397 5771 1562 5844 enim,
1591 5786 1709 5839 qua:
1751 5770 1982 5839 direptio
2022 5785 2174 5838 spar-

582 5871 756 5930 serat,
787 5862 1097 5934 investigata
1136 5874 1438 5934 patuerunt.
1486 5867 1662 5934 Itaque
1705 5863 1754 5917 in
1797 5865 1882 5932 jus
1916 5858 2172 5920 llercnuii

2231 573 2423 627 acerba
2459 573 2750 628 successio.
2792 571 2944 626 Nunc
2988 582 3181 627 vestrae
3219 572 3286 629 de
3320 589 3406 629 me
3435 576 3756 634 existimationi

2231 664 2431 732 gratias
2455 675 2555 729 ago
2595 663 2971 736 atquebaheo
3013 680 3028 717 :
3072 672 3126 717 ct
3171 678 3330 734 spero
3359 664 3597 719 ﬁduciam
3630 671 3759 723 nostri

2234 756 2372 825 apud
2393 753 2679 823 optimates
2692 755 2835 810 viros
2852 769 2971 810 esse
2988 769 3316 822 mansuram,
3330 755 3483 826 cujus
3497 756 3761 814 documenti

2235 849 2495 920 coepistis.
2533 847 2682 904 Va'e.

2744 940 2959 998 EPIST.
3002 939 3288 998 CXXVIII.

2713 1070 3022 1110 ενιηηεαυε
3057 1070 3335 1110 Ρλτκυικο.

2308 1191 2476 1244 Amor
2504 1190 2555 1244 in
2594 1199 2648 1244 te
2678 1205 2834 1244 meus
2863 1205 2930 1244 ex
2966 1188 3192 1243 summis
3227 1188 3418 1258 opibus
3447 1189 3698 1251 aunititur,
3722 1198 3763 1242 ut

2240 1284 2292 1338 in
2315 1283 2432 1338 dies
2453 1282 2695 1354 singulos
2725 1283 2990 1338 bonorum
3019 1282 3116 1337 tibi
3139 1283 3314 1338 cultus
3341 1283 3590 1338 accedat:
3613 1292 3768 1338 tantum

2241 1379 2394 1433 abest
2435 1388 2490 1432 ut
2527 1380 2702 1433 sinam
2753 1385 2964 1433 veteres
3004 1378 3098 1433 tibi
3136 1379 3340 1435 amicos
3371 1379 3769 1434 insimulationum

2243 1467 2585 1538 improbitate
2615 1468 2854 1537 decerpi.
2880 1467 3026 1522 Inter
3045 1484 3182 1537 quos
3203 1470 3286 1524 vir
3304 1471 3621 1526 clarissimus
3639 1471 3772 1540 Scipio

2244 1561 2498 1613 virtutum
2535 1570 2743 1613 tuarum
2764 1598 2781 1625 ,
2834 1575 2921 1615 me
2958 1575 3173 1631 quoque
3199 1570 3338 1617 teste
3359 1605 3375 1630 ,
3410 1563 3658 1627 laudator,
3681 1580 3774 1631 spo-

2247 1652 2432 1706 liatum
2473 1668 2533 1707 se
2579 1667 2768 1707 amore
2811 1662 2903 1707 tuo
2950 1668 3046 1722 per
3089 1655 3312 1709 aemulos
3362 1656 3663 1724 ingemiscit.
3699 1657 3773 1710 Sed

2247 1743 2377 1798 mihi
2417 1743 2713 1798 verisimile
2757 1761 2863 1798 non
2902 1744 3134 1813 videtur,
3181 1745 3529 1800 stabilitatem
3566 1747 3702 1799 animi
3725 1747 3774 1798 lui

2248 1834 2553 1889 rumoribus
2580 1832 2729 1889 falsis
2760 1835 2998 1902 potuisse
3025 1837 3243 1903 mutari,
3275 1852 3401 1890 cum
3435 1837 3566 1892 bene
3585 1836 3777 1890 conscius

2249 1926 2371 1980 vita:
2415 1925 2547 1980 nihil
2593 1927 2645 1981 in
2675 1942 2735 1982 se
2765 1927 3042 1982 maledicis
3073 1927 3236 1983 licere
3271 1929 3606 1984 sermonibus
3635 1927 3778 1982 delicat

2249 2021 2535 2075 astimure.
2565 2021 2742 2087 Quare
2765 2020 2951 2074 hortor
2979 2029 3032 2095 et
3054 2021 3339 2090 deprecor,
3370 2023 3615 2092 despuas,
3640 2023 3678 2076 si
3702 2036 3774 2090 qua

2249 2127 2372 2170 sunt
2404 2115 2664 2170 inculcata
2711 2114 2989 2170 mendacia
3013 2156 3028 2182 ,
3069 2124 3229 2186 atque
3259 2119 3405 2170 hunc
3435 2116 3670 2169 honorem
3695 2130 3775 2167 tne-

2251 2207 2369 2261 ritis
2398 2208 2503 2262 tuis
2534 2207 2809 2272 vendices,
2862 2215 2921 2260 nt
2959 2206 3132 2274 qualis
3175 2207 3290 2277 ipse
3341 2222 3424 2270 cs,
3467 2206 3617 2260 talem
3657 2215 3699 2258 te
3732 2203 3778 2256 ab

2251 2300 2501 2354 omnibus
2552 2299 2817 2368 intelligas
2857 2297 3109 2369 judicari.
3160 2298 3330 2353 Nemo
3370 2301 3422 2353 in
3465 2309 3516 2354 te
3557 2297 3781 2351 transferat

2254 2392 2364 2446 odii
2409 2393 2489 2446 sui
2535 2391 2764 2446 semina.
2808 2390 2927 2446 Iam
2971 2390 3172 2446 dudum
3216 2391 3362 2445 enim
3393 2405 3557 2459 genus
3579 2398 3652 2443 est
3671 2389 3779 2447 artis,

2252 2483 2318 2536 ad
2364 2481 2585 2537 alendus
2629 2483 2772 2539 vires
2813 2482 3099 2537 discordia:
3142 2498 3276 2546 sum,
3311 2482 3596 2536 sollicitare
3632 2489 3781 2534 metum

2256 2577 2543 2647 potiorum.
2576 2576 2688 2631 Non
2719 2576 2808 2631 ibo
2835 2576 3066 2646 longius,
3097 2591 3218 2632 cum
3251 2576 3384 2630 mihi
3417 2575 3782 2646 impetrationem

2255 2668 2517 2738 spondeat
2565 2667 2821 2737 sapientia
2864 2679 3074 2723 morum
3114 2677 3353 2730 tuorum,
3390 2682 3546 2735 quam
3581 2673 3689 2734 puto
3717 2678 3783 2716 ca-

2259 2772 2412 2818 tenus
2450 2776 2828 2831 responsuram
2870 2762 3064 2816 litteris
3103 2761 3272 2828 meis,
3325 2771 3388 2816 ut
3427 2775 3532 2816 non
3561 2770 3655 2815 tam
3679 2757 3786 2825 igno-

2257 2856 2397 2908 visse
2419 2863 2470 2908 tc
2506 2854 2745 2924 Scipioni
2785 2870 2944 2924 quam
2975 2853 3104 2909 nihil
3128 2854 3196 2910 de
3216 2869 3282 2910 eo
3303 2869 3516 2910 asseras
3536 2851 3782 2908 Credidissc.
3874 2851 3875 2920 ;

2265 2944 2416 3000 Vale.

2806 3037 3027 3095 EPIST.
3059 3037 3296 3095 CXXIX.

2775 3167 3086 3208 SYMIACHUS
3123 3167 3329 3208 SIIIDIO.

2180 3251 2229 3315 C
2327 3269 2520 3323 Curam
2543 3268 2610 3323 de
2633 3279 2684 3323 te
2712 3285 2885 3325 meam
2910 3271 3036 3326 nolo
3057 3287 3123 3326 ex
3140 3272 3368 3341 epistola
3394 3272 3639 3332 metiaris.
3656 3270 3785 3324 Pauca

2258 3361 2602 3416 salutantium
2634 3363 2798 3417 verba
2823 3372 2974 3434 sunt,
3007 3364 3102 3418 sed
3135 3375 3255 3420 vota
3288 3367 3514 3437 prolixa.
3545 3360 3790 3430 Licealili'

2261 3461 2348 3506 tur
2383 3453 2578 3508 imitari
2618 3469 2745 3525 erga
2775 3464 2826 3510 te
2863 3458 3250 3524 parcimoniam
3293 3459 3620 3527 religionum,
3647 3453 3789 3525 quibus

2260 3545 2378 3614 jura
2403 3546 2658 3601 amicitia:
2683 3548 3126 3613 conferuntur,et
3155 3548 3393 3604 ofﬁcium
3418 3551 3556 3622 pium
3579 3546 3707 3604 brevi
3724 3561 3788 3613 pa.

2259 3637 2380 3706 gina
2425 3646 2674 3708 tanquam
2715 3655 2892 3710 parvo
2924 3655 3033 3695 tere
3072 3643 3435 3710 persolvetur.
3481 3642 3649 3712 Neque
3683 3636 3788 3692 enim

2195 3731 2203 3739 '
2260 3727 2480 3784 devotio
2527 3731 2752 3801 requirit
2791 3747 3109 3787 excursum.
3173 3733 3291 3788 Tibi
3338 3743 3520 3790 autem
3558 3729 3790 3800 praescribo

2261 3819 2385 3890 styli
2411 3821 2695 3876 terminos.
2732 3822 2903 3876 Erunt
2929 3823 3059 3878 mihi
3082 3839 3204 3894 quae
3220 3827 3286 3880 de
3312 3835 3364 3881 te
3393 3825 3656 3897 scripseris
3676 3820 3792 3876 nimis

2263 3925 2474 3981 magna,
2505 3913 2548 3966 si
2581 3912 2697 3966 Imta
2727 3914 2852 3967 sint.
2887 3913 3034 3969 Vale.

2825 4069 3040 4125 EPIST.
3073 4071 3287 4127 CXXX.

2774 4204 3084 4243 δηιδιλοιιυε
3121 4204 3330 4243 SIBIDIO.

2337 4299 2502 4369 tEger
2534 4308 2618 4354 est
2654 4301 2864 4356 animus
2904 4317 3056 4355 meus
3079 4341 3094 4366 ,
3133 4300 3369 4369 quandiu
3422 4299 3551 4354 ﬁdes
3598 4302 3719 4351 certa
3745 4289 3794 4340 sit

2265 4395 2406 4464 quod
2439 4403 2648 4463 portum
2672 4395 2918 4450 sanitatis
2948 4395 3257 4450 intraveris.
3303 4395 3439 4451 l-luic
3464 4383 3793 4462 exspectationi

2266 4487 2562 4543 satisfacias
2591 4487 2734 4542 volo.
2760 4488 2876 4542 Non
2907 4491 3050 4544 enim
3083 4489 3216 4543 mihi
3247 4489 3508 4545 honorem
3544 4483 3655 4540 ﬁeri
3677 4479 3792 4533 obsc-

2267 4581 2394 4649 quio
2435 4578 2718 4646 litterario,
2771 4581 2866 4636 sed
2919 4596 3128 4650 magna:
3180 4580 3561 4636 sollicitudinis
3603 4577 3791 4630 levzunel

2273 4673 2431 4727 tribui
2459 4683 2674 4744 exopto.
2717 4674 2867 4728 Vale.

2821 4809 3038 4866 EPIST.
3069 4809 3156 4865 CX
3168 4810 3205 4864 X
3220 4809 3256 4864 Χ
3269 4811 3302 4864 l.

2684 4976 2697 4986 ,
2775 4937 3082 4976 ενδιιιλοιιυε
3119 4937 3325 4976 εωιυιο.

2347 5037 2624 5106 Nunquam
2652 5035 2858 5090 efﬁcies
2884 5034 3113 5098 silendo,
3147 5045 3204 5088 ut
3233 5051 3317 5087 me
3359 5034 3424 5085 ad
3451 5043 3621 5100 parem
3648 5022 3798 5076 νοΙιιΙὶσ

2281 5139 2443 5182 tatem
2481 5129 2642 5182 ducat
2676 5127 2928 5182 imitatio.
2967 5125 3156 5196 Cogito
3184 5126 3325 5180 enim
3355 5141 3458 5178 non
3486 5119 3602 5192 quid
3640 5123 3798 5179 tetnpO'

2284 5222 2378 5275 ruli
2427 5236 2622 5286 causa,
2665 5219 2760 5275 sed
2809 5219 2933 5287 quid
2993 5220 3213 5288 perenni
3285 5217 3530 5272 amicitia:
3574 5209 3798 5266 debeatur-

2282 5313 2521 5382 Cunique
2547 5312 2649 5366 sim
2674 5312 2778 5366 mei
2807 5310 2968 5364 ofﬁcii
2999 5325 3220 5363 severus
3250 5310 3470 5374 arbiter,
3499 5318 3664 5362 curam
3691 5305 3798 5348 tnntl

2283 5421 2408 5459 casu
2449 5405 2644 5474 swpius
2691 5419 2850 5472 quam
2893 5403 3112 5457 fastidio
3155 5404 3318 5456 credo
3364 5417 3588 5458 cessare.
3635 5389 3722 5448 Sed
3753 5396 3800 5436 "8

2285 5498 2438 5567 longa
2483 5498 2734 5568 colloquii
2777 5496 3153 5566 intercapedo,
3182 5497 3426 5565 quamvis
3455 5494 3524 5548 tui
3560 5491 3797 5544 amanlemi

2281 5599 2433 5657 cogat
2476 5589 2664 5644 timere
2708 5588 3006 5657 neglectum
3031 5628 3047 5654 ,
3095 5604 3282 5658 quaeso
3323 5592 3619 5641 constanter
3661 5569 3800 5627 munia

2281 5679 2655 5739 familiaritatis
2696 5695 2966 5736 exerceas.
3003 5681 3122 5748 Quo
3165 5681 3306 5734 enim
3355 5690 3508 5749 pacto
3554 5667 3798 5732 intelligere

2282 5789 2496 5844 possunt
2541 5783 2689 5842 grata
2722 5789 2841 5830 esse
2871 5791 2988 5844 qua:
3012 5774 3216 5839 defero,
3241 5773 3284 5827 si
3319 5767 3585 5842 negaveris
3610 5773 3712 5832 quat
3735 5764 3796 5804 τε·

2281 5866 2478 5934 posco?
2505 5865 2651 5920 Vale.
3103 5912 3110 5918 .
3193 5849 3200 5856 ’
