3932 6442
167 439 262 497 315

1331 432 1812 490 EPISTULARUII
1857 431 2054 488 LIBER
2097 434 2233 488 VIII.

3293 417 3430 494 '3”

1108 658 1587 766 LIBER
1675 655 2457 766 OCTAVUS.

637 823 967 882 EPISTOLA
1008 823 1241 879 PRIMA.

220 927 561 992 Compertum
592 921 787 986 habeo,
805 917 1041 989 quolibet
1068 917 1332 972 bonorum
1358 915 1591 972 culmine
1613 914 1731 966 ani-

155 1035 290 1075 mum
329 1031 478 1072 tuum
518 1031 623 1070 non
653 1015 833 1069 solere
865 1012 1080 1065 mutari.
1117 1009 1383 1079 Quidquid
1412 1009 1554 1063 cnim
1591 1008 1729 1062 bene

154 1114 354 1169 meritis
383 1108 680 1166 honestatis
709 1105 934 1168 accedit,
977 1105 1029 1158 id
1059 1105 1292 1158 solutum
1324 1104 1494 1172 magis
1519 1101 1730 1155 videtur

153 1222 269 1263 esse
293 1218 458 1275 quam
491 1202 807 1271 prtestitum.
835 1198 900 1252 Et
920 1196 1041 1251 ideo
1072 1195 1254 1250 mirari
1295 1209 1381 1248 me
1418 1208 1482 1248 ac
1511 1202 1730 1260 stupere

152 1301 432 1363 coofiteor,
455 1311 552 1351 cur
580 1302 725 1349 tanta
755 1293 946 1346 virtute
973 1300 1132 1360 atque
1165 1288 1498 1343 humanitate
1532 1285 1726 1356 pra-di-

155 1405 253 1458 tus,
296 1389 625 1461 iampridem
669 1386 812 1445 circa
839 1401 925 1438 me
963 1396 1183 1437 munere
1229 1381 1525 1434 litterarmn
1566 1378 1732 1431 absti-

154 1501 292 1542 neas.
350 1481 506 1550 Quod
553 1497 653 1551 ego
690 1478 792 1534 etsi
836 1492 1118 1532 causarum
1159 1473 1512 1543 occupatione
1563 1471 1730 1540 magis

150 1593 302 1648 quam
329 1576 607 1631 voluntate
636 1571 868 1627 arbitror
891 1570 1152 1625 accidisse
1171 1611 1187 1634 ,
1222 1577 1400 1622 tamen
1433 1581 1590 1620 orare
1623 1581 1729 1620 non

150 1673 332 1726 desino
375 1679 436 1724 ut
462 1681 744 1722 censuram
769 1673 911 1718 tuam
947 1662 1113 1717 nostri
1156 1677 1448 1716 memorem
1481 1660 1732 1729 frequens

151 1779 324 1820 sermo
359 1760 612 1816 declaret.
646 1757 794 1812 Vale.

791 1847 1004 1904 EPIST.
1032 1848 1093 1902 11.

624 1960 933 2001 BYIMACIIUS
973 1955 1260 1997 ALIACI'IIO.

215 2043 347 2100 Mihi
380 2041 594 2114 quidem
624 2056 653 2094 a
689 2051 742 2094 te
772 2037 1074 2105 multiplex,
1107 2047 1268 2105 atque
1293 2031 1500 2087 varium
1536 2045 1731 2085 munus

151 2138 446 2194 exbibitum
483 2143 603 2188 est:
633 2132 726 2187 sed
755 2130 960 2186 adverti
991 2127 1310 2185 verecundia
1341 2126 1563 2189 faetum,
1587 2122 1730 2193 quod

152 2231 238 2285 tibi
259 2231 311 2283 in
337 2225 570 2282 solidum
595 2238 868 2280 assumere
901 2222 1118 2276 noluisti
1142 2233 1355 2274 omnem
1380 2227 1615 2287 captura:
1635 2215 1728 2270 sil-
1765 2202 1806 2259 Β

150 2323 342 2378 vestris
372 2331 645 2376 eventum.
690 2318 823 2372 Nam
855 2327 940 2370 tua
969 2315 1217 2384 indagine
1243 2325 1458 2383 captum
1493 2312 1732 2380 leporem

150 2415 428 2486 gloriatus,
451 2426 637 2481 aprum
666 2409 890 2464 serviles
915 2422 1103 2461 manus
1129 2406 1326 2461 asset-is
1351 2405 1624 2459 incidisse.
1651 2406 1730 2457 An

150 2508 366 2563 smvitas
407 2506 532 2560 fera:
580 2502 792 2571 indigna
840 2501 932 2555 tibi
962 2503 1073 2555 visa
1100 2511 1205 2565 est,
1241 2515 1398 2570 quam
1438 2498 1578 2553 laudi
1603 2515 1726 2568 prn-

143 2600 273 2668 pria:
307 2597 654 2654 vindicarcs?
683 2593 786 2649 Sed
828 2593 941 2647 lucc
972 2593 1097 2662 joco
1135 2592 1274 2646 dicta
1317 2591 1538 2646 ridebis.
1583 2590 1734 2644 Nunc

151 2712 243 2748 ana
291 2707 418 2762 qua:
457 2690 525 2746 de
565 2704 650 2745 tne
693 2688 919 2756 requiris
974 2687 1214 2742 adverte.
1260 2685 1456 2741 Diebus
1494 2687 1735 2755 pauculis

152 2786 305 2840 etiam
333 2799 480 2838 nunc
503 2781 699 2836 morari
727 2780 920 2848 Capua:
949 2778 1214 2833 destinavi
1237 2777 1461 2844 ;debinc
1485 2777 1736 2831 mutatio-

154 2879 302 2932 nibus
351 2875 654 2932 vicinorum
702 2883 872 2927 totum
916 2871 1057 2925 hunc
1105 2883 1346 2924 mensem
1403 2869 1732 2936 producere;

153 2982 306 3041 atque
326 2971 426 3038 ita,
455 2969 501 3023 si
530 2965 602 3020 dii
623 2965 862 3034 juverint
881 2962 1486 3029 voluntatem,relegere
1508 2960 1732 3030 Appiam

155 3073 333 3131 potero
369 3061 612 3114 molesta:
638 3071 857 3111 accessu
891 3055 1106 3109 hiemis.
1143 3053 1289 3108 Vale.

783 3148 994 3202 EPIS'I‘.
1033 3149 1116 3200 flf.

618 3255 927 3298 SYIIIACIIUS
965 3257 1281 3295 I-‘IIL'CTIASO.

223 3338 550 3393 Sollicitatus
581 3335 896 3406 jamdudum
951 3334 1140 3388 litteris
1197 3333 1300 3388 tuis
1335 3334 1514 3387 tandiu
1547 3349 1731 3402 angar,

159 3430 387 3500 quandiu
416 3429 484 3484 de
517 3437 572 3482 te
601 3424 834 3480 secunda
876 3438 1220 3494 cognoscam.
1261 3425 1396 3490 Quid
1436 3425 1617 3492 igitur,
1653 3425 1736 3478 vel

163 3523 488 3576 medicorum
529 3517 758 3582 curatio,
798 3518 880 3571 vel
923 3515 1248 3570 abstinentia
1280 3529 1365 3571 tua
1397 3517 1462 3569 ad
1508 3518 1733 3572 salutem

1757 824 1803 878 Α
1835 818 2088 873 turnitate
2133 822 2414 878 macerari.
2461 821 2655 888 Qumso
2702 823 2952 878 custodes
2997 825 3256 880 bonorum
3295 825 3424 882 deos

1831 911 2124 966 valetudini
2156 923 2258 968 tuze
2298 915 2536 970 medicas
2561 917 2833 986 applicent
2869 933 3097 972 manus:
3135 933 3200 974 ne
3232 918 3419 986 Optimi

1833 1005 2096 1059 senatoris
2123 1005 2279 1074 longa
2306 1009 2520 1062 vexatio
2541 1008 2697 1063 fidem
2732 1009 2911 1076 faciat,
2935 1009 3066 1065 nihil
3087 1025 3279 1066 curare
3304 1025 3418 1066 cte-

1834 1097 2014 1163 lcstes,
2046 1114 2073 1150 a
2104 1114 2209 1169 qua
2235 1099 2488 1169 opinione
2517 1101 2800 1167 dissentio,
2848 1113 3006 1172 teque
3048 1103 3292 1172 protinus
3317 1119 3421 1172 0pc

1833 1194 2146 1250 salutarium
2174 1205 2498 1264 potestatum
2530 1197 2718 1252 solidrc
2758 1199 2968 1253 sanitati
3004 1215 3268 1268 prtcsumo
3295 1200 3421 1253 red-

1831 1286 2091 1352 dendum,
2114 1288 2156 1342 si
2184 1289 2343 1342 modo
2365 1291 2480 1360 ipse
2501 1291 2688 1358 plenus
2715 1292 2826 1360 spei
2851 1292 2987 1345 ιωιὶς
3012 1291 3421 1362 cogitationibus

1833 1380 2084 1434 eluctcris
2117 1381 2363 1435 adversa.
2403 1377 2550 1435 Vale.

2451 1473 2664 1531 EPIST.
2709 1476 2811 1529 VII.

2311 1580 2617 1620 εῑωιλοιιυε
2648 1583 2939 1622 ολρηιξοιο.

1905 1657 2239 1712 Adventante
2275 1657 2468 1712 Euscio
2497 1661 2706 1726 Speravi
2742 1661 2944 1714 litteras
2977 1670 3122 1724 tuas;
3163 1661 3254 1715 sed
3288 1661 3421 1715 ﬁdu-

1835 1749 1970 1804 ciam
2001 1764 2158 1804 casus
2187 1749 2394 1804 fefellit.
2447 1751 2556 1819 Ego
2602 1761 2781 1806 tamen
2829 1753 3025 1807 silentii
3076 1753 3148 1806 tui
3191 1753 3422 1806 imitatur

1835 1858 1955 1898 esse
1985 1857 2088 1897 non
2118 1842 2298 1911 potui,
2331 1858 2496 1912 quare
2532 1843 2785 1900 indebitis
2824 1846 3012 1916 fungnr
3049 1846 3295 1915 alloquiis
3326 1864 3337 1899 :
3368 1855 3423 1899 ut

1833 1936 1924 2004 qui
1959 1935 2154 2004 przesul
2187 1935 2344 2005 hujus
2373 1935 2536 1991 officii
2567 1952 2688 1992 esse
2727 1937 2988 1992 debueras
3017 1982 3030 2002 ,
3072 1938 3301 2006 exempli
3333 1955 3424 1991 ue-

1833 2030 2082 2083 cessitate
2111 2028 2175 2081 ad
2201 2026 2530 2098 diligentiam
2559 2032 2884 2098 provoceris.
2914 2029 3065 2084 Vale.

2422 2164 2642 2220 EPIST.
2682 2164 2820 2219 Vlll.

2335 2270 2646 2312 εῐωκιοιιυε
2683 2273 2922 2312 ειῐεείιιο.

1911 2367 2093 2422 Fuerit
2123 2367 2460 2422 verecundia:
2491 2379 2614 2436 ture,
2646 2369 2787 2436 quod
2827 2369 3083 2424 hactenus
3115 2369 3242 2424 nihil
3275 2369 3427 2424 nobis

1839 2461 2058 2531 alloquii
2087 2460 2322 2515 detulisti
2356 2480 2367 2512 :
2400 2475 2542 2516 nunc
2570 2476 2725 2516 sume
2757 2461 3026 2526 fiduciam,
3058 2477 3217 2531 quant
3250 2463 3314 2514 ad
3349 2463 3427 2514 iti-

1839 2553 2184 2609 vitamentum
2213 2553 2587 2608 familiaritatis
2618 2553 2908 2622 ingerimus
2930 2595 2945 2619 ,
2977 2563 3030 2608 et
3057 2564 3237 2622 gratas
3267 2553 3428 2608 fuisse

1840 2647 2043 2702 litteras
2071 2661 2217 2702 meas
2240 2646 2507 2702 sermonis
2533 2625 2847 2700 assiduitate
2877 2657 3093 2701 testare.
3126 2645 3279 2701 Vale.
3494 2625 3503 2639 ’

2468 2779 2684 2835 EPIST.
2726 2779 2819 2833 IX.

2319 2886 2626 2925 εῑιωλειιυε
2663 2887 2952 2924 ΜΑΕΤΙΑΝΟ.

1910 2963 2228 3033 Scriptionis
2257 2963 2494 3031 auspicio
2521 2962 2762 3015 fiduciam
2797 2971 2938 3015 tuam
2967 2974 3219 3028 provoco.
3255 2959 3431 3025 Quare

1843 3054 2219 3108 familiaritatis
2245 3062 2439 3106 nostra:
2459 3054 2660 3106 aditum
2691 3051 2970 3120 ingredere
2997 3065 3236 3104 securus.
3267 3049 3432 3103 Vicis-

1840 3141 2018 3196 situdo
2044 3139 2208 3194 officii
2240 3139 2311 3193 tui
2345 3139 2543 3206 faciet,
2589 3149 2645 3192 ut
2681 3139 2924 3192 inchoata
2958 3154 3051 3207 per
3080 3151 3166 3192 me
3199 3137 3431 3191 amicitia

1839 3232 2194 3288 convalescat.
2231 3230 2378 3286 Vale.

2479 3324 2692 3380 EPIST.
2736 3324 2800 3379 Χ.

2354 3425 2659 3472 svuttAC‘ttus
2699 3433 2914 3470 meum.

1916 3511 2278 3581 Exspectasse
2302 3517 2354 3564 te
2383 3509 2615 3562 arbitror
2646 3508 2851 3562 litteras
2883 3521 3050 3568 meas,
3087 3515 3141 3560 ut
3168 3505 3218 3560 in
3250 3515 3431 3561 mutua

167 3614 514 3684 promoverit,
553 3620 682 3678 opto
711 3623 1059 3679 cognoscere.
1088 3609 1206 3678 Ipse
1233 3609 1387 3664 bona:
1419 3609 1738 3665 valetudinis
1765 3584 1812 3647 Ο
1844 3601 2020 3657 officia
2051 3611 2374 3670 provocatus
2399 3613 2732 3668 erumperes.
2758 3597 2922 3652 Sume
2950 3598 3108 3667 igitur
3131 3613 3434 3652 sermonem

163 3721 377 3776 compos
405 3707 642 3760 revisere
671 3704 895 3772 patriam
937 3701 1149 3758 fortuna
1180 3703 1506 3789 sufl'rEigante
1533 3705 1738 3758 consli-

163 3799 254 3866 tui,
287 3800 599 3869 priusquam
631 3798 781 3851 labor
811 3799 1060 3851 itinerum
1093 3812 1346 3866 processu
1397 3797 1593 3851 adultae
1622 3798 1736 3852 hie-

162 3895 258 3948 tuis
284 3905 565 3965 augeatur.
601 3893 750 3947 Vale.

775 3981 986 4038 EPIS'I'.
1028 3981 1116 4036 IV.

634 4091 944 4130 SYIIIACIIUS
983 4090 1255 4131 LOILIANO.

230 4169 440 4224 Primas
483 4169 692 4224 litteras
747 4179 938 4235 sponte
987 4166 1259 4231 tribuisti;
1312 4167 1576 4222 secundas
1623 4183 1740 4223 mea

161 4276 283 4314 cura
312 4260 478 4315 debet
522 4260 738 4314 elicere.
769 4259 931 4313 Sume
963 4258 1122 4328 igitur
1151 4259 1549 4326 salutationem,
1584 4276 1741 4328 quam

164 4353 528 4408 vicissitudine
549 4354 869 4418 munereris,
885 4352 1142 4420 polliceor
1163 4352 1344 4407 itidem
1369 4369 1489 4408 cum
1515 4370 1740 4422 respon-

164 4447 233 4500 sis
257 4448 364 4499 tuis
395 4445 543 4514 paria
572 4459 656 4498 me
679 4442 962 4498 facturum.
990 4443 1138 4498 Vale.

795 4534 1008 4588 EI’IS'I‘.
1057 4535 1117 4585 V.

587 4641 900 4682 SHIIACIIUS
937 4641 1320 4682 I‘IIISCILIJANII.

235 4721 434 4777 Essent
453 4720 584 4774 mihi
615 4730 780 4789 graue
811 4719 1001 4773 litterae
1030 4729 1156 4782 tnzc,
1183 4719 1266 4774 vel
1294 4719 1338 4772 si
1363 4719 1492 4773 nihil
1522 4719 1591 4774 de
1614 4721 1749 4776 meis

163 4815 301 4882 apud
332 4811 569 4867 Africam
600 4813 804 4865 meritis
837 4826 899 4865 ac
938 4811 1183 4866 laudibus
1219 4814 1578 4869 continerent.
1614 4815 1743 4868 Nam

169 4907 381 4961 mmihi
427 4905 596 4960 decus
633 4904 870 4974 aliquod,
923 4905 993 4958 ita
1037 4904 1129 4958 tibi
1173 4921 1268 4974 pro
1306 4915 1486 4961 mutua
1517 4909 1745 4963 amicitia

166 4997 419 5064 gaudium
447 4996 834 5066 prmstiterunt.
863 4995 998 5051 Hinc
1027 4996 1224 5050 factum
1250 5009 1352 5063 est,
1382 5010 1432 5052 ut
1465 5001 1746 5067 epistolam

117 5075 147 5139 ι’
170 5091 325 5144 hctus
353 5090 654 5145 emitteres.
689 5088 970 5142 Exsultans
999 5089 1195 5157 quippe
1233 5091 1444 5160 animus
1469 5093 1746 5160 gloriatur,

170 5193 224 5238 et
250 5183 618 5238 ostentatione
665 5183 746 5236 sui
787 5198 892 5236 non
935 5193 1108 5252 potest
1146 5159 1440 5240 abs‘tinere.
1475 5159 1578 5242 I’ro
1607 5199 1752 5244 tanto

170 5276 339 5346 igitur
362 5274 414 5329 in
441 5289 543 5329 nos
566 5289 754 5328 amore
773 5273 995 5329 deorum
1021 5276 1318 5344 benignitas
1343 5287 1394 5332 te
1419 5295 1749 5336 numeretur.

172 5369 386 5423 l-Ztenim
425 5383 548 5423 cum
577 5369 693 5438 ipse
723 5383 807 5422 me
833 5383 939 5422 non
969 5368 1229 5424 solvendo
1255 5369 1470 5436 dignum
1501 5373 1750 5440 arbitrer,

173 5462 238 5515 ad
265 5462 438 5517 vicem
470 5477 606 5516 mea:
634 5463 835 5531 gratim,
871 5445 1102 5516 favorem
1138 5464 1228 5518 tibi
1263 5465 1493 5532 praesidii
1518 5468 1756 5522 cmlestis

173 5563 392 5625 exopto.
425 5556 570 5612 Vale.

804 5647 1014 5703 EPIS’I‘.
1061 5649 1144 5703 Vl.

685 5754 994 5795 εγωιιοιιυε
1032 5755 1252 5799 SEN-III".

249 5836 429 5891 Grata:
470 5837 689 5907 quidem
729 5850 942 5904 semper
971 5835 1166 5890 litterae
1216 5847 1318 5890 tua:
1357 5853 1497 5891 nunc
1539 5837 1762 5906 legentis

179 5933 416 5986 animum
441 5930 867 5998 momordcrunt,
891 5945 1010 5986 cum
1042 5940 1092 5985 te
1121 5929 1416 5986 indicarent
1446 5931 1615 5986 morbi
1645 5930 1760 5983 diu-

1845 3695 1999 3762 enjns
2031 3684 2272 3761 seqneﬂs
2301 3693 2626 3761 exemplum.
2678 3691 2780 3743 lira
2807 3689 3028 3758 posthac
3073 3691 3122 3742 in
3153 3688 3440 3744 scribendo

1846 3787 2174 3856 diligentior,
2205 3785 2248 3839 si
2294 3785 2484 3854 emptis
2524 3783 2720 3837 uestris
2751 3781 3059 3836 vicissitudo
3091 3781 3436 3852 respondeat,

1851 3880 1997 3936 Vale.

2471 3970 2681 4026 EPIST.
2725 3969 2812 4024 XI.

2402 4078 2726 4120 εῖιιιηουυε.
2756 4104 2767 4116 .
2794 4101 2808 4115 .
2835 4101 2848 4116 ο
2877 4103 2890 4116 .

1920 4181 2147 4235 AII'ectio
2176 4180 2228 4233 in
2258 4188 2309 4232 te
2329 4178 2492 4232 animi
2517 4176 2620 4230 mei
2655 4193 2758 4229 non
2784 4176 2974 4230 litteris
3001 4175 3311 4230 aestimanda
3333 4183 3434 4228 est.

1850 4274 2056 4343 Religio
2087 4273 2228 4325 enim
2263 4271 2364 4324 fide
2406 4268 2634 4336 pectoris
2672 4267 2977 4321 continetur
3008 4288 3021 4322 :
3052 4267 3103 4320 in
3146 4267 3432 4320 verborum

1849 4366 2040 4420 officiis
2063 4364 2193 4418 latet
2232 4364 2545 4431 plermnque
2566 4360 2858 4413 :cmulatio.
2890 4360 3065 4426 Quare
3097 4359 3188 4412 tibi
3221 4360 3273 4412 in
3304 4363 3437 4414 seri-

1851 4457 2026 4513 bendo
2047 4457 2218 4510 rarior
2237 4454 2437 4517 videar,
2465 4451 2594 4506 nihil
2617 4452 2788 4506 amori
2808 4451 3082 4506 existimes
3101 4451 3435 4520 decerptum.

1853 4550 1919 4605 Et
1947 4564 2092 4620 sa'pe
2120 4549 2299 4602 evenit
2336 4557 2393 4600 nt
2424 4546 2670 4600 homines
2719 4543 2793 4598 tui
2826 4559 2926 4599 nec
2953 4543 3300 4613 profectionis
3328 4559 3438 4597 suae

1853 4645 1980 4699 milii
2013 4641 2266 4697 indicium
2301 4641 2528 4705 faciant,
2567 4650 2621 4693 et
2658 4649 2872 4691 mutuas
2902 4637 3120 4706 paginas
3147 4651 3252 4690 non
3280 4651 3438 4704 repo-
3505 4670 3509 4673 -

1851 4745 2020 4792 scant.
2072 4734 2176 4789 Sed
2203 4734 2271 4788 de
2302 4735 2404 4787 hoc
2445 4731 2587 4800 loqui
2633 4730 2831 4798 largius
2875 4745 2982 4783 non
3032 4738 3246 4797 oportet
3277 4747 3288 4781 :
3317 4729 3439 4798 quia

1852 4829 2052 4884 sufficit
2092 4825 2294 4880 amanti
2340 4824 2514 4877 brevis
2554 4829 2602 4873 «ιι
2643 4820 2886 4874 districta
2937 4821 3196 4884 purgatio.
3253 4821 3333 4873 Ad
3377 4833 3439 4870 ea

1857 4930 2070 4973 transeo
2105 4933 2223 4986 (μω
2278 4915 2492 4983 utrique
2523 4913 2694 4966 votiva
2725 4920 2871 4964 sunt.
2909 4909 3178 4962 llilaratus
3205 4923 3322 4960 sum
3350 4922 3440 4959 sa—

1859 5010 2040 5066 nitatis
2067 5017 2172 5080 tua;
2211 5008 2402 5062 nuntio
2426 5050 2440 5075 ,
2485 5016 2539 5057 et
2585 5003 2860 5072 rependo,
2894 5015 2999 5066 quo
3027 5001 3277 5065 gaudeas.
3310 4997 3439 5050 Nam

1859 5103 1964 5158 mei
1985 5116 2199 5172 quoque
2216 5100 2460 5167 corporis
2479 5100 2628 5164 vigor
2658 5106 2771 5162 post
2799 5091 3062 5144 infirmam
3085 5087 3440 5140 valetudinem

1858 5195 2022 5266 coepit
2051 5207 2352 5262 assurgere.
2396 5190 2551 5244 Vale.

2464 5274 2680 5332 EI’IS'I‘.
2721 5271 2835 5325 XII.

1951 5434 1953 5436 .
2378 5376 2684 5423 εγηηλοιιυε
2714 5371 2936 5412 I’MLATO.

1938 5471 2001 5524 Et
2031 5470 2083 5523 in
2108 5463 2413 5524 deferendis
2433 5471 2486 5514 et
2511 5457 2563 5509 in
2587 5445 2939 5519 rependendis
2963 5445 3058 5498 ttbi
3086 5444 3278 5500 litteris
3306 5448 3446 5502 desi-

1866 5566 1985 5621 dent
2016 5579 2101 5617 me
2129 5562 2362 5616 arbitror
2391 5568 2494 5608 non
2527 5543 2715 5599 videri.
2766 5541 2942 5601 ρυεπο
2961 5576 2976 5600 ,
3004 5541 3104 5591 etsi
3135 5542 3351 5595 memini
3380 5544 3450 5599 ad

1848 5667 1919 5712 [te
1963 5655 2151 5711 diebus
2194 5645 2449 5720 proximis
2495 5635 2664 5692 officia
2706 5638 2881 5682 nostra
2928 5643 3223 5686 manasse:
3264 5640 3450 5686 curavi

1869 5759 2044 5800 tamen
2073 5717 2234 5798 etiam
2273 5735 2454 5791 debito
2483 5730 2666 5780 fenore
2701 5717 2966 5772 sermonis
2992 5721 3220 5774 absolvi.
3269 5721 3373 5775 Sed
3406 5725 3454 5777 si

1871 5848 2103 5903 unquam
2131 5829 2277 5884 brevi
2310 5814 2594 5878 intervallo
2631 5820 2758 5862 usus
2789 5805 2890 5861 iste
2914 5809 3210 5864 cessaverit
3235 5808 3462 5903 ,_velim

1869 5893 1984 5994 cogi
2012 5941 2069 5978 es
2111 5917 2460 5976 am‘citiarum
2503 5917 2607 5959 non
2647 5898 2840 5966 frigere
2869 5907 3198 5963 respectum.
3243 5893 3475 5961 Βειῡεῑιι
