3932 6434
505 380 608 441 515

1665 379 1728 445 Q.
1772 373 2116 432 AllIlELlUS
2153 372 2591 432 SYSIMACIIBS.

3673 385 3767 442 318

497 491 638 545 enim
667 491 836 562 magis
867 493 970 548 fide
997 463 1456 548 animiinetieuda
1500 502 1582 546 est
1638 506 1796 561 quam
1843 498 2082 544 ostenta-
2115 488 2163 544 Α
2191 488 2340 556 quin,
2369 497 2427 543 ut
2453 498 2534 546 est
2563 502 2716 544 mens
2746 497 2834 544 tua
2861 489 3054 559 quietis
3083 491 3298 560 cupida,
3333 494 3523 551 malles
3553 500 3766 568 negotiis

499 585 642 639 tione
668 584 979 641 verborum.
1003 585 1158 640 Vale.

1103 674 1316 732 EPIST.
1346 674 1484 729 XIII.

947 785 1256 827 ειιιιιλειωε
1296 785 1658 826 Διιοιιυιιοιιο.

571 860 888 917 Pervenisse
917 861 1151 916 arbitror
1177 861 1394 926 famam,
1423 877 1541 930 qua:
1565 869 1616 914 te
1648 857 1948 914 absolutum
1979 872 2086 913 non

500 952 662 1007 modo
686 951 938 1019 honoris,
970 966 1159 1007 verum
1189 953 1350 1006 etiam
1379 965 1628 1004 curarum
1663 947 1804 1004 fasce
1835 949 2086 1018 vulgavit.

502 1045 558 1098 Si
591 1043 660 1098 ita
687 1027 791 1110 est,
821 1059 917 1100 ero
947 1043 1039 1098 tibi
1072 1058 1213 1098 nunc
1239 1043 1582 1099 confirmator
1613 1042 1737 1096 boni
1778 1041 1906 1096 olim
1949 1041 2091 1096 desi-

500 1135 694 1191 derati.
727 1136 840 1192 Mea
867 1153 986 1192 cum
1017 1137 1127 1190 lilio
1156 1137 1356 1190 sanitas
1387 1152 1489 1206 ope
1516 1135 1813 1190 divinitatis
1839 1135 1890 1189 in
1917 1135 2091 1189 solido

501 1238 605 1284 est.
637 1229 756 1284 Tibi
786 1239 842 1285 ut
865 1239 916 1284 et
946 1232 1092 1284 salus
1118 1229 1316 1295 valida,
1346 1239 1399 1284 et
1427 1229 1630 1284 reditus
1659 1227 1782 1283 felix
1809 1228 2086 1294 secundet,

502 1331 609 1376 tam
641 1333 820 1378 nostra
851 1333 971 1377 vota
999 1337 1156 1392 quam
1189 1330 1276 1374 tua
1307 1323 1496 1377 merita
1529 1320 1875 1389 praestabunt.
1908 1320 2060 1376 Vale.

1090 1413 1310 1468 EPIST.
1354 1413 1490 1467 XIV.

787 1519 1096 1560 ετιιιιλειιυε
1133 1519 1431 1560 (ΣΒΟΙΙΛΑΝΟ
1462 1519 1529 1558 ετ
1565 1519 1806 1559 ΡΒΟΒΙΝΟ.

569 1595 802 1653 Abundo
833 1596 1046 1660 laetitia,
1081 1605 1405 1666 quostqnam
1441 1595 1625 1650 valere
1653 1609 1749 1648 vos
1778 1592 1972 1659 didici,
1995 1608 2095 1648 no-

499 1701 727 1762 strmque
749 1691 1011 1746 amicitia:
1049 1691 1193 1746 inter
1227 1690 1561 1760 negotiorum
1597 1688 1729 1743 dura
1763 1688 2090 1743 meminisse.

502 1783 606 1838 Sed
638 1781 855 1852 quando
893 1782 985 1837 fiet
1032 1789 1090 1835 ut
1141 1781 1347 1836 solatiis
1377 1780 1675 1834 litterarum
1704 1781 1897 1833 damna
1928 1780 2095 1834 absti-

2193 579 2408 635 rusticis
2437 581 2730 636 immorari.
2772 579 2900 636 Mihi
2934 581 3316 640 suburbanitas
3343 587 3539 656 pedum
3569 591 3768 660 :rgritu-

2189 669 2314 727 dine
2341 669 2602 728 laboranti
2627 673 2798 744 magis
2823 673 3016 730 solatio
3048 690 3207 744 quam
3245 677 3506 748 voluptati
3529 691 3636 736 est.
3657 683 3768 737 Nul-

2192 763 2294 816 lam
2320 762 2704 832 jucuuditatem
2735 766 2900 826 tristis
2941 767 3114 822 morbi
3149 783 3342 824 sensus
3379 770 3635 826 admittit.
3677 776 3767 829 Sed

2190 869 2387 925 spero,
2425 859 2469 912 si
2501 857 2861 926 innocentiam
2898 859 3078 916 divina
3124 863 3456 933 respiciunt,
3501 875 3556 922 et
3585 867 3768 924 forensi

2190 949 2566 1006 observatione
2607 952 2926 1007 sanandum.
2971 953 3168 1009 Gratus
3207 965 3264 1012 et
3310 955 3485 1013 facilis
3532 958 3660 1016 erit.
3690 972 3770 1015 aut

2193 1042 2322 1096 mihi
2354 1042 2574 1098 Romam
2599 1045 2824 1108 reditus,
2854 1056 2948 1102 aut
2976 1047 3073 1103 tibi
3101 1049 3166 1103 ad
3193 1065 3402 1121 agrum,
3431 1051 3484 1107 in
3507 1049 3618 1124 quo
3642 1068 3770 1108 nunc

2193 1133 2470 1200 diversor,
2501 1149 2778 1192 excursus.
2809 1137 2960 1192 Vale.

2782 1228 2998 1285 EPIST.
3042 1229 3185 1285 XIX.

2681 1332 2817 1373 εῖιιιι
2826 1333 2990 1375 Λοιιυε
3019 1337 3299 1378 ιηιτιιυιιιο.

2264 1408 2442 1476 Ipsum
2481 1416 2536 1464 te
2578 1409 2756 1474 malo,
2783 1425 2943 1481 quam
2987 1410 3334 1469 delinimenta
3361 1415 3674 1470 verborum.
3705 1413 3773 1470 Tu

2195 1512 2379 1556 contra
2408 1502 2651 1572 epistolis
2679 1502 2938 1558 absentia:
2967 1519 3145 1560 moras
3169 1505 3412 1561 redimis.
3448 1505 3591 1574 Quid
3623 1507 3668 1562 si
3693 1508 3772 1562 tili

2197 1591 2562 1660 respondisset
2585 1593 2859 1663 optimitas
2887 1597 3106 1664 segetis,
3137 1604 3229 1650 aut
3256 1595 3541 1651 vindemia
3569 1598 3774 1652 arrisis-

2196 1691 2277 1736 set
2313 1681 2563 1740 ubertas?
2607 1685 2854 1740 Omnium
2898 1695 3196 1754 temporum
3242 1687 3388 1742 vices
3418 1685 3471 1742 in
3498 1689 3616 1742 otio
3653 1687 3775 1743 ruris

2197 1774 2482 1841 exigeres,
2529 1778 2620 1846 qui
2671 1779 2855 1846 patria:
2907 1779 3100 1834 famem
3131 1782 3272 1848 agris
3317 1778 3655 1833 demorando
3684 1796 3775 1833 non

500 1875 697 1929 tientia:
741 1873 1080 1929 sarciantur?
1125 1873 1240 1944 Ego
1283 1882 1462 1928 autem
1507 1885 1602 1926 vos
1649 1871 1914 1941 praetoriis
1955 1871 2092 1925 meis
2129 1854 2174 1912 Β
2202 1866 2446 1934 respicis.
2496 1868 2577 1924 An
2623 1871 2741 1926 solo
2765 1871 2969 1941 juvaris
3010 1871 3274 1940 aucupio,
3303 1872 3458 1941 cujus
3506 1889 3599 1928 me
3643 1883 3775 1943 parte

499 1966 736 2021 fascibus
767 1967 974 2036 primos
1001 1965 1262 2020 interesse
1292 1964 1574 2019 voluissem
1596 2005 1612 2028 ,
1652 1962 1906 2032 festisque
1943 1977 2092 2018 eom-

503 2057 756 2111 munibus
781 2055 947 2110 decus
986 2053 1182 2109 facere.
1223 2051 1331 2110 Sed
1355 2053 1522 2109 feram
1551 2067 1772 2108 necesse
1797 2061 1913 2116 est,
1943 2064 2090 2106 ante-

501 2146 628 2200 ferri
653 2145 782 2200 mihi
810 2159 1023 2199 causam
1041 2154 1277 2199 senatus.
1303 2144 1480 2211 Quare
1505 2143 1558 2198 in
1583 2143 1950 2212 superioribus
1972 2159 2091 2197 ver-

502 2238 584 2293 bis
621 2237 872 2293 desiderii
923 2237 1091 2308 magis
1145 2239 1464 2292 contestatio
1502 2247 1588 2291 est
1615 2277 1629 2301 ,
1673 2251 1831 2306 quam
1871 2235 2087 2304 querela

497 2327 728 2383 dissidii.
769 2328 1054 2384 Praestabit
1081 2329 1381 2383 cmlestiutn
1409 2327 1584 2393 favor,
1611 2336 1673 2382 ut
1702 2326 1966 2384 mandatis
1995 2344 2090 2398 pa-

500 2423 618 2478 tria:
661 2421 927 2486 absoluti,
970 2422 1073 2478 iter
1099 2422 1227 2478 felix
1265 2422 1332 2478 ad
1375 2422 1620 2478 ludorum
1667 2431 1974 2478 nostrorum
1997 2438 2088 2478 so-

497 2516 676 2572 lemne
705 2517 974 2588 relegatis.
1023 2517 1230 2574 Valete.

1109 2609 1321 2666 EI’IST.
1361 2609 1477 2666 XV.

997 2717 1308 2757 SYHIIACIIUS
1339 2717 1579 2759 Λιιενιο.

573 2789 649 2844 Ex
677 2790 858 2846 debito
885 2793 1028 2846 venit
1052 2807 1232 2847 sermo
1275 2794 1364 2863 qni
1396 2795 1654 2860 redditur,
1687 2811 1751 2850 cx
1805 2797 2088 2862 beneficio,

496 2884 586 2952 qui
631 2893 822 2952 sponte
871 2885 1134 2939 defertur.
1183 2883 1445 2940 Secunda:
1489 2887 1618 2940 mihi
1671 2897 1848 2955 partes
1888 2888 2088 2942 relictae

495 2980 620 3026 sunt
646 3014 661 3038 ,
694 2983 976 3044 postquam
1023 2976 1205 3046 stylus.
1243 2985 1364 3030 tuus
1409 2992 1525 3031 mea
1555 2979 1752 3046 scripta
1792 2978 2084 3048 przevertit.

497 3061 649 3119 Nunc
679 3065 794 3121 vice
819 3067 1157 3121 salutationis
1183 3082 1434 3137 repensa,
1459 3085 1675 3137 operam
1709 3079 1850 3124 tuam
1873 3085 2088 3125 curant-

497 3169 602 3223 que
621 3155 856 3226 deposco
883 3157 936 3211 in
980 3158 1062 3212 his
1094 3173 1214 3227 qua:
1246 3160 1432 3214 Castor
1458 3175 1524 3215 ex
1558 3177 1652 3214 usu
1680 3171 1839 3231 atque
1862 3160 2087 3215 utilitate

497 3255 680 3312 nostra
706 3248 1069 3316 promovenda
1097 3251 1442 3317 suggesserit.
1476 3250 1625 3304 Vale.

1099 3339 1312 3394 EPIST.
1357 3339 1496 3393 XVI.

974 3445 1286 3486 εγιιιιιιςιιυε
1315 3446 1604 3488 (ῑΑιιτεΙιιο.

567 3519 789 3575 Gratum
817 3518 989 3575 habeo
1037 3522 1104 3576 de
1143 3522 1450 3576 testimonio
1480 3539 1602 3579 meo
1639 3539 1743 3578 non
1777 3539 1897 3580 esse
1935 3525 2092 3582 (Illbl'.

497 3621 664 3668 talum
694 3654 711 3681 ,
750 3623 1136 3682 receptumqne
1177 3613 1229 3668 in
1270 3613 1523 3670 familiam
1575 3626 1719 3706 tuam
1766 3621 2084 3675 Auxentium

499 3703 666 3757 lilittm
714 3711 954 3758 nostrum
1003 3704 1350 3760 lectissimum
1393 3706 1646 3776 juvenem
1672 3703 1772 3777 [in
1814 3726 1934 3765 meo
1976 3727 2086 3767 tere

493 3796 653 3848 duco.
685 3794 803 3861 Quo
832 3797 1050 3850 nomine
1087 3796 1319 3851 amicitia
1361 3805 1545 3852 nostra
1590 3800 1642 3853 itt
1685 3800 1916 3855 arctiora
1961 3802 2084 3857 fidei

497 3887 612 3955 jura
660 3886 933 3941 convenit.
971 3887 1028 3941 Et
1061 3889 1339 3958 prtestabit
1367 3905 1496 3946 usus
1535 3891 1765 3962 longior,
1792 3904 1850 3946 ut
1878 3908 1998 3947 cum
2030 3893 2084 3948 in

497 3991 563 4030 eo
601 3979 737 4032 bona
785 3978 935 4047 plura
995 3981 1350 4048 cognoveris,
1419 3983 1850 4053 astipulationem
1909 4001 2082 4041 meam

495 4069 562 4123 de
610 4071 814 4126 meritis
851 4071 967 4141 ejus
1025 4073 1158 4127 infra
1197 4074 1462 4132 terminos
1496 4076 1734 4130 veritatis
1763 4079 1976 4132 stetisse
2006 4078 2084 4133 fa-

497 4164 679 4218 tearis.
708 4161 864 4220 Vale.

1081 4259 1294 4315 EPIST.
1338 4259 1500 4314 XVII.

1005 4367 1315 4408 SVMSIACIIUS
1352 4369 1563 4410 RUFISO.

565 4437 885 4494 Provinciali
911 4443 1120 4496 actione
1149 4443 1370 4497 decursa
1389 4485 1405 4510 ,
1427 4461 1548 4515 quae
1573 4446 1638 4500 ad
1664 4448 1800 4502 sacri
1828 4448 2077 4503 auditorii

390 4557 402 4568 -
495 4529 828 4599 cognitorem
870 4534 1171 4588 necessaria
1209 4539 1587 4603 provocatione
1622 4541 1894 4607 pervenit,
1931 4541 2080 4596 dele-

2196 1963 2440 2018 donasti?
2473 1963 2577 2020 Sed
2608 1965 2695 2020 hic
2729 1980 2943 2036 quoque
2977 1965 3180 2035 positus
3207 1963 3346 2034 gula:
3376 1965 3652 2020 illecebris
3682 1965 3773 2018 lar-

2192 2057 2330 2122 giter
2361 2053 2611 2110 utereris.
2651 2053 2782 2110 Nam
2828 2055 2989 2110 simul
3032 2054 3165 2120 tibi,
3207 2063 3262 2108 et
3297 2061 3541 2123 eoempta
3573 2071 3642 2108 ex
3673 2056 3774 2108 foro

2195 2144 2550 2215 Cupedinario
2573 2186 2590 2213 ,
2621 2157 2674 2201 et
2717 2163 2780 2202 ex
2825 2146 3136 2201 suburbano
3162 2153 3256 2198 tuo
3293 2145 3496 2214 perlata
3537 2157 3788 2213 suppetev

2196 2246 2336 2292 rent.
2385 2235 2521 2305 Quid
2549 2279 2564 2302 ,
2611 2237 2750 2306 quod
2795 2237 2957 2292 etiam
3001 2235 3190 2304 jactari
3243 2234 3431 2290 morbo
3481 2245 3773 2288 matronam

2196 2339 2338 2383 tuam
2377 2327 2633 2383 simulas?
2677 2328 2830 2397 cujus
2876 2325 3208 2393 valetudini,
3240 2325 3282 2380 si
3325 2339 3452 2379 vera
3498 2324 3773 2394 praedicas.

2195 2424 2428 2480 solitudo
2457 2441 2562 2479 non
2589 2424 2859 2492 competit.
2904 2421 3061 2476 Plura
3106 2419 3248 2474 enim
3280 2417 3463 2472 Roma:
3494 2417 3770 2472 salubrita-

2196 2519 2262 2572 tis
2305 2519 2657 2573 instrumenta
2701 2529 2866 2582 sunt,
2916 2515 3087 2586 major
3128 2515 3454 2570 medentium
3503 2529 3773 2568 numerus.

2195 2607 2329 2664 Vide
2377 2610 2536 2678 igitur
2583 2624 2649 2664 ne
2695 2609 2836 2663 aliud
2866 2623 3035 2678 genus
3079 2604 3399 2674 suspicionis
3428 2606 3711 2671 incurras,
3737 2608 3776 2660 si

2195 2700 2468 2755 obsessam
2495 2715 2524 2754 a
2548 2701 2737 2756 morbo
2776 2698 3056 2770 conjugem
3089 2711 3256 2752 vacuo
3284 2710 3500 2752 secessu
3539 2705 3600 2751 et
3622 2697 3775 2751 intuta

2196 2790 2536 2861 ablegatione
2566 2791 2943 2846 maceraveris.
2979 2789 3127 2844 Vale.

2798 2883 3011 2940 EPIST.
3051 2881 3172 2938 XX.

2263 2973 2380 3030 Prae
2419 2975 2630 3032 exteris
2669 2985 2968 3045 temporum
3014 2973 3220 3028 vicibus
3262 2979 3450 3028 astate
3492 2971 3771 3028 delector:

2194 3084 2301 3123 non
2349 3068 2491 3137 quod
2533 3068 2754 3122 diurnas
2803 3069 2961 3120 horas
3003 3064 3212 3134 longior
3240 3063 3371 3119 solis
3401 3073 3546 3118 meta
3579 3062 3775 3132 produ-

2191 3161 2301 3225 cit,
2344 3173 2442 3214 nec
2476 3159 2617 3230 quod
2663 3173 2754 3214 res
2819 3157 3159 3226 rationesque
3219 3167 3417 3212 nostra:
3455 3170 3590 3210 nova
3634 3157 3774 3225 fruge

2110 3231 2157 3292 (ἶ
2190 3249 2461 3304 ditescunt
2502 3266 2516 3303 :
2549 3249 2645 3304 sed
2674 3249 2797 3318 quia
2834 3257 3021 3317 pacata
3066 3247 3404 3318 navigatione
3441 3246 3774 3302 desideratas

2191 3338 2321 3393 mihi
2346 3339 2556 3395 litteras
2584 3349 2704 3394 tuas
2730 3339 2986 3410 frequens
3014 3338 3216 3394 invehit
3256 3348 3610 3394 commeatus.
3643 3338 3772 3406 Quid

2189 3439 2329 3492 enim
2360 3438 2442 3493 vel
2474 3437 2637 3492 animi
2666 3437 2938 3505 voluptate
2973 3435 3298 3506 jucundius,
3325 3435 3407 3490 vel
3439 3435 3506 3490 ad
3536 3435 3771 3490 officium

2189 3527 2436 3583 amicitia:
2479 3528 2936 3584 accommodatius
2981 3528 3221 3598 praestari
3266 3537 3480 3598 potest,
3521 3543 3686 3597 quam
3724 3538 3775 3582 ut

2188 3629 2242 3674 te
2288 3620 2394 3675 mei
2441 3629 2710 3675 amantem
2767 3635 2867 3675 usu
2919 3619 3095 3675 crebri
3147 3619 3416 3674 sermonis
3475 3619 3774 3687 experiar?

2187 3712 2328 3782 Ergo
2365 3711 2492 3765 dum
2523 3712 2648 3766 anni
2679 3719 2890 3780 tempus
2930 3709 3154 3778 invitat,
3179 3710 3307 3764 dum
3346 3707 3588 3778 pervium
3629 3723 3773 3762 mare

2187 3815 2304 3868 est;
2350 3804 2537 3869 pabula
2573 3803 2815 3874 quaedam
2853 3813 2908 3858 et
2941 3803 3264 3856 nutrimenta
3301 3813 3498 3856 mutua:
3535 3800 3774 3858 aﬂectio-

2188 3912 2271 3950 nts
2307 3895 2472 3951 veluti
2514 3897 2567 3950 in
2607 3898 2837 3950 hiemem
2874 3904 3249 3963 congerantur.
3309 3893 3440 3949 Cum
3482 3893 3601 3948 haec
3642 3894 3775 3948 seri-

2187 3985 2368 4040 berem
2396 3986 2540 4040 salus
2564 3986 2694 4040 mihi
2730 4001 2795 4040 ex
2828 3987 3089 4042 sententia
3119 3985 3475 4055 suppetebat,
3501 3984 3607 4038 tuis
3626 3983 3774 4038 vide-

2187 4077 2312 4131 licet
2345 4077 2527 4146 adjuta
2565 4077 2724 4131 votis.
2766 4073 2948 4146 Neque
2989 4077 3133 4132 enim
3175 4075 3277 4130 alia
3313 4073 3468 4130 nobis
3509 4074 3580 4130 de
3609 4089 3769 4128 causa

2187 4169 2420 4225 arbitror
2461 4177 2644 4240 optata
2679 4171 2970 4228 succedere
2993 4211 3009 4238 ,
3048 4152 3208 4240 qu'am
3237 4167 3467 4236 judicio,
3499 4177 3558 4222 et
3587 4182 3770 4222 amore

2184 4261 2540 4332 Carthaginis.
2580 4261 2728 4318 Vale.

2783 4351 2998 4410 EPIST.
3040 4353 3179 4408 XXI.

2687 4460 2992 4500 ειιιιιιοιιυε
3024 4461 3264 4500 ιιισιιιο.

2256 4535 2532 4606 Indulgere
2578 4546 2631 4592 te
2670 4539 2812 4606 otio,
2847 4538 3115 4607 opinionis
3169 4538 3333 4592 falsus
3374 4536 3625 4606 putabam
3668 4557 3682 4591 :
3716 4548 3768 4591 tu

494 4630 670 4676 ctatus
691 4636 812 4677 sum
845 4623 950 4680 fide
973 4640 1037 4679 ac
1064 4626 1342 4694 diligentia
1376 4638 1462 4682 tua
1495 4647 1509 4682 :
1536 4641 1587 4684 et
1619 4630 1884 4685 fortunam
1915 4647 2078 4703 nego-
2111 4608 2156 4666 θ
2185 4644 2313 4684 vero
2347 4631 2583 4683 animum
2622 4628 2882 4698 lectione,
2922 4629 3107 4684 labore
3145 4643 3338 4694 corpus
3372 4644 3614 4684 exerces.
3660 4629 3769 4684 lloc

496 4712 576 4778 tii,
607 4728 714 4767 non
738 4713 1033 4771 defensoris
1064 4717 1379 4782 inscientiae,
1409 4721 1502 4775 sed
1536 4731 1661 4776 voto
1681 4721 1876 4790 judicis
1903 4727 2076 4796 impu-

495 4805 625 4858 tavi.
667 4804 867 4862 llortor
892 4808 1050 4877 igitur
1081 4812 1332 4865 amicitia:
1373 4828 1505 4867 mete
1536 4814 1780 4870 fiduciam
1817 4832 1992 4887 geras,
2021 4828 2077 4874 et

494 4896 785 4952 testintonii
827 4897 1039 4953 interim
1079 4901 1456 4970 astipulatione
1501 4912 1806 4971 contentus,
1854 4908 2071 4964 domum

491 4996 764 5050 nostram,
794 5006 913 5060 qua:
951 4992 1132 5046 multis
1159 4994 1592 5052 circumlatratur
1621 4997 1861 5069 injuriis,
1889 5001 2072 5056 foren-

489 5081 567 5135 sis
610 5080 887 5136 industria:
923 5085 1122 5137 tuearis
1167 5082 1368 5141 officio.
1415 5085 1524 5142 Nos
1547 5098 1607 5144 ut
1629 5100 1822 5158 sponte
1845 5091 2068 5160 gratiam

491 5173 636 5229 nudo
661 5185 719 5230 et
755 5175 982 5244 simplici
1022 5186 1376 5246 protestantur
1410 5181 1644 5250 alloquio
1668 5223 1683 5246 ,
1715 5183 1782 5236 ita
1823 5184 1888 5236 ad
1927 5184 2070 5239 refe-

495 5266 714 5322 rendam
760 5267 1206 5335 vicissitudinem,
1257 5271 1304 5324 si
1346 5269 1456 5326 fors
1491 5272 1712 5341 juverit,
1755 5290 1913 5344 pares
1949 5289 2070 5330 esse

493 5344 742 5416 nitemur.
774 5359 926 5418 Vale.

1058 5451 1272 5508 EPIST.
1313 5453 1497 5510 XVIII.

969 5558 1276 5600 SYﬂIIAClICS
1306 5561 1586 5602 PATRUINO.

565 5627 620 5683 In
649 5642 777 5698 agro
799 5644 886 5686 me
911 5645 1033 5688 esse
1071 5631 1306 5688 miraris.
1345 5635 1415 5691 At
1440 5650 1541 5705 ego
1561 5635 1758 5705 justius
1782 5643 1970 5707 stupeo
1997 5641 2063 5694 ad

493 5735 828 5777 communem
857 5731 910 5778 te
935 5725 1158 5794 patriam
1199 5735 1383 5794 spreto
1425 5729 1564 5786 ruris
1601 5730 1710 5784 otio
1750 5732 2061 5796 revertisse,

492 5813 598 5871 nisi
619 5815 760 5884 quod
786 5829 1000 5874 causam
1026 5816 1118 5874 tibi
1148 5819 1350 5876 reditus
1377 5819 1564 5877 iterata
1594 5822 1658 5878 lis
1688 5824 1884 5879 attulit.
1912 5825 2059 5880 Alio-

2179 4719 2419 4775 iudicant
2465 4723 2705 4790 scripta,
2759 4732 2814 4775 et
2863 4736 3087 4776 munera
3141 4732 3225 4775 tua
3276 4723 3416 4793 stylo
3464 4721 3767 4790 exsculpta,

2179 4822 2236 4866 et
2281 4821 2430 4870 parta
2469 4821 2686 4866 venatu.
2741 4813 2866 4867 Mihi
2906 4812 3170 4868 Flaminia
3211 4811 3512 4869 emetienda
3553 4821 3661 4878 est,
3701 4813 3765 4866 ad

2178 4915 2346 4955 novos
2390 4903 2562 4956 fasces
2599 4903 2845 4971 generosi
2877 4903 3112 4957 consulis
3151 4915 3394 4958 evocato.
3425 4905 3470 4956 υ
3492 4904 3535 4954 si
3559 4904 3766 4957 reditus

2178 4999 2302 5043 tuus
2321 5001 2659 5060 antecaperet
2682 4994 3027 5061 profectionis
3057 5008 3191 5048 mete
3219 4993 3557 5048 molitiones!
3588 4994 3765 5061 jnvari

2181 5099 2268 5136 nte
2306 5083 2639 5151 amplissimo
2665 5085 2877 5150 ,viatico
2923 5087 3223 5141 crederem.
3278 5085 3384 5140 Sed
3425 5087 3548 5154 quia
3593 5089 3764 5140 multo

2176 5174 2371 5228 itinere
2407 5175 2760 5232 discernimur
2786 5219 2799 5240 ,
2842 5187 2898 5232 et
2957 5193 3138 5248 neque
3172 5178 3302 5232 mihi
3354 5192 3500 5231 mora
3526 5218 3542 5242 ,
3589 5189 3764 5242 neque

2175 5265 2267 5318 tibi
2307 5267 2612 5334 properatio
2657 5266 2938 5321 commoda
2991 5277 3073 5322 est
3101 5307 3115 5331 ,
3160 5267 3337 5322 verbis
3395 5269 3587 5336 pagina
3635 5267 3762 5320 qu-

2173 5367 2348 5425 gctttr.
2411 5358 2636 5414 Pus-fata
2689 5362 2965 5414 numinum
3029 5363 3225 5429 venia,
3269 5371 3552 5429 prmtoretu
3603 5360 3762 5430 Sym-

2174 5454 2422 5506 machum
2477 5469 2654 5507 meum
2719 5468 2844 5507 mox
2904 5453 3162 5507 urbanum
3223 5452 3450 5507 tribunal
3509 5452 3760 5520 accipiet.

2175 5545 2330 5600 Festa
2359 5547 2478 5615 ejus
2512 5547 2834 5618 frequentari
2863 5550 3156 5619 potissimis
3193 5550 3486 5604 amicorum
3507 5590 3524 5614 ,
3564 5549 3760 5616 quibus

2171 5640 2560 5704 annumeraris,
2591 5650 2806 5710 exopto.
2861 5642 2932 5696 Da
2975 5644 3126 5696 istam
3167 5641 3390 5712 gratiam
3435 5640 3618 5710 procul
3663 5640 3759 5693 ab-

2172 5731 2350 5784 futuro
2371 5730 2561 5785 iisdem
2596 5732 2804 5790 diebus.
2836 5732 3054 5790 Gratius
3080 5741 3162 5788 est
3203 5732 3342 5804 quod
3389 5730 3628 5788 defertur
3657 5729 3757 5786 ab-

2171 5827 2428 5885 sentibus.
2453 5827 2604 5884 Vale.
