3932 6426
153 411 245 464 ,⁸317

707 507 918 564 ΕΡίΞΤ.
959 506 1121 561 XIll.

591 619 648 657 δῖ
658 619 727 656 ιιιι
736 617 897 656 Αειιιξε
924 612 1236 654 Ακιικοκιεο.

209 703 261 756 In
306 716 397 754 ore
441 707 531 752 tuo
579 705 767 750 vernat
803 693 1060 761 Cecropia
1105 705 1256 746 musa
1303 685 1475 742 :milti
1521 683 1699 753 lingua

1278 389 1756 447 ΕΡΙΕΪΟΙΑΠΕΜ
1797 387 1995 442 LIBER
2038 387 2172 440 VIII.

1724 503 1773 560 Λ
1803 501 2002 554 amoris
2054 500 2104 553 in
2158 509 2208 552 te
2260 498 2423 552 nostri
2480 496 2684 550 tenebis
2733 505 2944 550 tcstctu.
2998 495 3190 550 Verum
3233 508 3282 551 te
3321 501 3372 549 in

3271 385 3374 441 3I8

1805 590 2149 644 rescribendo
2188 589 2342 642 decet
2388 602 2507 641 csse
2550 587 2835 656 prtlixum.
2887 587 3066 656 Neque
3097 587 3239 655 enim
3280 602 3376 653 par

1801 681 2038 734 conditio
2066 689 2149 733 est
2176 679 2350 734 iterati
2378 693 2407 731 a
2433 693 2538 740 me,
2561 679 2772 747 utrique
2791 687 2968 730 autem
3000 687 3238 730 nostrum
3265 678 3374 730 sin-

147 794 355 848 Latiaris
394 798 494 845 est.
542 787 651 843 Nec
693 784 1076 840 desideraveris
1116 797 1265 851 aqua
1303 776 1556 858 stylgmci
1585 790 1701 828 mn-
1797 774 1996 840 gntaris
2024 771 2243 826 laboris.
2287 772 2429 825 Duos
2455 781 2662 825 meatus
2691 770 2900 839 replere
2930 784 3035 822 uno
3063 768 3208 823 fonte
3234 769 3374 823 diffi-

141 902 275 941 nera.
308 883 519 938 Litteris
544 881 807 935 vincimur
831 918 848 942 ,
889 891 1071 931 amore
1114 885 1397 928 certamus.
1447 869 1552 925 Sed
1583 884 1696 922 me-

138 994 232 1032 rzvo
257 974 604 1031 rescriberem
629 1012 647 1038 ,
677 971 723 1024 si
762 969 929 1024 solam
967 967 1241 1034 epistolam
1281 963 1580 1017 dettt’isses.
1617 960 1696 1014 Τιι

141 1086 250 1125 vero
274 1111 288 1131 ,
318 1079 373 1121 ut
400 1083 460 1120 es
489 1066 778 1118 amicorum
806 1061 1033 1131 diligens
1057 1103 1073 1126 ,
1125 1059 1456 1111 bibliotheme
1501 1063 1696 1108 nostra:

139 1161 417 1214 carminum
469 1168 682 1210 tuorum
723 1153 933 1207 divitias
977 1149 1221 1204 intulisti.
1267 1147 1400 1211 Quid
1448 1146 1541 1199 tibi
1595 1146 1696 1198 hoc

136 1254 332 1322 dignum
379 1247 669 1318 rependam
695 1287 711 1308 ,
759 1243 934 1299 tenuis
981 1241 1094 1308 ipse
1139 1239 1395 1292 facundia!
1424 1277 1440 1299 ,
1469 1246 1525 1290 et
1564 1251 1693 1304 pau-

139 1343 306 1412 pertini
347 1340 593 1410 ingenii?
650 1335 876 1391 Tradam
913 1333 1136 1400 publice
1165 1327 1543 1393 admirationi,
1575 1342 1694 1394 qua:

139 1434 336 1505 legenda
367 1431 585 1485 misisti.
632 1427 701 1483 Et
727 1440 1030 1496 quanquam
1069 1423 1313 1476 laudator
1342 1421 1513 1488 impar
1537 1463 1550 1484 ,
1595 1419 1690 1472 bn-

137 1543 242 1579 ιιιιιιι
290 1523 476 1577 szeculi
532 1519 833 1589 publicabo.
896 1515 1036 1570 Nihil
1088 1530 1151 1568 ex
1211 1514 1310 1567 hoc
1354 1509 1693 1578 derngabitur

132 1617 291 1685 operis
338 1613 413 1667 tui
472 1612 678 1681 gloria.
733 1608 865 1663 Nam
919 1617 975 1661 et
1033 1605 1315 1659 llmnerum
1370 1603 1612 1656 novimus
1660 1615 1690 1653 a

131 1706 460 1763 dissimilibus
512 1701 809 1772 pradicari.
876 1697 1096 1752 Careret
1144 1696 1338 1764 quippe
1389 1695 1522 1746 fama
1574 1707 1689 1744 ma-

131 1817 332 1872 gnorum
378 1799 621 1852 virorum
677 1791 1032 1853 celebritate,
1082 1789 1127 1843 si
1181 1789 1339 1842 etiam
1397 1784 1690 1839 minoribus

1795 867 1899 918 rite
1925 874 2004 917 est
2039 883 2052 916 :
2079 865 2168 918 ιιιιί
2200 866 2352 918 alveo
2379 863 2589 918 abunde
2621 861 2851 916 inﬂuunt
2876 860 3142 928 duplicata
3172 861 3371 929 princi-

1795 959 1904 1026 pia.
1937 955 2084 1009 Vale.

2371 1045 2587 1101 EPIST.
2626 1044 2792 1098 XXV.

2311 1152 2444 1191 8η.
2453 1151 2618 1191 Αειιῦε
2656 1149 2862 1189 Αιεικη.

1865 1233 2038 1288 Credo
2057 1231 2330 1287 arbitreris
2349 1231 2758 1284 circumsessum
2781 1242 2865 1281 tne
2880 1224 3182 1294 Campania:
3202 1239 3370 1278 amteo

1796 1327 2068 1390 nitatibus,
2101 1323 2367 1378 scribendi
2396 1324 2461 1376 ad
2490 1330 2544 1376 te
2571 1322 2827 1375 hactenus
2856 1318 3204 1388 negligentem
3237 1319 3367 1371 fuis-
3394 1307 3400 1322 ”

1791 1434 1872 1473 se.
1915 1417 2030 1472 Non
2057 1426 2228 1470 estea
2281 1414 2488 1468 fortuna
2521 1414 2708 1466 horum
2740 1410 3019 1473 locorum,
3067 1416 3126 1462 ut
3170 1408 3364 1462 seriam

1791 1524 1974 1565 curant
2003 1508 2260 1576 tepeliaut
2299 1505 2617 1573 voluptates.
2658 1502 2890 1556 lnsolitis
2925 1500 3102 1554 omnia
3135 1498 3366 1553 necessio

1795 1602 1992 1654 tatibus
2019 1607 2285 1667 strepunt,
2315 1606 2370 1650 et
2398 1595 2546 1648 oneri
2575 1608 2789 1648 cessere
2811 1591 3038 1646 delicite.
3071 1592 3246 1657 Quare
3274 1604 3366 1642 ne-

1789 1695 1990 1763 gotium
2023 1706 2120 1760 pro
2160 1691 2270 1745 otio
2311 1689 2506 1756 reperi.
2553 1686 2660 1740 Nec
2689 1698 2901 1755 possum
2943 1682 3094 1736 facile
3136 1680 3204 1734 ad
3251 1680 3365 1732 hare

1791 1785 2040 1840 amicitia:
2069 1781 2246 1835 tuunia
2274 1781 2508 1832 animum
2539 1788 2870 1846 retorquere.
2908 1773 3158 1842 Spondeo
3189 1781 3364 1825 tamen

131 1855 332 1948 restibus
378 1897 635 1944 contenta
693 1901 797 1940 non
850 1891 1012 1938 esset.
1077 1880 1181 1936 Sed
1232 1878 1359 1948 quid
1406 1877 1521 1932 hrec
1565 1879 1683 1932 lon-
1713 1855 1762 1917 Β
1791 1877 2102 1934 reverentiae
2131 1885 2258 1936 tuae,
2285 1887 2402 1941 qu:e
2426 1871 2617 1925 litteris
2645 1869 2778 1922 meis
2805 1867 3079 1936 praeferas.
3113 1865 3365 1933 Relege=e

128 1985 228 2050 gius
264 1979 450 2043 traho,
483 1994 604 2034 cum
649 1975 965 2030 brevitatem
1013 1971 1334 2026 verecundia
1367 1977 1455 2022 tua
1509 1977 1687 2036 postu-

129 2074 228 2128 let?
271 2074 401 2125 (iura
436 2080 498 2122 nt
526 2070 724 2124 valeas.
775 2066 840 2120 Et
865 2065 910 2118 si
937 2063 1063 2132 quid
1090 2062 1230 2132 stylo
1259 2061 1537 2128 adjeceris,
1565 2075 1686 2112 cum

130 2163 357 2217 mediocri
383 2162 604 2231 judice,
633 2157 730 2213 sed
767 2172 873 2210 non
912 2156 1120 2226 ingrato
1150 2154 1376 2220 lectore,
1409 2151 1681 2221 participe.

129 2254 258 2309 Vale.

674 2337 890 2393 EPIST.
933 2333 1117 2390 XXIII.

573 2444 881 2486 δῐιιιιειιυς
920 2441 1203 2481 ιλιιοιλῐςο.

185 2529 309 2581 Deos
356 2539 459 2578 oro
488 2565 504 2588 ,
555 2534 610 2577 ut
663 2536 786 2592 qua:
839 2519 966 2573 inihi
1014 2518 1229 2572 interim
1275 2513 1522 2569 valetudo
1566 2520 1682 2577 est,

129 2618 289 2673 eadem
347 2617 445 2670 tibi
519 2629 583 2669 ac
635 2615 738 2666 tuis
794 2618 1060 2680 suppetat.
1127 2606 1324 2661 Videor
1378 2606 1535 2673 plene
1584 2605 1686 2658 hoc

126 2709 401 2778 anteloquio
467 2704 749 2777 scribenda
801 2701 1157 2769 complexus,
1204 2699 1271 2753 de
1322 2708 1408 2751 tua
1459 2699 1684 2752 sanitate

127 2810 279 2853 vntum
320 2815 502 2853 meum
529 2840 544 2861 ,
572 2798 640 2850 de
683 2810 799 2850 mea
830 2793 1099 2863 gaudium.
1143 2790 1248 2846 Sed
1274 2789 1532 2856 epistolas
1559 2789 1682 2843 bre-

128 2907 202 2945 ves
222 2906 333 2946 esse
359 2906 469 2944 non
502 2889 718 2958 pateris.
741 2888 870 2954 Qua
895 2885 1054 2954 igitur
1080 2883 1324 2942 ὑπόθεσις
1350 2881 1453 2935 erit
1482 2880 1684 2948 pagina:

127 2985 389 3053 longiOris?
443 2982 548 3038 Ubi
610 2981 734 3043 siin,
783 2977 910 3046 quid
959 2976 1157 3044 egerim
1210 2975 1372 3045 (nam
1419 2972 1684 3042 prmcipue

124 3077 328 3130 amicitia
374 3091 562 3131 rerum
609 3074 792 3127 talium
835 3070 1046 3124 curiosa
1098 3067 1203 3134 est)
1247 3069 1290 3120 si
1338 3066 1512 3135 placet
1561 3079 1685 3134 pro-

128 3181 316 3233 seqr.
368 3164 698 3232 Principium
743 3162 1070 3226 voluptatum
1117 3159 1187 3213 de
1233 3157 1516 3212 Formiano
1561 3155 1681 3209 sinu

128 3213 354 3319 nascitur,
393 3271 519 3325 qua:
548 3213 738 3308 crivitas
766 3213 1030 3320 quondam
1064 3250 1461 3318 Larstrygonum
1491 3247 1684 3314 pupula
1708 3213 1753 3272 Ε

128 3348 271 3400 fertur
302 3347 562 3400 habitata.
616 3345 726 3399 llos
753 3343 924 3396 ventri
962 3352 1015 3395 et
1056 3341 1195 3410 gula:
1242 3355 1410 3409 usque
1452 3339 1517 3392 ad
1558 3338 1684 3393 feri-

130 3439 233 3491 Iulis
273 3438 524 3491 invidiam
574 3436 798 3503 legimus
843 3435 1144 3486 obsecutus.
1203 3429 1478 3484 Plusculos
1522 3430 1574 3483 in
1617 3444 1684 3483 eo

131 3528 290 3582 littore
325 3529 435 3582 dies
464 3569 480 3590 ,
532 3527 626 3581 sed
665 3526 973 3580 deliciarum
1015 3537 1207 3592 parcns
1239 3524 1430 3591 exegi;
1481 3532 1682 3576 tantam

128 3621 236 3673 «eli
297 3621 607 3675 sahtbritatc
683 3627 740 3673 et
786 3632 1044 3687 aquarum
1093 3616 1288 3684 frigore
1339 3613 1686 3668 suadentibus

131 3726 329 3764 utor-am.
384 3713 670 3767 Atr-ierunt
725 3710 942 3778 pignora
987 3723 1144 3772 mea;
1201 3722 1426 3776 quorum
1466 3707 1686 3776 cupiens

128 3815 288 3855 nostra
317 3805 450 3858 urbe
481 3817 869 3871 processeram.
916 3801 1022 3854 Nec
1058 3800 1157 3853 fuit
1195 3814 1374 3867 opera:
1395 3843 1409 3865 ,
1439 3814 1563 3852 mox
1600 3800 1684 3852 til-

128 3895 273 3948 terius
316 3898 414 3950 iter
451 3895 708 3963 aggredi,
749 3909 871 3946 cum
919 3903 1114 3957 pra'sto
1151 3900 1330 3944 essent
1374 3891 1682 3945 desiderati.

129 3983 319 4039 Illorum
360 3986 565 4040 dehinc
606 3984 865 4042 arbitratu
914 3985 1016 4052 legi
1063 3999 1212 4039 oram
1239 4027 1254 4051 ,
1292 4001 1410 4054 qua:
1449 3983 1688 4038 Formias

128 4085 173 4126 ct
204 4077 496 4131 Cumanum
543 4078 690 4130 littus
735 4076 1031 4144 interjacet.
1080 4077 1229 4131 Nunc
1269 4079 1465 4131 mutuis
1493 4077 1683 4129 invita-

128 4167 332 4221 tionilnis
358 4179 450 4222 aut
492 4169 544 4221 in
579 4169 809 4234 Baulos,
851 4178 944 4222 aut
981 4169 1034 4222 in
1070 4168 1413 4223 Nichomachi
1442 4168 1684 4222 Gaurana

129 4261 416 4327 inigramus.
468 4260 774 4316 Amicorum
808 4259 1035 4316 subinde
1063 4261 1189 4314 mihi
1219 4261 1548 4316 afﬂuentium
1581 4261 1686 4314 lar-

128 4349 245 4411 giter
265 4362 366 4406 est.
405 4351 523 4406 Non
553 4365 744 4406 vereor
762 4395 777 4417 ,
815 4367 884 4406 ne
910 4367 995 4405 me
1024 4350 1268 4406 lascivire
1295 4352 1347 4406 in
1378 4359 1519 4405 tanta
1543 4351 1688 4404 Ioco-

129 4456 229 4496 rum
255 4444 594 4508 amitate,
628 4453 682 4497 et
702 4457 879 4498 rerum
907 4442 1058 4512 copia
1091 4454 1262 4512 putes.
1292 4443 1495 4512 Ubique
1524 4443 1685 4496 vitam

128 4533 311 4600 agimus
330 4535 695 4598 consularem,
714 4541 773 4588 et
797 4535 851 4587 in
874 4533 1103 4588 Lucrino
1125 4534 1250 4588 serii
1273 4547 1476 4588 sumus.
1503 4533 1687 4589 Nullus

1787 1969 1854 2022 ad
1896 1983 1995 2021 vos
2040 1969 2142 2020 iter
2186 1964 2492 2021 avidissime
2533 1960 2743 2016 studeo.
2797 1958 2994 2013 Eadem
3045 1958 3242 2024 quippe
3279 1969 3366 2008 tne

1786 2077 1944 2118 causa
1964 2106 1980 2129 ,
2010 2076 2131 2131 que
2159 2061 2329 2115 vetuit
2356 2059 2616 2123 scribere,
2641 2057 2785 2126 cogit
2810 2055 3006 2110 redire.
3039 2053 3187 2105 Vale.

2355 2188 2564 2245 EPIST.
2606 2186 2796 2240 XXVI.

2272 2295 2581 2336 SYIIIMCIICS
2609 2292 2889 2334 GBEGORIO.

1858 2395 1990 2452 Dedi
2021 2394 2086 2448 ad
2112 2403 2390 2462 parentem
2423 2400 2571 2444 tuum
2599 2389 2826 2454 litteras,
2861 2387 3053 2456 quibus
3082 2393 3364 2440 contentus

1786 2502 1906 2542 esse
1933 2486 2172 2555 potuisti.
2204 2483 2337 2537 Nam
2376 2493 2434 2535 ιιι
2459 2489 2542 2534 est
2577 2480 2791 2547 utrique
2825 2486 3060 2532 vestrum
3091 2491 3226 2530 unus
3250 2476 3364 2528 ani-

1787 2592 1936 2638 mus;
1970 2577 2038 2629 ita
2061 2574 2351 2628 satisfaciet
2377 2571 2519 2626 idem
2548 2570 2722 2625 cultus
2749 2567 3024 2622 ambobus.
3057 2566 3161 2620 Sed
3198 2565 3364 2618 metui

1785 2667 2137 2722 imitationem
2160 2707 2176 2730 ,
2209 2681 2276 2718 ne
2316 2663 2444 2716 mihi
2485 2669 2622 2716 alter
2654 2675 2685 2714 e
2720 2659 2872 2713 vobis
2905 2658 3130 2711 duorutu
3159 2656 3275 2710 vice
3309 2667 3363 2710 et

1784 2773 1880 2812 ore
1910 2756 2254 2811 rescriberet.
2279 2754 2453 2820 Quare
2472 2793 2488 2816 ,
2527 2762 2582 2804 ιιι
2609 2752 2660 2804 ἰιι
2695 2751 2899 2803 honore
2930 2748 3214 2802 Nutuinuut
3248 2746 3364 2800 fieri

1784 2851 1940 2911 so'et,
1971 2846 2196 2900 litationi
2224 2844 2363 2896 addo
2389 2842 2692 2903 donarium,
2717 2841 2900 2901 breve,
2927 2839 3114 2904 fateor,
3144 2849 3194 2890 et
3224 2836 3364 2904 quod

1786 2937 2048 3008 prolixius
2072 2949 2194 2989 esse
2216 2933 2504 2986 voluisses.
2527 2930 2631 2984 Sed
2657 2931 2707 2982 in
2733 2930 2956 2994 adjectis
2983 2941 3227 2980 mensura
3258 2941 3362 2978 non

1787 3029 2062 3096 qna-ritur.
2095 3025 2214 3093 Ipse
2247 3023 2456 3091 capiam
2487 3021 2650 3074 redde
2678 3017 2946 3082 brevitati;
2978 3017 3098 3082 quia
3137 3015 3363 3068 familia-

1787 3137 1876 3174 res
1917 3118 2137 3188 paginas
2174 3130 2271 3171 eos
2307 3124 2520 3184 oportet
2557 3112 2880 3173 extendere,
2909 3110 3104 3180 quibus
3141 3124 3245 3162 non
3283 3118 3364 3162 est

1788 3225 2010 3267 necesse
2035 3207 2326 3278 geminare.
2365 3207 2512 3258 Vale.

2337 3295 2554 3365 EI’IST.
2597 3291 2810 3348 xxvu.

2249 3407 2554 3449 εῖιιιιλοιιυς
2580 3403 2889 3444 (ιιῖιςεοιιικο.

1858 3511 2109 3578 Prompta
2137 3516 2192 3562 et
2219 3505 2373 3560 avida
2395 3517 2556 3557 manu
2586 3501 2791 3554 litteras
2820 3507 2961 3560 tuas,
2976 3509 3098 3549 cum
3129 3491 3258 3546 mihi
3289 3490 3365 3544 of.

1788 3604 2087 3666 ferrentur,
2126 3599 2330 3662 invasi,
2365 3605 2421 3650 ut
2466 3607 2720 3663 prospera
2755 3590 3083 3658 cogniturus.
3114 3585 3220 3641 Sed
3245 3599 3367 3638 cum

1787 3706 2159 3760 percurrerem
2198 3690 2428 3744 lectione
2465 3685 2922 3743 enumerationem
2967 3679 3369 3749 dispendiorum

1788 3799 1999 3842 tuorum
2018 3824 2034 3850 ,
2062 3781 2324 3851 voluptati
2355 3778 2613 3834 successit
2645 3773 2898 3830 offensio.
2933 3772 2998 3825 Et
3029 3771 3118 3824 illa
3153 3770 3368 3838 quidem

1787 3879 2046 3942 adversa,
2073 3889 2192 3943 quae
2215 3888 2338 3928 cum
2371 3868 2615 3940 plurimis
2645 3865 2940 3938 pertulisti,
2971 3876 3121 3916 more
3151 3857 3371 3912 humani

1788 3968 2009 4039 ingenii,
2040 3966 2240 4020 habent
2273 3961 2488 4030 aliquod
2518 3961 2586 4014 de
2612 3957 2868 4013 societate
2898 3952 3146 4008 solatium
3178 3967 3195 4004 :
3229 3949 3369 4002 hunc.

1788 4075 1916 4115 vero
1944 4057 2182 4129 piratica:
2207 4053 2624 4124 depraedationis
2665 4051 2827 4104 ictum
2847 4091 2864 4116 ,
2890 4060 3048 4115 quem
3091 4041 3368 4111 speciatim

1786 4167 1943 4208 casus
1989 4151 2084 4205 tibi
2133 4149 2300 4203 durus
2347 4146 2580 4214 adjecit,
2621 4143 2939 4211 impressum
2987 4137 3149 4196 altius
3188 4143 3368 4201 puto:

1787 4246 1909 4314 quia
1947 4258 2121 4312 neque
2148 4239 2307 4294 habet
2339 4237 2674 4304 participem,
2703 4243 2756 4287 et
2779 4229 3067 4301 geminavit
3101 4226 3369 4280 dolorem.

1789 4342 1982 4391 Contra
2027 4336 2139 4390 haec
2174 4333 2420 4396 fortuita,
2449 4331 2648 4383 virtute
2679 4341 2743 4380 ac
2785 4325 2990 4380 ratione
3031 4318 3245 4374 animus
3280 4331 3380 4369 δι’--

1793 4431 2019 4484 inandus
2040 4437 2142 4488 est,
2173 4439 2298 4494 spes
2320 4435 2533 4489 quoque
2553 4417 2871 4479 as~utnenda
2896 4411 3200 4466 meliorum.
3217 4407 3376 4474 Saepe

1793 4522 2075 4576 titubantia
2119 4519 2172 4571 in
2212 4514 2444 4569 solidum
2487 4515 2846 4564 reverterunt.
2886 4502 3026 4557 Nihil
3067 4497 3371 4552 hominibus

128 4637 172 4675 Ill
207 4625 424 4680 navibus
458 4639 633 4681 canor
657 4665 673 4689 ,
699 4625 844 4680 nulla
874 4625 928 4679 in
956 4625 1215 4680 conviviis
1250 4625 1501 4681 helluatio
1523 4667 1540 4691 ,
1586 4641 1686 4680 nec
1716 4583 1767 4644 Β
1796 4625 2053 4671 a-ternum
2085 4622 2186 4666 est.
2219 4610 2455 4663 Volvunt
2480 4604 2723 4659 nt0rtalia
2755 4602 2898 4654 vices
2923 4597 3146 4660 crebraa,
3177 4602 3233 4649 et
3255 4608 3370 4646 ont-

131 4713 468 4783 frequentatio
498 4716 806 4770 balnearum
832 4755 848 4778 ,
891 4729 990 4770 nec
1022 4716 1116 4768 ulli
1145 4715 1395 4784 iuvenum
1435 4730 1690 4785 procaces

131 4819 338 4864 natatus.
385 4796 544 4865 Scias
571 4808 776 4866 nullum
816 4822 938 4866 esse
977 4809 1032 4863 in
1074 4807 1277 4862 luxuria
1307 4809 1506 4863 crimen
1538 4809 1687 4863 loco-

129 4915 249 4956 rum.
286 4901 436 4956 Vale.

688 4991 903 5048 EPIST.
944 4978 1134 5044 XXIV.

566 5099 876 5140 δτιιωιειιυς
901 5100 1267 5139 ΙΑΣΙΙΙΜΔΚΟ.

188 5176 322 5231 Nihil
352 5177 498 5233 inter
530 5185 614 5238 te.
645 5186 701 5231 et
741 5187 1013 5244 parentem
1047 5184 1195 5230 tuum
1230 5176 1490 5244 optimum
1519 5190 1578 5230 re
1602 5185 1693 5229 aut

129 5266 394 5324 allectione
413 5268 645 5322 divisum
668 5276 770 5321 est.
807 5267 950 5336 Ergo
984 5276 1039 5322 et
1069 5268 1295 5332 litteras,
1327 5282 1460 5338 quas
1487 5267 1551 5321 ad
1578 5265 1695 5335 ejus

131 5359 466 5414 reverentiam
508 5359 672 5420 misi,
713 5366 773 5412 ut
808 5359 1045 5412 omnium
1080 5359 1356 5426 .particeps
1381 5401 1397 5424 ,
1444 5357 1497 5411 in
1541 5371 1694 5410 acce-

135 5456 264 5513 ptum
302 5449 511 5504 referre
551 5447 792 5514 potuisti.
833 5447 940 5502 Sed
987 5448 1092 5516 iam
1131 5447 1386 5501 colendus
1432 5459 1493 5500 es
1543 5446 1695 5500 nobis

131 5545 275 5596 etiam
307 5550 405 5596 tuo
448 5545 684 5596 nomine.
737 5540 999 5596 Prteterea
1037 5541 1193 5607 cavi,
1233 5553 1301 5594 ne
1340 5537 1695 5607 respondente

135 5646 230 5686 uno
289 5634 646 5702 imputaretur
696 5631 826 5687 mihi
893 5633 1124 5688 vicissim
1191 5645 1385 5686 munus
1442 5630 1690 5684 duorum.

133 5725 382 5784 Convenit
425 5736 598 5783 tamen
641 5727 879 5782 brevitas
924 5727 1046 5780 huic
1089 5726 1332 5796 paginae,
1363 5723 1484 5793 quia
1525 5723 1692 5778 relatu

137 5817 274 5890 άίὸηδ
321 5820 629 5891 Ρῐποετρεὶ·
675 5818 852 5885 Quare
897 5831 1194 5873 sermonem
1245 5816 1401 5869 istum
1445 5825 1691 5882 tanquam

1796 4709 1941 4762 nium
1981 4719 2158 4760 rerttm
2201 4702 2323 4771 fuga
2352 4700 2562 4752 visitur.
2593 4694 2780 4748 Paucis
2807 4693 2906 4745 ista
2941 4683 3374 4759 perstrinxerim,

1793 4817 1915 4857 cum
1947 4799 2038 4855 tibi
2086 4812 2182 4866 pro
2225 4793 2529 4850 eruditione
2554 4790 2708 4858 plura
2749 4792 3086 4842 succurrant.
3115 4779 3267 4834 Nunc
3303 4777 3371 4830 ad

1797 4897 1886 4950 illa
1938 4892 2238 4962 respondeo
2281 4902 2400 4958 quas
2427 4895 2480 4938 tu
2525 4899 2611 4938 me
2634 4882 2773 4936 scire
2798 4875 3054 4933 voluisti:
3090 4869 3372 4939 Quampri-

1797 5001 1942 5042 mum
1974 4958 2247 5050 Neapolim
2276 4980 2442 5050 petitu
2467 4975 2661 5030 civium
2689 4983 2903 5024 tuorum
2938 4967 3113 5018 visere
3139 4958 3370 5016 studeo;

1797 5077 1904 5133 illic
1927 5048 2115 5128 honori
2145 5048 2292 5125 urbis
2311 5066 2580 5135 religiosa:
2609 5059 2948 5116 intervallum
2981 5051 3122 5106 bidui
3153 5048 3399 5114 deputa-'

1799 5172 1886 5223 ho.
1916 5165 2149 5226 Dehinc,
2178 5162 2223 5215 si
2253 5160 2390 5214 bene
2417 5155 2681 5210 destinata
2719 5150 2790 5203 dii
2819 5144 3086 5216 iuverint,
3115 5136 3372 5204 Capuano

1800 5260 1990 5313 itinere
2019 5237 2380 5310 venerabilem
2422 5247 2576 5301 nobis
2618 5244 2872 5302 Romam,
2911 5235 3184 5297 laremque
3227 5235 3372 5293 pete-

1801 5365 1941 5403 mus.
1973 5349 2113 5401 lnter
2137 5345 2271 5408 lucc,
2296 5343 2340 5395 si
2369 5340 2496 5395 mihi
2527 5331 2768 5390 evenerit
2791 5333 3007 5394 aSpectu
3028 5330 3080 5374 et
3109 5316 3374 5384 colloquio

1803 5452 1894 5496 tuo
1921 5438 2095 5494 defrui
2117 5475 2135 5502 ,
2163 5434 2418 5504 explebor
2445 5426 2626 5498 gaudii
2663 5421 2926 5478 satietate.
2957 5415 3050 5469 Sin
3082 5411 3252 5478 major
3280 5423 3373 5462 nc-

1803 5532 2028 5587 cessitas
2055 5525 2329 5596 negaverit
2368 5519 2523 5577 nobis
2552 5515 2627 5569 tui
2659 5509 2867 5578 capiam
2886 5546 2904 5572 ,
2935 5504 3094 5559 velim
3125 5515 3375 5556 curarum

1804 5624 1946 5678 nube
1978 5595 2188 5676 detersa
2217 5631 2336 5674 eam
2374 5613 2644 5681 sapienter
2669 5613 2912 5659 resumas
2938 5597 3102 5652 animi
3127 5595 3373 5650 alacrita-

1804 5727 1943 5780 tem,
1974 5728 2130 5783 quam
2174 5709 2269 5765 tibi
2301 5711 2617 5774 congressus
2656 5701 2837 5752 noster
2862 5690 3051 5750 sedulo
3086 5688 3378 5746 conciliare

1804 5807 2076 5878 potuisset.
2113 5803 2262 5858 Vale.
