3932 6430
583 344 682 401 519

1120 458 1333 514 EI‘IST.
1379 458 1470 513 XX
1485 459 1610 514 VIII.

1084 565 1220 605 εικιι
1237 567 1391 607 ι.ωιιτε
1422 569 1648 613 ιιοιιλκο.

655 638 963 696 Memini-te
988 651 1038 696 te
1061 642 1174 697 scio
1213 645 1354 712 quod
1383 660 1468 700 me
1491 662 1700 716 quoque
1731 645 1869 701 idem
1897 646 1964 702 de
1990 647 2164 702 amico

581 729 734 784 dolor
759 732 1018 800 perculit;
1045 733 1137 788 sed
1157 734 1268 804 jam
1297 736 1452 792 nobis
1478 752 1785 794 sermonum
1807 739 1946 794 vices
1970 739 2164 796 debent

580 836 701 877 esse
731 823 942 880 solatio.
973 826 1164 881 Scribe
1191 827 1379 896 igitur,
1413 831 1743 900 respondere
1771 833 1980 902 cogaris
1999 874 2015 894 .
2045 846 2100 889 et
2133 851 2162 888 a

584 912 812 968 funestis
855 916 1271 986 cogitationibus
1309 922 1498 977 redeas
1543 923 1594 978 iu
1633 924 1808 979 officia
1848 928 2162 983 viventium.

584 1003 793 1061 Fecerit
842 1009 1084 1078 religiosa
1115 1027 1273 1068 (-aiisa
1302 1029 1369 1069 ne
1405 1016 1548 1083 prior
1584 1017 1850 1074 scriberes
1877 1037 1890 1072 :
1921 1037 2026 1077 non
2055 1026 2166 1079 eris

581 1105 688 1154 tam
717 1100 1050 1169 irreverens,
1082 1112 1138 1158 ut
1171 1119 1489 1174 provocatus
1515 1109 1806 1167 abstineas.
1836 1113 1983 1169 Vale.

1153 1218 1364 1274 EPIST.
1409 1220 1602 1276 XXIX.

1103 1326 1242 1365 8V!!!
1257 1329 1412 1368 \CIIlIS
1439 1329 1643 1371 SALVIO.

653 1394 772 1451 Vidi
805 1397 856 1452 in
897 1399 1090 1455 litteris
1123 1417 1295 1470 nuper
1323 1404 1450 1460 mihi
1477 1407 1700 1463 redditis
1733 1413 2035 1482 religiosum
2069 1432 2166 1486 pro

582 1489 736 1544 nobis
755 1490 918 1545 animi
953 1493 1028 1546 tui
1063 1493 1335 1563 gaudium,
1367 1506 1421 1552 et
1471 1502 1806 1568 apertissime
1835 1505 2164 1576 deprehendi

583 1580 709 1649 qttid
761 1582 1047 1653 voluptatis
1104 1601 1171 1642 ex
1233 1589 1528 1645 amicorum
1582 1597 1853 1664 prosperis
1917 1615 2162 1671 usurpes.

582 1669 885 1740 I’romptius
936 1677 1098 1744 igitur
1147 1687 1200 1733 te
1249 1679 1414 1750 diligo
1444 1684 1481 1749 ,'
1509 1695 1792 1755 postquam
1839 1689 1940 1746 hoc
1983 1669 2162 1751 votum

584 1759 738 1816 honre
767 1765 965 1819 mentis
993 1767 1218 1836 inspexi.
1243 1769 1310 1825 Et
1337 1775 1582 1840 quamvis
1606 1775 1719 1844 ipse
1739 1777 1956 1836 domino
1988 1797 2164 1853 pecto-

583 1854 659 1908 ris
698 1857 803 1911 mei
843 1859 1297 1916 excellentissimo
1327 1864 1442 1919 viro
1467 1869 1788 1938 scriptorum
1818 1877 2040 1944 gratiam
2073 1897 2167 1950 pro

584 1942 829 2000 Flaviani
875 1949 1052 2004 fratris
1094 1951 1168 2004 tui
1214 1953 1419 2010 honore
1451 1959 1765 2031 retulerim,
1817 1965 2167 2026 nihilominus

587 2045 764 2092 tamen
801 2055 1017 2109 qumso,
1058 2053 1112 2096 ut
1144 2046 1304 2099 etiam
1338 2052 1757 2120 magnitudinem
1798 2060 2167 2126 gratulationis

589 2143 724 2184 mea:
750 2132 887 2200 apud
914 2146 1187 2192 auctorem
1220 2142 1348 2194 tanti
1378 2142 1622 2201 beneﬁcii
1643 2148 1879 2219 digneris
1902 2165 2164 2212 astruere.

589 2219 737 2276 Vale.

1159 2301 1374 2359 EPIS'I‘.
1417 2307 1586 2362 XXX.

1122 2408 1432 2452 SYXIIIACIIUS
1460 2418 1624 2457 JllVlO.

652 2477 893 2532 Interfuit
939 2481 1161 2547 publica:
1210 2489 1452 2545 utilitatis
1493 2503 1550 2546 ut
1589 2495 1681 2548 tibi
1716 2499 1914 2567 majora
1957 2507 2167 2572 negotia

585 2569 955 2625 tredercntur.
1008 2575 1182 2641 Quare
1227 2581 1424 2646 prolixa
1472 2600 1576 2638 non
1621 2587 1782 2643 debet
1828 2609 1945 2647 esse
1993 2598 2166 2663 gaudii

582 2660 686 2714 mei
738 2665 1045 2731 alti-statio,
1092 2683 1158 2722 ne
1204 2671 1524 2728 adulationis
1571 2680 1804 2747 suspicio
1851 2660 2168 2743 devenustet

579 2753 760 2813 indicii
816 2760 1116 2815 veritatem.
1161 2762 1300 2832 Opto
1351 2766 1538 2834 igitur,
1586 2771 1677 2825 tibi
1723 2781 1956 2847 suscepti
2002 2780 2165 2838 officii

579 2858 766 2900 cursus
794 2849 1048 2904 arrideat.
1077 2855 1335 2920 Quamvis
1375 2858 1620 2917 dubitare
1657 2881 1761 2920 non
1802 2872 2032 2937 possim,
2067 2890 2165 2931 nec

580 2937 774 2991 nintari
815 2941 1133 3006 probitatem
1161 2985 1175 3008 ,
1206 2955 1258 3001 et
1291 2948 1457 3005 bonas
1488 2965 1632 3009 artes
1666 2959 1884 3015 stimulo
1918 2967 2166 3032 praemio-

577 3045 694 3084 rum
735 3033 942 3089 felicius
976 3038 1206 3093 incitari.
1243 3041 1389 3100 Vale.

1143 3133 1356 3190 EPIST.
1403 3137 1588 3194 XXXI.

1068 3235 1329 3279 BVMIATIII
1348 3241 1374 3280 S
1405 3245 1653 3284 EUDOXI‘).

647 3305 916 3364 Exsultavi
947 3315 1137 3382 gaudio
1163 3319 1232 3373 ob
1273 3321 1522 3378 amicit’te
1562 3325 1849 3394 honorem,
1901 3348 2020 3390 cum
2073 3336 2159 3392 lit-

574 3405 716 3450 teras
753 3409 870 3455 tuas
913 3417 1199 3461 sumerem.
1245 3412 1347 3464 Sed
1395 3413 1480 3467 ubi
1524 3417 1728 3474 Annius
1771 3433 1970 3492 noster,
1999 3445 2156 3496 quam

573 3486 645 3540 :zis
687 3487 882 3545 dubius
920 3495 1270 3565 valetudinis,
1315 3504 1581 3572 indicavit,
1625 3510 1675 3563 in
1724 3529 1936 3580 gravem
1976 3535 2156 3575 curam

571 3577 750 3632 hetitia
782 3582 1022 3639 derivata
1069 3600 1171 3643 est.
1212 3593 1372 3648 Video
1404 3599 1545 3653 enim
1573 3605 2008 3674 peregrinationi.
2039 3629 2158 3682 qua:

572 3669 744 3725 morbi
776 3671 944 3728 instar
973 3687 1083 3742 est,
1115 3681 1367 3739 damnum
1409 3669 1652 3748 sanitatis
1690 3698 1974 3765 adjectum.
2009 3704 2157 3756 Sola.

571 3767 657 3812 tur
706 3769 884 3817 tamen
926 3767 1340 3830 sollicitudinem
1394 3795 1596 3847 meam,
1641 3789 1780 3852 quod
1835 3793 2156 3858 pareinmnia

571 3846 666 3902 tibi
697 3850 977 3910 familiaris
1003 3869 1086 3913 est
1108 3900 1121 3925 ,
1151 3865 1289 3931 quod
1316 3881 1540 3937 cognata
1567 3876 1823 3944 sapientia
1847 3923 1861 3944 ,
1895 3891 1947 3936 et
1970 3883 2159 3939 adver-

569 3937 643 3992 sis
680 3939 906 3998 forttiute
942 3950 1150 4004 animus
1197 3955 1461 4024 ingentior
1500 3981 1516 4016 :
1559 3980 1676 4030 quin
1718 3970 1853 4024 bona
1899 3974 2159 4032 reducere

569 4031 746 4087 solent
776 4038 1059 4096 valentiam
1089 4049 1351 4115 corporis,
1379 4064 1434 4106 et
1458 4055 1656 4121 vigoris
1681 4074 1952 4118 serenum.
1985 4066 2158 4136 Spero

567 4125 730 4194 igitur
765 4130 832 4186 de
861 4141 928 4190 ,ιθ
965 4140 1180 4207 cognitu
1219 4143 1459 4212 ltetiora,
1505 4160 1557 4204 et
1594 4168 1751 4208 aures
1775 4155 1882 4223 jam
1914 4125 2158 4217 felicibus

567 4223 766 4278 nuntiis
807 4241 958 4294 paro.
1002 4230 1182 4288 Faciet
1218 4235 1457 4304 justitia,
1501 4258 1618 4311 qua:
1660 4246 1776 4314 pios
1813 4252 2059 4318 respicit,
2100 4265 2158 4309 ιιι

565 4322 685 4376 post
716 4315 872 4386 htrjus
900 4320 1220 4380 incommodi
1243 4329 1406 4384 citum
1433 4336 1736 4411 transitum,
1765 4339 1885 4395 vita:
1909 4352 2013 4397 tua:
2037 4363 2048 4411 ι
2072 4360 2156 4398 ro-

566 4419 723 4473 spera
754 4409 962 4480 longius
995 4419 1354 4487 porrigantur.
1395 4426 1538 4480 Vale.
1629 4409 1632 4412 i

1116 4531 1334 4591 EPIST.
1377 4538 1592 4595 XXXII.

1079 4639 1402 4685 SYMIIACIIL'S,
1425 4648 1631 4688 UIIBICO.

631 4705 938 4776 Auspicium
969 4716 1094 4770 mihi
1126 4720 1392 4776 scribendi
1425 4725 1588 4792 prior,
1616 4738 1676 4783 ut
1704 4747 1818 4786 mos
1847 4745 1950 4800 est,
1978 4737 2150 4796 facere

561 4794 814 4864 debuisti,
845 4815 964 4857 cum
996 4816 1047 4858 te.
1077 4807 1232 4877 hujus
1260 4812 1546 4884 diligentia:
1571 4818 1854 4878 domestici
1882 4827 2142 4885 tabellarii

557 4885 764 4943 reditus
793 4905 1180 4953 commoneret.
1218 4901 1324 4956 Sed
1355 4907 1477 4973 quia
1508 4908 1661 4965 nobis
1691 4915 1769 4967 vel
1801 4915 2029 4985 oblivio,
2059 4924 2142 4976 vel

560 4984 842 5051 occupatio
875 4986 1145 5057 religionis
1177 5000 1280 5047 tua:
1316 4994 1673 5056 desideratum
1712 5021 1900 5063 tnttntts
1930 5012 2142 5079 invidit,

554 5087 653 5142 ego
683 5089 883 5147 usurpo
909 5081 1222 5151 principium
1255 5104 1268 5137 :
1300 5090 1656 5147 aestimaturus
1697 5097 1748 5152 in
1787 5101 2047 5172 reliquum
2078 5107 2146 5162 de

553 5166 771 5223 raritate
801 5171 882 5224 vel
923 5173 1072 5241 copia
1120 5185 1332 5231 tuorum
1364 5182 1575 5250 apicum
1599 5227 1613 5251 ,
1648 5198 1824 5247 utrum
1865 5196 2138 5252 voluntate

553 5253 746 5312 litteris
800 5258 1117 5330 ordiendis,
1174 5280 1241 5320 an
1296 5272 1463 5342 magis
1515 5283 1832 5338 iiecessTIate
1881 5285 2133 5343 defueris.

555 5343 701 5401 Vale.

1106 5427 1321 5486 EPIST.
1364 5433 1600 5492 XXXIII.
1691 5491 1693 5493 .

1011 5531 1320 5576 εγιιιιιιωιυδ
1347 5541 1668 5584 ιυετικιλκθ.

785 5611 869 5654 me
897 5601 950 5656 in
976 5607 1260 5667 scribendo
1285 5616 1494 5672 tardum
1527 5619 1707 5677 fuisse.
1737 5624 1994 5682 Consulto
2026 5641 2137 5702 sty-

548 5678 664 5736 lum
697 5683 910 5756 distuli,
951 5695 1076 5751 dum
1105 5701 1326 5761 refoveo
1355 5717 1625 5766 tenuatum
1657 5714 1846 5772 itinere
1871 5678 2128 5791 vigorem,

549 5789 656 5844 quo
686 5778 779 5835 tibi
807 5781 874 5839 de
903 5800 989 5844 me
1019 5789 1136 5849 laeta
1167 5798 1398 5866 cupienti
1427 5813 1552 5861 voto
1581 5807 1772 5866 similis
1800 5778 1988 5882 pagina
2021 5778 2128 5874 tra:

1755 347 1819 406 (δ.
1861 345 2207 402 Αυιιειιιδ
2245 347 2683 408 δγιιιιειριιυε.
3725 373 3797 427 39η

2189 466 2236 520 Λ
2265 461 2501 516 deretur.
2534 463 2652 517 Fiat
2684 463 2843 534 igitur
2870 479 2930 519 ex
2965 469 3169 534 optimo
3195 482 3384 529 nuntio
3419 473 3800 552 mortecompen-

2270 554 2425 608 satio.
2459 555 2616 610 Certe
2655 571 2753 627 ego
2787 572 2905 612 eam
2949 559 3072 615 dico
3112 563 3280 634 legem
3321 566 3508 624 litteris
3537 572 3798 641 amicorum,

2271 657 2326 700 ut
2355 647 2672 704 assiduitate
2706 650 2918 724 ijlorum
2956 656 3165 713 animos
3204 659 3464 729 probent,
3493 679 3660 720 meum
3684 666 3800 722 boni-

2271 747 2375 794 tate
2403 739 2686 798 dclectent.
2723 743 2868 798 Vale.

2812 835 3027 892 EPIST.
3070 839 3308 896 XXXIV.

2779 943 3091 987 ιιγιιιιιΑςιιυε
3121 951 3358 990 ευδειιιο.

2339 1015 2590 1073 Scribere
2618 1019 2682 1074 ad
2723 1031 2774 1075 te
2807 1031 2933 1078 ante
2959 1027 3280 1094 voluissem;
3311 1029 3404 1084 sed
3431 1035 3802 1088 commeantibus

2269 1107 2448 1161 multis
2477 1108 2635 1165 ﬁdam
2677 1115 3012 1172 occasionem
3043 1117 3203 1174 debet
3237 1137 3528 1190 excerpere
3570 1125 3802 1180 scribentis

2269 1204 2485 1259 electio.
2517 1206 2788 1274 Aecci-isti
2829 1225 3042 1265 causam
3087 1215 3335 1271 tardioris
3377 1217 3539 1272 officii
3584 1237 3596 1270 :
3642 1236 3741 1288 quae
3770 1222 3802 1274 si

2267 1297 2446 1352 animo
2490 1307 2582 1353 tuo
2623 1303 2918 1372 satisfecit,
2963 1322 3152 1363 curare
3189 1308 3495 1379 dignaberis
3554 1323 3607 1365 ut
3661 1313 3715 1366 ad
3743 1331 3804 1368 me

2243 1404 2483 1459 quoque
2525 1407 2783 1463 responsa
2818 1407 2906 1452 tua
2950 1399 3160 1456 idoneis
3199 1403 3486 1457 commissa
3524 1406 3800 1474 perveniant.

2273 1480 2420 1536 Vale.

2827 1580 3041 1636 EPIST.
3083 1582 3303 1640 XXXV.

2773 1688 3077 1729 SVNNACHUS
3103 1692 3347 1730 JOIIANNI.

2340 1759 2492 1824 Quod
2517 1775 2642 1815 sero
2670 1764 2735 1816 ad
2767 1774 2818 1816 te
2850 1766 3029 1821 scribo
3051 1808 3064 1831 ,
3093 1769 3340 1823 amicitiae
3373 1771 3578 1824 tenacis
3607 1771 3805 1824 indicium

2199 1845 2244 1904 Β
2271 1860 2374 1914 est,
2407 1852 2556 1921 cujus
2595 1857 2852 1910 memoria
2894 1860 3137 1924 repetitis
3177 1877 3238 1914 ex
3292 1862 3578 1917 intervallo
3608 1863 3807 1933 prohattu

2271 1940 2484 1997 ofﬁciis.
2519 1943 2634 2010 Ipse
2663 1963 2874 2015 quoque
2906 1949 3173 2005 silentium
3207 1962 3352 2008 tuum
3386 1956 3665 2010 nonaliter
3690 1957 3807 2008 inter-

2273 2044 2471 2102 pretor.
2501 2036 2632 2092 Nam
2660 2041 2760 2093 etsi
2788 2043 2910 2112 styli
2942 2042 3403 2101 honorificentiam
3434 2065 3647 2118 quaero,
3674 2059 3808 2103 ccrltti

2273 2126 2396 2180 fidei
2445 2137 2546 2182 tua:
2573 2172 2588 2197 ,
2631 2133 2790 2186 etiam
2839 2134 2907 2189 de
2955 2136 3117 2190 tacito
3154 2152 3339 2193 amore
3375 2158 3482 2194 non
3525 2143 3711 2196 dubito.
3736 2142 3808 2197 Sed

2270 2233 2482 2284 vereor.
2525 2239 2591 2278 ne
2633 2225 2730 2280 ista
2768 2228 3031 2284 sententia
3073 2232 3166 2287 tibi
3207 2235 3428 2289 suadeat
3485 2237 3808 2306 negligentiam

2270 2315 2602 2383 scriptionis,
2618 2328 2672 2372 et
2696 2319 2810 2374 luce
2829 2323 3082 2379 amicitia:
3105 2326 3283 2380 munia
3303 2327 3494 2397 judicii
3521 2331 3620 2384 mei
3642 2344 3809 2383 securus

2270 2406 2510 2461 omittas.
2545 2408 2738 2465 Hortor
2768 2413 2948 2481 igitur,
2972 2431 3280 2488 quaesoque,
3317 2431 3372 2474 ut
3397 2421 3545 2474 illam
3572 2421 3730 2492 potius
3751 2436 3811 2473 co-

2269 2497 2409 2562 gites
2436 2509 2660 2564 partem,
2685 2517 2804 2569 qum
2830 2504 3127 2560 assiduitati
3155 2511 3378 2577 gratiam
3413 2512 3587 2580 parit;
3619 2527 3709 2566 non
3727 2526 3811 2580 qua

2272 2591 2533 2656 promittit
2566 2594 2778 2648 veniam
2811 2598 3036 2652 raritati.
3063 2597 3214 2654 Vale.
3260 2655 3264 2658 .

2824 2687 3035 2744 EPIST.
3077 2690 3319 2746 XXXVI.

2715 2794 3024 2837 SVIMACIIUS
3052 2801 3413 2847 QUINTILIANO.

2340 2869 2421 2922 Ad
2463 2869 2713 2925 indicium
2756 2871 2862 2926 mei
2906 2874 3047 2928 circa
3086 2885 3136 2929 te
3175 2877 3373 2932 amoris
3409 2877 3531 2933 haec
3560 2878 3813 2936 scribimus

2269 2967 2324 3014 et
2372 2969 2424 3014 ιιι
2478 2962 2591 3032 ipse
2639 2963 2705 3017 ad
2752 2964 3184 3034 respondendum
3236 2971 3550 3036 provoceris
3592 2971 3812 3039 exempto.

2267 3051 2399 3106 Cum
2429 3055 2588 3123 igitur
2634 3071 2731 3125 ego
2779 3067 2962 3126 partes
2990 3058 3258 3128 religionis
3287 3061 3643 3129 impleverim,
3669 3076 3813 3129 exspe

2268 3154 2358 3197 cto
2401 3156 2460 3200 ut
2498 3147 2610 3217 ipse
2661 3147 2820 3203 etiam
2862 3151 3242 3207 vicissitudinis
3285 3153 3562 3211 solutione
3607 3153 3814 3224 fungaris.

2192 3219 2238 3280 C
2275 3237 2420 3290 Vale.

2806 3333 3023 3391 EPIST.
3065 3335 3329 3394 XXXVII.

2723 3435 3033 3479 ειιιδιιιοιιυε
3062 3440 3391 3481 επιεοοοιιε.

2337 3505 2584 3568 Proxime
2625 3515 2908 3584 penatibus
2945 3518 3079 3571 meis
3120 3519 3394 3584 redditus,
3424 3520 3590 3574 etiam
3627 3534 3748 3574 nunc
3780 3528 3817 3570 te

2262 3612 2440 3658 mente
2468 3613 2522 3658 et
2558 3605 2882 3676 cogitatione
2923 3611 3172 3678 respicio.
3205 3612 3384 3680 Itaque
3426 3615 3593 3668 animi
3637 3614 3718 3668 illa
3749 3613 3814 3681 ju-

2262 3695 2536 3752 cunditale
2563 3740 2580 3767 ,
2621 3714 2779 3768 quam
2820 3718 3002 3756 coram
3048 3705 3114 3759 de
3161 3721 3412 3764 sermone
3449 3718 3547 3762 tuo
3585 3709 3816 3775 hucusque

2261 3785 2539 3855 capiebam
2571 3788 2923 3859 voluptatem,
2955 3809 3266 3862 compenso.
3299 3797 3397 3851 Cui
3436 3798 3482 3852 si
3517 3810 3693 3852 mutua
3719 3813 3816 3852 cura

2267 3878 2639 3949 responderit,
2672 3896 2792 3936 cum
2825 3894 3022 3939 tantam
3065 3887 3194 3940 mihi
3239 3887 3410 3942 delata
3457 3892 3704 3945 amicitia:
3739 3899 3816 3941 tua:

2261 3971 2484 4041 scriptio
2511 3978 2732 4042 gratiam
2767 3977 2995 4046 tribuat,
3028 3990 3227 4050 quanto
3265 3983 3494 4052 amplius
3528 3984 3691 4039 relata
3715 3997 3819 4051 pra:-
3900 3979 3901 4036 ἒ

2262 4067 2461 4120 Stabit?
2495 4068 2642 4124 Vale.

2790 4162 3000 4218 EPIST.
3039 4163 3325 4221 XXXVIII.

2773 4271 3078 4314 ειιιιιιιοιωε
3110 4276 3340 4317 ιιοιιυιο.

2333 4349 2490 4402 salus
2523 4350 2759 4417 pignoris
2787 4353 3088 4406 communis
3123 4355 3176 4408 in
3208 4364 3322 4410 tuto
3345 4367 3462 4423 est,
3492 4359 3648 4426 cnjm
3674 4356 3815 4412 studia

2261 4439 2608 4494 s-vllieitudini
2655 4457 2789 4495 mea:
2833 4443 3071 4514 delegata
3123 4448 3419 4514 proﬁcient.
3463 4451 3599 4505 Mea:
3638 4463 3818 4520 quoque

2262 4531 2579 4586 valetudinis
2607 4544 2723 4587 esto
2749 4548 2971 4589 securus
2991 4575 3006 4600 ,
3035 4545 3089 4590 et
3119 4537 3185 4591 ad
3212 4539 3383 4594 vicem
3416 4541 3603 4596 talium
3632 4541 3818 4597 nuntio-

2178 4599 2231 4660 Ῐ)
2257 4639 2372 4676 rum
2404 4638 2587 4678 curam
2624 4624 2690 4679 de
2721 4636 2771 4680 tc
2802 4641 2974 4681 meam
3006 4629 3274 4685 similibus
3304 4636 3581 4702 responsis
3608 4633 3812 4689 absolve.

2257 4715 2403 4768 Vale.

2806 4810 3024 4868 EPIST.
3066 4814 3304 4870 XXXIX.

2849 4921 3224 4962 εῐιιιιλειιυε...

2319 4992 2476 5056 Queri
2508 4992 2575 5047 de
2610 4994 2827 5050 silentio
2867 5011 2972 5050 non
3001 5010 3183 5067 potes,
3213 5002 3302 5070 qui
3341 5002 3475 5057 nihil
3513 5006 3812 5070 scriptorum

2249 5086 2378 5139 mihi
2417 5085 2691 5157 hucusque
2721 5089 2970 5146 tribuisti.
2998 5094 3104 5147 Sed
3133 5096 3177 5149 si
3209 5097 3386 5151 simile
3418 5098 3545 5169 styli
3576 5097 3815 5168 opperiri:

2247 5175 2580 5242 ausiiicium,
2627 5194 2782 5234 sume
2820 5183 3123 5250 exemplum
3168 5186 3402 5254 religiosi
3439 5188 3646 5254 ofﬁcii,
3691 5185 3811 5258 quod

2245 5266 2445 5322 debeas
2470 5270 2728 5325 :emulari.
2755 5273 2860 5328 Ero
2881 5275 3133 5346 deinceps
3161 5279 3224 5333 ad
3248 5282 3611 5336 exercendum
3634 5283 3810 5352 stylmu

2246 5361 2560 5429 promptior,
2595 5365 2638 5419 si
2672 5381 2756 5420 mc
2786 5367 2962 5424 fructu
2990 5372 3161 5426 mutui
3193 5377 3461 5430 sermonis
3486 5377 3809 5431 animareris.

2245 5451 2388 5506 Vtt'c.

2251 5564 2259 5572 ’
2859 5555 3074 5612 EPIST.
3120 5558 3211 5613 XI.

2731 5659 3041 5702 SVIMAClIUS
3072 5667 3316 5708 Ανειιτιο.

2309 5728 2680 5789 Seca-ssioncm
2728 5745 2871 5791 tuam
2914 5740 3076 5794 etiam
3121 5744 3314 5799 tacitus
3353 5748 3658 5816 approbavi.
3695 5746 3808 5801 Nam

2237 5833 2356 5874 cum
2400 5821 2787 5883 interveniente
2824 5829 3092 5889 discordia
3131 5837 3399 5906 supremis
3440 5839 3618 5909 generi
3661 5839 3810 5894 inter-
