3932 6436
525 332 627 386 397

1067 429 1278 486 EPIST.
1310 425 1537 482 LXXIII.

976 539 1280 581 SYIIIACIIUS
1309 534 1592 575 IUICIAND.

595 621 877 679 Silentium
927 619 1056 674 mihi
1102 618 1222 671 duci
1260 615 1389 668 vitio
1420 629 1523 666 non
1574 619 1834 677 oportet:
1879 606 2101 660 familia-

526 717 662 770 rium
684 713 879 784 quippe
900 709 1196 766 officiorum
1228 721 1354 760 usus
1383 707 1524 757 inter
1546 701 1769 755 adversa
1795 697 2103 767 negligitur.

528 809 634 865 Sed
663 806 783 876 quia
808 819 932 873 spes
952 802 1105 856 datur
1126 797 1452 869 Symmacho
1481 809 1601 848 meo
1626 793 1950 867 inlegrandm
1977 804 2106 856 pau-

529 903 676 957 latim
709 901 864 954 bona:
903 895 1246 960 valetudinis,
1291 891 1425 944 redit
1477 887 1688 941 animus
1740 884 1804 936 ad
1855 882 2104 936 amicitia:

530 996 711 1050 munia
748 1004 844 1048 :ut
868 993 910 1046 si
944 1006 1100 1062 quem
1133 988 1226 1042 tibi
1254 983 1586 1040 taciturnitas
1626 993 1741 1033 mea
1785 987 1989 1032 metum
2026 973 2103 1027 l'e-

529 1098 698 1152 cerat,
727 1085 994 1141 sermonis
1017 1081 1276 1137 securitas
1306 1077 1568 1131 absolvat.
1602 1071 1748 1125 Vale.

1674 316 1736 383 ρ.
1786 311 2125 369 Αυιιειλιιδ
2175 308 2606 366 svnuicuus.
3679 304 3766 361 us

2135 435 2185 491 Α

2777 415 2990 472 ΕῘῚΞΤ.
3027 416 3262 472 LXXIV.

2714 523 3025 563 SYHIIACIIUS
3089 523 3302 563 ANCIIIO.

2286 599 2504 656 Certum
2537 599 2730 666 habeo,
2763 599 2894 653 nihil
2925 611 2977 655 te
3001 599 3194 654 litteris
3223 599 3356 653 meis
3383 598 3649 669 antiquius
3673 616 3760 655 aes-

2217 694 2426 746 timare.
2455 691 2585 746 Nam
2639 691 2764 744 milii
2813 704 3026 760 quoque
3071 692 3258 743 eadem
3297 688 3365 744 de
3409 690 3486 745 tui
3529 696 3764 745 sermonis

2208 783 2544 852 jucunditatc
2595 782 2857 836 sententia
2913 790 3016 836 est.
3058 781 3245 834 Merito
3300 780 3549 836 amicitia:
3601 797 3765 836 munus

2215 877 2434 946 arripui.
2450 876 2599 944 Quod
2623 877 2668 929 si
2701 877 2812 944 pari
2845 876 2995 930 lance
3019 875 3334 941 reddideris,
3358 878 3592 930 studium
3615 894 3764 932 meum

2215 971 2565 1026 incitamento
2594 967 2868 1040 religionis
2896 979 3138 1024 acuetur.
3175 970 3322 1026 Vale.

528 1177 3740 1225 ______________.___.___.________——————————-——————-

1589 1285 2059 1398 LIBER
2133 1279 2728 1390 NONUS.

1012 1458 1347 1517 EPISTULA
1374 1454 1608 1511 PRIMA.

917 1571 1317 1613 διυιιιειιυε
1368 1563 1717 1606 Ρλιιλυιο.

598 1676 655 1732 Si
685 1672 932 1729 amicitia:
953 1670 1152 1725 veteris
1187 1664 1445 1722 memoria
1486 1669 1818 1733 perseverat,
1861 1670 1961 1711 nec
2005 1654 2106 1709 ulla

528 1767 798 1822 oblivione
821 1770 1037 1816 tenuata
1078 1767 1194 1820 est,
1224 1755 1384 1810 credo
1430 1752 1570 1821 quod
1619 1751 1824 1804 litteras
1872 1760 2020 1800 meas
2049 1743 2112 1796 li-

531 1861 722 1914 benter
768 1855 1018 1923 accipias,
1048 1864 1179 1920 quas
1211 1847 1399 1900 ﬁducia
1451 1842 1618 1897 mutui
1669 1839 1868 1907 amoris
1907 1835 2058 1891 emisi
2093 1850 2106 1886 :
2142 1859 2187 1919 Β

529 1951 752 2003 multum
787 1946 1057 2000 relaturus
1095 1940 1304 2010 gratiae,
1330 1939 1373 1992 si
1405 1935 1585 1992 ol‘licio
1631 1948 1752 1987 meo
1794 1928 2112 1985 vicissitudo

530 2040 879 2110 respondeat.
908 2035 1058 2090 Nunc
1089 2043 1140 2089 te
1171 2048 1266 2102 pro
1295 2030 1470 2086 amico
1515 2043 1636 2083 meo
1666 2024 1954 2081 Benedicto
1993 2037 2114 2075 ora.

531 2144 641 2186 tum
671 2131 814 2194 volo,
849 2141 1009 2196 quem
1031 2123 1199 2195 gradu
1231 2133 1394 2192 atque
1425 2119 1628 2173 honore
1663 2115 1868 2170 militise
1900 2112 2110 2167 fortuna

534 2223 706 2292 magis
725 2235 884 2290 quam
915 2219 1068 2286 culpa
1100 2216 1364 2283 privavit:
1397 2221 1454 2265 ut
1485 2208 1756 2264 innocenti
1806 2205 1980 2259 fautor
2028 2218 2111 2256 ar-

534 2317 731 2377 rideas,
764 2327 863 2368 nec
887 2326 1010 2365 eum
1041 2308 1265 2378 publica:
1296 2303 1586 2368 felicitatis,
1631 2315 1750 2369 qua:
1798 2296 1867 2350 ad
1897 2293 2112 2349 univer-

531 2422 620 2462 sos
651 2405 762 2476 pari
790 2405 997 2458 ratione
1040 2400 1296 2460 manavit,
1325 2395 1498 2450 solum
1529 2397 1800 2448 exsortem
1849 2400 1970 2441 esse
2021 2401 2114 2454 pa-

534 2501 702 2554 tiaris.
764 2496 992 2550 Interest
1061 2494 1203 2548 enim
1277 2487 1744 2545 serenissiinorum
1813 2492 2113 2548 temporum

531 2592 736 2662 glorize,
768 2597 828 2642 ut
853 2585 1007 2642 sicuti
1053 2582 1303 2638 omnibus
1333 2581 1386 2634 in
1440 2581 1542 2632 hac
1570 2575 1681 2630 vita
1725 2571 1914 2643 positis
1943 2584 2007 2623 ac
2035 2569 2114 2622 Io-

533 2658 690 2744 catis,
719 2677 1022 2734 communis
1043 2684 1126 2730 est
1163 2671 1285 2729 coeli
1331 2669 1566 2740 spiritus,
1601 2667 1689 2720 lux
1720 2661 1860 2726 diei;
1904 2661 1976 2714 ita
2004 2658 2113 2713 cle-

531 2774 782 2831 mentiam
823 2771 1036 2825 tuaximi
1079 2765 1338 2837 principis
1384 2761 1550 2818 nostri
1602 2761 1842 2819 sentiant
1885 2760 2011 2808 vota
2060 2759 2115 2807 et

536 2867 670 2920 facta
707 2871 1042 2917 cunctorum.
1071 2858 1225 2911 Vale.

1173 2945 1388 3003 EI’IST.
1420 2944 1482 3000 II.

990 3061 1044 3100 ει
1057 3055 1303 3098 ΙΙὶΙᾹϐΙΙυὸ
1338 3050 1610 3093 ιΑιιιιιιςο.

603 3142 879 3209 Plerisque
905 3151 1057 3192 amor
1077 3144 1159 3189 est
1203 3131 1438 3197 undique
1457 3127 1694 3198 gentiutn
1725 3121 1959 3193 pretiosa
1986 3133 2116 3172 eon-

2215 1443 2462 1514 liepende
2507 1442 2669 1512 igitur
2715 1442 2844 1497 mibi
2896 1445 3084 1513 pignus
3132 1453 3330 1500 mutua:
3379 1448 3686 1512 voluntatis,
3724 1461 3767 1504 et

2213 1538 2428 1607 suscipe
2458 1539 2508 1590 in
2535 1535 2872 1605 disciplinam
2921 1538 3168 1592 medendi
3204 1554 3337 1608 ques
3369 1548 3424 1592 et
3464 1539 3589 1594 lidei
3619 1551 3710 1593 tua-
3726 1550 3770 1595 et

2216 1630 2481 1685 honestati
2521 1629 2712 1683 Euscio
2744 1628 2988 1682 tradente
3021 1629 3429 1684 committimus.
3469 1630 3616 1685 Vale.

2850 1717 3064 1772 I'II’IST.
3100 1718 3162 1773 γ.
3287 1725 3290 1728 ’

2690 1824 2998 1864 εςιιιιιλειιυε
3043 1824 3328 1864 ΛυκΕΝτΙΟ.

2289 1901 2561 1956 Amicitias
2594 1902 2735 1956 inter
2766 1916 2884 1970 nos,
2915 1918 3034 1956 eum
3069 1903 3252 1957 Horme
3275 1918 3484 1973 ageres,
3519 1903 3770 1957 inchoatas

2219 2011 2442 2051 munere
2466 1995 2772 2064 scriptionis
2797 1996 3094 2060 accumnlo,
3128 2006 3182 2049 ut
3207 1996 3364 2049 ﬁdem
3393 1996 3484 2050 tibi
3505 1996 3666 2049 animi
3688 1995 3769 2047 turi

2211 2090 2378 2174 ‘l'aeiat
2405 2089 2584 2142 collati
2628 2090 2678 2142 in
2710 2087 2985 2142 absentem
3020 2088 3209 2156 pignus
3234 2089 3415 2142 ollicii.
3453 2088 3625 2143 Tuam
3653 2090 3769 2141 circa

2216 2197 2314 2236 nos
2345 2181 2676 2248 diligentiam
2729 2181 2976 2249 privatim
3007 2179 3301 2234 litterarum
3333 2179 3647 2235 vicissitudo
3692 2195 3770 2248 pu-

2218 2275 2352 2329 Llice
2384 2273 2613 2328 forensis
2643 2289 2736 2341 pro
2765 2272 2959 2326 Euseiu
2987 2286 3114 2324 cura
3144 2271 3445 2325 testabitur.
3477 2271 3632 2326 Vale.

2847 2364 3059 2422 EI’IST.
3094 2365 3174 2418 γι.

2669 2473 3277 2513 -εγιιιιλοιιυεηηο

2291 2555 2511 2606 Actores
2543 2549 2871 2612 absentium,
2902 2548 3090 2616 quibus
3113 2562 3201 2602 res
3236 2548 3519 2616 longinqua
3549 2548 3770 2601 commit-

2219 2647 2370 2706 titur,
2396 2653 2646 2712 tanquam
2674 2640 2835 2695 soluti
2882 2641 3083 2707 legibus
3124 2639 3310 2694 vivunt
3338 2657 3348 2692 :
3382 2638 3636 2708 quoniam
3671 2654 3771 2705 pru-

2216 2739 2300 2790 cul
2331 2734 2516 2804 positis
2559 2734 2733 2787 nullus
2759 2732 3095 2786 dominorum
3149 2743 3324 2786 terror
3371 2732 3617 2785 incurrit.
3648 2731 3770 2800 Opus

2218 2839 2302 2883 est
2332 2828 2490 2897 igitur
2529 2825 2771 2896 judiciali
2822 2826 3025 2893 vigore,
3057 2833 3115 2890 ut
3162 2825 3515 2880 locationibus
3565 2826 3771 2892 ascripta

2221 2922 2544 2990 persolvant.
2568 2921 2747 2987 Quare
2769 2908 2953 2990 quresb
2976 2928 3031 2972 ιιι
3057 2922 3344 2989 suggestion
3367 2932 3426 2973 es
3453 2919 3644 2972 notarii
3667 2919 3772 2978 mei.

2217 3015 2302 3068 cui
2351 3013 2662 3092 exhibenda
2692 3013 2943 3066 nonnulla
2985 3009 3050 3065 ad
3103 3011 3407 3079 praetoriam
3446 3009 3772 3074 Iunt-tionem,

2217 3118 2273 3164 et
2297 3109 2475 3164 debita
2515 3110 2585 3163 ab
2626 3107 2873 3163 obnoxiis
2917 3107 3088 3162 servis
3131 3106 3365 3160 eruenda
3411 3106 3682 3166 mandavi,
3708 3107 3776 3171 ju-

534 3235 768 3302 quirere.
801 3233 882 3285 Me
908 3230 1059 3298 juvat.
1089 3226 1362 3280 studiosos
1407 3218 1685 3290 sapientia:
1722 3217 1869 3270 viros
1899 3213 1952 3268 in
1982 3211 2114 3266 ami-
2143 3232 2188 3292 C
2222 3218 2350 3257 vare
2373 3201 2640 3272 digneris;
2670 3210 2726 3256 et
2747 3200 2916 3256 vicem
2951 3199 3326 3254 sollicitudinis
3356 3215 3488 3255 mea:
3519 3201 3570 3256 iu
3613 3215 3774 3256 curam

539 3330 682 3382 citia:
709 3323 1107 3395 possessionem
1147 3331 1342 3372 vocare
1369 3357 1384 3382 ,
1414 3328 1641 3384 quorum
1695 3319 1748 3366 te
1794 3317 2113 3364 summatem

535 3434 654 3474 esse
679 3417 788 3487 jun
817 3416 907 3469 diu
947 3420 1268 3468 attcstantur
1297 3406 1505 3478 experti
1539 3423 1552 3459 :
1585 3405 1637 3459 in
1669 3401 1860 3474 primis
1888 3399 2113 3454 familia-

533 3511 610 3564 ris
641 3517 823 3562 nostcr
852 3504 1058 3560 eunetis
1089 3501 1346 3572 probatus
1375 3496 1674 3562 Eudoxius,
1695 3493 1926 3562 diligens
1947 3490 2113 3560 judex

536 3603 570 3656 b
593 3613 832 3664 norum;
873 3599 961 3667 qtti
985 3594 1278 3664 degustatis
1303 3591 1520 3661 propius
1542 3588 1826 3643 virtutbus
1859 3586 1984 3652 tuis,
2011 3598 2114 3638 cm-

536 3707 680 3766 teroos
719 3703 871 3760 teque
921 3688 984 3742 ad
1037 3687 1258 3740 honesta
1311 3685 1592 3738 tendentes
1637 3679 1855 3734 laudare
1909 3677 2112 3741 didicit,

541 3781 643 3835 illis
691 3778 1018 3834 desiderium
1081 3773 1338 3830 doctrinae
1394 3774 1623 3841 vitaeque
1689 3770 1967 3833 tribuens,
2020 3768 2114 3820 tibi

537 3871 939 3942 pet-lectionem.
971 3868 1227 3922 Invitatus
1259 3866 1420 3936 igitur
1439 3877 1707 3918 consensu
1735 3861 1909 3926 fanize,
1945 3870 2000 3914 et
2021 3875 2117 3928 op-

537 3964 788 4017 timorum
841 3959 1054 4014 testium
1110 3957 1232 4024 fide,
1266 3956 1515 4011 amicitia:
1547 3962 1651 4008 tua:
1678 3951 1954 4006 dexteram
1993 3967 2114 4021 por-

538 4057 681 4124 ligo;
711 4053 976 4123 simulque
1011 4059 1137 4121 Opto
1183 4059 1241 4104 ut
1269 4049 1397 4103 mihi
1439 4048 1663 4117 epistola
1687 4063 1716 4099 a
1750 4055 1800 4098 te
1831 4045 1996 4098 relata
2026 4042 2117 4098 de-

536 4153 703 4202 claret
724 4144 1067 4200 concordiam
1102 4140 1395 4196 voluntatis
1427 4147 1552 4204 tute,
1586 4146 1642 4193 et
1668 4149 1866 4192 mutuae
1913 4135 1965 4188 in
2018 4149 2117 4189 nos

537 4239 823 4306 ilil'gentite
847 4233 1298 4306 impetrationem.
1321 4230 1470 4284 Vale.

1143 4343 1358 4400 EPIST.
1395 4343 1484 4396 III.

1003 4453 1312 4494 εςιιειιλοιιυε
1345 4450 1634 4490 Ζεκουοιιο.

610 4534 918 4606 Repetenda
945 4533 1073 4586 mihi
1103 4530 1242 4600 apud
1268 4538 1340 4590 te,
1382 4545 1485 4581 non
1525 4526 1820 4581 inchoanda
1851 4535 1933 4581 est
1963 4526 2117 4580 Eusci

2225 3310 2368 3353 tuam
2401 3299 2642 3367 reiipere
2668 3311 2776 3351 non
2811 3310 3046 3350 recuses.
3079 3294 3228 3348 Vale.

2826 3429 3041 3485 EPIST.
3081 3429 3191 3482 V'II.

2685 3537 2995 3580 SYIIIIACIIUS
3034 3536 3319 3575 CAR'I'EBIO.

2292 3617 2395 3673 Pro
2426 3617 2536 3671 lilio
2567 3633 2687 3670 meo
2719 3615 3008 3678 Auxentiu,
3041 3613 3279 3682 patentis
3301 3611 3634 3681 religionem,
3664 3608 3778 3680 peti-

2221 3714 2354 3765 toris
2385 3711 2666 3774 ambitum,
2701 3709 2857 3760 lidem
2911 3705 3064 3759 testis
3106 3703 3157 3757 in
3206 3718 3292 3757 me
3347 3702 3546 3772 recepi.
3587 3703 3640 3757 Si
3669 3701 3778 3768 quid

2222 3808 2385 3877 igitar
2428 3814 2694 3859 tantarum
2729 3815 2905 3856 rerum
2957 3799 3248 3853 auctoritas
3288 3799 3429 3868 apud
3463 3807 3517 3851 te
3548 3797 3780 3867 ponderis

2223 3899 2402 3952 habet.
2437 3896 2683 3960 admitte,
2710 3910 2913 3964 quceso,
2943 3893 2995 3948 in
3055 3891 3306 3946 familiam
3363 3904 3506 3945 tuam
3547 3897 3780 3959 juvenem

2218 3993 2426 4042 cunctis
2458 3990 2577 4041 vita:
2610 3989 2761 4041 b0uis
2808 3995 2865 4040 et
2903 3987 3129 4040 fortuna:
3157 3985 3466 4040 muneribus
3507 3985 3779 4040 excultum.

2224 4082 2422 4136 Vadein
2457 4097 2540 4133 me
2567 4080 2658 4133 tibi
2689 4081 2738 4132 in
2768 4078 2947 4132 omnia
3000 4076 3240 4146 spondeo
3289 4091 3406 4145 qum
3439 4077 3578 4130 solet
3609 4089 3781 4144 paren-

2224 4191 2332 4232 tum
2365 4176 2674 4232 sullieitndo
2714 4175 2996 4240 trutinare,
3035 4173 3159 4226 licet
3205 4170 3445 4225 noverim
3479 4170 3680 4223 futuros
3703 4182 3780 4237 ge-

2225 4287 2386 4327 nerOs
2435 4271 2672 4324 moribus
2715 4268 2987 4322 astiniari.
3023 4264 3087 4318 Et
3114 4272 3290 4317 tamen
3324 4262 3446 4316 huic
3485 4271 3605 4329 post
3635 4275 3780 4314 orna-

2223 4380 2400 4424 menta
2430 4377 2653 4431 natum,
2671 4366 2829 4420 etiam
2853 4377 3045 4418 census
3073 4359 3137 4414 ad
3162 4360 3492 4414 honestatem
3520 4355 3780 4411 redundat.

2224 4467 2439 4521 Possem
2471 4463 2739 4532 cupiosius
2771 4460 2942 4530 loqui;
2969 4458 3059 4512 sed
3095 4473 3200 4509 non
3233 4456 3342 4508 vult
3373 4453 3575 4507 veritas
3617 4449 3782 4505 verbis

2220 4558 2416 4626 juvari.
2448 4556 2622 4622 Quare
2649 4552 2694 4607 si
2725 4551 2819 4607 tibi
2842 4551 3026 4604 videor
3057 4564 3160 4602 non
3192 4546 3364 4600 inanis
3391 4555 3646 4601 assertor.
3675 4555 3782 4610 per-

541 4626 957 4720 eummendatio.
977 4624 1117 4720 bam
1146 4635 1267 4674 cum
1293 4619 1716 4720 Boium-ageres,
1749 4633 1870 4671 meo
1901 4626 2114 4720 precatu
2149 4609 2197 4668 Ι)
2220 4609 2398 4720 'rehde
2430 4609 2699 4700 "Smne",
2741 4645 2808 4699 de
2845 4641 3148 4697 ,csﬁmonio
3189 4653 3330 4706 me“,
3356 4645 3411 4692 ει
3441 4637 3514 4700 ei,
3537 4609 3688 4701 qua",
3716 4631 3782 4699 pi.

543 4725 594 4776 in
625 4721 744 4790 ejus
773 4717 1082 4787 sall‘ragiuin
1106 4727 1448 4784 provocatus,
1477 4711 1704 4766 libenter
1728 4721 1911 4780 partes
1942 4711 2109 4764 bene-

541 4812 791 4867 volentia:
824 4808 1092 4879 recepisti.
1121 4808 1358 4875 'I‘empus
1384 4813 1467 4858 est
1511 4803 1669 4874 igitur
1717 4813 1772 4856 ut
1803 4817 1948 4855 meas
1973 4801 2117 4852 utili—

543 4917 681 4963 tates
728 4908 781 4961 in
822 4905 1017 4961 Euscio
1042 4905 1197 4974 jnves
1226 4921 1239 4958 :
1273 4904 1421 4973 cujus
1467 4903 1726 4958 modesta
1770 4900 1839 4954 ita
1891 4897 2118 4968 negotiis

542 5001 739 5058 nostris
763 5000 954 5068 aderit,
989 5009 1046 5054 ut
1067 4999 1220 5054 fama:
1245 4998 1440 5068 judieis
1467 4997 1598 5051 nihil
1620 4995 1861 5064 deroget.
1895 4991 2045 5046 Vale.

1173 5108 1396 5164 EPIS'I'.
1425 5107 1510 5162 ιγ.

1029 5215 1336 5256 εἵιΙὶΙᾹΟΠυΞ
1377 5213 1639 5254 υιοιηγειο.

613 5321 928 5377 Iamdudum
959 5329 1010 5373 te
1048 5316 1200 5380 mihi,
1232 5324 1288 5370 et
1311 5328 1544 5376 morum,
1575 5319 1630 5367 et
1671 5309 1954 5365 medicinm
1980 5307 2118 5362 fama

542 5414 904 5469 commendat.
941 5410 1166 5465 llortatu
1210 5407 1372 5478 igitur
1401 5404 1574 5460 laudis
1603 5403 1903 5472 utriusque,
1934 5401 2122 5456 amici-

545 5509 631 5559 tiae
661 5515 764 5558 tute
795 5519 1008 5558 manum
1058 5500 1296 5572 porrigo,
1336 5507 1391 5552 et
1424 5507 1476 5552 te
1505 5505 1696 5566 sponte
1735 5493 1800 5546 ad
1834 5492 1992 5547 Iidem
2025 5508 2121 5546 uo-

541 5611 668 5650 sm
689 5594 1071 5649 Iamiliaritatis
1091 5593 1276 5646 invito.
1297 5589 1454 5644 Dabit
1475 5596 1652 5640 autem
1683 5583 1775 5638 tibi
1795 5583 1985 5652 jndicii
2017 5581 2120 5636 mei

541 5707 646 5744 non
679 5688 950 5743 mediocre
975 5687 1380 5746 documentum,
1423 5677 1564 5750 quod
1608 5679 1692 5733 bis
1722 5692 1856 5747 quos
1878 5674 2120 5732 erudien-

535 5787 636 5840 dos
686 5783 928 5838 misimus
979 5782 1080 5835 arti
1133 5777 1414 5834 medicinae
1475 5781 1775 5845 prccceptor
1822 5769 2116 5824 adhiberis.

2223 4744 2478 4814 gnoribus
2509 4741 2644 4795 meis
2673 4738 2900 4792 libenter
2927 4747 3242 4795 annumero,
3270 4730 3491 4800 dignare
3532 4726 3646 4780 lilia:
3692 4737 3783 4775 tua:

2223 4819 2487 4906 spondere
2539 4831 2863 4900 coniugium.
2893 4825 3096 4882 Credas
3132 4823 3313 4885 velini,
3357 4835 3480 4874 etnn
3517 4828 3630 4870 vota
3675 4828 3784 4882 pro.

2225 4934 2487 4986 cesserint
2529 4927 2832 4980 interventu
2876 4935 3016 4980 meo,
3047 4931 3152 4971 non
3185 4915 3445 4968 minorem
3475 4920 3525 4965 te
3551 4907 3782 4978 gratiam,

2226 5029 2314 5098 qui
2340 5025 2562 5095 rogaris,
2595 5019 2920 5083 habiturum,
2946 5028 3104 5086 quam
3146 5011 3292 5066 illum
3316 5024 3475 5080 quem
3502 5002 3766 5063 committo

2229 5117 2375 5171 Valc.
3198 5176 3200 5178 ν

2822 5199 3038 5255 EPIST.
3067 5197 3178 5251 VIII

2663 5307 2967 5349 SYIHIACIIUS
2991 5304 3179 5343 ιηιιινει
3191 5301 3308 5344 ΑΜ).

2299 5399 2534 5465 Arguere
2581 5391 2891 5445 duturnum
2937 5387 3211 5441 silentium
3259 5397 3434 5436 incum
3467 5394 3570 5433 non
3621 5381 3783 5442 potes.

2211 5478 2314 5559 'qui
2342 5504 2426 5543 me
2456 5490 2505 5540 in
2545 5499 2700 5539 sacro
2730 5481 2986 5536 comitatu
3043 5479 3300 5530 lim-tenus
3349 5473 3513 5527 fuisse
3538 5465 3783 5525 didicisti:

2228 5580 2365 5635 unde.
2396 5592 2563 5646 nuper
2585 5589 2862 5645 regressus
2895 5569 3353 5624 honoriﬁcentiam
3387 5562 3619 5623 dicendm
3643 5556 3785 5610 SatIII~

2229 5673 2442 5726 talionis
2493 5683 2737 5722 exerceo.
2793 5663 3114 5720 \‘icissitudo
3157 5659 3438 5716 tesmbitur
3486 5653 3618 5726 quod
3648 5649 3786 5719 pagi-

2229 5780 2347 5818 nam
2382 5777 2553 5816 meam
2608 5760 2832 5816 libenter
2882 5755 3187 5827 acceperis“
3227 5754 3430 5808 Interea
3485 5739 3786 5805 continendo
