3932 6442
524 396 621 454 551

1700 384 1763 453 ρ.
1806 376 2151 441 AURELIUS
2189 376 2634 445 SYMMACHUS.

2370 294 2587 310 ’.νἏί-έην
2694 298 2735 318 Α

3681 391 3767 451 339

440 548 445 555 .
522 494 711 568 dorum
735 503 1396 599 apparatuiprzeparandis
1414 500 1834 558 admonitionem
1859 499 2105 569 frequen-
2133 492 2181 557 Δ
2212 497 2469 553 memoria
2516 497 2760 555 beneficii
2802 500 2916 568 tui,
2954 513 3075 557 cum
3104 503 3301 560 votivas
3339 502 3554 564 editioni
3594 498 3767 567 nostra

438 648 441 651 ν
519 614 637 659 tare
661 589 868 670 desino,
897 616 1017 657 cum
1059 615 1154 669 per
1192 612 1309 653 eam
1354 596 1700 669 sponsionem
1742 601 1793 647 tu
1828 606 1914 647 me
1946 589 2102 660 hujus

446 700 447 707 ‘
519 710 663 750 cura:
707 708 933 748 vacuum
993 688 1295 747 reddidisti.
1358 685 1597 743 Mandavi
1649 693 1823 740 tamen
1878 681 2102 738 Leontio

519 782 803 840 monitoris
833 782 1088 851 ofﬁcium,
1118 782 1203 839 cui
1225 795 1405 836 aurem
1437 777 1678 850 praebere
1700 774 2023 846 dignaberis,
2056 772 2101 829 si

517 880 731 950 quando
775 878 890 949 ipse
936 873 1146 947 publica
1188 884 1243 931 et
1281 873 1482 945 majora
1534 871 1625 925 tibi
1666 868 1915 926 tractanti
1964 866 2102 921 hanc

516 984 727 1041 “itaque
757 967 1069 1036 petitionem
1100 964 1393 1021 domestica
1432 961 1797 1031 insinuatione
1822 968 2101 1030 suggesse-

518 1061 606 1116 rit.
640 1058 788 1114 Vale.

780 1150 781 1153 “
1094 1146 1305 1203 EPIST.
1347 1143 1508 1201 XVII.

1003 1252 1314 1317 SVIIACHUQ
1355 1252 1612 1295 VENUSTO.

590 1336 855 1406 lntegrum
888 1335 1045 1390 situm
1080 1334 1314 1402 praetorii
1346 1330 1474 1396 mei,
1525 1338 1579 1384 et
1624 1328 1881 1399 picturam
1911 1342 2097 1398 quam-

517 1429 638 1484 dam
670 1428 872 1485 fabrilis
901 1427 1080 1497 opcris
1107 1434 1231 1480 ante
1270 1423 1455 1479 oculos
1500 1421 1773 1477 coHocasti
1811 1439 1825 1476 :
1869 1421 1940 1475 ita
1971 1420 2098 1476 ada-

512 1531 662 1594 perta
694 1522 1019 1589 distributio,
1051 1519 1133 1573 vel
1160 1518 1336 1573 adhuc
1366 1516 1721 1587 assurgentia,
1754 1514 1836 1571 vel
1862 1515 1971 1586 jam
2002 1514 2097 1571 ab—

511 1610 684 1672 soluta
725 1614 973 1686 signavit.
1018 1609 1310 1668 Dissimulo
1360 1610 1522 1679 igitur
1566 1622 1805 1663 meorum
1837 1606 2096 1677 tantisper

509 1720 763 1761 accusare
791 1704 1094 1775 segnitiem,
1126 1702 1216 1773 qui
1244 1701 1297 1755 in
1322 1699 1511 1754 iisdem
1542 1696 1906 1752 molitionibus
1928 1696 2091 1751 fabri-

508 1801 719 1854 catione
748 1798 1040 1863 haeserunt,
1090 1795 1214 1848 dum
1261 1793 1527 1849 suavitate
1569 1792 1777 1861 pagina:
1807 1798 1913 1845 tuae
1951 1786 2093 1845 mul-

2212 587 2467 660 fraterna,
2496 600 2552 647 ut
2581 605 2763 660 spero,
2790 606 2916 647 cura
2945 593 3226 662 profuerit.
3262 594 3410 654 Vale.

2797 684 3017 742 EPIST.
3048 687 3191 743 XXI.

2546 788 2857 832 SYIILCBUS
2887 792 3097 832 νιελιυο
3124 794 3448 838 ειενικικει.

2281 868 2577 925 Senatoriis
2601 870 2923 926 editionibus
2950 873 3325 940 convenimur,
3348 889 3574 943 quorum
3602 893 3763 932 neces-

2207 959 2341 1015 sitas
2368 975 2629 1031 equorum
2655 962 2919 1018 curulium
2946 963 3219 1020 desiderat
3246 967 3595 1037 emptionem.
3622 967 3767 1037 Hujus

2209 1052 2369 1121 igitur
2408 1056 2484 1109 rei
2509 1055 2681 1126 gratia
2711 1055 3161 1114 familiarissimos
3203 1074 3353 1115 meos
3380 1059 3447 1115 ad
3482 1059 3766 1131 Hispaniam

2206 1143 2349 1211 misi,
2381 1153 2440 1199 ut
2465 1145 2750 1218 quadrigas
2791 1163 2858 1204 ex
2885 1148 3030 1203 omni
3071 1164 3290 1221 gregum
3328 1151 3606 1209 nobilitate
3645 1175 3765 1212 mer-

2204 1245 2413 1293 centur.
2445 1238 2538 1293 His
2567 1239 2635 1295 ad
2665 1240 2966 1312 peragenda
3010 1241 3263 1297 mandata
3293 1250 3439 1298 tuum
3481 1259 3645 1315 posco
3672 1246 3764 1297 suf-

2206 1326 2455 1400 fragium,
2477 1346 2794 1403 summoque
2818 1332 3075 1389 beneficio
3093 1334 3349 1405 profiteor
3362 1335 3714 1407 obligandum,
3729 1339 3762 1391 si

2203 1434 2317 1477 rem
2345 1422 2489 1478 factu
2519 1422 2749 1492 facilem,
2773 1434 2918 1479 tuum
2950 1425 3235 1495 imperium
3258 1428 3609 1497 promoverit.
3632 1429 3760 1486 Vale.

2776 1508 2991 1574 EPIST.
3034 1516 3200 1571 XXII.

2692 1619 3003 1662 εγκωωιυι
3039 1623 3284 1664 Δσκῑιιο.
3604 1656 3607 1661 .

2271 1695 2495 1750 Domum
2526 1707 2765 1753 nostram
2794 1698 2845 1752 in
2872 1709 3129 1769 apparatu
3160 1714 3282 1755 esse
3321 1700 3570 1757 ludorum
3623 1718 3760 1772 quos,

2197 1785 2575 1857 Deojuvante,
2628 1791 2723 1846 iilii
2770 1794 2875 1846 mei
2929 1803 3162 1861 praztura
3210 1792 3475 1862 deposcit,
3526 1804 3763 1863 quantum

507 1902 651 1946 cecr.
687 1889 818 1944 Volo
846 1897 1023 1943 tamen
1051 1884 1338 1957 relegendo
1364 1885 1459 1938 iter
1483 1882 1788 1953 Capuanum
1830 1882 2094 1938 architecti
2125 1883 2172 1948 B
2197 1880 2382 1951 credo,
2413 1881 2668 1939 didicisti.
2717 1882 2977 1938 Missurus
3018 1882 3177 1952 igitur
3214 1883 3278 1937 ad
3326 1883 3611 1955 Hispanias
3639 1899 3765 1939 mro-

507 1982 668 2036 nostri
694 1982 983 2035 tarditatem
1007 1980 1249 2033 oratione
1274 1978 1521 2047 castiges,
1543 1985 1602 2031 ut
1622 1978 1791 2032 vicem
1814 1976 1920 2033 mei
1950 1976 2089 2032 fellis

507 2088 797 2131 exerceas:
830 2082 885 2126 ut
928 2073 995 2127 de
1044 2082 1129 2126 tua
1179 2070 1551 2141 objurgatione
1580 2068 1851 2139 conjiciat,
1892 2077 2090 2140 quanta

506 2167 581 2223 illi
615 2168 901 2237 pernicies,
940 2167 1039 2221 nisi
1066 2164 1353 2221 commissa
1383 2163 1669 2231 curaverit,
1706 2177 1770 2218 ex
1804 2177 1921 2218 mea
1953 2162 2090 2218 indi-

504 2261 759 2334 gnatione
788 2259 1069 2316 metuenda
1100 2259 1188 2313 sit.
1226 2256 1375 2313 Vale.

1068 2391 1281 2447 EPIST.
1326 2389 1515 2446 XVIII.

989 2498 1300 2541 SYIIACHUS
1337 2498 1597 2538 POIPEIE.

581 2581 762 2637 Votiva
792 2578 923 2635 mihi
954 2580 1174 2635 emersit
1202 2577 1437 2644 occasio,
1482 2590 1601 2644 quae
1628 2573 1724 2628 tibi
1749 2572 2086 2630 salutationis

501 2660 814 2746 apportaret
842 2673 1175 2743 obsequium.
1207 2670 1341 2725 Nam
1382 2685 1502 2725 cum
1533 2669 1603 2723 ob
1648 2671 1932 2739 praeturain
1966 2668 2082 2735 filii,

501 2767 791 2821 familiares
835 2773 1048 2820 nostros
1076 2764 1140 2818 ad
1173 2763 1456 2833 Hispanias
1496 2763 1851 2827 mitteremus,
1892 2760 2085 2831 quibus

500 2868 759 2930 cq‘uorum
808 2856 1073 2912 curulium
1114 2854 1486 2909 mandavimus
1536 2853 1927 2923 coemptionem
1955 2870 1967 2908 :
1995 2854 2084 2907 lit:

474 2961 734 3009 .tcrarum
759 2950 960 3004 cultum
992 2948 1086 3002 tibi
1136 2963 1229 3016 par
1257 2945 1355 3000 fuit
1387 2946 1672 3011 exhibere,
1705 2946 1969 3015 simulque
1990 2947 2085 3000 ad-

497 3044 663 3113 jicere
703 3041 1062 3112 postulatum;
1112 3047 1169 3092 ut
1199 3036 1561 3093 nobilissimos
1597 3052 1839 3108 quosque
1868 3037 1934 3091 de
1978 3035 2083 3091 tuis

498 3133 748 3204 gregibus
799 3146 966 3202 equos
1016 3131 1249 3202 digneris
1301 3144 1624 3199 excerpere,
1688 3144 1821 3200 quos
1868 3130 1922 3184 in
1967 3144 2081 3183 rem

498 3229 647 3283 missi
680 3228 779 3282 sub
800 3227 942 3296 justa
993 3224 1261 3281 taxatione
1301 3233 1629 3278 mercentur.
1675 3223 1869 3290 Quaeso
1898 3221 2057 3293 igitur

498 3325 620 3395 utsi
650 3340 749 3394 qua
780 3324 917 3391 apud
952 3332 1003 3377 te
1031 3320 1287 3376 memoria
1319 3320 1509 3374 domus
1539 3334 1672 3374 mea:
1701 3317 1933 3383 residet,
1966 3332 2078 3372 rem

500 3419 592 3472 tibi
624 3416 763 3471 factu
806 3414 1039 3479 facilem,
1073 3412 1201 3467 milii
1242 3426 1369 3467 vero
1396 3409 1683 3481 jucundam
1711 3418 1871 3478 atque
1912 3409 2080 3464 hono-

499 3511 843 3573 ratissimum,
887 3504 1280 3576 promptissima
1318 3500 1668 3558 beneficentia
1709 3500 1945 3572 digneris
1982 3515 2077 3555 an-

500 3616 683 3657 tiuere.
719 3598 863 3653 Vale.

1091 3687 1304 3743 EPIST.
1342 3685 1482 3742 XIX.

991 3795 1299 3836 SVMIIACIIUS
1338 3795 1581 3834 FABIANO.

572 3878 759 3933 Votiva
782 3860 872 3931 me
894 3875 945 3929 in
976 3874 1265 3929 amicitiam
1296 3883 1437 3927 tuam
1461 3886 1620 3926 causa
1654 3869 2075 3940 reducit,quam-

496 3969 578 4024 vis
606 3968 675 4024 ob
704 3967 866 4022 decus
895 3966 1106 4036 generis
1135 3972 1187 4018 et
1230 3975 1440 4017 morum
1485 3970 1695 4013 tuorum
1745 3959 2075 4015 familiaritas

496 4073 584 4117 tua
609 4060 741 4115 mihi
769 4059 922 4114 fuerit
946 4056 1245 4112 ambienda.
1288 4050 1527 4108 Prmtura
1558 4050 1652 4106 filii
1684 4053 1808 4117 mei,
1855 4051 1965 4107 fors
1989 4053 2073 4108 di-

492 4164 639 4209 ctum
663 4154 832 4223 juvet,
864 4151 1014 4221 equis
1052 4148 1326 4203 curulibus
1357 4143 1666 4201 inatruenda
1714 4150 1815 4199 est.
1863 4144 2071 4200 Dudum

494 4261 590 4316 per
622 4259 771 4302 meos
929 4242 1177 4313 gregibus
1206 4239 1279 4294 tui
1307 4229 1631 4309 p'ecoris..."

1094 4374 1309 4432 EPIST.
1350 4374 1469 4430 XX.

1014 4484 1318 4525 SYIDIACBUS
1356 4487 1417 4525 ΒΑ
1427 4485 1536 4526 850.

564 4568 910 4623 Salutationis
950 4567 1151 4621 honore
1200 4566 1495 4633 praemisso,
1541 4567 1768 4623 subteso
1814 4585 2063 4627 necessa-

490 4662 627 4718 rium
656 4661 1001 4730 postulatum.
1020 4659 1141 4714 Filii
1166 4660 1334 4713 nostri
1364 4660 1525 4714 instat
1545 4659 1727 4715 editio.
1750 4662 1882 4719 Huic
1904 4679 2066 4734 equo-

488 4770 610 4812 rum
646 4754 909 4811 curulium
939 4752 1173 4823 paranda
1204 4750 1471 4806 nobilitas.
1520 4753 1858 4823 QuaprOpter
1881 4754 1947 4810 ad
1978 4756 2068 4810 Hi-

488 4848 704 4919 spanias
727 4846 1064 4901 ﬁdelissimos
1083 4860 1205 4901 cum
1224 4844 1459 4913 copiosis
1479 4846 1777 4915 sumptibus
1800 4846 2061 4915 misimus,

483 4949 545 4995 ut
572 4948 863 5010 generosas
905 4937 1189 5007 quadrigas
1233 4935 1334 4989 sub
1379 4935 1786 5007 diligentissima
1835 4939 2063 4999 let-tione

483 5041 810 5089 mercentur.
842 5030 946 5086 Sed
972 5031 1093 5101 quia
1121 5044 1369 5085 veremur
1397 5046 1463 5086 ne
1491 5046 1746 5100 equorum
1778 5035 2059 5090 transitum

484 5125 679 5181 hiemis
726 5124 1055 5178 interventus
1084 5121 1329 5176 excludat
1355 5138 1367 5174 :
1398 5134 1580 5191 quasso
1611 5136 1684 5190 te,
1717 5134 1774 5179 ut
1799 5126 1843 5180 si
1874 5141 2059 5183 neces-

481 5218 611 5273 sitas
656 5213 1022 5286 postulaverit,
1067 5213 1235 5267 tribus
1276 5214 1356 5267 vel
1397 5224 1626 5283 quatuor
1649 5218 1933 5273 mensibus
1976 5219 2051 5274 hi—

480 5311 660 5368 bernis
688 5310 881 5381 pabula
910 5308 1018 5363 illis
1044 5308 1095 5362 in
1117 5323 1175 5362 re
1201 5316 1289 5363 tua
1310 5322 1408 5378 pro
1437 5324 1663 5364 numero
1684 5310 1876 5381 jubeas
1901 5313 2055 5367 mini-

479 5404 639 5458 strari
672 5422 685 5457 :
719 5413 778 5458 ut
807 5402 1096 5471 incipiente
1122 5400 1381 5469 temperie
1410 5402 1527 5457 sine
1558 5404 1836 5459 vexatione
1865 5419 2052 5473 perve-

479 5496 649 5549 niant.
680 5496 941 5551 Praeterea
971 5493 1339 5564 adiumentum
1375 5496 1510 5551 meis
1554 5510 1652 5550 oro
1688 5496 1947 5553 decernas
1984 5499 2051 5554 ad

476 5601 733 5657 equorum
762 5586 1175 5655 coemptionem,
1223 5588 1267 5642 si
1309 5602 1444 5657 quos
1485 5588 1538 5641 in
1574 5590 1875 5653 Arelatensi
1918 5592 2051 5647 urbe

475 5694 639 5736 cursu
677 5689 729 5734 et
771 5694 965 5749 genere
1012 5689 1326 5747 praestantes
1366 5694 1553 5735 eorum
1600 5696 1726 5735 cura
1767 5683 2046 5751 repererit.

475 5774 854 5846 Amplectenda
881 5784 964 5829 est
1000 5775 1144 5829 enim
1174 5775 1364 5829 vicinae
1407 5775 1690 5846 emptionis
1737 5778 1971 5843 occasio,
2002 5779 2046 5834 si

440 5888 443 5893 ⁴
470 5868 727 5925 eximium
752 5865 949 5929 aliquid
971 5880 1128 5921 casus
1152 5866 1423 5921 obtulerit.
1449 5865 1617 5921 Stabit
1639 5866 1775 5931 apud
1798 5884 1883 5923 me
1912 5870 2045 5932 iugis

2156 1996 2159 1997 ν
2194 1988 2313 2029 rum
2337 1974 2567 2045 aliquos,
2597 1976 2687 2047 qui
2727 1975 2941 2031 curules
2967 1975 3254 2045 quadrigas
3283 1992 3348 2031 ex
3381 1977 3528 2031 omni
3560 1992 3759 2047 gregum

2192 2064 2474 2121 nobilitate
2505 2076 2905 2133 mercarentur;
2947 2067 3057 2137 jam
3104 2082 3247 2123 nunc
3285 2068 3336 2121 in
3378 2067 3618 2124 favorem
3646 2085 3761 2138 prte-

2194 2161 2520 2215 tcreuatium
2551 2175 2733 2216 curam
2764 2171 2908 2216 tuam
2941 2176 3195 2231 provoco,
3224 2169 3285 2216 ut
3312 2160 3418 2216 illis
3441 2170 3497 2217 et
3526 2162 3762 2217 velocitas

2192 2253 2526 2319 transeundi,
2575 2262 2631 2309 et
2668 2254 3004 2309 evectionum
3046 2263 3333 2325 praestetur
3372 2254 3626 2325 adjectio.
3658 2254 3762 2309 Iltec

2104 2396 2111 2399 ν
2191 2343 2404 2399 interim
2429 2359 2528 2415 pro
2552 2355 2793 2416 tempore
2816 2346 3232 2416 praelibavimus.
3249 2344 3353 2402 Sed
3377 2346 3531 2416 plura
3557 2347 3758 2412 tribues,

2189 2438 2274 2491 vel
2298 2446 2389 2492 tuo
2418 2438 2629 2506 provisa
2657 2440 2855 2507 studio,
2886 2440 2967 2495 vel
3004 2440 3218 2495 illorum
3255 2440 3608 2511 suggestione
3633 2455 3757 2497 com-

2190 2540 2365 2600 perta.
2398 2531 2549 2587 Vale.
2584 2576 2596 2583 .

2756 2625 2970 2682 EPIST.
3014 2627 3199 2682 XXIII.

2659 2736 2968 2777 SYIIIIACHUS
3010 2736 3181 2777 IARCF.
3191 2736 3305 2777 ιιο.

2262 2811 2559 2882 Hequirunt
2587 2821 2639 2869 te
2670 2829 2764 2883 per
2790 2814 3079 2883 Hispanias
3107 2813 3227 2868 alia:
3250 2813 3445 2868 liuet-te
3477 2828 3634 2869 mete.
3663 2813 3756 2868 illic

2189 2903 2334 2960 enim
2368 2914 2418 2961 te
2441 2905 2637 2977 degere
2667 2906 2737 2961 ob
2763 2906 2837 2961 rei
2870 2906 3148 2961 familiaris
3174 2906 3581 2975 amplitudinem
3610 2906 3759 2962 duxe-

2186 3012 2324 3052 ram.
2357 2997 2645 3070 Postquam
2672 3000 2723 3053 in
2756 3000 2912 3054 avitis
2941 2999 3220 3069 penatibus
3246 2998 3401 3052 otiari
3438 2999 3757 3054 constantior

2186 3087 2323 3142 fides
2362 3088 2569 3154 attulit;
2624 3090 2707 3160 egi
2752 3088 2877 3143 huic
2905 3090 3075 3145 errori
3101 3089 3319 3160 gratias,
3350 3090 3440 3159 qui
3474 3089 3609 3144 inihi
3639 3104 3759 3160 pra-

2185 3178 2322 3233 stitit
2363 3187 2421 3233 ut
2470 3190 2522 3234 te
2554 3196 2741 3236 rursus
2781 3182 3102 3252 alloquerer.
3154 3182 3219 3235 Et
3251 3190 3428 3236 tamen
3480 3182 3583 3236 ista
3606 3182 3757 3252 gemi-

2062 3266 2076 3343 ζ
2106 3259 2152 3323 C
2185 3272 2351 3339 natio,
2374 3274 2619 3343 quamvis
2638 3274 2952 3330 satisfacere
2974 3275 3154 3329 animo
3176 3284 3265 3328 tuo
3288 3274 3508 3342 debeat,
3534 3277 3755 3329 nonduin

2185 3378 2308 3419 meo
2335 3362 2551 3419 sufficit.
2604 3365 2807 3421 Vellem
2836 3366 3034 3435 quippe
3081 3364 3151 3419 ita
3197 3364 3453 3420 continue
3502 3366 3756 3420 honorare

2182 3457 2470 3512 amicitiam
2500 3458 2603 3513 tuis
2628 3458 2839 3522 litteris,
2891 3466 2947 3512 ut
2984 3471 3165 3513 mente
3188 3458 3388 3528 jugiter
3417 3459 3601 3514 colere
3629 3475 3755 3512 nun-

2183 3565 2342 3619 quam
2371 3549 2840 3607 dissimula'verim.
2865 3548 3140 3621 Subjungo
3162 3550 3507 3620 postulatum.
3534 3549 3756 3619 Iampri-

2181 3640 2305 3697 dem
2332 3641 2703 3698 commeudata
2734 3641 2983 3696 sensibus
3012 3641 3135 3708 tuis,
3167 3642 3416 3709 praetoria
3444 3639 3539 3694 filii
3573 3642 3695 3703 mei,
3716 3639 3755 3695 si

2162 3733 2294 3791 .fors
2320 3733 2520 3789 dictum
2544 3733 2715 3803 juvet,
2748 3733 2912 3788 instat
2951 3732 3138 3789 editio.
3172 3731 3245 3785 Ea
3276 3744 3375 3785 nos
3400 3730 3678 3795 admonet,
3708 3739 3756 3784 ut

2178 3825 2464 3897 quadrigas
2511 3826 2714 3882 nobiles
2745 3826 2794 3879 in
2826 3834 3096 3881 certamen
3125 3824 3378 3889 deducas,
3420 3840 3539 3894 qua:
3586 3832 3754 3896 posset

2178 3932 2241 3971 ex
2265 3918 2550 3974 multorum
2570 3914 2816 3989 gregib'us
2836 3917 3136 3973 edecimare
3178 3916 3445 3971 meliores.
3481 3916 3602 3973 Non
3625 3918 3753 3972 obsit

2177 4012 2452 4067 securitati
2484 4028 2637 4081 meae,
2665 4012 2806 4083 quod
2837 4011 3118 4082 Hispanias
3166 4013 3447 4083 longinqua
3478 4012 3614 4068 sede
3642 4027 3751 4065 mu-

2179 4105 2323 4172 tasti,
2374 4106 2621 4161 admotus
2647 4121 2677 4161 a
2708 4121 2794 4161 me
2836 4121 3095 4177 equorum
3140 4106 3484 4177 coemptioni.
3528 4106 3750 4161 Tantum

2177 4193 2372 4248 litteris
2394 4194 2541 4265 juva.
2562 4195 2775 4252 Valebit
2805 4211 2902 4265 pro
2924 4197 3097 4262 nobis,
3116 4206 3369 4268 utspero,
3390 4196 3529 4268 apud
3555 4198 3752 4253 amicos

2175 4300 2319 4342 cura
2349 4296 2451 4343 tua
2474 4288 2763 4359 delegatio.
2797 4289 2948 4345 Vale.

2737 4382 2953 4438 EPIST.
2996 4382 3183 4438 XXIV.

2697 4489 3008 4529 SYIIACIUI
3044 4488 3221 4528 BASSO.

2245 4562 2464 4618 stultam
2494 4578 2649 4634 capto
2678 4565 2841 4619 animi
2870 4566 3219 4636 voluptatem,
3249 4564 3460 4635 quoties
3486 4565 3749 4645 sermonis
3842 4630 3845 4633 _

2175 4655 2250 4712 tui
2268 4671 2474 4711 .munus
2498 4657 2723 4726 accipio.
2774 4657 2868 4711 Est
2896 4657 3039 4711 enim
3084 4658 3134 4711 in
3185 4655 3379 4711 litteris
3412 4666 3469 4711 et
3510 4658 3747 4712 sanitatis

2170 4758 2225 4804 et
2252 4748 2453 4804 amoris
2480 4749 2757 4803 indicium.
2778 4748 3050 4804 Praeterea
3081 4748 3279 4804 lzetitite
3312 4748 3445 4803 mihi
3473 4759 3579 4815 est,
3612 4746 3747 4819 quod

2170 4842 2317 4899 brevi
2354 4851 2405 4897 te
2428 4842 2616 4899 adfore
2658 4843 2945 4912 polliceris.
2995 4843 3119 4910 Quo
3143 4841 3313 4912 magis
3348 4849 3529 4897 autem
3574 4842 3745 4899 redire

2169 4946 2220 4993 te
2253 4952 2529 5007 properes,
2582 4937 2768 4992 nuntio
2797 4938 2961 4993 filium
3008 4951 3187 4992 meum
3231 4936 3297 5007 (si
3343 4934 3497 4990 favor
3541 4937 3746 4991 divinus

2163 5027 2430 5099 arriserit)
2461 5032 2739 5097 praetorios
2762 5029 2935 5087 fasces
2956 5044 3096 5084 anno
3126 5030 3344 5085 ineunte
3385 5042 3742 5100 sumpturum.

2142 5124 2243 5179 De
2270 5139 2373 5195 qua
2403 5139 2462 5179 re
2487 5123 2553 5179 ad
2578 5134 2629 5179 te
2655 5139 2749 5194 per
2774 5124 3064 5178 familiares
3105 5137 3255 5179 meos
3291 5122 3500 5205 plenius
3526 5124 3741 5195 scripsi,

2140 5219 2353 5289 quibus
2399 5233 2658 5290 equorum
2695 5217 3051 5287 Hispanorum
3098 5216 3472 5271 mandavimus
3518 5219 3742 5288 emptio-

2145 5327 2307 5369 .nem.
2335 5310 2444 5369 Sed
2470 5312 2596 5383 quia
2638 5310 2827 5366 suadet
2850 5310 3083 5375 occasio,
3112 5324 3255 5364 nunc
3272 5322 3487 5379 quoque
3517 5325 3742 5376 reposco

2158 5405 2505 5475 postulatum.
2532 5405 2598 5459 Et
2618 5417 2803 5473 quasso
2830 5410 2904 5466 te,
2957 5410 3017 5456 ut
3044 5400 3089 5455 si
3130 5401 3266 5456 forte
3292 5414 3478 5456 eorum
3508 5400 3736 5457 reditum

2158 5498 2504 5570 intemperies
2548 5497 2772 5553 hiberna
2808 5494 3195 5559 retardaverit,
3228 5493 3485 5550 stabulari
3514 5494 3567 5549 in
3596 5495 3738 5566 agris

2158 5596 2261 5649 tuis
2282 5593 2466 5663 paucis
2488 5589 2761 5646 mensibus
2774 5590 2987 5660 iubeas,
3012 5597 3173 5659 atque
3192 5587 3258 5643 ad
3281 5604 3378 5645 nos
3400 5589 3546 5659 inde,
3570 5604 3736 5644 verno

2155 5694 2397 5755 tempore
2417 5683 2707 5753 incipiente
2737 5681 3021 5753 proficisci.
3071 5680 3280 5738 Interea
3311 5682 3588 5738 hominum
3620 5690 3736 5737 tuo-

2153 5795 2272 5834 rum
2299 5792 2427 5833 cura
2459 5774 2704 5831 submota
2733 5783 2837 5841 est,
2869 5788 3006 5845 quos
3029 5783 3083 5829 et
3113 5774 3397 5844 prasentia
3429 5788 3546 5829 mea
3574 5782 3634 5828 et
3650 5772 3735 5840 ju-

2152 5870 2373 5926 diciaria
2411 5868 2564 5923 tuitio
2610 5865 2869 5921 defendit.
2915 5864 3229 5921 Donuntiavi
3266 5868 3411 5921 enim
3446 5866 3589 5921 litem
3619 5877 3732 5917 mo-
