3932 6428
154 487 248 547 ῑδό

1364 461 1841 534 EPISTOLARUM
1880 475 2085 535 LIBER
2123 479 2212 535 ix.

3311 492 3418 550 5⁸54
3463 551 3468 556 .

151 599 304 669 venti,
351 597 496 670 quod
529 596 596 653 ad
639 609 725 652 me
768 607 928 651 causa
969 593 1256 665 pertineat,
1289 605 1388 645 nec
1412 587 1712 645 defuturum
1742 589 1797 654 Α
1820 598 2018 661 ratum,
2047 607 2242 648 munus
2283 591 2529 651 silvestre
2559 595 2810 665 patefecit
2838 615 2851 652 :
2881 599 3106 655 alterum
3138 617 3274 670 pene
3299 619 3419 661 cre-

151 695 224 752 eis
248 707 380 750 mea
419 690 648 748 actionis
676 687 957 744 auxilium.
1007 683 1158 755 Quod
1209 699 1314 740 non
1345 682 1534 739 dubito
1559 684 1721 739 etiam

149 784 460 846 eximietatis
488 795 596 840 tuae
617 778 861 839 hemines
891 779 1178 834 indicasse.
1211 776 1362 834 Vale.

375 874 386 884 ’
595 897 622 927 ›
719 872 936 931 EPIST.
977 871 1147 928 XXV.

612 983 915 1028 ντιιυσιιιιι
952 981 1260 1023 unouno.
1614 1027 1619 1032 η

210 1067 371 1124 Facio
388 1063 625 1122 ofﬁcium
655 1077 857 1129 meum,
885 1061 928 1116 si
959 1059 1173 1131 quando
1197 1065 1250 1115 te
1270 1057 1418 1124 cultu
1444 1055 1722 1112 salutatio-

149 1163 224 1219 nis
249 1159 520 1231 impertio.
571 1157 680 1212 Nec
701 1153 982 1211 dissimulo
1009 1152 1211 1208 referre
1235 1159 1435 1225 grates,
1469 1147 1609 1220 quod
1634 1148 1718 1204 in-

149 1256 305 1311 vicem
332 1268 421 1308 e
437 1252 742 1324 frequentet
759 1248 1121 1305 remuneratio
1143 1247 1463 1320 scriptorum
1484 1255 1718 1302 tuorum.

150 1350 244 1407 Sed
265 1349 384 1405 haec
402 1346 622 1418 produci
647 1344 856 1415 longius
883 1360 986 1398 non
1003 1351 1215 1412 oportet
1236 1360 1247 1395 :
1267 1341 1394 1413 quia
1419 1340 1570 1396 bona:
1587 1338 1720 1394 ami-

149 1438 618 1511 citizjaetationes
645 1440 897 1492 refutant.
948 1435 1080 1490 Illud
1117 1450 1259 1489 nunc
1289 1435 1356 1488 de
1384 1444 1435 1488 te
1465 1434 1720 1503 impetra-

150 1544 250 1588 tum
279 1531 436 1599 volo,
488 1538 546 1584 ut
589 1529 782 1584 litteris
829 1538 884 1582 et
925 1529 1231 1598 apparitore
1277 1525 1496 1580 decreto
1529 1523 1723 1594 juvare

147 1625 371 1697 digneris
399 1639 584 1680 curam
611 1635 876 1686 meorum,
897 1620 1092 1690 quibus
1113 1619 1364 1674 emendas
1383 1631 1448 1672 ex
1471 1613 1722 1686 Hispania

147 1717 352 1773 curules
390 1714 678 1787 quadrigas
708 1712 763 1768 in
792 1723 1109 1783 apperatum
1140 1710 1404 1781 praetoriae
1434 1705 1724 1763 functionis

149 1811 366 1882 injunxi.
400 1810 507 1865 Oro
552 1816 832 1880 praeterea,
869 1814 921 1859 ut
965 1819 1228 1876 equorum
1272 1799 1559 1870 tractoriis,
1592 1813 1724 1870 quas

149 1906 222 1957 vir
250 1899 478 1956 illustris
516 1897 834 1954 Theodorus
880 1895 1082 1961 emisit,
1126 1891 1592 1949 confirmationem
1627 1905 1726 1961 per

1827 682 2018 752 ditum,
2047 685 2356 755 paginarum
2382 697 2589 743 tuarum
2613 691 2789 746 cultus
2810 695 3059 750 asseruit.
3080 695 3256 764 Quare
3278 697 3418 756 inter

1824 775 2039 832 sodales
2077 777 2340 849 Apollinis
2378 795 2440 834 ac
2488 779 2670 836 Diana:
2694 824 2709 850 ,
2743 792 2975 838 sectator
3011 787 3288 857 utriusque
3317 807 3418 847 nu-

1825 871 2134 937 merabere,
2164 871 2266 926 etsi
2312 879 2365 926 te
2395 873 2593 943 magis,
2625 882 2682 928 ut
2705 875 2902 944 scripta
2935 885 3218 944 testantur,
3255 896 3418 937 vena-

1825 963 1946 1019 tica:
1985 965 2116 1020 artis
2149 965 2318 1036 gloria
2347 965 2514 1036 juvat.
2561 967 2691 1022 Nam
2723 983 2844 1025 cum
2876 979 2928 1026 te
2953 973 3159 1029 nivosis
3193 977 3417 1034 saltibus

1824 1057 2098 1115 iuerrasse
2122 1059 2494 1126 describeres,
2543 1075 2702 1130 supra
2747 1060 2987 1132 epistola:
3025 1074 3419 1135 temperamen-

1826 1157 1938 1205 tutu
1970 1150 2148 1206 verbis
2183 1151 2486 1223 tripudiasti
2517 1170 2532 1210 :
2566 1153 2817 1209 nimirum
2849 1155 3002 1210 laetus
3033 1175 3102 1214 ex
3135 1159 3329 1226 arduo,
3363 1172 3418 1218 et

1824 1239 2003 1297 adhuc
2041 1241 2226 1298 calens
2268 1246 2509 1302 montani
2555 1247 2736 1317 operis
2773 1257 2987 1305 eventu.
3031 1239 3236 1308 Interea
3285 1259 3417 1311 satis

1829 1334 2313 1412 fuerat_Apennini
2363 1339 2529 1410 spolia
2576 1342 2806 1398 misisse.
2861 1344 3082 1414 Adjecta
3124 1357 3302 1402 autem
3349 1348 3417 1404 de

1825 1425 1993 1482 corde
2021 1427 2173 1498 plura
2200 1428 2413 1484 fastidio
2441 1445 2561 1487 esse
2589 1441 2897 1503 potuerant,
2923 1435 3024 1492 nisi
3054 1451 3206 1492 amor
3235 1437 3308 1494 tui
3335 1456 3418 1495 re-

1826 1519 2090 1575 movisset
2112 1520 2438 1578 satietatem.
2473 1523 2622 1579 Vale.

2392 1617 2611 1674 EPIST.
2653 1611 2846 1676 XXIX.

2369 1723 2678 1767 εγκκλεηυε
2719 1728 2878 1770 υῐιο.

1897 1798 2033 1855 Dum
2067 1799 2472 1871 provincialium
2502 1801 2736 1860 mederis
2757 1805 3020 1872 adversis,
3052 1815 3108 1864 et
3129 1808 3417 1866 salutarem

1828 1885 2196 1947 laborantibus
2227 1907 2444 1948 manum
2477 1891 2728 1964 porrigis,
2760 1897 2978 1966 gravior
3013 1893 3219 1967 Apulos
3263 1909 3421 1955 casus

147 1995 420 2065 epistolam
455 2001 700 2062 prtestes,
734 2000 790 2044 et
819 1997 1024 2043 mutato
1065 1986 1245 2056 judice
1273 1984 1522 2041 beneficii
1550 1983 1722 2039 lente-
1759 1971 2082 2052 Bincessit,
2127 1993 2158 2040 a
2201 1985 2395 2055 quibus
2435 1987 2505 2041 ob
2556 1985 2770 2042 inanem
2807 1985 3001 2042 famam
3049 1989 3420 2056 fecunditatis,

145 2098 248 2143 seat
275 2087 592 2140 auctoritas.
626 2080 968 2136 Exambirem
996 2093 1158 2150 super
1202 2078 1286 2133 his
1313 2079 1480 2132 nimio
1503 2087 1726 2148 precatu

147 2181 361 2252 gratiam
387 2189 558 2244 tuam;
585 2177 679 2233 sed
705 2159 844 2246 apud
875 2173 1205 2230 verecundos
1227 2188 1386 2229 aures
1408 2172 1726 2242 simplicitas

146 2271 409 2329 efﬁcacior
437 2279 540 2335 est,
572 2278 625 2323 et
665 2267 918 2322 libentius
961 2267 1133 2338 pudor
1179 2267 1388 2329 annuit,
1429 2262 1571 2335 quod
1603 2279 1724 2318 cum

149 2363 328 2419 liducia
362 2363 678 2433 postulatur.
707 2359 878 2414 Velim
907 2369 1082 2414 tamen
1112 2369 1318 2425 teneas,
1344 2371 1486 2412 nunc
1511 2355 1724 2428 quidem

147 2455 193 2511 in
219 2454 455 2525 petendo
479 2469 601 2509 esse
631 2469 716 2510 me
738 2465 984 2524 parcum,
1011 2449 1106 2510 sed
1135 2447 1253 2506 fore
1280 2451 1332 2505 in
1362 2447 1582 2520 agendis
1607 2456 1728 2520 post

149 2548 568 2619 impetrationem
600 2546 787 2618 gratiis
817 2546 1112 2616 copiosum.
1152 2543 1300 2599 Vale.

714 2635 926 2693 EPIST.
967 2632 1154 2692 XXVI.

637 2748 945 2789 SVIIACBITS
983 2745 1230 2787 VALERIO.

212 2830 375 2886 Juvat
393 2829 628 2884 animum
669 2841 870 2891 meum,
901 2824 1042 2896 quod
1079 2838 1224 2894 saepe
1249 2815 1378 2878 vitio
1409 2821 1572 2877 vertis
1594 2821 1726 2876 scri-

149 2915 297 2977 bendi
329 2921 400 2975 ad
442 2931 494 2976 te
537 2917 935 2991 negligentiam.
983 2915 1199 2972 Amoris
1227 2916 1370 2971 enim
1413 2915 1488 2969 tui
1520 2914 1728 2986 signum

149 3023 245 3081 est,
274 3013 515 3069 vicissim
549 3003 876 3075 desiderare,
908 3025 1026 3080 quae
1055 3018 1275 3078 praastas
1303 3024 1318 3062 :
1347 3015 1400 3062 et
1423 3016 1597 3061 tamen
1621 3005 1732 3059 dis-

150 3109 572 3166 simulandi......
619 3104 905 3162 destinatio
954 3117 1038 3160 tua
1081 3113 1320 3162 voverat.
1379 3098 1732 3157 Contristavit

151 3219 230 3258 me
259 3202 454 3267 fateor,
487 3215 588 3257 nec
616 3199 708 3254 tibi
742 3197 1092 3262 conveniens,
1122 3211 1223 3252 nec
1249 3194 1377 3250 mihi
1411 3201 1620 3264 sperata
1646 3193 1729 3263 ja-

153 3298 306 3353 ctatio
351 3296 486 3352 irriti
531 3293 796 3351 beneficii.
846 3290 922 3347 Ne
950 3287 1076 3362 quid
1114 3291 1274 3357 igitur
1311 3289 1538 3358 ingenua
1575 3301 1731 3341 vere-

154 3389 341 3444 cundia
381 3387 561 3443 simile
599 3385 948 3452 rescriberet,
1004 3379 1180 3439 malui
1204 3397 1446 3452 premere
1487 3389 1729 3436 mutuum
1758 3359 1807 3431 C

156 3482 414 3538 dolorem.
461 3479 593 3534 Nam
646 3479 782 3534 inter
829 3478 1082 3532 absentes
1131 3477 1333 3532 alterna
1381 3475 1729 3547 epistularum

161 3573 440 3629 decertatio
469 3573 788 3643 plerumque
827 3570 894 3626 ad
938 3568 1060 3624 odia
1091 3568 1352 3640 procedit.
1387 3568 1536 3623 Nunc
1569 3568 1733 3624 redeo

162 3665 215 3720 in
243 3680 389 3720 usum
414 3663 539 3736 styli
566 3661 845 3732 simplicis,
895 3670 1076 3732 gratus
1119 3659 1286 3731 magis
1312 3658 1572 3714 voluntati
1603 3670 1729 3726 tute,

159 3773 311 3830 quam
357 3773 481 3814 reus
525 3756 694 3812 casui.
744 3755 822 3811 'I'e
871 3770 969 3810 oro
1014 3755 1125 3824 jam
1173 3753 1390 3808 desinas
1442 3752 1770 3808 amicitiam.

158 3868 352 3919 meam,
402 3867 522 3924 quae
569 3847 697 3905 nihil
746 3848 836 3903 tibi
871 3847 1126 3904 indixerit
1168 3847 1368 3912 oneris,
1419 3846 1732 3902 damnosam

155 3954 358 4015 putare.
399 3939 550 4000 Vale.

712 4029 924 4090 EPIST.
965 4029 1176 4090 XXVII.

607 4143 918 4184 δγιιωοιιυε
957 4141 1286 4182 Αιεκλκοκο.

220 4217 506 4280 Silentium
539 4222 681 4277 circa
724 4231 775 4276 te
823 4235 999 4276 meum
1049 4219 1194 4276 nullo
1231 4218 1353 4289 jure
1387 4217 1659 4290 culpabis,
1692 4217 1737 4272 si

155 4326 300 4373 tuum
327 4309 556 4386 cogites.
588 4305 658 4369 Et
698 4311 929 4370 fortasse
949 4311 1147 4381 justius
1179 4312 1272 4366 tibi
1303 4309 1461 4381 hujus
1505 4310 1580 4364 rei
1615 4308 1742 4363 snb-

156 4409 324 4467 eunda
355 4419 438 4466 est
465 4401 816 4472 verecundia,
848 4409 936 4478 qui
975 4405 1043 4462 ob
1075 4422 1185 4460 rem
1217 4401 1442 4461 Romam
1483 4417 1627 4474 saepe
1656 4401 1742 4457 lit-

157 4514 294 4581 teras
321 4504 542 4560 mittens
563 4543 579 4567 ,
609 4497 858 4556 amicitia:
903 4499 1045 4555 circa
1088 4513 1186 4553 nos
1215 4497 1395 4553 munia
1436 4495 1736 4566 praeteristi.

153 4589 297 4652 Eleos
325 4604 503 4650 autem
533 4593 645 4648 sola
675 4587 908 4647 ferarum
935 4589 1134 4660 emptio
1161 4587 1458 4660 Aquileiam
1488 4585 1745 4657 compulit

155 4688 458 4755 praeterire.
505 4683 614 4740 Nec
657 4689 859 4739 tantum
902 4681 1270 4738 succensionis
1307 4685 1550 4735 meretur
1586 4681 1744 4734 unius

156 4779 456 4838 occasionis
497 4778 728 4843 oblivio,
777 4786 1034 4848 quantum
1087 4773 1424 4831 laudabilitas
1471 4784 1559 4828 tua
1605 4774 1743 4828 inter

158 4877 410 4933 assiduos
456 4861 788 4930 commeatus
839 4881 1050 4927 tuorum
1101 4879 1412 4938 contemptu
1468 4868 1572 4924 mei
1612 4881 1742 4922 con-

159 4967 328 5024 traxit
355 4960 590 5022 invidias.
625 4964 731 5021 Sed
761 4967 831 5020 sit
858 4965 1012 5020 venia
1046 4963 1254 5032 utrique
1278 4974 1553 5028 nostrum,
1580 4976 1748 5030 quan-

159 5078 320 5132 quam
353 5061 573 5128 imparis
607 5055 962 5128 negligentiae.
998 5049 1227 5110 Posthac
1263 5061 1326 5109 et‘
1347 5055 1460 5124 ipse
1491 5052 1747 5117 omissum

161 5167 358 5206 ltttltlllS
382 5151 642 5217 instanra,
675 5160 727 5205 ct
755 5147 908 5202 nobis
930 5145 1258 5202 rescribendi
1291 5159 1384 5215 per
1413 5145 1629 5200 eosdem
1660 5155 1748 5199 co-

162 5249 306 5314 pani
341 5252 552 5314 praesta.
578 5237 821 5297 Difficilis
846 5248 929 5295 est
955 5239 1095 5294 enim
1119 5237 1248 5292 mihi
1273 5237 1395 5292 hinc
1416 5237 1753 5308 pergentium

163 5338 463 5404 inquisitio.
503 5335 690 5393 Denuo
727 5335 851 5407 styli
881 5335 1111 5390 cessabit
1140 5331 1404 5400 officium,
1435 5334 1536 5389 nisi
1568 5334 1641 5389 tui
1670 5335 1752 5405 [a-

165 5425 392 5484 mitteres
418 5441 592 5484 nostra
617 5427 684 5485 ad
712 5437 763 5483 te
791 5425 1012 5483 redituri
1046 5427 1399 5496 susceperint.
1432 5425 1581 5482 Vale.

712 5519 925 5583 EPIST.
967 5521 1203 5580 XXVIII.

679 5631 986 5674 SVMMACHCS
1024 5629 1254 5672 IAXIIO.

235 5713 455 5788 Agitare
500 5725 551 5772 te
583 5713 862 5770 venatibus
901 5709 1040 5766 feras
1063 5751 1078 5776 ,
1109 5718 1163 5764 et
1207 5705 1444 5763 hibernis
1484 5705 1756 5762 mensibus

168 5798 434 5880 Apennini
474 5809 646 5880 gelida
693 5809 956 5875 lustrare,
1005 5802 1323 5859 valetudinis
1373 5809 1478 5857 tuae
1524 5802 1756 5857 aestima-

166 5901 318 5957 tione
347 5917 613 5973 nunquam
650 5899 828 5971 putavi
861 5918 872 5952 :
907 5896 1126 5952 amicior
1178 5897 1317 5952 enim
1361 5897 1553 5952 litteris
1595 5901 1751 5967 quam

169 5989 442 6050 laboribus
475 5987 761 6051 videbaris.
795 5991 994 6047 Horum
1038 5991 1262 6047 alterum
1295 5989 1382 6046 diu
1427 5991 1491 6046 de
1524 5999 1572 6047 te
1602 5989 1750 6060 igno-

1828 2073 2097 2132 frnmenta
2146 2085 2462 2145 poscuntur,
2509 2087 2564 2132 et
2619 2075 2946 2134 detrahenda
2991 2079 3321 2151 provinciae,
3370 2089 3427 2138 et

1829 2159 1965 2239 reip.
1995 2167 2112 2224 usui
2146 2167 2250 2224 non
2276 2167 2472 2226 futura.
2501 2167 2726 2240 Quando
2761 2173 2904 2228 enim
2936 2173 2990 2228 in
3035 2171 3268 2231 hiemem
3305 2189 3426 2230 ver-

1827 2272 1986 2334 gente
2007 2279 2150 2318 anno
2181 2271 2434 2335 poterunt
2463 2265 2716 2321 maturari
2745 2265 3150 2339 tantrefrnges?
3175 2269 3232 2326 Si
3263 2270 3427 2340 igitur

1832 2355 1926 2410 tibi
1957 2359 2190 2426 suppetit
2217 2357 2440 2411 facultas
2469 2357 2678 2413 itineris
2704 2357 2954 2414 celeriter
2982 2361 3048 2415 ad
3075 2359 3424 2434 Campaniam

1829 2445 2182 2516 promovendi
2205 2492 2220 2516 ,
2264 2447 2406 2504 scire
2448 2463 2534 2504 me
2564 2448 2752 2513 facito,
2786 2459 2844 2504 ut
2873 2454 2926 2507 te
2964 2451 3234 2524 paulisper
3261 2470 3426 2527 oppe-

1831 2539 1970 2601 riar;
2019 2549 2109 2593 aut
2161 2541 2204 2592 si
2256 2541 2580 2610 promissum
2631 2542 2803 2613 major
2849 2557 3009 2600 causa
3058 2547 3321 2615 mutabit,
3373 2547 3426 2602 id
3467 2561 3470 2565 λ

1831 2634 2004 2704 ipsum
2041 2633 2245 2688 notitiae
2287 2634 2695 2704 meze‘protintts
2739 2636 2940 2706 pande,
2976 2647 3034 2692 ut
3071 2638 3428 2710 Symmachus

1831 2731 2017 2778 nosuer
2045 2723 2134 2778 diu
2167 2725 2218 2779 in
2260 2721 2565 2780 Formianis
2606 2726 2878 2783 littoribus
2923 2730 3152 2796 otiatus,
3199 2738 3428 2800 propere

1832 2823 2043 2869 urceum
2075 2815 2142 2869 ad
2172 2815 2348 2872 studia
2382 2825 2704 2872 revertatur.
2729 2817 2880 2874 Vale.

2424 2909 2640 2966 EPIST.
2685 2907 2854 2965 XXX.

2363 3017 2671 3062 εγιυιλειιυε
2712 3022 2890 3062 ιιεοΝι.

1905 3097 2046 3168 Οριο
2075 3098 2291 3171 quidem
2326 3109 2378 3155 te
2409 3101 2464 3156 in
2497 3111 2701 3157 tantum
2733 3103 2902 3174 copiis
2930 3085 3172 3176 pecuniae
3198 3110 3429 3166 familia.

1835 3191 1911 3247 ris
1939 3191 2164 3248 affluere
2185 3235 2200 3260 ,
2229 3202 2284 3247 ut
2314 3194 2490 3266 possis
2513 3195 2688 3266 opima
2718 3196 2918 3266 praedia
2954 3211 3288 3268 comparare.
3323 3201 3430 3260 Sed

1837 3287 2053 3341 mallem
2088 3296 2140 3343 te
2168 3287 2285 3342 sine
2313 3289 2607 3344 amicorum
2642 3303 2780 3344 noxa
2807 3299 2965 3360 atque
2993 3293 3184 3362 injuria
3219 3295 3430 3352 oculum

1837 3395 1898 3436 ac
1925 3379 2249 3436 desiderium
2275 3381 2430 3439 novis
2449 3385 2810 3454 emptionibus
2833 3385 3146 3444 admovere.
3172 3388 3303 3444 Nam
3331 3406 3432 3462 ego

1837 3472 2336 3530 Postumianensem
2369 3491 2483 3530 rem
2506 3475 2629 3545 jure
2653 3478 2857 3546 optimo
2881 3479 2998 3534 sine
3026 3479 3133 3534 ulla
3161 3483 3434 3539 mentione

1835 3568 2093 3623 consortii
2128 3569 2201 3623 tui
2245 3569 2312 3624 ab
2352 3569 2728 3640 antiquissimo
2767 3585 3081 3642 possessore
3126 3583 3430 3643 mercatus;

1838 3664 1980 3716 nunc
2013 3662 2242 3730 primum
2284 3671 2371 3718 tua
2421 3664 2790 3720 admonitione
2818 3667 3132 3734 convenior,
3177 3677 3235 3724 ut
3267 3683 3436 3741 prope

1833 3753 1944 3824 jam
1975 3756 2270 3812 inveterata
2302 3759 2642 3827 possessione
2681 3759 2960 3816 decedam.
2994 3761 3161 3832 Cujus
3204 3765 3434 3834 pretium

1840 3865 1946 3905 non
1973 3849 2091 3920 ejus
2122 3851 2506 3930 mediocritatis
2541 3860 2655 3921 est,
2699 3862 2755 3908 ut
2785 3855 2981 3911 emisse
3009 3854 3240 3912 delectet
3269 3876 3279 3910 :
3313 3857 3437 3916 ideo

1839 3959 1961 4000 cum
2003 3945 2204 4016 possim
2237 3945 2331 4000 tibi
2363 3945 2570 4016 legibus
2600 3945 2851 4014 obviare,
2890 3955 2943 4004 et
2978 3947 3252 4004 desiderio
3281 3949 3396 4019 ejus
3418 3991 3434 4016 ,

1841 4034 1992 4105 cujus
2029 4049 2115 4091 res
2156 4044 2400 4106 agttntur,
2443 4034 2706 4092 obsiszere
2739 4053 2754 4091 :
2795 4037 3004 4106 copiam
3036 4046 3215 4094 tamen
3256 4038 3434 4098 facio.

1843 4137 1901 4181 ut
1930 4127 2068 4196 quod
2101 4128 2309 4198 argenti
2349 4127 2594 4183 dedimus
2625 4117 2926 4196 venditori,
2971 4129 3022 4185 id
3069 4129 3269 4186 homini
3315 4143 3438 4188 meo

1843 4221 2066 4286 Euscio,
2082 4223 2164 4274 cni
2189 4217 2395 4274 summa
2416 4229 2691 4290 comperta
2712 4232 2813 4288 est,
2838 4221 3075 4292 digneris
3095 4222 3400 4294 expendere
3422 4243 3432 4276 :

1843 4304 1889 4370 si
1919 4326 2092 4369 tamen
2137 4322 2402 4385 praeoptas
2445 4323 2628 4369 nostra
2673 4317 2936 4385 mercari,
2968 4332 3128 4387 quam
3166 4328 3253 4374 tua
3293 4333 3439 4376 nexu

1845 4409 2188 4481 obligationis
2213 4411 2511 4466 absolvere.
2548 4410 2697 4464 Vale.

2411 4497 2624 4560 EPIST.
2669 4497 2863 4557 XXXI.

2330 4609 2634 4650 SVMMACHUS
2673 4610 2960 4651 CAR'I‘ERIO.

1921 4685 2070 4751 Quod
2098 4684 2493 4742 defendendum
2522 4701 2712 4742 socero
2731 4695 2874 4754 erat,
2901 4688 3051 4759 cujus
3075 4696 3129 4745 te
3153 4691 3442 4748 momordit

1849 4780 2104 4850 querela,
2147 4787 2515 4849 competenter
2565 4779 2618 4832 in
2665 4779 2966 4849 Epictetum
3012 4793 3314 4836 commotus
3345 4784 3442 4837 im-

1849 4872 2026 4941 plesti.
2055 4870 2214 4925 Caret
2237 4869 2376 4940 foro,
2403 4881 2458 4926 et
2479 4871 2795 4926 inconsulta:
2817 4872 3014 4942 linguae
3040 4876 3270 4944 pretium
3300 4874 3437 4928 tulit.

1851 4969 1948 5029 Ac,
1981 4967 2022 5019 si
2053 4965 2178 5033 quid
2209 4963 2336 5018 mihi
2363 4965 2557 5030 credis,
2589 4965 2926 5021 contumelia:
2950 4966 3144 5020 talione
3167 4972 3442 5020 correctus

1853 5069 1954 5113 est.
2007 5055 2158 5111 Nunc
2211 5057 2477 5128 ingenium
2535 5066 2682 5112 tuum
2734 5071 3017 5128 moresque
3059 5058 3439 5119 considerans.

1854 5151 2012 5206 ﬂecte
2039 5150 2105 5204 ad
2129 5149 2336 5205 veniam
2362 5149 2676 5222 placabilem
2698 5149 3049 5206 voluntatem.
3074 5149 3191 5206 Scis
3211 5149 3442 5204 causidi-

1857 5249 2043 5297 corum
2075 5255 2217 5312 saepe
2248 5242 2573 5314 improvidos
2612 5242 2796 5313 lapsus
2827 5260 2838 5295 :
2870 5252 2924 5299 et
2951 5253 3071 5298 cum
3098 5255 3320 5296 ornares
3346 5242 3441 5295 tri-

1841 5333 2098 5404 ‘bunalia,
2128 5343 2250 5390 ante
2270 5333 2540 5402 defensor,
2571 5342 2693 5405 post
2714 5335 2955 5406 cognitor
2973 5333 3290 5403 jurgiorum,
3322 5334 3443 5389 talis

1858 5426 2225 5482 advocationis
2272 5427 2440 5483 errori
2489 5429 2803 5498 plerumque
2849 5425 3115 5481 restitisti.
3163 5423 3273 5480 Sed
3318 5426 3444 5496 quia

1859 5533 2000 5574 nunc
2027 5517 2210 5588 aliqui,
2239 5533 2464 5590 quorum
2490 5525 2598 5573 tuta
2625 5517 2819 5587 flagitia
2847 5524 3000 5583 sunt,
3031 5514 3259 5587 Epicteti
3284 5517 3444 5576 amici
3471 5521 3478 5526 ’

1867 5615 1969 5670 mei
2001 5613 2209 5669 silentio
2236 5613 2574 5677 claruerunt;
2616 5621 2831 5680 qureso,
2871 5621 2940 5667 ne
2979 5609 3072 5666 diu
3114 5609 3446 5669 infortunato

1866 5708 2041 5778 potius
2069 5719 2226 5777 quam
2275 5705 2546 5760 innocenti
2580 5703 2796 5775 patiaris
2819 5702 2990 5761 illudi.
3018 5701 3204 5762 Faciet
3226 5704 3308 5760 vir
3330 5720 3446 5760 am-

1867 5800 2175 5872 plissimus,
2225 5800 2522 5856 communis
2570 5798 2754 5862 frater,
2802 5797 3059 5869 quidquid
3104 5809 3157 5856 te
3184 5798 3319 5854 velle
3355 5803 3448 5853 co-

1863 5895 2129 5965 gnoverit.
2164 5893 2271 5946 Erit
2310 5894 2468 5946 etiam
2519 5892 2609 5946 ille
2652 5899 2929 5962 promptus
2958 5892 3022 5946 ad
3057 5887 3446 5946 restituendum

1864 5992 1910 6045 ei
1943 6003 2132 6044 munus
2161 5986 2374 6052 orandi,
2411 5987 2454 6041 si
2483 5985 2768 6040 voluntatis
2809 5996 2909 6040 ture
2949 5994 3123 6039 sumat
3165 5979 3444 6036 indicium.
