3932 6434
489 385 605 470 ω.

1677 402 1740 473 Ω.
1782 398 2134 464 AURELIUS
2175 400 2613 463 SI’MMACIIUS.
3638 408 3716 465 536

489 510 572 581 'l'u
600 518 761 577 modo
789 517 1076 590 benignam
1106 522 1340 573 mentem
1374 514 1566 572 litteris
1594 515 1727 571 meis
1760 517 2003 585 applica;
2033 522 2087 570 et
2115 512 2169 572 Α
2192 514 2490 586 periorum.
2540 515 2647 573 Sed
2688 515 2771 573 fac
2802 516 3146 574 mediocriter
3187 534 3216 574 a
3254 527 3305 575 te
3342 519 3591 576 hominem
3624 486 3751 578 essef

488 616 580 689 qu'l
609 625 746 687 toga:
772 612 977 668 amicus
1005 625 1066 668 es
1085 600 1122 679 ,l
1142 609 1295 680 cujus
1324 608 1483 665 laude
1513 623 1673 678 supra
1708 607 1839 662 alios
1881 606 2079 678 splen—

487 708 682 778 duisti‘,
713 708 938 763 honesto
960 704 1136 760 ordini
1165 713 1346 759 notam
1371 694 1625 769 detrahe,
1670 711 1723 758 et
1756 700 1958 783 homini
1986 714 2079 771 pa-

486 818 608 866 rum
637 810 794 861 cauto
823 808 1040 871 rogatus
1075 797 1313 868 ignosce.
1348 796 1502 851 Vale.

1044 891 1264 948 EPIST.
1305 890 1526 947 XXXII.

968 999 1280 1043 sumcnus
1310 998 1584 1039 nummo.
1668 974 1679 981 ’

549 1082 783 1145 Solebas
826 1079 1086 1147 antehac,
1135 1094 1259 1133 cum
1301 1066 1659 1132 tribunalibus
1689 1075 2075 1147 prtesiderem,

483 1180 586 1237 fori
632 1179 837 1234 tirones
885 1171 1266 1229 commendare
1305 1169 1523 1240 judiciis
1553 1184 1567 1223 :
1600 1168 1742 1240 quod
1781 1183 1923 1225 nunc
1952 1168 2078 1232 offl-

482 1274 626 1330 cium
656 1284 813 1327 versa
855 1265 1166 1323 conditione
1210 1264 1452 1334 suscepi,
1500 1264 1593 1333 qui
1636 1262 1946 1333 magisterio
1984 1272 2078 1317 tuo

483 1362 828 1422 causidicina
853 1358 1065 1415 insinuo
1087 1355 1421 1412 candidatos.
1454 1356 1568 1423 Qua
1598 1356 1649 1409 in
1681 1370 1739 1409 re
1770 1370 1947 1409 meum
1977 1369 2076 1410 ne-

482 1473 640 1517 cesse
662 1466 746 1514 est
769 1453 1012 1527 sequaris
1035 1451 1338 1523 exemplum
1367 1469 1379 1505 :
1414 1459 1471 1505 ut
1492 1463 1600 1518 qua
1622 1446 1890 1516 facilitate
1925 1446 2077 1502 obla-

440 1545 460 1563 ⁶
482 1562 570 1611 tos
597 1566 625 1605 a
652 1560 706 1608 te
728 1549 1040 1621 frequenter
1066 1545 1282 1613 admisi,
1305 1543 1494 1600 eadem
1522 1541 1784 1612 religione
1811 1541 2077 1611 suscipias

478 1666 574 1711 me
596 1656 864 1708 assertore
894 1645 1208 1719 productos.
1237 1640 1388 1697 Vale.
1563 1725 1570 1731 I

959 1765 966 1773 ·
1024 1735 1238 1795 EPIST.
1277 1733 1517 1791 XXXIII.

550 1842 927 1901 Assectatores
950 1834 1114 1905 diligo
1138 1833 1461 1898 litterarum,
1492 1844 1600 1897 non
1614 1831 1765 1894 quod
1795 1830 2073 1889 mihicum

2187 618 2525 680 perspectum
2554 629 2567 666 :
2597 612 2674 666 fas
2700 627 2806 667 non
2839 619 2947 679 est,
2970 611 3015 667 si
3041 612 3167 683 quid
3193 613 3379 668 tribuis
3406 614 3625 669 amicitia:
3645 615 3751 670 no-'

2187 710 2316 755 strre
2332 741 2347 767 ,
2374 712 2432 755 ut
2453 708 2576 772 post
2597 703 2959 759 testimonium
2982 718 3160 759 meum
3180 711 3427 775 tanquam
3451 718 3600 760 novus
3617 706 3719 761 ami-

2186 806 2282 848 cus
2308 792 2400 849 tibi
2423 794 2664 851 accedat.
2694 794 2843 851 Vale.

2718 887 2935 946 EPIST.
2980 889 3243 947 XXXVII.

2771 995 3198 1038 SYRIACIIUS...“

2258 1070 2476 1126 Pendeo
2505 1070 2669 1127 animi
2709 1086 2880 1143 usque
2909 1073 2976 1130 ad
3015 1073 3333 1132 valetudinis
3371 1083 3474 1131 tute
3501 1076 3719 1132 nuntium.

2185 1162 2320 1232 Nam
2353 1164 2581 1220 infirmis
2610 1165 2787 1223 adhuc
2817 1166 3020 1224 viribus
3050 1169 3154 1225 tuis
3184 1168 3421 1225 laborem
3448 1171 3631 1226 itineris
3652 1173 3724 1228 ad-

2186 1256 2392 1323 didisti,
2424 1272 2524 1315 nec
2555 1274 2773 1330 possunt
2799 1275 2965 1332 super
2992 1261 3096 1317 hoc
3134 1264 3542 1319 commeantium
3562 1278 3727 1320 sermo-

2184 1353 2344 1408 nibus
2388 1369 2508 1411 esse
2557 1365 2869 1426 contentus,
2915 1356 3178 1428 siquidem
3209 1358 3384 1429 major
3424 1342 3618 1414 affectio
3653 1374 3726 1429 pro

2183 1444 2338 1502 falsis
2369 1447 2575 1517 accepit
2601 1448 2758 1505 dubia
2787 1465 3086 1506 rumorum.
3111 1448 3330 1522 Exopto
3356 1450 3514 1521 igitur
3540 1451 3725 1517 litteras,

2184 1557 2412 1610 quarum
2442 1542 2576 1598 fides
2601 1552 2849 1615 apportet
2871 1544 3001 1601 mihi
3022 1544 3090 1602 de
3114 1554 3165 1602 te
3183 1553 3387 1601 certam
3409 1545 3723 1603 securitatem.

2189 1633 2247 1689 Si
2276 1633 2400 1704 quid
2428 1634 2542 1705 ipse
2574 1651 2813 1692 meorum
2846 1646 3062 1693 actuum
3095 1638 3235 1694 scire
3262 1638 3533 1709 postulas,
3558 1637 3617 1691 ab
3643 1638 3729 1705 epl-

2184 1728 2341 1783 stolae
2369 1729 2637 1799 perlatore
2665 1746 2977 1803 cognosces.
3018 1730 3114 1787 Est
3155 1733 3298 1787 enim
3330 1731 3485 1788 nobis
3504 1730 3728 1787 'concilia-

2186 1822 2425 1877 tissimus
2451 1823 2520 1878 ob
2546 1825 2667 1887 vita:
2694 1825 3085 1895 integritatem,
3117 1823 3419 1894 dignusque
3438 1865 3453 1890 ,
3493 1838 3574 1879 me
3598 1829 3726 1887 teste,

478 1935 678 1996 talibus
706 1932 898 1990 studiis
927 1930 1039 1985 ulla
1080 1930 1327 1998 cognatio
1357 1924 1457 1991 sit;
1500 1923 1595 1979 sed
1640 1923 1763 1994 quia
1809 1924 2076 1996 professio
2109 1905 2163 1972 Β
2182 1913 2275 1975 ,αιιί
2304 1912 2493 1971 sedulo
2517 1915 2710 1987 domus
2740 1924 2843 1971 tua:
2873 1917 3166 1972 cultoribus
3197 1917 3486 1974 inseratur.
3513 1913 3645 1971 Vale.

477 2028 744 2085 bonarum
776 2022 1003 2090 artium,
1055 2018 1206 2090 quasi
1235 2014 1581 2087 pulchritudo
1605 2016 1767 2070 etiam
1812 2015 1865 2069 in
1897 2015 2076 2072 alieno
2705 2007 2925 2065 EPIST.
2966 2007 3250 2065 XXXVIII.

481 2132 712 2191 corpore
752 2117 924 2172 locata
962 2112 1213 2169 delectat.
1262 2109 1452 2165 Merito
1481 2107 1918 2163 Valentinianum
1950 2123 2079 2164 con-
2758 2120 3189 2161 svnucnus.....
3274 2132 3288 2151 ›

480 2228 672 2286 gressu
717 2208 849 2266 mibi
890 2208 1125 2280 primore
1150 2214 1517 2275 compertum,
1560 2203 1769 2274 paginis
1821 2203 2073 2274 prosequi
2257 2200 2591 2257 Antistianus
2616 2200 2697 2257 vir
2722 2201 2928 2258 ordinis
2962 2203 3151 2272 nostri,
3186 2202 3317 2258 olim
3350 2202 3481 2259 mihi
3512 2202 3731 2274 probitate

481 2305 720 2363 ofﬁcium
750 2299 881 2358 duxi
907 2315 923 2357 :
959 2309 1018 2354 ut
1044 2297 1096 2355 ei
1125 2296 1265 2368 apud
1312 2305 1363 2351 te
1402 2294 1632 2367 primam
1671 2294 1890 2365 januam
1919 2310 2075 2375 meus
2186 2293 2311 2349 vita:
2341 2294 2690 2365 complacitus
2716 2306 2819 2360 est,
2851 2305 2904 2351 et
2929 2295 3167 2352 honestis
3197 2309 3356 2351 carus
3381 2296 3583 2373 ofﬁciis.
3612 2292 3732 2364 Quod

480 2411 663 2458 sermo
691 2400 992 2458 reseraret,
1023 2405 1119 2448 sua
1158 2391 1266 2445 vita
1304 2398 1464 2459 atque
1504 2386 1737 2444 eruditio
1763 2386 2077 2445 conciliaret
2114 2450 2117 2453 _
2184 2401 2275 2442 me
2306 2402 2369 2441 ex
2404 2402 2533 2441 vero
2562 2384 2769 2456 potius,
2801 2404 2959 2457 quam
2991 2388 3044 2443 in
3084 2388 3307 2459 gratiam
3340 2388 3462 2459 ejus
3500 2401 3731 2452 asserere,

482 2492 775 2550 amicitiam
802 2486 1120 2561 pleniorem.
1152 2482 1308 2541 Vale.
2082 2494 2087 2497 '
2155 2480 2158 2484 “
2187 2479 2416 2549 qualitas
2436 2481 2723 2547 praesentis
2749 2476 3000 2554 desiderii
3026 2480 3277 2537 ostendit.
3310 2480 3448 2536 Nam
3475 2480 3560 2537 diu
3587 2479 3735 2549 patriae

649 2641 652 2645 .
1026 2579 1243 2639 EPIST.
1286 2577 1529 2657 xxxw.

528 2651 823 2747 ’Beligiosa
852 2689 982 2732 cura
1015 2683 1127 2740 est,
1162 2687 1281 2741 quae
1310 2654 1608 2728 amicorum
1646 2669 1826 2725 liberis
1857 2668 2079 2725 exhibe-

484 2780 622 2829 tur:
666 2769 999 2843 praesertim,
1049 2767 1096 2821 si
1142 2764 1475 2822 familiaritas
1523 2763 1817 2835 majoribus
1864 2762 2077 2829 delata,

484 2865 788 2924 cumuletur
833 2861 1039 2918 meritis
1084 2868 1448 2930 posterorum.
1491 2858 1550 2913 In
1594 2872 1709 2914 rem
1757 2863 2081 2927 praesentem

484 2970 696 3034 spectat
723 2961 943 3031 praefata
971 2956 1260 3012 sententia.
1292 2954 1423 3009 Nam
1448 2954 1799 3025 Lampadium
1829 2950 1890 3007 C.
1915 2951 1984 3007 Μ.
2016 2950 2074 3005 V.

484 3070 597 3113 non
624 3054 807 3125 utique
829 3051 897 3106 ad
924 3066 983 3125 se
1011 3049 1162 3119 pensi
1188 3047 1370 3113 habui,
1397 3056 1453 3102 ut
1475 3056 1613 3103 sotet
1634 3061 1758 3103 esse
1784 3045 2079 3101 multorum

485 3147 688 3205 caduca
718 3119 772 3202 et
814 3119 1016 3214 fragiiis
1045 3140 1258 3196 affectio
1286 3156 1302 3194 :
1335 3140 1429 3195 sed
1468 3157 1535 3195 ex
1561 3156 1627 3195 eo
1662 3140 1872 3210 genitus
1896 3182 1911 3207 ,
1946 3138 2081 3192 etin

485 3240 632 3296 bona
667 3246 885 3308 paterna
912 3234 1144 3293 nitentes
1181 3242 1467 3303 prorOgato
1498 3246 1684 3286 amore
1721 3231 2079 3300 contemplor.

2186 2588 2305 2628 suae
2348 2572 2557 2627 functus
2594 2573 2945 2644 defensione,
2995 2574 3264 2630 desiderat
3310 2583 3519 2630 tantum
3565 2580 3735 2647 portum

2187 2668 2414 2737 privatae
2446 2667 2642 2736 quietis
2683 2667 2925 2738 adipisci.
2957 2668 3085 2737 Quae
3125 2683 3214 2724 res
3255 2667 3348 2724 tibi
3380 2666 3735 2725 commendabi-

2187 2759 2293 2814 lem
2340 2757 2572 2828 faceret,
2605 2759 2816 2815 etiarnsi
2848 2766 3002 2816 'meus
3037 2775 3141 2816 non
3185 2760 3537 2817 interveniret
3563 2761 3736 2815 aﬁatus.

2188 2855 2343 2909 Soles
2380 2855 2522 2910 enim
2561 2869 2660 2924 pro
2701 2864 2787 2909 tua
2820 2854 3016 2910 virtute
3045 2854 3271 2927 diligere
3301 2854 3525 2925 cupidos
3557 2852 3669 2921 otii,
3700 2861 3739 2907 et

2189 2946 2403 3001 nescios
2420 2945 2712 3000 ambiendi.
2732 2944 2928 3001 Oratus
2950 2946 3109 3017 igitur
3129 2954 3288 3017 atque
3309 2954 3564 3002 exoratus
3583 2942 3739 3000 litteris

2190 3040 2358 3106 meis,
2409 3037 2632 3108 dignare
2681 3039 2979 3094 concedere
3028 3046 3264 3109 optatam
3309 3038 3548 3110 requiem
3588 3048 3742 3092 vacare

2190 3132 2448 3202 cupienti.
2483 3132 2592 3188 Nec
2626 3131 2799 3194 deerit
2828 3132 3231 3203 subrogandus,
3263 3145 3389 3186 cum
3432 3121 3584 3186 facilé
3606 3144 3660 3184 ex
3685 3132 3743 3181 tot

2191 3226 2526 3297 cptimatium
2573 3242 2800 3283 numero
2841 3242 3023 3297 parem
3059 3225 3162 3282 fide
3191 3234 3353 3294 atque
3403 3214 3650 3281 industria
3684 3219 3744 3276 ri-

487 3332 605 3390 Hos
644 3300 741 3387 tibi
771 3328 923 3385 trado
963 3329 1030 3386 ab
1069 3300 1216 3382 omni
1252 3300 1445 3394 injuria
1474 3323 1847 3378 vindicandos.
1888 3323 2084 3390 Qumso
2115 3300 2165 3364 (ἶ
2192 3333 2312 3373 rum
2345 3326 2433 3373 tua
2463 3317 2963 3390 edecimarepossit
2991 3318 3202 3374 electio.
3235 3317 3388 3373 Vale.

490 3435 552 3482 nt
579 3423 750 3479 vicem
784 3436 989 3486 meam,
1020 3421 1064 3475 si
1095 3434 1223 3491 usus
1253 3416 1465 3480 tulerit,
1494 3416 1671 3486 justus
1697 3416 1899 3471 arbiter
1925 3429 2081 3470 exse-

493 3515 695 3587 quaris.
743 3511 963 3567 Multum
1004 3509 1164 3580 hujus
1209 3507 1453 3564 beneficii
1500 3506 1808 3578 irnpetratio
1838 3508 1890 3563 in
1938 3516 2083 3595 tuam

403 3664 409 3669 .
492 3606 730 3672 Iaudem,
764 3604 816 3660 in
837 3617 1012 3660 meam
1042 3601 1269 3673 gratiam
1297 3598 1656 3669 promovebit.
1691 3599 1839 3655 Vale.

1046 3691 1264 3748 EPIST.
1309 3689 1526 3747 XXXV.

1072 3802 1502 3846 εγωιλσιιοε.....

564 3890 761 3948 Multas
800 3891 940 3944 inter
976 3900 1075 3942 nos
1110 3885 1411 3941 ofﬁciorum
1439 3864 1586 3941 vices
1633 3883 1899 3940 scribendi
1948 3898 2087 3968 cun-

494 3986 729 4044 ctatione
753 3980 1103 4054 perdidimus.
1126 3979 1241 4035 Non
1267 3980 1438 4035 sinam
1462 3977 1684 4048 produci
1706 3979 1915 4047 longitts
1936 3992 2089 4033 eom-

492 4093 659 4136 mune
685 4076 960 4134 delictum.
989 4073 1222 4131 Assumo
1246 4072 1406 4142 igitur
1428 4070 1556 4125 mihi
1585 4069 1822 4142 religiosi
1846 4069 2086 4124 muneris

492 4180 675 4244 partes
714 4168 922 4240 priores
957 4183 974 4224 :
1013 4174 1072 4224 et
1099 4166 1145 4221 si
1183 4164 1384 4221 referre
1428 4164 1592 4219 verba
1639 4163 1946 4229 dzstuleris,
1976 4178 2086 4218 non

493 4264 717 4321 mutabo
744 4261 1099 4334 propositum.
1131 4258 1261 4315 Tua:
1290 4256 1692 4314 deliberationis
1724 4257 1826 4312 erit
1855 4258 2086 4313 interea.

492 4355 636 4427 pede
657 4354 904 4425 rescripti
928 4371 942 4408 :
970 4354 1132 4409 modo
1154 4353 1486 4416 memineris,
1513 4352 1871 4407 acceieratum
1899 4354 2085 4424 gratiae

494 4460 797 4508 recursum,
828 4445 1120 4499 voluntatis
1146 4444 1298 4513 signa
1323 4443 1604 4513 praeferre,
1636 4458 1817 4499 serum
1845 4443 2085 4500 necessi-

495 4536 644 4595 tatis.
674 4535 816 4592 Satis
844 4535 974 4590 mihi
995 4520 1181 4590 videor
1210 4534 1574 4589 instaurandis
1602 4537 1943 4591 commerciis
1972 4537 2083 4606 epi-

494 4630 756 4690 stularum
788 4629 1015 4686 locutus.
1052 4627 1185 4683 Dein
1208 4641 1387 4682 sermo
1416 4627 1593 4683 Probo
1615 4629 1858 4698 portitori
1887 4630 2083 4700 aliquid

2735 3411 2949 3468 EPIST.
2993 3411 3236 3467 XXXIX.

2766 3524 3190 3566 SYIIMACIIUS..."

2263 3603 2600 3661 Desiderium
2631 3604 2763 3660 mihi
2794 3604 3042 3659 amicitia:
3071 3615 3175 3661 tua)
3202 3606 3365 3661 frater
3392 3620 3545 3662 meus
3578 3600 3744 3666 Nicias,

2191 3713 2312 3752 cum
2364 3698 2549 3768 primis
2598 3697 3037 3768 philosophorum
3100 3699 3467 3755 numerandus
3529 3696 3745 3759 incussit.

2190 3799 2470 3859 postquam
2496 3805 2590 3860 per
2610 3790 2893 3860 epistolam
2923 3791 3046 3846 fecit
3070 3790 3349 3859 indicium,
3382 3789 3529 3863 quod
3542 3790 3595 3848 ei
3614 3788 3748 3844 ﬁliam

2193 3892 2338 3939 tuam
2368 3883 2469 3939 lida
2513 3892 2760 3955 pacusne
2784 3884 3157 3956 desponderis.
3196 3886 3326 3952 Quae
3355 3901 3447 3942 res
3476 3879 3749 3942 tesﬁmonio

2191 3988 2311 4043 est,
2359 3978 2629 4033 sincerum
2677 3978 2771 4033 tibi
2817 3979 2994 4034 inesse
3034 3978 3292 4048 judicium
3335 3995 3350 4033 :
3390 3986 3449 4034 et
3494 3987 3749 4049 propterea

2192 4070 2609 4126 familiaritatem
2634 4070 2708 4125 tui
2741 4071 2883 4125 ultro
2912 4086 3101 4127 omnes
3129 4070 3301 4127 bonos
3329 4069 3533 4127 debere
3561 4066 3747 4126 sectari.

2191 4165 2400 4220 Asserit
2428 4165 2570 4220 enim
2598 4163 2925 4234 probabilem
2951 4172 3183 4221 mentem
3213 4164 3333 4220 talis
3362 4163 3581 4221 electio.
3602 4161 3751 4229 Quare

2191 4261 2410 4330 Optima:
2440 4257 2701 4313 voluntati
2744 4259 2922 4313 calcar
2950 4256 3234 4327 admoveo,
3281 4254 3442 4328 teque
3484 4257 3678 4320 hortor,
3703 4258 3751 4307 ut

2191 4352 2585 4424 quamprimum
2639 4349 3064 4406 laudatissimum
3112 4365 3370 4420 generum
3435 4349 3540 4406 diis
3581 4348 3751 4420 juvan-

2191 4446 2333 4501 tibus
2362 4443 2625 4501 sortiaris.
2651 4444 2816 4515 Cujus
2844 4444 3081 4500 accessio
3112 4443 3205 4499 tibi
3238 4451 3293 4500 et
3320 4443 3627 4525 conciliabit
3647 4453 3752 4519 gra-

2192 4538 2318 4595 tiam
2347 4537 2728 4609 plurimorum,
2761 4546 2817 4592 et
2853 4537 3016 4593 decus
3050 4536 3329 4592 afﬁnitatis
3353 4536 3591 4607 adjiciet.
3620 4532 3751 4591 Vale.

2597 4670 2639 4707 ,
2792 4632 3007 4688 EPIST.
3053 4630 3164 4687 XL.

495 4722 745 4784 utilitatis
764 4721 927 4779 debet
953 4719 1169 4777 afferre.
1206 4709 1313 4775 'Est
1346 4719 1489 4775 enim
1521 4694 1652 4776 milii
1685 4694 2078 4778 familiaris-di-
2108 4696 2164 4759 Β
2262 4727 2417 4783 Ratio
2446 4694 2661 4798 quidem
2702 4724 2920 4798 iustitia:
2964 4724 3106 4779 serio
3142 4694 3626 4794 seniperohabenda
3666 4727 3752 4777 est.

493 4830 739 4890 gnusque
783 4813 1084 4886 patrocinio
1132 4822 1222 4870 tuo
1259 4830 1273 4866 :
1306 4828 1465 4885 quem
1513 4812 1558 4869 si
1606 4812 1816 4884 placido
1860 4831 1954 4872 (ενα
1996 4831 2083 4874 re-

494 4909 773 4983 spexeris,
804 4906 1045 4965 fortunas
1070 4921 1196 4964 suas
1212 4908 1460 4965 ‘crevisse
1487 4907 1758 4978 gaudebit.
1788 4908 1937 4965 Vale.

1038 5001 1251 5057 EPIST.
1294 4999 1536 5057 XXXVI.

504 5159 510 5165 ,
1070 5107 1497 5151 εγκιλουυευ.η

566 5185 769 5244 Taceas
792 5186 939 5253 licet,
968 5194 1022 5243 et
1052 5186 1360 5243 salutationi
1386 5186 1719 5258 respondere
1742 5187 2045 5244 dissimules
2067 5228 2083 5256 ,

497 5296 770 5353 nunquam
796 5294 884 5336 me
907 5295 939 5334 a
963 5277 1215 5350 religioso
1247 5279 1427 5337 ofﬁcio
1455 5279 1777 5337 dimovebis.
1809 5279 2101 5337 Exeudam.

496 5377 852 5451 quandoque,
902 5382 962 5431 ut
1010 5374 1114 5430 hac
1161 5375 1523 5433 obstinatione
1571 5378 1823 5435 decedas.
1879 5377 2085 5433 Interea

458 5494 474 5505 -
497 5469 730 5528 necdum
753 5475 1066 5538 recuperata
1095 5467 1288 5524 ﬁducia
1319 5470 1433 5536 tui,
1476 5470 1650 5526 audax
1680 5486 1874 5526 munus
1902 5472 2081 5540 ingre-

498 5564 637 5622 dior.
677 5562 1068 5621 Commendare
1120 5564 1263 5620 enim
1326 5565 1421 5621 tibi
1473 5560 1629 5635 h'ujus
1666 5566 1850 5637 scripti
1891 5565 2083 5622 studeo

498 5670 800 5729 vectorem,
828 5658 1080 5730 juvenem
1116 5660 1392 5730 gravitatis
1431 5669 1671 5726 exactze,
1715 5659 1950 5730 mihique
1988 5658 2083 5715 du-

498 5756 626 5819 dum
657 5755 937 5827 probatum
971 5769 1065 5824 per
1111 5751 1333 5809 benesta
1380 5752 1732 5823 documenta,
1784 5767 1883 5809 nec
1927 5753 2081 5809 inex-

498 5858 712 5920 pertum
745 5849 820 5919 (si
857 5854 1005 5902 recte
1043 5846 1283 5917 aestimo)
1320 5846 1521 5916 judicio
1554 5856 1641 5902 tuo
1669 5863 1684 5905 :
1714 5848 1831 5919 quia
1860 5861 2081 5904 securus

498 5941 624 6010 vita:
650 5946 705 6000 et
729 5939 931 5997 militiae
950 5940 1180 6006 veteris,
1212 5952 1482 6017 nunquam
1514 5938 1707 6018 refugit
1735 5955 1959 5998 examen
1990 5955 2081 6001 su-

2191 4821 2296 4879 Sed
2323 4820 2466 4877 circa
2491 4818 2698 4875 nobiles
2732 4817 3144 4890 probabilesque
3174 4831 3439 4887 personas
3469 4817 3590 4886 plus
3618 4812 3755 4869 debet

2191 4929 2311 4971 esse
2340 4911 2749 4977 moderaminis,
2792 4919 2849 4965 ut
2878 4909 3227 4981 perspiciatur
3260 4909 3313 4964 in
3343 4909 3663 4964 discretione
3685 4903 3749 4974 Ῑιι·

2190 5008 2413 5063 dicium.
2462 5005 2573 5060 Hoc
2609 5019 2675 5060 eo
2723 5004 3029 5074 proloquor,
3084 5013 3142 5057 ut
3189 5002 3554 5058 interventum
3599 5008 3756 5054 meum

2189 5092 2539 5170 generalitate
2597 5096 2987 5154 commendem.
3042 5095 3224 5151 Genus
3277 5105 3455 5150 autem
3509 5087 3759 5166 petitionis

2193 5191 2501 5264 hujusmodi
2529 5199 2631 5247 est.
2664 5189 2792 5260 Agri
2815 5189 3018 5245 sororis
3048 5203 3182 5243 mea:
3205 5187 3421 5251 Italicas,
3449 5184 3670 5241 illustris
3695 5179 3760 5235 fe-

2196 5292 2389 5354 minae,
2419 5286 2626 5341 cultore
2649 5284 2895 5350 vaeuati,
2932 5292 2987 5339 et
3021 5280 3147 5338 fessi
3177 5295 3345 5336 onere
3369 5292 3648 5335 munerum
3677 5288 3761 5344 pu-

2193 5382 2477 5447 blicorum,
2501 5375 2786 5450 judiciaria
2808 5375 3129 5431 auctoritate
3155 5370 3433 5428 refovendi
3454 5376 3600 5426 sunt.
3628 5365 3761 5423 Hanc

2191 5490 2346 5544 opem
2372 5473 2440 5529 de
2477 5473 2551 5529 tui
2581 5471 2749 5527 animi
2781 5470 3032 5542 :equitate
3061 5467 3304 5539 promisi.
3332 5464 3491 5523 Certa
3526 5472 3612 5521 est
3632 5460 3761 5519 enim

2191 5567 2258 5623 de
2303 5568 2565 5623 bonorum
2617 5572 2797 5628 mente
2860 5559 3225 5633 prmsumptio.
3279 5556 3569 5629 Sponsioni
3620 5554 3763 5626 igitur

2191 5674 2355 5724 mete,
2386 5658 2430 5712 si
2458 5656 2553 5715 tibi
2583 5655 2732 5711 cordi
2772 5669 2920 5719 sum,
2960 5652 3120 5707 ﬁdem
3163 5659 3383 5723 praesta,
3438 5657 3492 5706 et
3521 5639 3762 5720 quidquid

2189 5754 2350 5810 rebus
2381 5762 2539 5821 atque
2569 5749 2871 5807 rationibus
2912 5755 3170 5803 matrona:
3210 5745 3453 5803 absentis
3472 5752 3761 5800 accommo-

2190 5846 2315 5902 dum
2347 5853 2451 5911 est,
2484 5855 2611 5901 nuttt
2636 5844 2775 5899 facili
2803 5842 2998 5909 tribtte,
3025 5857 3159 5896 mea:
3182 5840 3539 5911 imputaturus
3566 5831 3760 5907 gratiae,

2191 5938 2447 6009 quidquid
2477 5938 2548 5993 illi
2585 5936 2777 5993 favoris
2810 5931 3153 6007 itnpenderis.
3193 5932 3339 5987 Vale.
