3932 6448
263 330 368 388 337

856 440 1074 499 EPIST.
1120 441 1253 497 XLI.

331 536 510 593 Silere
536 549 644 590 non
669 534 829 590 debui
855 551 920 590 eo
944 545 1314 602 commeante,
1348 535 1436 606 qui
1479 547 1598 593 tuus
1628 549 1708 593 est
1736 558 1747 594 :
1783 541 1854 594 si-

260 631 478 704 quidem
539 629 881 704 necessitudo
933 629 1207 684 inter'vos
1252 629 1423 684 futura
1464 631 1752 699 persuadet
1797 643 1858 686 ut

261 730 479 800 utrique
516 739 753 785 vestrum
801 727 992 782 similis
1033 745 1062 781 ιι
1092 720 1194 782 ἰηθ
1245 728 1517 799 diligentia
1561 730 1852 787 deferatur.

257 823 440 888 Quare
474 821 874 878 salutationem‘
900 821 1214 876 litterariam
1260 821 1354 875 tibi
1397 821 1613 888 defero,
1646 837 1696 878 et
1729 825 1854 879 hor-

257 924 345 970 tor
371 924 431 970 ut
460 918 633 970 virum
667 914 1076 970 devotissimum
1107 915 1407 997 Tieianum,
1441 915 1681 986 mihique
1721 920 1886 997 ιιιιιξ-ι

253 1008 581 1076 cissimum,
647 1008 935 1078 praemissa:
991 992 1386 1077 coniunctionis
1453 1009 1851 1079 quamprimum

253 1109 564 1170 compotem
591 1109 836 1170 praestes.
875 1099 1024 1153 Vale.

844 1190 1062 1247 EPIST.
1099 1191 1260 1247 XLII.

324 1286 561 1342 Fructus
583 1286 784 1342 laboris
811 1295 927 1352 est,
953 1287 1164 1357 placere
1189 1287 1525 1353 melioribus,
1558 1300 1606 1344 et
1641 1304 1737 1357 pro
1766 1292 1848 1345 in-

253 1378 462 1435 dustria
495 1388 658 1449 atque
686 1378 991 1448 integritate
1024 1380 1252 1448 palmam
1297 1380 1480 1450 judicii
1528 1382 1849 1450 promereri.

251 1475 595 1546 Quapropter
640 1475 906 1545 Benignos
937 1475 1000 1530 V.
1031 1477 1092 1531 C.
1132 1477 1270 1532 ﬁlius
1300 1493 1471 1544 meus,
1501 1481 1575 1534 rei
1611 1479 1851 1535 frumen-

251 1570 410 1625 tariae
439 1570 708 1641 negotium
728 1569 967 1640 pervigili
990 1571 1198 1638 animo,
1229 1580 1282 1626 et
1307 1574 1452 1639 puris
1484 1573 1732 1628 manibus
1761 1590 1853 1628 ex-

252 1674 515 1730 secutus,
546 1664 713 1719 solam
746 1665 811 1719 de
845 1674 894 1719 te
923 1668 1226 1722 mercedem
1256 1668 1384 1736 jusﬁ
1415 1669 1615 1723 amoris
1651 1677 1852 1737 exspe-

246 1767 387 1813 ctat.
405 1758 945 1814 Testaturinsomnes
964 1761 1080 1828 ejus
1106 1774 1264 1814 curas
1298 1760 1634 1816 imbecillitas
1659 1779 1853 1834 corpo-

1507 329 1982 388 EPISTOLARUM
2028 331 2224 392 LIBER
2266 337 2356 393 IX.

1884 450 1938 508 Α
2564 453 2780 515 EPIST.
2827 455 2983 517 XLV.

3443 340 3552 408 838

2547 567 2972 611 SVIISIACIIUS..."

2034 640 2302 698 Pervecta:
2324 655 2445 699 sunt
2464 646 2528 700 ad
2559 664 2642 701 me
2673 648 2863 705 littera:
2887 660 3010 718 tua},
3038 665 3158 706 cum
3179 652 3231 707 in
3261 651 3549 724 Campanis

1960 731 2230 790 littoribus
2272 739 2490 794 otiarcr.
2533 739 2707 795 Credo
2729 750 2780 796 te
2821 743 3007 810 fando,
3036 755 3126 799 attt
3152 745 3382 801 lectione
3408 746 3546 803 didi-

1959 827 2097 882 cisse
2118 873 2130 893 ,
2167 841 2361 899 quanta
2394 833 2462 888 sit
2504 833 2662 903 hujus
2703 836 2933 907 regionis
2963 849 3234 896 venustas.
3265 839 3407 897 Vicit
3430 830 3548 912 epi-

1959 924 2091 978 stola
2122 937 2208 981 tua
2247 931 2516 998 appositas
2540 933 2861 1003 voluptates.
2891 935 3098 1006 Spretis
3123 937 3282 1007 igitur
3308 940 3544 1009 caeteris,

1960 1026 2075 1087 qum
2098 1021 2374 1089 ingerebat
2402 1024 2709 1095 locigratia,
2736 1038 2902 1084 totum
2933 1031 3166 1086 animum
3201 1033 3546 1089 recensendas

1957 1114 2164 1184 pagina:
2186 1132 2354 1188 usque
2377 1119 2440 1172 ad
2468 1122 2778 1176 memoriam
2805 1124 3124 1193 mancipavi.
3150 1123 3361 1180 Utinam
3393 1126 3548 1194 plura

1958 1205 2238 1262 dictasses.
2274 1210 2398 1264 Mihi
2434 1221 2608 1266 tamen
2639 1230 2782 1284 saepe
2812 1215 3034 1284 repetita
3067 1216 3235 1271 instar
3257 1200 3549 1274 multorum

1957 1297 2192 1355 fuerunt.
2237 1301 2464 1360 Posthac
2495 1307 2708 1374 parcius
2741 1323 2975 1375 promas,
3009 1307 3151 1378 qttod
3175 1323 3237 1363 ex
3269 1308 3550 1364 abundan-

1957 1392 2031 1447 tia
2076 1393 2271 1463 ingenii
2307 1396 2377 1450 tui
2409 1399 2646 1452 nascitur
2671 1443 2684 1463 ,
2717 1415 2783 1456 ne
2829 1417 2913 1456 me
2958 1417 3193 1473 quoque,
3253 1403 3337 1488 cui
3377 1402 3549 1473 stylus

1958 1499 2159 1553 pauper
2187 1498 2298 1552 est,
2333 1488 2385 1541 in
2416 1500 2622 1544 arclum
2651 1501 2869 1548 revocet
2897 1495 3193 1548 voluntaria
3222 1504 3305 1548 tua
3333 1493 3550 1564 frugali-

1959 1584 2059 1630 tas.
2095 1578 2247 1644 Quod
2281 1590 2464 1648 restat,
2488 1582 2762 1645 Aurelium
2788 1585 2882 1640 tibi
2911 1586 3088 1642 denun
3116 1589 3166 1642 in
3197 1603 3409 1642 manum
3443 1595 3551 1644 tra-

1959 1667 2162 1734 dimus,
2189 1687 2292 1726 non
2319 1689 2424 1742 quo
2451 1675 2696 1731 inefﬁcax
2739 1678 2900 1733 fuerit
2928 1679 3074 1747 prior
3117 1679 3546 1744 commendatio;

1959 1761 2054 1815 sed
2079 1772 2134 1816 ut
2159 1765 2404 1822 meritum
2429 1767 2543 1838 ejus
2563 1780 2907 1844 nostramque
2930 1787 3111 1829 curam
3142 1783 3366 1830 testetur
3386 1772 3550 1830 etiam

242 1854 353 1908 ris.
401 1850 544 1907 Nihil
574 1853 714 1908 enim
755 1853 822 1907 de
863 1851 1110 1907 Sardinia
1140 1855 1436 1922 reportavit
1459 1897 1472 1916 ,
1507 1855 1606 1908 nisi
1651 1856 1848 1911 bonam
1879 1848 1929 1908 B
1957 1850 2189 1911 iteratio.
2225 1855 2376 1914 Vale.

245 1943 664 2011 conscientiam,
689 1953 741 2000 et
771 1947 966 2000 malam
991 1945 1348 2001 valetudinem
1375 1962 1391 2000 :
1428 1946 1638 2002 horreis
1668 1957 1846 2003 autem

244 2047 465 2092 tantum
494 2037 661 2108 frugis
691 2038 939 2104 invexit,
981 2047 1236 2108 quantum
1275 2039 1356 2094 illi
1403 2041 1694 2111 provincia:
1723 2043 1849 2096 anni

243 2131 471 2188 fortuna
484 2133 802 2188 contulerat.
821 2132 1010 2188 Nullus
1028 2133 1093 2188 de
1118 2149 1184 2188 eo
1210 2149 1394 2188 rumor
1408 2135 1686 2201 adversus,
1707 2135 1848 2190 nulla
1940 2127 1944 2138 τ

182 2286 184 2289 ,
245 2227 698 2297 conquestio,res
728 2228 1022 2298 semperad
1052 2227 1620 2298 arguendumparatm.
1645 2231 1848 2286 llorum

245 2322 496 2376 omnium
553 2323 1026 2392 locupletissimum
1088 2325 1318 2394 pretium
1362 2336 1478 2393 est,
1527 2329 1571 2382 si
1613 2327 1848 2384 amicitia

248 2423 346 2468 tua
381 2415 571 2486 dignus
604 2415 884 2474 habeatur.
919 2417 1071 2484 Quod
1107 2418 1236 2473 mihi
1267 2420 1475 2475 declive
1502 2420 1567 2475 ad
1595 2422 1850 2492 impetra-

247 2511 460 2565 tionem
494 2509 703 2565 videtur
739 2529 750 2563 :
788 2511 830 2565 si
877 2509 1092 2580 quidem
1136 2527 1355 2567 necesse
1397 2523 1510 2581 est,
1543 2523 1594 2569 te
1622 2514 1851 2570 delectet

245 2617 448 2659 eorum
476 2603 714 2674 probitas
739 2618 963 2676 quorum
996 2621 1098 2659 non
1131 2603 1318 2661 fefellit
1345 2607 1556 2662 electio.
1593 2607 1745 2663 Vale.

840 2696 1056 2752 EPIST.
1089 2696 1270 2752 XLIII.

329 2787 608 2859 Religiosa
654 2789 830 2859 potius
861 2805 1017 2860 quam
1052 2789 1311 2845 invidiosa
1341 2793 1568 2861 quaestio
1594 2800 1697 2859 est,
1730 2808 1851 2863 quae

247 2883 420 2939 ﬁdem
453 2891 730 2954 pactorum
771 2883 984 2952 repetit.
1020 2882 1154 2937 Nolo
1201 2883 1362 2951 igitur
1390 2884 1666 2939 existimes
1691 2925 1704 2949 ,
1737 2886 1852 2939 cul-

251 2976 510 3049 pabilitcr
537 2975 602 3031 ad
641 2989 726 3031 me
750 2990 871 3031 esse
894 2975 1180 3045 perlatum,
1214 2976 1356 3046 quod
1390 2986 1571 3043 pactas
1601 2976 1721 3031 ﬁliae
1749 2985 1852 3032 tua:

251 3071 475 3141 nuptias
527 3087 648 3126 cum
693 3070 939 3126 llerculio
977 3070 1306 3126 amicissimo
1347 3086 1468 3126 meo
1511 3071 1853 3126 haesitatione

250 3168 579 3239 suspendas.
627 3167 997 3237 Sed'cmteris,
1029 3184 1163 3240 quos
1192 3169 1520 3225 matrimonii
1560 3169 1628 3225 de
1674 3181 1724 3225 te
1754 3169 1856 3225 im-

2543 1953 2757 2010 EPIS'I‘.
2802 1954 2985 2013 XLVI.

2537 2063 2964 2108 SYISIACIIUS..."

2027 2136 2277 2207 Quisquis
2309 2154 2340 2194 a
2383 2137 2534 2195 nobis
2575 2141 2626 2196 iu
2659 2145 3179 2201 commendationem
3223 2145 3305 2201 sui
3340 2145 3549 2203 litteras

1951 2231 2089 2299 petit
2115 2272 2128 2296 ,
2162 2242 2380 2300 prteslat
2407 2235 2661 2302 gratiam,
2694 2255 2848 2307 quam
2877 2255 2928 2293 se
2961 2247 3108 2310 putat
3157 2241 3406 2311 accipere.
3438 2241 3576 2297 Ani

1954 2322 2152 2392 tiquior
2175 2333 2257 2378 est
2279 2325 2421 2379 enim
2453 2327 2579 2381 mihi
2609 2328 2857 2384 amicitiae
2886 2331 3258 2403 cultus,quam
3286 2331 3390 2386 illis
3411 2347 3554 2405 prato

1954 2416 2075 2470 sidii
2106 2417 2699 2488 impetratioJlepeude
2730 2424 3060 2494 igiturhujus
3085 2434 3343 2496 prompta:
3369 2439 3553 2495 opera

1956 2509 2260 2565 mercedem
2285 2514 2484 2583 scripta
2525 2504 2789 2583 reddenti,
2821 2525 2876 2572 et
2917 2533 3013 2586 pro
3041 2517 3408 2574 mediocritate
3439 2516 3553 2573 lor-

1955 2608 2100 2654 tunm
2132 2601 2404 2660 hominem
2437 2621 2742 2682 munerare.
2782 2607 2836 2662 In
2869 2619 2958 2664 tuo
2983 2609 3108 2679 jure
3138 2618 3252 2678 est,
3279 2625 3366 2668 me
3385 2609 3555 2669 etiam

1956 2693 2118 2750 officii
2151 2699 2316 2753 mutui
2345 2699 2547 2756 honore
2581 2702 2836 2772 digneris.
2872 2702 3054 2775 Neque
3081 2705 3226 2761 enim
3259 2706 3554 2761 verborum

1955 2789 2114 2845 fenus
2152 2806 2377 2846 exerceo
2403 2835 2416 2858 ,
2450 2805 2507 2849 ut
2534 2804 2587 2850 te
2627 2795 2693 2850 de
2722 2785 2990 2853 Solutione
3015 2798 3350 2854 conveniam.
3376 2798 3556 2855 Grave

1956 2893 2041 2937 est
2083 2894 2134 2940 te
2160 2885 2225 2940 ad
2258 2887 2401 2957 leges
2447 2889 2612 2946 debiti
2643 2891 2850 2962 redigi,
2883 2893 2974 2964 qui
3006 2909 3093 2949 me
3132 2893 3323 2951 ofﬁciis
3364 2894 3554 2952 volun-

1957 2976 2109 3031 tariis
2138 2993 2284 3048 saepe
2313 2983 2598 3050 superasti.
2631 2982 2780 3038 Vale.

2520 3074 2738 3130 EPIST.
2780 3074 2990 3133 XLVII.

2531 3184 2905 3226 SYMMACIIUS...
2919 3209 2958 3224 ..

253 3264 454 3335 petrati
482 3263 563 3318 vel
587 3262 856 3332 adjutores
886 3263 986 3317 scit
1013 3261 1197 3330 fuisse,
1223 3264 1307 3319 vel
1331 3272 1516 3329 testes,
1540 3279 1853 3336 mequoque
1882 3233 1930 3299 (ε
2034 3258 2303 3315 Bonorum
2341 3260 2579 3316 Virorum
2625 3277 2808 3345 CII_I'am
2859 3261 2953 3318 libi
2995 3277 3135 3320 esse.
3163 3278 3266 3318 non
3315 3242 3550 3336 ambigo.

252 3357 424 3412 voluit
447 3355 735 3411 admovere
760 3397 773 3420 ,
799 3364 856 3410 ut
886 3371 1143 3427 suspensa
1167 3357 1254 3412 ditt
1286 3367 1410 3414 vota
1441 3359 1563 3414 novi
1611 3359 1852 3415 hortato-

254 3451 330 3504 ris
353 3449 617 3518 impulsus
647 3448 932 3504 acceleret.
965 3448 1172 3504 Maneat
1201 3451 1394 3520 igitur,
1419 3467 1514 3507 oro
1539 3460 1612 3519 te,
1647 3452 1854 3508 stabili-

261 3554 344 3598 tas
373 3542 755 3612 promissorum
782 3584 796 3607 ,
842 3557 942 3597 nec
987 3543 1308 3598 senatoriam
1357 3544 1515 3600 fidem
1565 3545 1852 3601 voluntatis

263 3636 487 3691 mutatio
516 3636 853 3691 devenustet.
889 3635 1062 3690 Prosit
1093 3635 1253 3690 etiam
1295 3645 1451 3705 pacto
1495 3635 1688 3692 fmderi
1717 3653 1852 3694 meae

260 3745 357 3801 pro
389 3729 486 3784 illo
515 3729 786 3800 petitionis
829 3727 1061 3797 adjectio
1091 3746 1103 3780 :
1137 3728 1219 3783 cui
1250 3743 1356 3783 non
1385 3730 1500 3786 sine
1525 3731 1850 3786 contumelia

255 3825 458 3896 placita
498 3824 787 3893 denegabis
809 3869 821 3893 ,
855 3838 976 3878 cum
1006 3831 1252 3892 prompte
1282 3822 1436 3878 nobis
1451 3821 1667 3892 deferre
1687 3825 1850 3878 etiam

253 3917 522 3973 intentata
551 3916 820 3972 debueris.
836 3914 991 3971 Certe
1017 3931 1076 3971 ea
1111 3917 1211 3970 viri
1236 3915 1500 3971 modestia
1523 3957 1537 3982 ,
1570 3931 1630 3972 ea
1662 3917 1710 3969 in
1736 3916 1853 3972 foro

252 4011 507 4067 Romano
536 4011 766 4081 dignitas
788 4019 890 4075 est,
916 4018 974 4065 ut
999 4018 1258 4079 quantum
1287 4010 1337 4065 ei
1362 4010 1551 4082 gratiae
1594 4010 1850 4076 tribuisti,

253 4115 467 4162 tantum
515 4104 817 4160 ornamenti
863 4120 928 4158 ex
976 4119 1174 4172 genero
1225 4103 1600 4174 consequaris.
1647 4101 1854 4161 Uberes

250 4201 448 4257 laudes
490 4199 608 4269 ejus
633 4239 649 4266 ,
683 4206 738 4253 ct
766 4198 886 4250 vitae
924 4200 1330 4256 honestamenta
1377 4211 1757 4266 prosequerer,
1806 4195 1854 4250 si

161 4353 166 4358 ,
251 4294 460 4351 bonum
484 4291 715 4361 aliquem
751 4289 1010 4344 videreris
1033 4287 1336 4343 admittere.
1370 4289 1442 4352 At
1464 4303 1586 4342 cum
1613 4287 1705 4341 tibi
1737 4287 1853 4356 ejus

251 4385 397 4442 bona
426 4395 548 4440 esse
569 4390 839 4451 comperta
872 4381 1150 4436 evidenter
1178 4389 1382 4436 astruat
1406 4379 1606 4434 dudum
1638 4387 1854 4449 recepta

251 4478 533 4543 conditio;
563 4491 666 4531 non
685 4468 859 4531 debeo
883 4474 999 4544 ejus
1022 4473 1288 4544 protelare
1322 4473 1666 4541 przeconium.
1693 4488 1850 4541 quem

254 4569 353 4626 tibi
395 4569 629 4639 suscepti
665 4567 882 4624 foederis
930 4565 1120 4637 Dignus
1160 4564 1356 4620 indicat
1391 4564 1500 4635 jam
1544 4564 1848 4635 probatum.

252 4662 410 4719 Vale.

789 4791 795 4798 α
827 4752 1040 4809 EPIST.
1082 4751 1265 4808 XLIV.

843 4861 1271 4902 SYMMACIIUS.....

334 4938 594 5007 Disarius,
611 4938 889 4995 medicina:
913 4938 1206 5010 professor,
1223 4936 1394 4990 virum
1417 4944 1620 4991 sanctae
1648 4951 1852 4992 memo«

255 5035 355 5093 ria:
387 5048 545 5106 atque
574 5034 818 5100 illustris,
852 5038 1058 5102 patrem
1092 5040 1237 5085 tuum
1263 5044 1357 5100 spe
1381 5029 1633 5084 commodi
1655 5029 1857 5083 uberiaa

256 5132 328 5184 ris
351 5130 404 5183 in
432 5127 657 5183 Galliam
686 5137 886 5181 secutus
908 5127 1027 5194 fuit.
1058 5125 1126 5178 Et
1146 5125 1268 5194 quia
1301 5124 1347 5178 ei
1371 5123 1642 5178 cohaerere
1666 5123 1854 5179 decre-

259 5234 436 5292 verat,
459 5238 638 5279 rerum
663 5236 881 5276 suarum
896 5220 1270 5290 Aquitanicam
1290 5218 1544 5273 nonnulla
1571 5217 1849 5288 prtemisit.

258 5322 413 5378 Nunc
443 5327 630 5374 contra
651 5318 911 5372 bonorum
939 5315 1175 5370 omnium
1202 5321 1380 5368 votum
1415 5313 1543 5366 tanti
1576 5313 1676 5366 viri
1703 5311 1850 5366 obitu

259 5411 830 5479 destitutus,relegere
858 5409 925 5463 ad
965 5422 1092 5461 suos
1114 5407 1238 5473 iter,
1269 5415 1324 5460 ut
1351 5420 1545 5475 parens
1565 5411 1853 5460 attestatur

260 5509 398 5576 ejus,
415 5514 586 5575 optat.
610 5503 763 5570 Juva,
787 5515 971 5573 quaeso
995 5511 1068 5565 te,
1089 5500 1226 5570 piam
1248 5500 1466 5569 juvenis
1483 5498 1811 5553 voluntatem
1836 5516 1851 5552 ε

261 5616 318 5662 et
341 5622 461 5676 qua:
496 5604 546 5660 ei
575 5619 673 5675 pro
702 5603 860 5657 insita
892 5601 1132 5656 moribus
1163 5599 1266 5654 tuis
1297 5599 1554 5655 ﬁdelitate
1577 5599 1854 5654 reddenda

262 5699 450 5754 sedulo
479 5694 835 5768 spopondisti,
854 5695 986 5767 jube
1014 5693 1164 5749 ocius
1180 5691 1467 5762 reportari,
1497 5707 1565 5748 ne
1591 5693 1667 5747 illi
1695 5707 1857 5763 supra

262 5771 457 5848 vulnus
506 5794 719 5847 amissa:
761 5792 916 5862 spei,
953 5788 1146 5862 injuria
1185 5788 1359 5859 longae
1402 5788 1857 5860 peregrinationis

266 5885 510 5944 addatur.
547 5884 700 5942 Vale.

1960 3351 2135 3410 Mores
2157 3357 2300 3410 enim
2331 3364 2452 3412 tuos
2493 3372 2713 3413 necesse
2739 3366 2819 3412 est
2850 3357 3102 3413 similium
3135 3360 3388 3432 virtutum
3424 3375 3556 3415 cons

1958 3449 2234 3517 junr‘tione
2255 3451 2512 3519 gaudere.
2544 3451 2597 3504 Si
2620 3450 2748 3520 quid
2782 3451 2940 3519 igitur
2968 3452 3098 3506 mihi
3131 3451 3341 3516 tribuis,
3371 3461 3556 3521 quaeso

1965 3553 2037 3610 te,
2070 3545 2395 3615 amplectere
2432 3544 2696 3598 amicitias
2718 3543 2920 3600 domini
2953 3542 3119 3599 etﬁlii
3143 3545 3244 3599 mei
3272 3541 3552 3598 Flaviani:

1962 3653 2121 3707 quem
2148 3653 2252 3691 non
2285 3638 2454 3692 solum
2489 3637 2755 3706 parentis,
2790 3652 2976 3692 verum
3013 3636 3353 3696 etiam,testis
3381 3634 3557 3691 ﬁdeli-

1963 3737 2072 3784 tate
2092 3729 2433 3787 commendo.
2451 3727 2770 3798 lteperiesiti
2793 3743 2857 3784 eo
2884 3728 3346 3798 meutemdignam
3367 3741 3554 3787 amore

1963 3831 2079 3887 tuo,
2097 3831 2150 3876 et
2171 3823 2393 3877 meliore
2419 3821 2651 3888 fortuna,
2679 3821 2803 3877 licet
2821 3825 2959 3877 sacri
2979 3821 3224 3877 beneﬁcii
3245 3821 3556 3890 magnitudo

1963 3913 2176 3969 casibus
2206 3914 2321 3983 ejus
2353 3916 2681 3980 occurrerit,
2717 3897 2771 3969 et
2800 3914 2866 3970 ad
2897 3914 3168 3970 cumulum
3194 3913 3429 3968 lenitatis
3458 3911 3557 3968 ad-

1959 4005 2100 4076 jecta
2131 4008 2200 4063 sit
2229 4009 2491 4063 evocatio.
2547 4005 2698 4062 Unde
2728 4022 2939 4077 aequum
2981 4017 3102 4073 est,
3149 4020 3306 4076 quem
3336 4003 3556 4075 respicit

1964 4098 2244 4167 imperiale
2286 4097 2597 4169 sull‘ragium
2622 4140 2638 4166 ,
2685 4097 3018 4152 familiaritas
3062 4105 3152 4152 tua
3179 4111 3284 4152 non
3315 4083 3550 4152 deserat.

1963 4192 2113 4249 Vale.

2519 4282 2737 4340 EPIST.
2779 4278 3010 4340 XLVIII.

2543 4392 2876 4433 SVIMACIIUS.
2889 4416 2976 4435 ...ο

2037 4473 2115 4528 Ad
2143 4480 2387 4544 posteros
2413 4471 2710 4528 amicorum
2746 4487 2928 4528 curam
2955 4465 3249 4528 transferre
3270 4468 3552 4546 debemus,

1966 4581 2033 4620 ne
2062 4565 2192 4619 ﬁdes
2222 4582 2340 4620 cum
2368 4563 2582 4620 homine
2608 4565 2875 4620 interiisse
2899 4564 3164 4621 videatur.
3192 4566 3366 4637 Exigit
3395 4565 3557 4637 igitur
3626 4629 3636 4634 _

1883 4634 1993 4710 1)a
2036 4674 2121 4713 me
2152 4658 2409 4713 memoria
2453 4657 2688 4713 Petronii
2721 4658 3115 4726 exconsularis,
3158 4659 3369 4714 cul.lar
3411 4657 3556 4730 apud

1964 4751 2265 4806 Ariminum
2300 4749 2398 4804 fuit
2426 4791 2441 4816 ,
2480 4759 2538 4804 ut
2560 4750 2678 4820 ejus
2708 4751 2843 4805 ﬁlios
2873 4751 3215 4808 litereditario
3239 4767 3427 4808 amore
3455 4752 3555 4808 de—

1964 4844 2200 4901 fetidum.
2237 4845 2440 4901 llorum
2469 4845 2661 4900 domus
2692 4845 3010 4902 militaribus
3055 4847 3338 4903 habitanda
3370 4847 3557 4902 decen

1965 4941 2139 5005 nitur,
2170 4941 2306 4995 et'ni
2349 4940 2555 5009 publica
2588 4951 2868 4996 succurrat
2896 4941 3223 5006 auctoritas,
3250 4948 3558 4996 extremum

1967 5036 2199 5105 patietur
2219 5034 2507 5090 excidium.
2538 5033 2597 5088 Si
2620 5034 2744 5104 qttid
2777 5033 3283 5104 igiturinterventui
3316 5047 3436 5087 meo
3457 5027 3554 5087 tris

1965 5129 2099 5185 bues
2125 5169 2140 5194 ,
2174 5127 2310 5182 datis
2339 5127 2405 5181 ad
2437 5125 2858 5183 Ariminensium
2900 5124 3244 5197 magistratus
3280 5132 3440 5195 atque
3468 5136 3559 5179 or-

1966 5222 2121 5278 dines
2143 5221 2439 5276 minacibus
2468 5221 2679 5289 litteris,
2705 5219 2877 5274 arceri
2899 5219 2967 5273 ab
2986 5234 3048 5274 ea
3076 5215 3316 5289 hospites
3333 5216 3556 5287 jubeas,

1965 5326 2022 5374 et
2053 5317 2339 5372 restituere
2388 5314 2673 5384 penatibus
2703 5313 3047 5380 parvulorum
3085 5310 3316 5381 priscam
3348 5308 3560 5365 securi-

1948 5420 2148 5476 .tatem.
2184 5409 2239 5462 In
2281 5405 2479 5478 judicis
2521 5406 2664 5461 enim
2691 5404 2948 5474 jubentur
2976 5415 3099 5460 esse
3135 5401 3380 5469 tutelam,
3411 5398 3559 5471 quia

1965 5502 2278 5575 parentibus
2307 5503 2650 5555 deseruntur.
2676 5496 2827 5553 Vale.

2537 5588 2754 5644 EPIST.
2792 5587 2982 5643 XLIX.

2511 5696 2814 5738 SYMDIACIIUS
2837 5697 3020 5738 IUSTO.

2038 5783 2174 5837 Voto
2201 5796 2261 5835 ac
2291 5759 2558 5834 desiderio
2600 5791 2696 5830 suo
2739 5791 2824 5830 me
2865 5772 3171 5844 adjutorem
3203 5773 3438 5830 Severus
3475 5770 3561 5830 vir

1969 5884 2229 5937 honestus
2257 5875 2447 5933 ascivit
2481 5889 2495 5928 :
2527 5870 2682 5942 cujus
2720 5885 2840 5927 cum
2880 5871 3198 5942 petitionem
3228 5868 3559 5938 probabilem
