3932 6470
457 205 558 263 559
674 210 707 237 “
1627 202 1691 271 Q.
1733 200 2010 259 AURELII

2147 199 2554 258 iYMMLCBUS.
3614 200 3700 260 διο

419 322 778 408 Ιίδιιιιὶςίιςςιθπη
814 367 827 391 ,
879 324 1140 394 flagitatas
1187 311 1412 380 litteras
1443 338 1640 394 negare
1705 338 1810 384 non
1860 323 1972 386 dein

2152 323 2464 384 Estimabis
2481 323 2548 380 de
2577 319 2726 376 cultu
2752 332 2961 375 morum
2991 317 3108 387 ejus
3136 332 3197 374 ac
3216 317 3539 386 litterarum,
3560 333 3705 390 qm.

455 416 671 471 Summa
717 429 894 473 autem
927 421 1197 489 petitionis
1240 419 1542 490 hujusmodi
1587 429 1668 476 est
1712 431 1768 476 ut
1797 421 1906 477 ﬁlio
1924 421 2042 492 ejus
2147 429 2257 474 tum
2287 419 2362 474 illi
2389 417 2686 473 studiorum
2729 429 2879 476 mora
2910 415 3170 489 potuth
3205 413 3468 482 adjicere,
3501 413 3592 468 nisi
3634 431 3705 470 re-

455 506 888 576 conjunctionem
931 509 1051 564 filiae
1083 520 1186 565 tute
1213 511 1483 582 spondeas
1525 529 1537 566 :
1571 512 1725 583 cujus
1766 513 1844 568 rei
1875 514 2042 584 impe-
2146 521 2389 582 spectum
2441 512 2646 584 paterni
2691 511 2943 574 desiderii
2999 510 3160 574 timor
3202 518 3393 576 noster
3436 507 3704 571 multum.

454 596 739 664 irationem
759 599 964 656 facilem
996 601 1109 656 fore
1139 617 1486 672 personarum
1503 602 2036 675 promittittequatio,
2143 603 2288 664 Vale.

428 679 507 744 et
529 687 809 749 honestate
837 704 891 749 et
921 693 1274 764 possibilitate
1303 695 1617 766 congruitis.
1645 696 1914 772 Exspecto
1943 695 2041 768 igi-
2525 770 2527 772 η
2757 695 2969 759 EPIST.
3011 694 3122 754 LV.

432 783 540 843 'tur
585 795 640 848 ut
667 791 948 859 responsio
987 799 1074 845 tua
1106 790 1472 846 testimonium
1506 806 1682 845 meum
1724 790 1870 845 vires
1897 789 2040 862 apud
2639 805 2948 852 "uacuus
2986 803 3226 851 suum.

428 874 505 936 ‘te
531 879 785 938 habuisse
814 882 1142 940 declaret....
1169 883 1318 937 Vale.
2212 881 2525 944 Communis
2570 882 2727 943 amici
2773 881 2988 943 Eusebii
3034 881 3228 944 merita
3271 882 3440 956 longo
3483 896 3711 942 sermone

1093 972 1307 1028 EPIST.
1351 972 1411 1028 L.
2146 987 2519 1048 prosequerer,
2536 973 2634 1031 nisi
2653 972 2721 1034 de
2738 971 3003 1046 probitate
3025 971 3144 1048 eius
3173 981 3342 1051 atque
3367 972 3554 1034 militia
3581 973 3710 1048 plura

917 1081 1226 1121 svuuacuus
1262 1081 1577 1126 C£CILIANO.
2143 1066 2375 1121 sentires
2394 1107 2411 1136 ,
2442 1065 2532 1135 qui
2561 1079 2702 1120 nunc
2746 1065 2812 1120 de
2840 1065 2962 1121 loco
2986 1080 3088 1126 suo
3111 1066 3329 1140 anxius,
3361 1076 3636 1144 postquam
3659 1069 3713 1134 de

429 1153 438 1182 ί
498 1155 793 1224 Quantum
843 1157 1025 1224 domui
1077 1174 1212 1214 meae
1259 1159 1462 1214 cultum
1510 1157 1745 1219 Lucilius
1773 1157 2042 1230 quondam
2144 1174 2210 1216 eo
2237 1159 2499 1229 comperit
2523 1173 2644 1215 esse
2663 1158 2986 1226 dubitatum,
3009 1159 3372 1232 allegationes
3391 1174 3520 1214 suas
3550 1175 3714 1228 prope-

432 1245 436 1262 ’
454 1247 627 1318 pictor
653 1249 910 1322 adjecerlt
929 1293 943 1318 ,
987 1267 1107 1308 cum
1140 1253 1435 1324 potissimis
1464 1255 1762 1314 amicorum
1792 1268 1953 1310 nosse
1987 1264 2038 1310 te
2145 1254 2284 1313 ravit
2312 1265 2553 1313 aSIruere
2582 1253 2812 1314 lectione
2834 1253 3034 1325 publici
3057 1254 3262 1324 scripti.
3301 1269 3414 1315 non
3444 1253 3714 1314 assertione

428 1342 656 1426 icerlum
679 1354 781 1400 est.
816 1345 985 1416 Hujus
1015 1346 1200 1413 tilium,
1235 1364 1330 1420 per
1352 1359 1595 1405 naturam
1626 1350 1844 1422 quidem
1874 1362 1927 1407 et
1951 1366 2046 1422 per
2147 1345 2452 1402 verborum.
2485 1343 2600 1414 Qua
2630 1346 2682 1406 in
2705 1361 2765 1407 re
2793 1354 2848 1406 et
2872 1345 3049 1404 fautor
3079 1346 3344 1420 litiganti.
3374 1356 3423 1406 ct
3449 1347 3586 1406 testis
3609 1345 3716 1403 alic-

428 1425 825 1520 ‘necessitatem
851 1439 1033 1508 procul
1061 1441 1313 1510 positum,
1348 1441 1544 1512 injusta
1575 1442 1890 1509 sollicitant,
1923 1451 2045 1502 orto
2145 1438 2434 1513 gationibus
2477 1440 2588 1509 ejus.
2629 1455 2660 1494 α
2690 1438 2833 1496 nobis
2863 1440 3101 1497 accedere
3117 1439 3324 1514 jubcrt's
3351 1454 3370 1494 :
3403 1453 3623 1510 quorum
3647 1440 3712 1498 ai-

427 1528 745 1590 'certamiue
792 1535 930 1590 inter
968 1532 1340 1596 Numerarium
1373 1535 1658 1607 quemdam
1701 1544 1757 1591 et
1789 1535 2048 1608 Opinato-
2148 1540 2322 1586 terum
2354 1531 2510 1588 nobis
2528 1540 2617 1588 tua
2643 1532 2878 1590 amicitia
2909 1531 3174 1603 promisit,
3210 1531 3346 1591 fides
3378 1532 3602 1591 alterum
3623 1531 3714 1599 polo

428 1619 586 1690 'rem,
619 1624 820 1682 dudum
849 1627 1140 1698 supradicti
1171 1628 1500 1698 possessoris
1524 1627 1800 1694 colonum,
1834 1627 1924 1700 qui
1953 1643 2041 1682 su-
2084 1699 2103 1700 η
2146 1623 2358 1680 licetur.
2382 1621 2512 1680 Nam
2544 1621 2745 1678 dudum
2772 1637 2892 1680 eum
2923 1622 2990 1680 ad
3021 1621 3262 1682 scholam
3295 1620 3558 1684 Gallicani
3590 1622 3713 1694 pala-

401 1699 726 1782 ‘zperiorum
784 1724 1086 1787 temporum
1140 1718 1418 1774 ratiocinia
1482 1718 1534 1776 in
1588 1717 1779 1774 Lucilii
1833 1727 2044 1780 vertere
2076 1699 2126 1763 Β
2155 1716 2209 1772 tii
2239 1716 2556 1777 translatum
2585 1730 2706 1776 esse
2735 1714 3044 1781 meministi,
3073 1715 3216 1792 quod
3241 1713 3367 1774 ideo
3393 1725 3446 1776 te
3475 1714 3714 1772 credimus

428 1796 664 1861 ‘damna.
697 1804 932 1878 .‘Equum
960 1822 1144 1880 posco.
1176 1824 1283 1865 non
1313 1807 1574 1882 gratiam;
1595 1811 1718 1867 licet
1739 1811 2041 1876 interventu
2144 1810 2262 1884 ipso
2291 1811 2516 1870 absente
2545 1811 2758 1872 siluisse
2779 1850 2796 1882 ,
2827 1825 2896 1876 ne
2922 1809 3330 1874 existimaretur
3356 1810 3589 1887 gratiosa
3616 1823 3713 1866 esse

449 1897 772 1972 meoetiam
805 1899 917 1955 voti
948 1907 1003 1956 et
1030 1899 1203 1958 studli'
1235 1903 1475 1965 accessio
1514 1903 1793 1961 debeatur.
1828 1904 1895 1962 Et
1933 1907 2042 1977 pri-
2143 1902 2416 1977 suggestio
2449 1917 2464 1960 :
2496 1917 2641 1962 nunc
2666 1899 2870 1974 majore
2899 1900 3091 1963 ﬁducia
3126 1900 3309 1961 aderis
3341 1900 3585 1968 veritati.
3611 1913 3712 1954 cum

447 2005 600 2048 more
644 1991 763 2048 loco
793 1993 1006 2064 postulo
1025 2035 1042 2062 ,
1074 1995 1264 2052 domus
1286 1997 1382 2054 viri
1402 1993 1825 2074 prudentissimi,
1858 1999 2042 2073 longe-
2144 1996 2492 2066 allegationes
2518 1996 2801 2071 praecutit
2829 1994 3084 2060 audieris.
3121 1993 3270 2059 Vale.

446 2099 552 2154 que
581 2086 824 2160 degentis
867 2101 963 2159 per
990 2087 1169 2144 omcla
1195 2088 1403 2160 publica
1443 2099 1494 2150 et
1521 2090 1739 2151 ordines
1762 2099 1872 2146 tuta
1902 2107 2042 2168 prte-
2744 2085 2958 2146 EPIST.
3003 2085 3136 2146 LVI.

432 2186 638 2234 'stetur.
657 2178 880 2248 Dehinc,
906 2190 964 2236 ut
993 2181 1036 2237 si
1064 2181 1191 2252 quid
1221 2181 1362 2238 inter
1384 2182 1503 2238 illos
1532 2182 1914 2239 decertationis
1933 2195 2038 2257 est,
2616 2192 2928 2238 sruncncs
2965 2193 3255 2238 asumma.

430 2275 541 2324 ‘tuo
559 2269 799 2326 credatur
813 2273 1094 2329 examine:
1121 2289 1188 2330 ne
1215 2274 1428 2350 quando
1452 2275 1606 2331 alteri
1633 2276 1800 2348 judici
1827 2288 2040 2336 servata
2214 2273 2368 2330 Felix
2390 2312 2403 2336 ,
2432 2287 2553 2328 cum
2599 2281 2655 2328 et
2681 2272 2874 2331 domus
2905 2280 3012 2328 tute
3038 2272 3214 2329 cultor
3244 2286 3370 2334 esse
3413 2271 3630 2336 diceret,
3667 2276 3710 2325 et

425 2362 684 2434 ‘cognitio
713 2365 1003 2423 recidivam
1033 2366 1220 2423 Lucilii
1251 2367 1362 2423 tilio
1391 2369 1569 2446 gignat
1600 2369 2036 2447 injuriam.Vale.
2145 2366 2530 2424 humanitatem
2567 2368 3051 2424 commendationis
3089 2383 3224 2425 mea:
3279 2367 3472 2424 amicis
3509 2367 3708 2428 interve-

430 2451 441 2482 ⁷
1066 2457 1287 2515 EPIST.
1330 2458 1418 2514 LI.
2144 2460 2415 2518 nientibus
2443 2460 2758 2531 postularet,
2792 2460 3062 2517 desiderio
3093 2461 3214 2532 ejus
3241 2461 3559 2516 familiarem
3589 2457 3708 2536 μείς

875 2537 1186 2606 svunacuus
1223 2567 1610 2608 APOLLODORIO.
1670 2620 1682 2628 _
2144 2566 2267 2607 nam
2297 2568 2402 2629 non
2437 2553 2623 2623 negavi
2652 2594 2666 2620 ,
2697 2567 2796 2626 qua
2827 2553 3068 2626 principe
3112 2554 3228 2608 loco
3271 2553 3470 2630 fungar
3508 2551 3634 2626 apud
3669 2561 3708 2604 te

431 2635 447 2729 ’1
516 2641 747 2709 Quintus
791 2652 846 2698 et
878 2641 1031 2698 Felix
1064 2643 1508 2714 Hipponiensium
1535 2620 1770 2701 curiales
1796 2687 1810 2712 ,
1845 2645 1944 2706 has
1970 2645 2040 2704 de
2143 2645 2315 2699 salute
2345 2620 2588 2700 dicenda.
2634 2620 2842 2706 Dehinc
2874 2620 3172 2718 prosequor
3201 2620 3479 2716 receptam
3529 2620 3706 2716 petitio-

432 2734 537 2793 *ωε
562 2738 794 2814 ’,ιιιιθι-θε
841 2738 1196 2794 summatibus
1237 2738 1371 2795 vlris
1412 2738 1892 2796 intervenientibus
1940 2739 2042 2796 im-
2145 2751 2298 2801 nem,
2341 2751 2459 2805 qua:
2490 2737 2800 2806 supradicto
2823 2778 2838 2806 ,
2869 2739 2914 2793 si
2941 2738 3174 2794 nondum
3207 2739 3302 2794 tibi
3334 2739 3578 2811 cognitus
3603 2743 3707 2798 εει.

430 2823 748 2900 'petrarunt.
773 2829 941 2886 Debui
963 2830 1108 2886 enim
1127 2831 1446 2901 probitatem
1480 2831 1757 2888 hominum
1789 2832 1858 2888 de
1886 2831 2038 2886 tesli-
2145 2835 2364 2896 praestet
2392 2826 2656 2884 clientelae
2693 2827 2893 2888 aditum
2925 2829 2970 2888 si
3009 2830 3119 2902 jam
3165 2838 3327 2886 notus
3368 2835 3702 2904 augmentum.

428 2918 545 2982 “bus
585 2927 870 2983 :cstlmare.
899 2924 1129 2983 Interest
1166 2925 1330 2998 igitur
1366 2927 1648 2996 amicitiae,
1700 2943 1768 2982 ne
1801 2942 1923 2998 spes
1949 2943 2042 2982 eo-
2130 2916 2296 2973 'Vale.

445 3034 586 3085 rum,
621 3021 711 3090 qui
739 3035 826 3076 me
851 3019 918 3074 ad
941 3018 1374 3096 impetrationem
1404 3017 1642 3074 validum
1669 3013 2036 3086 crediderunt,
2074 3082 2116 3096 _
2737 3013 2952 3070 EPIST.
2993 3013 3148 3070 LVII.

445 3082 666 3182 decepta
699 3111 962 3167 videatur.
991 3082 1200 3179 duare,
1224 3112 1270 3166 si
1299 3110 1426 3182 quid
1455 3127 1644 3167 eorum
1678 3125 1863 3182 poscet
1891 3082 2038 3167 utili;
2067 3082 2116 3150 ο
2335 3129 2338 3132 ’
2580 3125 2895 3168 svuncuus
2934 3127 3294 3176 QUINTILIANO.
3686 3176 3689 3178 _

389 3216 392 3219 ·
448 3211 558 3272 tas,
601 3202 983 3272 benignitatem
1033 3204 1172 3259 adde
1219 3203 1462 3274 justltite.
1503 3205 1680 3261 Credo
1723 3207 1864 3279 enim
1914 3207 2038 3261 talia
2219 3203 2381 3257 Moris
2410 3202 2512 3259 mei
2535 3213 2637 3268 est,
2671 3203 2808 3260 bene
2836 3205 3066 3273 cognitis
3093 3221 3156 3261 ac
3186 3204 3431 3276 probatis
3458 3202 3593 3259 ferre
3611 3196 3704 3256 suf-

435 3292 714 3362 -poscenda
741 3337 757 3361 ,
790 3309 912 3364 quae
955 3310 1054 3350 nec
1095 3295 1504 3350 intervenientls
1533 3297 1848 3365 petitionem
1880 3339 1895 3367 ,
1939 3315 2038 3362 nec
2143 3297 2368 3366 fragium
2387 3336 2402 3361 ,
2430 3311 2530 3352 nec
2558 3311 2815 3364 personas
2842 3296 3141 3366 hominum,
3165 3297 3260 3352 sed
3292 3300 3420 3354 vita:
3441 3295 3616 3356 merita
3640 3305 3704 3346 ρο·

431 3388 752 3457 'prtestantis
774 3387 1034 3457 judicium
1064 3387 1400 3443 decolorent.
1426 3387 1577 3444 Vale.
2143 3391 2333 3460 gltare.
2365 3388 2496 3443 Cum
2529 3388 2690 3459 igitur
2717 3388 2953 3444 Assellus
2982 3389 3316 3446 domesticus
3354 3399 3535 3446 noster
3557 3386 3603 3441 in
3631 3398 3705 3438 ur-

429 3477 438 3503 '
1053 3481 1268 3538 EPIST.
1311 3481 1420 3536 LII.
2133 3481 2298 3537 'banis
2327 3481 2517 3536 castris
2548 3480 2752 3536 militiae
2788 3481 3051 3552 stipendia
3083 3466 3518 3552 sine'ollensione
3551 3475 3706 3532 confe-

881 3588 1185 3630 svuuacuus
1226 3591 1594 3632 nutulumo.
2144 3575 2312 3643 cerit,
2360 3591 2542 3647 quaeso
2596 3584 2651 3629 ιιι
2695 3575 2962 3630 admissus
3024 3574 3077 3629 in
3125 3575 3433 3631 clientelam
3487 3585 3636 3636 luam,
3661 3574 3705 3621 et

430 3670 470 3692 “·
518 3667 600 3724 Me
626 3682 695 3724 ex
725 3669 990 3724 sententia
1019 3666 1203 3722 valere
1232 3667 1497 3738 significo,
1528 3668 1622 3724 tibi
1647 3669 1880 3724 secunda
1908 3678 2038 3744 opto
2145 3682 2324 3722 meum
2355 3667 2706 3736 patrocinium
2740 3666 2841 3722 sibi
2870 3666 3158 3738 profuisse,
3187 3678 3240 3724 et
3272 3677 3423 3724 tuum
3445 3659 3705 3724 accchiéSG

433 3752 729 3834 ’suppete‘re
762 3779 776 3816 :
808 3770 930 3833 post
952 3760 1066 3816 hth
1087 3759 1369 3830 depostulo
1395 3802 1409 3826 ,
1439 3761 1579 3830 quod
1611 3770 1906 3831 spontanea
1940 3762 2028 3816 be-
2145 3760 2377 3816 laetetur.
2410 3755 2560 3816 Vale.

432 3851 702 3929 'nigoitate
721 3858 962 3921 fecisses.
979 3867 1034 3912 ut
1051 3856 1430 3912 conductorem
1456 3854 1533 3911 rei
1561 3871 1693 3911 mea:
1715 3855 2033 3920 Siciliensis,
2529 3881 2535 3891 ο
2712 3851 2933 3908 EPIST.
2977 3851 3158 3908 LVIII.

431 3945 512 4014 ἐει
541 3952 866 4022 provinciam
895 3958 1286 4018 revertentem,
1317 3952 1476 4008 celeri
1509 3961 1820 4008 transcursu
1847 3951 1913 4006 ad
1942 3949 2037 4008 de-
2616 3958 2926 3999 svuuscnus
2965 3959 3275 4002 CECILIANO.

431 4043 639 4116 'stinata
672 4046 929 4102 dimittas.
1035 4066 1041 4072 ν
2215 4036 2548 4093 Intervenlre
2578 4051 2674 4105 pro
2715 4035 2877 4105 justis
2906 4035 3102 4091 debitis
3132 4051 3237 4091 non
3277 4049 3492 4093 recuso.
3522 4024 3702 4085 Malitia:

436 4142 444 4153 '
489 4137 491 4139 ’
579 4151 582 4153 ‘
641 4151 643 4153 ‘
1046 4135 1266 4192 EPIST.
1307 4137 1441 4192 LIII.
2019 4174 2025 4184 ι
2143 4144 2228 4190 est
2256 4131 2726 4202 enim,repudiare
2763 4130 2939 4186 locum
2970 4131 3196 4200 gratiae,
3243 4131 3294 4186 in
3321 4130 3410 4186 his
3437 4172 3452 4198 ,
3479 4122 3701 4199 quwipm

1003 4245 1449 4296 ,svuuacuus...”
2146 4225 2392 4295 postulati
2419 4225 2632 4296 thuitas
2664 4223 3006 4278 commendat.
3048 4223 3350 4280 Formianis
3374 4223 3440 4278 ad
3481 4209 3700 4289 egestatis

517 4325 758 4380 Assiduae
787 4325 1097 4394 scriptionis
1119 4325 1322 4379 nullum
1355 4333 1532 4394 potest
1560 4339 1679 4381 esse
1731 4325 2031 4379 fastidium.
2143 4318 2388 4374 levamen
2411 4325 2615 4372 certum
2647 4333 2711 4372 ex
2737 4315 2918 4371 Africa
2949 4316 3052 4372 olei
3086 4318 3304 4371 modum
3335 4311 3564 4372 decrevit
3591 4301 3698 4360 anliv
3754 4322 3759 4327 ·

443 4415 661 4487 Fungor
691 4417 850 4484 igitur
879 4417 1020 4486 apud
1058 4427 1111 4473 te.
1137 4419 1311 4473 salute
1333 4417 1556 4474 dicenda
1579 4460 1593 4485 ,
1619 4420 1886 4489 simulque
1910 4419 2038 4472 hor-
2061 4471 2114 4489 ἢ
2145 4409 2343 4483 quitas.‘
2385 4412 2618 4468 Poscunt
2647 4426 2678 4466 a
2712 4419 2763 4466 te
2803 4425 3007 4466 morem
3053 4412 3209 4482 longa
3250 4419 3410 4466 :etate
3437 4410 3695 4462 servatum.

436 4518 546 4571 tor,
579 4518 630 4561 et
659 4508 940 4576 deprecor,
971 4519 1029 4562 ut
1061 4509 1337 4563 hominum
1363 4526 1606 4564 meorum
1628 4504 1812 4565 curam
1837 4525 2034 4581 gerere
2061 4491 2117 4532 υ
2141 4506 2226 4562 cui
2257 4506 2413 4564 debet
2435 4504 2668 4575 adjicere
2692 4503 3024 4560 celeritatem
3055 4504 3359 4574 prmstantis
3409 4491 3694 4556 humanitas.

432 4590 552 4672 inon
576 4600 839 4668 graveris;
859 4601 1050 4667 quibus
1077 4617 1181 4656 non
1205 4603 1376 4656 solum
1403 4604 1679 4658 tribuenda
1709 4614 1791 4658 est
1813 4605 2027 4672 ﬁducia,
2141 4597 2296 4655 Vale.

434 4668 486 4747 xsi
516 4693 639 4757 quid
668 4707 794 4746 usus
836 4692 1106 4748 desideret
1152 4695 1501 4764 suggerendi,
1538 4709 1719 4750 verum
1752 4697 1911 4751 etiam
1938 4668 2032 4753 ne;
2645 4691 2656 4698 ’
2739 4688 2952 4746 EPIST-
2997 4687 3130 4742 LIX-

435 4785 667 4840 'cessitas
695 4785 1046 4840 admovenda.
1075 4786 1199 4855 Ilaec
1226 4787 1369 4842 enim
1400 4798 1482 4842 est
1504 4797 1693 4843 natura
1725 4803 2026 4860 servorum,
2676 4793 2986 4836 SYIIMACHUS
3031 4785 3197 4854 tovw.‘

435 4883 498 4932 'nt
528 4871 678 4931 adire
707 4884 936 4930 renuant
957 4877 1297 4947 profuturos,
1328 4877 1453 4932 dum
1483 4879 1695 4948 culpam
1722 4894 1872 4935 suam
1911 4857 2026 4937 me;
2215 4869 2331 4931 Non
2374 4889 2570 4930 novum
2603 4873 2684 4927 vel
2713 4873 3038 4940 incognitum
3061 4916 3076 4941 ,
3126 4871 3219 4926 sed
3257 4876 3579 4941 compertum
3601 4857 3693 4930 3³η]

346 4992 348 4999 “
433 4964 593 5046 “mm
631 4956 981 5034 d-‘iprehendi-
1011 4957 1163 5022 νέηαι
1752 4959 1756 4962 ’
2141 4967 2247 5027 fide
2277 4979 2332 5026 et
2373 4970 2690 5037 antiquitate
2735 4967 2937 5022 militiae
2975 4965 3264 5021 Eusebium
3295 4967 3517 5020 amicum
3543 4961 3691 5046 meuni

497 5053 524 5082 vi
625 5061 630 5089 τ
771 5055 774 5059 '
1031 5057 1248 5112 EPlsT.
1289 5057 1423 5113 LIV.
2137 5063 2420 5134 ’prnmptns
2463 5060 2868 5115 commendator
2915 5059 3128 5114 insinuo
3167 5073 3178 5112 :
3217 5074 3372 5128 quem
3400 5055 3462 5111 ad
3494 5053 3585 5106 ltoc
3606 5039 3692 5099 ενι

934 5166 1237 5206 svuuacnus
1276 5167 1548 5209 causam.
2141 5157 2286 5211 nulla
2333 5166 2545 5208 actuum
2576 5151 2731 5221 culpa
2760 5151 3004 5214 fuscavit,
3048 5150 3142 5205 sed
3171 5150 3431 5215 absentia,
3465 5155 3574 5213 qum
3595 5134 3691 5207 ple-

436 5243 474 5278 ·’
513 5245 761 5300 Tacenda
809 5254 934 5300 sunt
973 5245 1167 5299 damna
1195 5243 1422 5299 fortuna:
1448 5286 1462 5308 ,
1495 5261 1562 5302 ne
1590 5261 1711 5303 sera
1733 5247 2031 5304 consolatio
2139 5250 2321 5322 risque
2372 5247 2568 5303 occulit
2608 5247 2818 5311 merita,
2850 5249 2895 5300 sl
2929 5244 3236 5298 testimonio
3265 5238 3589 5312 praesentium
3615 5228 3692 5322 (Ie-

434 5337 648 5394 ‘scindat
699 5339 953 5408 praeteriti
1001 5338 1205 5393 doloris
1251 5338 1581 5396 cicatricem.
1636 5341 1854 5397 Rectius
1900 5357 2030 5412 ergo
2140 5319 2373 5409 seratur,
2401 5341 2574 5398 locum
2607 5341 2724 5410 ejus
2748 5340 2945 5394 dicitur
2972 5339 3022 5392 in
3069 5337 3354 5406 ancipitem
3396 5342 3577 5391 statum
3613 5319 3691 5412 de-

435 5424 616 5486 iccum
673 5432 764 5487 filii
817 5432 985 5486 nostri
1040 5431 1272 5487 Nemesii
1323 5434 1666 5487 ornatissima
1699 5433 1903 5498 indole,
1938 5432 2028 5488 vel
2139 5439 2357 5494 duxisse
2404 5437 2650 5492 fortunae.
2693 5433 2987 5505 Singularis
3031 5442 3208 5507 tamen
3248 5431 3408 5486 animi
3451 5427 3520 5481 tui
3554 5411 3691 5484 ωριιίο

437 5524 616 5594 potius
641 5521 865 5578 fecunda
893 5524 1104 5600 laudum
1131 5524 1281 5594 fruge
1308 5525 2029 5580 contulerim.Habesvirum
2139 5541 2223 5586 tas
2261 5545 2365 5585 non
2396 5530 2647 5599 patietur,
2687 5535 2743 5582 ut
2780 5542 2968 5597 spero,
3013 5525 3296 5580 adversum
3337 5512 3688 5600 stipendiorum

436 5615 810 5689 dignissimum
840 5633 938 5688 pro
967 5633 1255 5674 numerosa
1288 5620 1438 5689 prole
1469 5621 1676 5675 censeri
1711 5637 1723 5674 :
1757 5623 1898 5675 hunc
1931 5620 2028 5675 tibi
2137 5623 2544 5694 prmrogativam
2582 5635 2764 5676 casum
2798 5619 2998 5674 valere.
3030 5617 3096 5672 Et
3135 5632 3254 5672 mea
3284 5616 3442 5684 igitur
3466 5597 3685 5694 hortatio,

437 5713 492 5770 in
539 5727 756 5770 manum
801 5711 1000 5782 reddo,
1041 5715 1182 5784 quod
1229 5725 1461 5785 utroque
1505 5715 1682 5772 facere
1712 5719 2025 5772 voluissem.
2137 5692 2192 5771 et
2220 5692 2385 5784 ipsius
2436 5713 2629 5771 fiducia
2667 5712 2931 5783 judicium
2985 5723 3132 5768 tuttm
3178 5709 3413 5781 respicit.
3442 5704 3618 5772 Quaeso
3642 5692 3688 5747 ιιι

2066 5865 2112 5898 δ
