3932 6426
196 331 283 396 su
1389 328 1866 396 EPISTOLARUM
1905 334 2106 398 LIBER
2144 339 2237 396 Ix.
2485 295 2488 298 ’
3040 361 3045 365 -
3336 343 3441 402 aut

191 457 340 499 causa
369 443 594 514 cognita,
625 442 864 497 veterum
895 442 1022 522 ejus
1052 443 1436 514 stipendiorum
1463 447 1603 514 justa
1634 462 1756 501 con-
1781 449 1834 509 Λ
1863 451 2023 507 missa
2057 453 2358 511 testabitur.
2391 455 2646 527 Superest
2677 468 2728 514 ut
2764 475 2923 517 omne
2962 468 3277 531 carpentum
3307 462 3440 518 aifa-

190 536 397 600 ﬁrmes,
448 543 793 627 praestaturus
821 547 870 592 et
905 534 1056 627 nobis
1095 535 1282 591 amicis
1309 539 1670 605 securitatem,
1701 548 1755 594 et
1859 544 1954 600 bre
1979 555 2031 600 et
2059 547 2224 602 firmis
2248 551 2650 620 compaginibus
2679 555 2999 624 explicetur.
3025 553 3079 611 Si
3111 565 3259 627 parte
3281 556 3474 626 pretii'

191 631 456 718 honestum
502 625 721 696 collegis
765 625 832 681 de
862 626 1049 696 Optimi
1077 627 1176 682 viri
1205 630 1505 686 retentione
1535 645 1757 688 consor-
1857 636 1922 690 ad
1958 637 2059 693 hoc
2097 654 2233 709 opus
2262 650 2378 707 est,
2411 643 2550 712 quod
2596 645 2828 704 dandum
2872 625 3151 717 srripseris
3173 691 3188 714 ,
3240 625 3443 718 jubebo

111 779 119 787 _
189 718 328 778 tium.
364 716 512 772 Vale.
1820 719 2149 785 numerari.
2193 731 2506 790 Humanitas
2555 737 2830 805 xeniorum
2879 716 3087 794 tuorum
3137 716 3296 796 debet
3324 757 3444 799 esse
3507 799 3517 809 ,

777 809 992 866 EPIST.
1034 811 1146 866 LX.
1860 820 2206 878 moderatior.
2255 824 2462 897 Religio
2490 828 2631 883 enim
2680 829 2872 888 animis
2916 832 3096 902 potius
3141 847 3299 902 quam
3329 850 3447 887 mu-

671 919 981 961 svuuacnus
1019 921 1258 962 eaosuvo.
1861 914 2078 968 neribus
2107 917 2420 974 aestimatur.
2442 919 2586 974 Vale.

245 997 500 1054 Omnibus
545 997 635 1067 qui
685 997 1021 1052 occasionem
1073 997 1378 1067 scriptionis
1420 999 1750 1068 impertiant,
2427 1013 2638 1070 Epls'r,
2691 1015 2874 1073 LXVI,

182 1091 651 1147 commendationis
682 1091 970 1162 quamdam
1004 1092 1240 1162 rependo
1266 1093 1757 1149 mercedem.Nunc
2029 1091 2033 1097 ’
2249 1119 2554 1162 summus
2592 1125 2658 1162 Αυ
2697 1125 3041 1166 suum“.

182 1187 368 1254 optimo
401 1185 516 1239 viro
544 1183 794 1240 Petrucio
823 1183 1016 1238 factum
1057 1184 1203 1252 volo,
1255 1200 1412 1251 quem
1459 1185 1573 1240 scio
1622 1184 1758 1240 hanc

180 1278 450 1346 epistolam
499 1293 608 1331 non
639 1286 747 1332 tam
792 1277 875 1330 sui
906 1277 1393 1342 commendatione,
1441 1293 1600 1348 quam
1649 1279 1757 1334 mei

180 1369 329 1424 officii
377 1370 550 1438 gratia
600 1371 902 1438 postulasse
940 1388 953 1422 :
993 1371 1148 1439 cujus
1195 1387 1412 1440 operam
1452 1387 1605 1426 versa
1639 1372 1757 1426 vice

1935 1212 2107 1270 Pretia
2134 1214 2470 1276 desertorum
2497 1219 2721 1277 confuso
2750 1237 2938 1280 errore
2964 1233 3280 1292 poscuntur.
3311 1224 3445 1280 Nam

1862 1319 2036 1374 neque
2086 1305 2289 1376 judicia
2320 1351 2334 1364 .
2360 1349 2375 1364 .
2403 1351 2417 1364 .
2445 1351 2457 1364 .
2484 1321 2666 1368 certus
2708 1313 2869 1370 futuri
2918 1314 3116 1374 laboris
3162 1316 3444 1372 institutes:

750 1401 1605 1480 'Q":°A°A:_“‘:"J‘::‘VV°"'V"'ff“
1642 1401 1757 1480 ’.πυ
1863 1401 2026 1460 fixum
2074 1403 2217 1462 enim
2265 1420 2328 1460 ac
2370 1407 2649 1476 deﬁnitum
2696 1417 2843 1466 tenet
2885 1410 3212 1480 amplissima
3260 1409 3450 1480 praele-

180 1461 554 1518 munerandam
584 1461 786 1532 putavi.
817 1462 1066 1532 Poposcit
1096 1463 1320 1527 litteras,
1353 1473 1414 1518 ut
1439 1464 1531 1519 tibi
1561 1464 1757 1534 proba-

1881 1502 2015 1550 :tura
2043 1539 2058 1564 ,
2111 1496 2314 1556 nullum
2363 1498 2480 1568 ejus
2509 1487 2628 1556 esse
2659 1500 2873 1568 meriti,
2918 1461 3316 1558 ut‘sublimitarti
3347 1507 3450 1558 tua:

177 1552 611 1658 rel-“ifpfnsius.
641 1555 750 1658 Ego
772 1564 957 1658 contra
990 1553 1112 1658 ideo
1138 1555 1418 1658 scripsisse
1450 1571 1535 1612 me
1563 1556 1752 1623 fateor,
1862 1552 2057 1644 debeai
2081 1552 2378 1658 ευυέοεπίέ

179 1656 227 1699 ut
256 1645 346 1702 tibi
377 1647 473 1702 ille
503 1649 774 1717 acceptior
803 1647 1136 1740 redderetur.
1165 1648 1312 1708 Vale.
2245 1645 2275 1658 ν
2434 1681 2647 1740 Epigr.
2689 1683 2895 1740 LXV",

764 1738 978 1802 EPISI’.
1023 1738 1158 1796 LXI.

672 1847 982 1893 svuaacuus
1019 1848 1242 1888 vacuo.
1784 1831 1833 1892 Β

241 1929 335 1985 Vix
378 1927 643 1995 adducor,
673 1936 731 1982 ut
756 1927 972 1984 credam
1004 1927 1210 1984 litteras
1243 1942 1388 1982 meas
1418 1941 1562 1996 saepe
1592 1940 1752 1996 repe-

181 2027 292 2082 titas
322 2022 457 2080 nihil
482 2021 708 2079 Leontio
755 2021 978 2077 remedii
1024 2021 1336 2080 contulisse.
1367 2021 1500 2091 Quia
1546 2021 1591 2077 si
1623 2021 1756 2076 nihil

181 2121 360 2175 virium
409 2118 664 2188 frequens
695 2115 1029 2177 interventus
1059 2122 1242 2168 noster
1274 2113 1579 2179 habuisset,
1609 2113 1755 2170 desi-

180 2219 335 2268 steret
373 2208 691 2279 suffragium
743 2222 920 2262 meum
973 2207 1133 2262 toties
1160 2206 1338 2261 elusus
1385 2215 1591 2278 optare.
1623 2206 1757 2260 Cum

183 2307 328 2377 igitur
353 2304 500 2376 apud
535 2319 620 2358 me
652 2301 888 2374 querela:
918 2301 1072 2356 istius
1101 2301 1234 2357 fides
1263 2301 1422 2355 dubia
1453 2300 1550 2367 sit;
1569 2315 1761 2373 exspe-

179 2400 263 2456 riri
289 2400 438 2466 volo,
469 2397 556 2454 cui
590 2396 926 2466 potissimum
966 2395 1102 2466 parti
1133 2393 1393 2451 dubitatio
1421 2409 1537 2449 mea
1567 2393 1761 2448 debeat

177 2490 449 2562 applicari.
484 2489 582 2545 Est
628 2487 788 2558 igitur
837 2487 888 2544 in
942 2502 1101 2544 manu
1153 2495 1260 2554 tua,
1311 2495 1488 2542 utrum
1539 2485 1761 2556 posthac

2445 1788 2867 1830 SYHIACHUS...”

1937 1881 2004 1938 Et
2028 1884 2207 1954 quiete
2237 1885 2550 1954 provincia,
2584 1896 2638 1942 et
2663 1887 2865 1958 vigoris
2895 1888 2968 1943 tui
2999 1888 3160 1944 laude
3185 1887 3450 1945 delector.

1862 1973 1972 2032 Nec
2019 1976 2305 2048 quidquam
2353 1980 2664 2050 magisterio
2709 1996 2832 2037 meo
2873 1980 3109 2048 vindico,
3143 1998 3262 2038 cum
3295 1996 3453 2039 omne

1863 2070 2006 2140 quod
2037 2081 2244 2140 spectat
2265 2073 2332 2128 ad
2355 2061 2606 2144 gloriam,
2635 2084 2736 2131 tua:
2761 2077 2941 2147 potius
2969 2077 3134 2133 indoli
3164 2077 3449 2134 debeatur.

1864 2161 2037 2218 Macte
2066 2163 2226 2233 igitur
2259 2163 2415 2233 primi
2446 2167 2666 2222 honoris
2694 2169 2967 2239 auspiciis,
2989 2168 3120 2224 etin
3149 2168 3454 2224 uberiorem

1863 2257 2086 2324 gloriam
2134 2257 2319 2314 felices
2363 2259 2524 2316 tende
2563 2271 2785 2317 conatus
2834 2271 2891 2317 ut
2953 2262 3050 2318 tibi
3097 2261 3164 2317 ad
3194 2261 3453 2317 celsiores

1865 2351 2062 2420 gradus
2087 2352 2308 2422 januam
2339 2354 2562 2423 pandas,
2604 2367 2658 2410 et
2688 2354 2988 2412 Romanum
3017 2370 3211 2411 nomen
3239 2354 3456 2410 claritu-c

1868 2442 1994 2498 diue
2023 2444 2502 2503 administrationis
2529 2446 2988 2504 illumines.\'ale.

181 2593 346 2640 tenere
377 2585 439 2641 iu
467 2581 750 2644 scribendo
777 2595 982 2636 morem
1029 2579 1278 2644 debeam,
1321 2594 1388 2634 an
1422 2579 1760 2658 verecundia:
2417 2578 2634 2635 EPIST.
2677 2578 2908 2634 LXVIII.

181 2685 358 2732 nostra:
388 2675 644 2732 continua
675 2675 836 2729 etiam
870 2673 1235 2729 taciturnitate
1264 2672 1567 2729 consulere.
1603 2670 1754 2726 Vale.
2451 2685 2874 2726 svancnvs.....

746 2767 962 2826 Epls'l‘,
1015 2767 1175 2824 Lxu,
1263 2803 1268 2808 .
1937 2757 2099 2813 Soleo
2123 2758 2385 2814 amicitias
2413 2761 2739 2828 optimorum
2772 2761 2977 2831 primus
3002 2771 3276 2832 expetere.
3306 2761 3458 2816 Nunc

660 2877 973 2918 suum”,
1026 2879 1258 2919 ποηυιο,
1867 2849 2100 2905 fortunae
2132 2865 2267 2905 mea:
2296 2851 2570 2906 inclinatio
2614 2861 2671 2906 ut
2701 2854 3027 2924 praevenirer
3073 2854 3271 2909 effecit.
3325 2854 3452 2909 Tri-

237 2956 310 3011 Tu
359 2954 582 3026 quidem
632 2965 852 3024 paterna
897 2954 1182 3010 affectione
1238 2956 1431 3025 pignus
1477 2971 1762 3012 commune

1881 2943 2079 2997 bueuda
2107 2950 2190 2998 est
2217 2942 2376 3013 igitur
2403 2944 2554 2999 venia
2597 2945 2896 3012 tarditatis,
2944 2961 3050 3000 non
3094 2946 3455 3016 negligentia,

180 3049 532 3106 commendas.
609 3048 714 3106 sed
767 3049 840 3104 im
889 3048 1160 3104 επίοπίυε
1205 3050 1383 3104 studia
1427 3060 1482 3106 ει
1520 3065 1761 3119 amorem
1869 3034 1965 3090 sed
1997 3033 2352 3090 mmstitudini
2395 3050 2580 3089 meae:
2621 3045 2675 3090 et
2722 3037 2864 3091 bono
2910 3036 3088 3092 omine
3127 3036 3458 3092 familiaritas

179 3141 426 3198 bonorum
477 3141 770 3210 probabilis
811 3140 917 3195 γεω
971 3141 1240 3196 conciliat.
1291 3141 1467 3197 "abes
1507 3142 1762 3212 juvenem
1868 3126 2192 3194 capulanda,
2225 3127 2310 3182 cui
2339 3128 2638 3197 auspicium
2669 3127 2974 3184 fortunatus
3003 3128 3320 3202 praestitisti.
3350 3129 3460 3184 Sed

177 3238 317 3306 cujus
358 3238 515 3304 fruge
566 3235 798 3306 gaudere
828 3225 1048 3303 debeas,
1073 3235 1172 3291 etsi
1205 3235 1318 3291 scio
1361 3246 1540 3306 patres
1566 3217 1802 3293 avarosi

1881 3219 1994 3275 :icet
2015 3234 2102 3275 me
2131 3221 2246 3306 ipse
2263 3219 2424 3276 officii
2455 3219 2645 3276 ordine
2673 3229 2729 3275 et
2755 3220 3062 3292 dignatione
3084 3222 3456 3292 praeverteris;

183 3342 290 3383 esse
330 3328 480 3396 voti,
533 3342 635 3382 nec
674 3327 779 3381 ulla
828 3327 1058 3382 filiorum
1107 3326 1245 3381 bona
1292 3338 1477 3396 putare
1523 3328 1760 3399 perfecta
1871 3313 2220 3380 ἰηιιοειενιιιη
2250 3320 2784 3384 ιθιιιειιηθιιυθίιυθηι
2815 3313 3357 3382 Νείάθηῑὶυάίωυίες
3401 3323 3461 3369 ιη

181 3419 436 3476 desiderio
464 3428 520 3476 et
543 3419 832 3491 cupiditate
856 3421 1087 3492 potiore.
1120 3419 1279 3474 Forte
1312 3421 1494 3477 lactari
1523 3423 1760 3477 animum

1881 3405 2168 3460 animorum
2216 3413 2522 3462 nostrorum
2571 3407 2917 3474 conciliatio,
2967 3423 3088 3478 quae
3136 3419 3226 3462 tuo
3269 3409 3460 3462 invita-

185 3522 319 3567 ιιωπ,
358 3513 566 3584 iudicas
615 3514 760 3568 dulci
792 3514 972 3582 potius
1003 3511 1192 3568 "nmio
1233 3526 1390 3580 quam
1433 3512 1598 3570 θάειί,
1625 3513 1762 3570 Cum
1868 3509 2053 3553 mento
2095 3501 2327 3568 sumpsit
2365 3499 2668 3567 exordium,
2703 3501 2839 3556 meis
2887 3501 3083 3557 litteris
3127 3502 3460 3573 frequentata

191 3618 306 3661 vero
348 3607 438 3662 tibi
469 3609 586 3677 ejus
615 3607 847 3663 reditum
897 3605 1047 3661 favor
1074 3605 1287 3660 divinus
1317 3608 1588 3673 annuerit,
1621 3619 1674 3661 tu
1704 3611 1761 3662 in

1881 3590 2191 3646 cmuletur.
2211 3589 2359 3645 Vale.
2579 3597 2593 3608 ’

189 3701 316 3758 illius
345 3703 553 3761 meritis
593 3701 968 3774 deprehendes
998 3701 1102 3756 mei
1135 3701 1426 3756 testimonii
1455 3701 1758 3758 veritatem.
2445 3681 2660 3739 ΕΡΙδΤ·
2701 3681 2888 3740 LXIX.

190 3793 321 3854 Vale.
2456 3789 2777 3830 svuuacuus.

741 3887 954 3944 Epls‘l‘,
1016 3886 1194 3946 Lxm,
1943 3867 2149 3923 Mallem
2193 3865 2408 3938 quidem
2455 3866 2684 3922 reditum
2733 3875 2882 3922 tuum
2923 3883 3082 3938 quam
3115 3869 3320 3924 litteras
3361 3871 3460 3924 im-

752 3993 1174 4036 swncwsmn
1653 4018 1656 4022 ,
1873 3972 2106 4032 petrare.
2154 3960 2262 4018 Sed
2292 3962 2454 4017 etiam
2505 3960 2703 4017 habent
2753 3962 2941 4018 solatia
2991 3963 3199 4031 locum,
3247 3966 3458 4034 quoties

242 4072 647 4130 οδεεηεηιίειη
695 4050 1024 4128 vetulus“;
1071 4071 1300 4138 indum,
1346 4080 1404 4127 ιη
1448 4054 1608 4129 domo
1641 4088 1762 4141 pm-
1871 4046 2180 4107 fraudamur
2219 4054 2438 4122 optatis.
2504 4052 2704 4107 Vereor
2731 4062 2910 4108 autem
2939 4067 3006 4107 ne
3035 4063 3088 4108 te
3116 4053 3205 4108 diu
3231 4056 3298 4108 ab
3327 4056 3458 4111 urbe

181 4167 294 4222 [cui
355 4174 621 4239 pmsmm
673 4165 971 4235 auspicium
1022 4173 1222 4221 mnum
1269 4167 1600 4236 scriptionis.
1653 4166 1763 4234 Sed
1870 4147 2250 4216 protermines.
2297 4145 2537 4216 Namque
2577 4145 2679 4201 hoc
2725 4149 2880 4202 nobis
2922 4149 3156 4203 minatur
3193 4151 3459 4208 tarditatis

178 4277 270 4332 ego
310 4263 486 4332 longa:
513 4260 926 4331 exspectationis
959 4259 1249 4332 impatiens
1271 4260 1514 4316 ordinent
1544 4276 1764 4322 servare
1871 4249 1980 4312 mm.
2003 4239 2278 4332 elaborat?
2310 4239 2590 4332 "°'e"_5i9{
2618 4254 2785 4332 qua”?
2812 4241 2972 4298 “um
3022 4242 3254 4307 ηθνθτίδν
3280 4245 3458 4302 η¹¹¹¹³⁵

178 4328 272 4407 non
305 4328 476 4421 potui.
510 4328 665 4407 Prior
695 4351 856 4421 igitur
898 4353 991 4406 tibi
1021 4328 1482 4408 honorificentiam
1513 4354 1636 4424 styli
1667 4355 1762 4423 de-

1881 4344 2036 4384 mom
2064 4329 2414 4398 aliegationes
2441 4328 2871 4386 desiderantibus
2893 4332 3065 4402 justas
3085 4333 3273 4403 videri.
3294 4337 3459 4402 Quid-

178 4444 304 4500 {em
340 4444 548 4500 Dehinc
575 4444 802 4513 διωμοεο
833 4443 1180 4513 poswlawm’
1231 4445 1385 4512 cuius
1430 4445 1544 4499 haec
1566 4421 1759 4499 ἀπ,τώ
1869 4421 1997 4491 quid
2032 4422 2191 4491 igitur
2213 4423 2328 4490 ipse
2354 4422 2679 4477 causationis
2705 4425 2966 4493 attuleris,
2990 4427 3188 4493 surdis,
3206 4436 3264 4482 ut
3288 4430 3454 4497 aiunt,

177 4548 282 4601 es"
317 4547 372 4592 ω
407 4535 755 4590 Laurentium
785 4535 1135 4590 domesucum
1181 4536 1361 4606 (quod
1404 4535 1596 4592 domus
1627 4553 1762 4592 mem
1868 4515 2087 4570 auribus
2108 4515 2399 4585 ingeretur.
2422 4515 2546 4571 Haec
2569 4517 2782 4572 interim
2807 4519 2872 4573 de
2895 4529 3086 4589 quarto
3109 4520 3309 4576 Latinae
3335 4526 3455 4593 vice,

180 4627 340 4693 poscit
388 4625 633 4697 utilitas)
680 4625 932 4696 suffragio
980 4635 1072 4681 tuo
1128 4626 1437 4682 dissimules
1485 4607 1802 4700 adjuvare]

1881 4622 1990 4661 mox
2039 4623 2221 4678 agrum
2254 4607 2576 4664 Laurentem
2625 4609 2889 4680 petiturus
2935 4617 3143 4669 emitto.
3177 4615 3273 4670 Est
3310 4619 3457 4675 enim

166 4716 316 4775 ,νῆα
716 4764 722 4768 ν
1796 4705 1801 4714 ”
1871 4701 2136 4758 familiare
2161 4702 2533 4770 maerentibus,
2561 4703 2724 4759 animi
2753 4719 2911 4762 curas
2939 4708 3254 4778 migratione
3281 4711 3460 4766 discu-

738 4810 952 4869 EPIS‘I‘.
1012 4811 1197 4867 LXIV.
1871 4803 2005 4850 tere.
2027 4794 2169 4850 Vale.
2247 4828 2256 4837 -

693 4918 997 4960 SYIIACBUS
1033 4918 1260 4960 PACATO.
1920 4897 1926 4901 ’
2452 4887 2668 4944 EPIST.
2709 4889 2874 4945 LXX.

245 4998 472 5056 Incrtare
516 4999 804 5055 debueras.
852 4997 959 5054 Sed
1005 4998 1246 5068 prolixus
1292 4998 1346 5053 in
1385 4998 1484 5054 hac
1529 5013 1770 5071 conque-
2023 5006 2025 5008 ‘
2450 4996 2873 5038 SYllAcﬂﬂlu-u

178 5097 348 5152 stione
376 5111 496 5153 esse
541 5111 684 5152 nunc
715 5096 877 5166 piget.
909 5094 1088 5165 Itaque
1135 5093 1201 5148 ad
1237 5093 1759 5150 commendationem
1947 5092 2267 5146 Accusarem
2295 5092 2562 5147 silentium
2595 5103 2766 5162 tuum,
2800 5095 2903 5150 nisi
2936 5105 2990 5150 te
3019 5095 3074 5149 in
3103 5095 3264 5150 fratre
3290 5097 3460 5153 vidis-

169 5187 271 5242 viri
316 5188 644 5244 devotissimi
673 5183 922 5259 Olympii!
945 5185 1256 5240 amicissimi
1301 5186 1403 5240 mei
1452 5185 1607 5240 flecto
1643 5197 1762 5240 sero
1874 5200 2006 5240 sem.
2040 5185 2133 5240 Ille
2161 5194 2215 5239 et
2243 5184 2402 5240 officii
2433 5187 2853 5242 satisfactionem
2875 5230 2890 5256 ,
2920 5189 2974 5242 et
3001 5188 3297 5256 prtesentiae
3323 5188 3464 5244 ima-

179 5296 426 5338 monem:
449 5293 607 5351 teque
633 5281 822 5337 sedqu
852 5294 1000 5346 rogo,
1035 5287 1091 5334 ut
1119 5293 1240 5332 eum
1269 5292 1492 5332 securus
1519 5279 1762 5333 testimo—
1871 5279 2049 5349 ginem
2099 5279 2226 5333 mihi
2277 5279 2425 5334 solus
2477 5279 2739 5335 exhibuit.
2771 5279 2901 5335 Nam
2934 5281 3117 5335 omnia‘
3143 5280 3279 5336 bona
3311 5282 3366 5337 in
3396 5297 3462 5339 eo

181 5374 250 5428 nii
275 5375 331 5428 in
363 5373 653 5445 penetralia
701 5371 1080 5428 familiaritatis
1117 5371 1391 5425 admittas.
1421 5369 1678 5440 Reperies
1708 5372 1761 5425 in
1875 5373 2088 5443 agnovi,
2109 5387 2229 5443 quae
2259 5373 2311 5426 in
2343 5382 2394 5426 te
2420 5372 2619 5428 dudum
2648 5374 2886 5440 probavi.
2915 5375 3054 5430 Amo
3079 5373 3240 5445 igitur
3265 5391 3460 5451 venam

177 5477 242 5519 eo
289 5480 500 5522 morum
548 5465 685 5520 bona
712 5505 726 5530 ,
777 5462 954 5532 qualia
994 5461 1181 5532 judicii
1237 5462 1310 5517 tui
1353 5462 1762 5532 circumspectio
1873 5465 2091 5520 familia:
2119 5473 2329 5521 vestrm.
2358 5466 2430 5520 De
2459 5481 2559 5536 qua
2592 5467 2770 5534 nobis,
2796 5467 2956 5523 etiam
2987 5467 3079 5536 qui
3108 5467 3282 5524 adhuc
3314 5484 3462 5526 com-

177 5561 456 5614 consuevit
482 5560 698 5631 eligere.
722 5557 875 5612 Vale.
1147 5558 1153 5562 ⁷
1876 5557 2014 5628 perti
2043 5571 2153 5612 non
2175 5568 2317 5622 sunt,
2341 5558 2692 5628 praerogativa
2718 5559 2902 5630 optimi
2928 5561 3140 5632 generis
3166 5561 3461 5618 laudabiles

762 5649 975 5705 EPIST.
1018 5648 1179 5704 LXV.
1869 5650 1980 5718 jam
2009 5651 2280 5705 videntur.
2307 5648 2565 5717 Superest
2592 5665 2734 5706 nunc
2757 5636 2890 5706 mihi
2915 5651 3171 5708 solemnis
3199 5654 3289 5709 illa
3312 5654 3462 5708 efﬂa-

667 5757 976 5799 svunacnus
1014 5757 1260 5798 ALLEVIO.
1870 5745 2055 5813 gitatio
2107 5744 2434 5809 litterarum,
2495 5759 2654 5813 quam
2701 5760 2803 5800 nec
2851 5746 3199 5802 omittendam
3242 5748 3460 5815 penitus

248 5819 488 5891 Vehiculi
516 5845 649 5893 rotae
690 5837 846 5906 cujus
873 5837 1104 5892 debeant
1131 5849 1253 5890 esse
1294 5849 1559 5890 mensurae
1612 5834 1834 5926 linea"
1867 5835 1954 5892 exi
1989 5838 2116 5890 timo
2140 5876 2156 5905 ,
2197 5850 2265 5890 ne
2290 5836 2562 5892 remissius
2582 5851 2762 5908 cures,
2788 5855 2906 5912 qua:
2931 5849 3088 5912 putas
3120 5854 3226 5896 non
3249 5837 3460 5895 deside-

1787 5907 1834 5932 Υ

634 5995 674 6004 ρ-
