3932 6442
443 4139 449 4145 ·
526 4144 639 4184 rem
664 4170 681 4194 ,
715 4139 892 4184 utrum
929 4130 1212 4186 commode
1255 4139 1472 4200 peracto
1501 4133 1694 4189 itinere
1737 4134 1804 4189 ad
1852 4134 2116 4190 destinata

414 5459 418 5462 -
513 5428 652 5484 Voto
681 5433 822 5486 enim
855 5432 1105 5502 faventis,
1141 5451 1247 5489 non
1280 5436 1425 5491 exitu
1458 5439 1537 5491 rei
1576 5439 1788 5492 anian
1815 5439 2098 5509 obligatur.

1758 371 1823 439 ρ.
1866 369 2208 428 AURELIUS
2247 368 2674 442 SYMMACIIUS.

533 355 542 362 ’
578 375 682 434 343
1758 371 1823 439 ρ.
1866 369 2208 428 aunauus
2247 368 2674 442 SYMMACHUS.
3689 385 3760 443 δη

495 547 498 550 ,
573 493 703 559 rari,
735 507 833 548 nec
863 506 1185 562 magnopere
1217 489 1625 561 perurgcndam,
1675 504 1740 543 ne
1773 489 1864 543 tibi
1896 497 2154 558 perpetua
2179 490 2230 550 Α
2261 505 2363 557 quo
2393 492 2569 546 sortiri
2603 490 2784 546 Sicilia
2819 490 3158 564 magistratus
3181 536 3195 560 ,
3238 491 3543 550 anteriorum
3569 501 3760 554 recorda-

570 587 854 642 conventio
884 586 1167 642 soontanei
1199 585 1421 654 gratiam
1454 585 1706 652 decerpat
1735 582 1916 638 officii.
1954 582 2104 638 Vale.

1141 679 1358 735 EPIST.
1401 678 1587 732 LXXI.

1146 789 1569 830 SVMMACIIUS...“

637 869 891 935 Quamvis
939 868 1176 938 relegere
1222 870 1356 931 iter,
1403 877 1562 936 atque
1609 865 1751 920 illico
1797 879 1980 935 parem
2025 878 2152 919 rure

564 960 862 1026 deducere;
906 961 1006 1016 hoc
1039 963 1210 1030 ipsum
1243 970 1422 1015 tamen
1471 961 1628 1014 breve
1675 959 2013 1013 intervallum
2045 956 2150 1013 dici

565 1067 790 1107 vacuum
818 1067 938 1108 esse
972 1053 1164 1107 litteris
1193 1067 1296 1106 non
1327 1053 1514 1120 patiar.
1545 1048 1805 1117 Primum,
1835 1059 1893 1104 ut
1915 1049 2148 1104 officium

562 1146 884 1215 scriptorum
933 1157 1143 1201 tuorum
1195 1143 1561 1199 vicissitudine
1606 1144 1869 1198 sermonis
1916 1142 2148 1212 aequipa-

559 1255 696 1295 rem.
731 1240 954 1309 Dehinc,
991 1251 1047 1295 ut
1077 1241 1338 1310 expetitas
1368 1238 1630 1294 amicitias
1662 1238 1832 1292 relatu
1861 1237 2045 1305 gratia:
2067 1238 2146 1292 in-

558 1333 770 1402 telligar
797 1334 1086 1389 munerari.
1119 1335 1414 1396 Postremo,
1442 1342 1498 1387 ut
1528 1333 1723 1387 iudicio
1754 1333 2012 1388 adventus
2039 1333 2143 1390 mei

561 1427 851 1494 pauxillum
882 1427 948 1480 de
979 1435 1052 1493 te,
1087 1425 1133 1480 si
1162 1440 1282 1481 mox
1311 1426 1459 1481 abire
1489 1425 1804 1481 decreveras
1825 1467 1838 1491 ,
1873 1426 2144 1482 residendi

557 1525 769 1586 tempus
796 1519 1088 1574 obtineam.
1120 1517 1201 1573 Ob
1231 1519 1327 1572 bas
1354 1533 1545 1573 causas
1573 1519 1864 1588 epistolam
1887 1528 2144 1574 venturus

553 1607 669 1677 ipse
700 1617 951 1678 tanquam
997 1611 1276 1679 praesulem
1313 1609 1453 1664 misi.
1489 1610 1595 1667 Sed
1642 1611 1695 1664 in
1743 1611 1826 1664 his
1872 1613 2142 1681 praecipua

553 1706 684 1761 mihi
735 1707 831 1781 fuit
872 1677 1009 1763 ratio
1058 1722 1164 1762 non
1215 1707 1432 1767 silendi.
1466 1706 1607 1776 quod
1636 1706 1784 1776 prior
1808 1677 1990 1760 votum
2019 1677 2142 1762 san-
2773 1677 2991 1734 EPIST'
3036 1677 3294 1734 LXXVI"

547 1801 754 1857 ciendae
796 1801 1172 1857 familiaritatis
1221 1800 1476 1856 habuisti.
1524 1801 1677 1857 Unde
1701 1816 1892 1858 curare
1921 1817 2006 1856 me
2046 1801 2124 1858 de

2825 1788 3250 1828 SYMMACIIUS..."

546 1897 697 1962 cuit,
747 1912 816 1952 ne
862 1897 1074 1965 culpam
1109 1895 1309 1950 fastidii
1339 1895 1711 1951 contraherem
1759 1895 2142 1953 dissimulando
2174 1887 2217 1946 Β
2275 1952 2288 1965 ,
2319 1861 2528 1965 scripta
2552 1869 2642 1965 "ia
2670 1863 2960 1965 plurim"?
2988 1865 3114 1918 mihi
3138 1858 3763 1965 ί¹ζ“ξ¹¹¹¹¹¹“’⁰¹¹ξΡ¹³¹ί⁶·ἓ⁸¹¹

546 2006 828 2060 responsa.
858 1991 1017 2060 Atqui
1051 1990 1264 2046 mallem
1295 2004 1510 2060 semper
1539 2007 1654 2048 mea
1683 2007 1850 2060 opera
1880 1993 2140 2048 amicitias
2244 1967 2289 2009 δ’
2319 1956 2536 2062 fimum
2588 1954 2774 2062 nam?
2819 1957 3059 2011 res'dere
3103 1954 3570 2062 v°lu'sses‘_.mu"o
3593 1953 3764 2062 Ἢριῴ

546 2083 824 2147 inchoari;
872 2093 1075 2138 tantum
1106 2085 1280 2150 abest,
1313 2095 1369 2138 ut
1399 2085 1546 2155 pigre
1569 2094 1622 2140 et
1648 2085 1976 2155 negligenter
2004 2085 2142 2140 acci-
2243 2047 2400 2155 20b”
2428 2060 2710 2155 i’msem‘a
2744 2059 2856 2118 ίυθν
2888 2066 3046 2154 (Iliam
3078 2059 3472 2155 Serm0_gr‘atta‘.‘
3495 2049 3762 2155 contulisset.

544 2176 688 2245 piam
740 2192 932 2231 munus
985 2176 1262 2245 religionis
1315 2138 1531 2230 oblatae.
1583 2179 1697 2246 Ago
1718 2138 1904 2246 uigitur
1941 2179 2140 2245 gratias
2243 2138 2383 2194 Fero
2432 2149 2811 2251 [amermquo
2859 2142 3269 2251 ’,λωθά
3324 2141 3587 2251 deside"?

547 2236 702 2324 honre
729 2269 986 2325 voluntati
1021 2236 1156 2336 tunc,
1195 2278 1249 2325 et
1293 2271 1493 2325 curabo
1538 2236 1725 2325 sedqu
1760 2236 1951 2324 officiis
1981 2271 2137 2339 meis,
2243 2251 2482 2339 amorem
2512 2238 2696 2339 nam“!
2741 2239 3051 2339 ΨξίυΙῘδ-ίξίῇ
3086 2239 3152 2294 Et
3197 2253 3358 2339 ⁵99Ῐο
3396 2237 3588 2339 “582m
3616 2236 3688 2290 m"
3712 2245 3762 2339 "3'

544 2371 605 2415 ut
651 2361 841 2416 credas
888 2363 1128 2432 potuisse
1145 2327 1246 2417 ’me
1294 2362 1564 2417 scribendi
1594 2361 1783 2417 ordine
1830 2327 2137 2434 prmveniri;
2240 2331 2434 2437 fimi”,
2469 2333 2751 2437 ηυίηξωηθ
2784 2333 3115 2437 ,Ιίδθτίξηδυῗ
3159 2332 3352 2437 δίυδξῖέ
3402 2332 3641 2437 emdjwr’

541 2454 815 2525 diligentia
845 2420 1006 2510 m'ﬁmi
1040 2471 1142 2510 non
1178 2469 1354 2524 posse.
1379 2454 1529 2510 Vale.
1832 2420 1847 2432 '
2118 2420 2133 2434 ’
2241 2423 2469 2478 dendam
2502 2424 2633 2478 mihi
2670 2425 2867 2494 saepius
2899 2425 2970 2480 tui
2997 2425 3227 2495 copiam.
3272 2425 3481 2480 Interea
3510 2424 3624 2478 dum
3649 2420 3764 2475 absc-

1101 2515 1318 2605 Ep'IST.
1368 2547 1577 2603 LXX".
2239 2530 2382 2592 mus,
2405 2515 2791 2586 frequentanda
2822 2517 2914 2572 tibi
2947 2528 3029 2571 est
3059 2532 3218 2586 opera
3242 2516 3562 2587 scriptionis,
3587 2523 3634 2568 ut
3656 2524 3763 2566 meus

2239 2609 2398 2665 etiam
2424 2610 2594 2682 stylus
2620 2611 2685 2666 ad
2715 2611 3135 2667 vicissitudinem
3164 2622 3502 2682 provocetur.
3531 2609 3659 2665 Vale.

2262 580 2406 636 tione
2434 584 2726 638 metuebat.
2763 583 2905 638 Ades
2951 583 3114 674 igitur
3157 585 3310 640 nobis
3337 597 3659 657 exspectatus,
3684 591 3761 646 illis

2259 674 2667 731 desiderandus.
2702 677 2767 731 Et
2794 693 3062 748 prtesumo
3093 678 3189 733 tibi
3211 689 3427 750 accepto
3457 681 3759 750 ferendum,si

2258 769 2550 837 provinciae
2577 770 3004 826 commodaverit
3028 771 3339 840 posterioris
3367 772 3594 829 imitatio.
3615 780 3761 832 Auctor

2257 867 2341 913 est
2365 861 2506 914 enim
2537 861 2798 917 bonorum
2836 863 3171 934 sequentium
3198 905 3215 932 ,
3259 863 3348 934 qui
3378 865 3607 937 relinquit
3630 883 3762 935 exem-

2257 951 2422 1023 plum.
2451 953 2600 1010 Vale.

2802 1070 3018 1128 EPIST.
3061 1071 3292 1127 LXXVI.

2837 1181 3259 1221 SYIIMACIIUS..."

2326 1255 2599 1322 Querebar
2623 1259 2816 1312 tacitus
2842 1257 2960 1327 ipse
2990 1273 3200 1314 mecum
3224 1259 3292 1315 de
3319 1260 3544 1324 silentio,
3565 1259 3642 1314 sed
3665 1260 3762 1312 ami-

2256 1363 2374 1404 cam
2424 1353 2829 1408 succensioncm
2875 1367 3064 1409 recens
3107 1369 3287 1410 sermo
3336 1355 3568 1425 placavit.
3597 1353 3707 1422 Ergo
3730 1354 3763 1406 in

2255 1459 2409 1498 usum
2444 1454 2680 1517 veterem
2725 1455 3064 1503 revertamur
3087 1491 3102 1515 ,
3151 1460 3207 1504 et
3243 1458 3478 1503 mutuam
3505 1446 3762 1516 diligentiam

2251 1538 2516 1609 religiosis
2547 1540 2958 1596 salutationibus
2989 1543 3322 1597 excolamns.
3344 1541 3487 1596 Vale.

1119 2657 1466 2698 SYMMACIIUSH
1480 2682 1491 2696 .
1503 2681 1515 2696 ι
1527 2684 1540 2697 .

613 2736 999 2803 Alexandrum,
1028 2736 1184 2790 sicuti
1211 2737 1500 2806 loquuntur
1527 2735 1787 2801 historiae,
1815 2736 1993 2805 gravis
2019 2751 2124 2792 mo-

2762 2750 2978 2807 EPIST.
3020 2749 3300 2806 LXXVIII.

539 2828 737 2883 mordit
770 2827 964 2882 invidia
996 2827 1137 2896 quod
1169 2828 1362 2882 Achilli
1416 2827 1715 2883 fortissimo
1754 2829 1851 2882 αξνί
1899 2829 1980 2884 sui
2027 2829 2134 2884 Ho-
2821 2858 3243 2898 εγωηοιιυεηη,

535 2937 742 2978 merum
772 2937 1075 2992 praeconem
1108 2923 1317 2976 fortuna
1351 2924 1646 2978 tribuisset.
1672 2922 1738 2976 At
1765 2922 1894 2976 mihi
1921 2923 2132 2978 animus

533 3017 709 3084 gliscit
755 3017 950 3087 gaudio
975 3058 990 3082 ,
1023 3017 1163 3087 quod
1208 3027 1432 3091 eventus
1468 3017 1601 3088 reip.
1637 3032 1928 3087 prosperos
1971 3017 2130 3088 parili

533 3124 784 3164 sermone
815 3110 1040 3164 ornasti.
1075 3110 1228 3165 Unde
1259 3111 1456 3165 factum
1487 3123 1589 3177 est,
1616 3121 1673 3165 ut
1698 3111 1895 3166 nostris
1915 3125 2128 3181 quoque

532 3202 807 3257 obtutibus
835 3242 848 3263 .
897 3204 987 3272 qui
1038 3204 1224 3272 procul
1271 3204 1478 3273 agimus
1505 3245 1519 3267 ,
1563 3203 1809 3273 quaedam
1853 3211 2123 3273 gestorum

533 3293 696 3349 facies
739 3296 1074 3350 subderetur.
1110 3296 1283 3361 Quare
1319 3297 1546 3351 fortuna:
1593 3305 1695 3351 tua:
1734 3287 1974 3366 gratulor
2004 3312 2122 3367 qua:

536 3393 898 3453 Spectatorem
931 3396 983 3441 te
1012 3388 1260 3441 secundis
1285 3389 1450 3442 rebus
1479 3389 1749 3458 apposuit,
1783 3397 1840 3444 et
1868 3388 2126 3444 facundiae

534 3494 652 3547 qua:
682 3479 865 3533 talium
903 3480 1238 3549 negotiorum
1283 3482 1634 3551 magnitudini
1664 3483 1922 3538 orationis
1950 3485 2124 3552 gravi-

531 3581 642 3626 tate
668 3574 966 3643 respondit.
989 3573 1236 3630 Caelestis
1266 3584 1424 3628 nutus
1455 3575 1673 3638 efﬁciet,
1701 3585 1758 3630 ut
1782 3577 2124 3632 ornatissimo

532 3661 727 3735 lingua:
760 3675 861 3720 tute
891 3667 1257 3737 promptuario
1283 3683 1554 3737 nunquam
1584 3668 1730 3725 desit
1773 3671 1994 3726 materia
2037 3680 2119 3725 ta-

531 3756 662 3812 lium
697 3757 1023 3813 nuntiorum.
1049 3758 1195 3814 Vale.

1080 3851 1294 3908 EPIST.
1336 3853 1568 3909 LXXIII.

1110 3961 1535 4001 SYMMACHUS...”

597 4037 740 4092 Cura
769 4037 963 4092 anxius
987 4053 1134 4093 eram
1179 4040 1487 4109 priusquam
1521 4040 1726 4097 litteras
1766 4045 1895 4096 tuas
1941 4056 2118 4098 sume-

2305 2932 2479 2989 Credo
2524 2935 2771 2999 miraris,
2818 2935 2961 3005 quod
3009 2935 3185 2991 adhuc
3229 2934 3400 2990 crudo
3441 2933 3646 2988 fortuna
3666 2941 3762 2984 mea:

2234 3027 2456 3084 vulnere
2483 3029 2751 3084 silentium
2779 3031 3035 3099 ruperim.
3068 3030 3192 3084 Haec
3224 3028 3415 3084 solatia
3439 3070 3456 3097 ,
3499 3027 3576 3082 bis
3600 3037 3762 3096 pascor.

2238 3101 2321 3173 liis
2355 3136 2571 3176 recreor
2602 3139 2614 3175 :
2647 3122 2749 3177 etsi
2780 3122 2869 3176 illa
2901 3121 3040 3177 duco
3087 3121 3293 3191 majora
3326 3136 3446 3191 quae
3475 3118 3595 3174 mibi
3620 3133 3674 3172 ex
3698 3123 3764 3169 tuo

2235 3223 2451 3282 pectore
2487 3225 2540 3271 et
2586 3231 2836 3271 sermone
2866 3215 3183 3272 redduntur.
3215 3215 3322 3271 Sed
3357 3216 3481 3270 nolo
3509 3214 3762 3280 tantisper:

2229 3322 2318 3361 me
2365 3307 2547 3376 exigas
2613 3309 2815 3364 litteras
2864 3309 3153 3379 longiores.
3202 3308 3402 3364 Breves
3449 3317 3567 3363 sunt
3604 3300 3763 3359 doloris

2230 3399 2458 3454 induciae
2483 3441 2499 3466 ,
2549 3411 2602 3456 et
2645 3417 2766 3457 mox
2800 3403 2850 3456 in
2886 3402 3110 3458 miseras
3141 3402 3496 3472 cogitationes
3537 3399 3761 3454 recurrunt

2227 3491 2558 3549 dissimulata
2607 3496 2880 3564 paululum
2910 3497 3067 3550 mala.
3103 3495 3244 3562 Ergo
3270 3503 3361 3549 tua
3412 3495 3577 3565 potius
3613 3487 3762 3544 redun-

2227 3585 2318 3639 det
2348 3588 2540 3654 oratio,
2571 3603 2692 3658 qua:
2723 3588 2813 3642 tibi
2843 3587 3052 3643 Iaudem
3093 3595 3318 3642 servatae
3345 3585 3584 3643 amicitiae
3612 3579 3762 3652 pariet.

2225 3688 2280 3732 et
2321 3679 2447 3734 mihi
2478 3681 2758 3750 praesentis
2785 3697 3038 3738 mrumnae
3061 3681 3302 3737 Solamen
3334 3675 3682 3737 aiferet.Vaie-

2785 3815 2998 3886 EPIST.
3043 3814 3278 3871 LXXIX.

2809 3924 3165 3964 SYMSIACIIUSH
3179 3952 3188 3962 .
3201 3948 3239 3964 ..

2299 4001 2508 4056 Utinam
2553 4011 2604 4057 te
2647 3990 2834 4057 r'nelior
2877 4016 3037 4056 causa
3074 4003 3332 4056 tenuisset
3365 4043 3378 4068 ,
3431 4009 3484 4055 et
3517 3997 3655 4053 facile
3692 3989 3761 4045 ab-

2224 4094 2412 4150 sentire
2443 4104 2546 4148 ture
2577 4093 2771 4148 damna
2800 4093 3092 4150 ferremus:
3132 4092 3417 4164 Utcunque
3455 4101 3620 4147 tamen
3651 4081 3760 4141 desi-

2223 4185 2427 4240 derium
2477 4186 2550 4240 tui
2599 4185 2894 4242 litterarum
2944 4187 3136 4242 solatio
3181 4187 3483 4257 mitigasti:
3528 4197 3646 4255 quas
3677 4177 3758 4232 fre-

2223 4287 2484 4348 quentare
2513 4279 2842 4350 dignaberis,
2877 4281 2919 4334 si
2966 4295 3124 4350 quam
3167 4280 3259 4336 tibi
3306 4279 3481 4337 adhuc
3511 4270 3756 4335 necessitas

2222 4369 2497 4427 familiaris
2529 4387 2729 4428 moram
2763 4372 3037 4428 indixerit.
3067 4373 3216 4429 Vale.

2769 4507 2987 4566 EPIST.
3027 4507 3244 4564 LXXX.

2808 4618 3231 4658 SVMIACIIUS.....

2142 4659 2198 4723 D
2295 4692 2358 4748 Et
2386 4695 2554 4749 sancti
2595 4695 2760 4751 animi
2797 4696 2874 4750 tui
2912 4695 3227 4762 affectione,
3270 4705 3325 4753 et
3364 4695 3620 4754 sermonis
3652 4683 3757 4746 assi-

2219 4788 2421 4843 duitate
2460 4789 2720 4845 delector.
2770 4788 2849 4843 Ne
2890 4790 3021 4844 illud
3051 4791 3270 4861 quidem
3301 4791 3541 4848 beneficii
3575 4779 3756 4843 minoris

2217 4879 2483 4946 existimo,
2513 4881 2655 4951 quod
2693 4881 2760 4935 ad
2806 4883 3148 4938 scribendum
3191 4883 3322 4939 mihi
3356 4885 3571 4940 idoneas
3604 4871 3756 4933 tribuis

2213 4973 2516 5028 facultates.
2569 4975 2744 5044 Spero
2776 4977 2918 5031 enim
2949 4977 3170 5046 paginas
3201 4993 3351 5033 meas
3393 4979 3484 5033 tibi
3519 4987 3662 5047 posse
3685 4981 3753 5023 re-

2212 5068 2383 5136 stitui,
2418 5083 2551 5138 quas
2581 5079 2895 5139 reposcunt,
2921 5072 3010 5142 qui
3039 5080 3129 5126 tuo
3152 5071 3354 5140 judicio
3379 5072 3654 5142 portitores
3678 5062 3756 5115 hu-

525 4223 888 4290 pervenisses.
942 4223 1047 4279 Sed
1093 4223 1181 4294 ubi
1227 4225 1426 4279 certior
1470 4223 1644 4280 factus
1694 4241 1834 4292 sum,
1867 4225 2117 4281 nihilva-

521 4312 746 4368 Ietudini
794 4326 896 4369 tuae
941 4315 1125 4372 labore
1153 4315 1364 4372 itineris
1409 4315 1774 4382 deminutum,
1807 4321 2019 4374 animus
2045 4320 2110 4374 ad

522 4419 584 4458 se
615 4407 859 4461 revertit.
893 4407 1172 4463 Prrestabit
1199 4409 1410 4465 divinus
1447 4411 1614 4479 favor,
1651 4422 1709 4468 ut
1738 4415 1897 4469 sicuti
1924 4413 2116 4470 absen-

523 4500 597 4553 tia
629 4507 716 4554 tua
745 4509 923 4569 optata
950 4501 1320 4570 cognovimus,
1343 4504 1413 4559 ita
1438 4513 1529 4560 tuo
1557 4507 1730 4562 reditu
1760 4508 2111 4577 gaudeamus.

522 4591 673 4648 Vale.
1245 4631 1256 4642 .

1075 4687 1296 4744 EPIST.
1334 4687 1568 4743 LXXIV.

1105 4795 1433 4837 SYMIIACHIIS.
1446 4820 1504 4837 ο..
1519 4824 1530 4835 .

591 4871 931 4930 Editionibus
973 4877 1172 4931 nostris
1203 4875 1428 4931 amicam
1456 4891 1676 4947 operam
1709 4879 1998 4948 polliceris.
2026 4880 2108 4936 ln-

515 4966 698 5037 tclligo
726 4965 918 5022 litteris
944 4967 1334 5024 benevolentiae
1365 4977 1468 5024 ture
1495 4969 1742 5026 effectum
1770 4975 2104 5043 respexidere

511 5059 756 5128 potuisse
778 5101 794 5128 ,
829 5060 871 5113 si
928 5061 1148 5116 honoris
1179 5061 1252 5115 tui
1302 5070 1509 5132 tempus
1539 5063 1770 5119 felicitas
1818 5067 2105 5136 provincia:

512 5161 886 5222 propagasset.
919 5152 1025 5208 Sed
1055 5154 1301 5224 quamvis
1331 5155 1591 5224 depositis
1621 5157 1849 5226 reipubl.
1883 5159 2103 5215 habenis
2211 5163 2300 5232 jus
2329 5162 2493 5217 officii
2522 5164 2848 5234 deliguntur.
2884 5166 2947 5220 Et
2973 5181 3103 5221 vero
3133 5181 3251 5236 qua:
3275 5181 3372 5235 pro
3399 5172 3576 5220 mutua
3606 5151 3754 5213 amici-

514 5261 750 5316 nequeas
780 5247 1028 5317 promissi
1057 5248 1343 5304 terminum
1384 5249 1511 5304 dare
1537 5292 1552 5316 ,
1587 5266 1687 5322 ego
1731 5261 1906 5308 tamen
1939 5256 2106 5308 fateor
2217 5255 2283 5308 tia
2321 5254 2556 5324 dignaris
2585 5255 2886 5325 injungere,
2918 5257 3149 5313 libenter
3178 5259 3518 5329 exsequenda
3534 5248 3750 5319 suscipio.

508 5339 584 5390 ita
633 5355 720 5395 me
767 5341 856 5395 tibi
889 5340 1138 5397 vadatum
1185 5343 1397 5414 gratia,
1447 5354 1502 5398 ut
1533 5355 1743 5412 sperata
1794 5348 2100 5416 perfeceris.
2155 5329 2424 5414 equoties
2467 5348 2775 5404 desiderant
2833 5365 3052 5418 cperam
3108 5365 3281 5406 meam
3345 5365 3479 5421 quos
3517 5354 3755 5404 commen-

2212 5441 2431 5497 datione
2460 5443 2806 5512 prosequeris
2847 5461 2860 5496 :
2912 5444 3006 5498 sed
3046 5444 3090 5498 si
3121 5443 3248 5514 quid
3290 5453 3382 5498 aut
3413 5433 3752 5512 negligentins.

2215 5541 2308 5586 aut
2343 5533 2515 5587 serius
2551 5536 2772 5587 sortitur
2800 5533 3079 5600 effectum,
3123 5549 3310 5589 eorum
3355 5521 3752 5588 dissimulationi.

2215 5641 2349 5694 quos
2379 5625 2754 5679 commonendi
2783 5641 2907 5680 cura
2942 5626 3162 5691 deserit,
3192 5635 3407 5696 oportet
3430 5622 3635 5680 ascribi.
3664 5616 3752 5670 (ἔξιδ-

2216 5727 2386 5771 terum
2414 5727 2519 5771 tam
2546 5719 2686 5787 justa
2718 5727 2772 5774 et
2795 5720 3016 5774 honesta
3042 5730 3183 5787 sunt,
3203 5737 3322 5791 quae
3345 5722 3456 5790 ipse
3479 5719 3754 5788 plerumque

2213 5810 2452 5879 delegas,
2506 5821 2564 5864 ut
2608 5811 2734 5867 mihi
2781 5813 2864 5866 vel
2907 5822 3026 5868 utro
3057 5814 3354 5885 appetenda
3397 5815 3465 5870 sit
3515 5799 3753 5866 exsecutio

2213 5905 2570 5974 probabilium
2603 5905 2920 5963 litterarum.
2963 5906 3109 5962 Vale.
3441 5920 3444 5923 λ

511 5519 717 5578 Interea
741 5525 955 5583 abundo
970 5528 1187 5598 gaudio,
1211 5531 1353 5598 quod
1383 5531 1472 5585 tibi
1498 5532 1736 5586 omnium
1760 5548 1937 5587 rerum
1963 5535 2100 5588 fama

513 5613 666 5671 floret
694 5627 748 5673 et
773 5620 825 5674 in
856 5633 1055 5678 partem
1085 5627 1324 5692 quaesitae
1353 5641 1382 5678 a
1416 5635 1466 5680 te
1499 5627 1667 5681 laudis
1698 5628 1915 5682 accedo.
1952 5629 2099 5685 Vale.

1073 5714 1284 5770 EI’IST.
1322 5715 1530 5771 LXXV.

1093 5821 1521 5865 SYMMACIIUS...“

580 5893 757 5958 Beasti
801 5897 1002 5957 curiam
1049 5909 1288 5958 nostram
1339 5903 1624 5960 forumque
1678 5903 1997 5974 Romanum,
2032 5906 2100 5965 de
