3932 6462
165 406 269 464 345

712 525 922 583 EPIST.
964 526 1204 584 LXXXI.

753 634 1084 676 SYIIIACIIUS.
1097 664 1106 676 .
1119 661 1179 675 ...
1219 672 1228 681 ,

236 711 338 767 Diu
364 710 576 768 litteras
617 719 738 766 tuas
779 711 1120 769 desiderasse
1149 728 1235 769 me
1273 713 1464 782 fateor,
1520 731 1744 786 quarum

159 805 465 876 apportatio
505 806 899 876 exspectationi
945 805 1256 877 plenissime
1285 809 1570 864 satisfecit.
1603 808 1748 865 Pras-

163 901 312 971 cipue
357 908 542 956 autem
593 900 792 970 gaudio
839 899 958 967 fuit,
1010 902 1150 971 quod
1198 913 1248 958 te
1286 918 1382 973 pro
1423 913 1549 959 voto
1588 919 1747 974 agere

163 992 437 1047 nuntiasti.
479 991 684 1048 Dehinc
709 992 850 1063 quod
879 993 1142 1050 adventus
1175 995 1250 1050 tui
1281 995 1476 1051 dedisti
1500 995 1742 1051 obsidem

162 1084 530 1154 Sponsionem.
579 1085 647 1140 Et
683 1085 935 1155 quoniam
967 1095 1019 1142 te
1047 1087 1246 1143 mutuis
1272 1087 1339 1144 de
1365 1103 1450 1144 me
1477 1102 1745 1158 praesumo

159 1175 383 1245 gaudere
405 1221 421 1246 ,
467 1185 592 1247 post
622 1177 856 1247 ingentia
887 1178 1152 1249 pericula,
1190 1196 1308 1250 quze
1339 1182 1484 1235 solus
1516 1181 1568 1234 iu
1600 1195 1746 1236 com-

160 1270 322 1326 munis
349 1270 546 1342 patriae
577 1273 978 1343 perturbatione
1011 1276 1266 1342 toleravi,
1315 1275 1369 1329 in
1405 1275 1603 1329 bonum
1634 1285 1742 1330 sta-

161 1372 260 1418 tum
290 1364 522 1421 rediisse
553 1366 819 1436 signiﬁco.
853 1367 1132 1438 Superest,
1173 1380 1230 1423 ut
1256 1367 1322 1423 ad
1357 1368 1740 1437 plenitudinem

159 1470 537 1526 prosperorum
576 1458 765 1513 laetitia
805 1460 960 1516 nobis
997 1471 1208 1531 sperata
1250 1461 1560 1531 proveniat;
1601 1459 1742 1531 quod

157 1548 276 1604 mihi
309 1560 400 1606 tuo
427 1550 612 1608 reditu
645 1552 1000 1622 spopondisti.
1026 1553 1196 1622 ,Vale.

690 1643 908 1700 EPIST.
943 1644 1202 1699 LXXXII.

609 1743 612 1748 '
729 1754 1157 1795 srnuacnusu.u

221 1825 397 1885 Pomis
450 1830 564 1886 tuis
614 1830 828 1886 abunde
871 1831 1130 1886 honorem
1175 1831 1377 1903 scripto
1419 1833 1650 1888 facerem
1692 1830 1739 1886 si

156 1921 401 1979 valerem.
448 1923 608 1979 Nunc
644 1924 901 1980 obsessus
922 1923 1284 1980 membrorum
1314 1923 1551 1980 omnium
1585 1924 1738 1980 dolo—
1769 1919 1814 1979 Β

156 2014 326 2082 ribus,
365 2016 632 2072 silvarum
686 2027 896 2073 tuarum
945 2017 1154 2073 laudem
1196 2029 1497 2089 sequestro.
1529 2018 1738 2074 'Faciet

160 2108 398 2178 frequens
449 2109 764 2165 humanitas
815 2119 901 2165 tua
953 2119 1012 2164 ut
1061 2125 1205 2181 saepe
1247 2111 1379 2166 alias
1430 2112 1483 2166 in
1525 2110 1733 2168 Marsos

157 2196 280 2256 bona
310 2201 605 2258 Phaacum
635 2203 895 2258 translata
926 2202 1282 2258 celebremus.
1318 2201 1470 2258 Vale.

664 2294 879 2350 EPIST.
921 2293 1204 2349 LXXXIII.

727 2403 1157 2444 SYIMACHUS...”

221 2481 339 2538 lluri
364 2497 490 2540 cum
524 2483 836 2554 parentibus
864 2483 1107 2551 otiabar,
1151 2488 1213 2540 ut
1238 2483 1420 2554 algore
1445 2482 1732 2540 Praenesti-

159 2573 204 2630 ni
229 2574 506 2632 diversorii
533 2576 870 2648 flagrantiam
895 2575 1110 2633 torrida:
1140 2578 1342 2633 aestatis
1363 2577 1725 2633 excluderem.

161 2667 228 2724 Eo
253 2685 334 2726 me
359 2671 461 2726 loci
509 2681 831 2742 repererunt
874 2672 1069 2727 litterae
1113 2683 1249 2739 tuae,
1283 2687 1416 2744 quas
1442 2682 1726 2742 exspecta-

160 2763 286 2818 tione
337 2764 704 2835 prosperioris
757 2764 938 2820 indicii
990 2765 1254 2836 principio
1314 2766 1466 2822 laetus
1520 2767 1725 2837 accepi.

161 2855 372 2928 Namque
396 2859 464 2914 ad
492 2859 598 2916 hoc
626 2859 869 2916 locorum
899 2861 1046 2915 nullo
1074 2877 1160 2917 me
1203 2877 1430 2918 munere
1459 2863 1728 2918 sermonis

163 2946 488 3007 hilaraveras.
545 2952 649 3008 Sed
699 2953 790 3008 ubi
835 2969 1025 3009 omnes
1084 2954 1359 3010 molestias
1410 2971 1542 3026 quas
1583 2955 1726 3011 Pado

164 3054 359 3102 auctore
390 3048 662 3114 tolerasti,
692 3049 922 3104 sollicita
949 3048 1180 3104 lectione
1204 3051 1486 3118 percensui
1513 3068 1528 3115 ;
1559 3065 1725 3105 accu-

161 3147 263 3194 sato
299 3143 521 3198 vernula
557 3152 647 3199 tuo
691 3143 945 3211 flumine,
983 3147 1136 3216 cujus
1170 3146 1412 3202 turbidos
1440 3155 1648 3202 meatus
1672 3157 1728 3202 et

163 3231 354 3291 inﬁdum
377 3253 576 3308 agmen
607 3249 860 3310 expertus
900 3254 997 3308 es;
1037 3239 1193 3295 retuli
1230 3241 1388 3297 istam
1429 3255 1723 3298 conserva-

1377 409 1856 471 EPISTOLARUM
1899 415 2097 472 LIBER
2139 417 2226 473 lX.

1775 534 1828 594 Α
2390 535 2601 592 EI‘IST.
2641 539 2900 595 LXXXV.

3333 430 3440 490 διδ

2441 647 2867 691 SYHSIACIIUS..."

1929 724 2130 777 Amicm
2161 709 2450 780 voluntatis
2480 727 2732 782 indicium
2763 739 2869 796 est,
2903 729 3045 799 quod
3075 731 3302 801 adeptus
3326 745 3439 786 am-

1857 813 2156 882 plissimum
2186 817 2543 881 consulatum,
2575 821 2935 890 cognitionem
2959 821 3094 876 mihi
3117 830 3172 878 et
3200 822 3438 878 societa-

1855 913 1962 961 tem
1993 908 2123 961 tanti
2147 909 2323 978 gaudii
2354 911 2670 980 praestitisti.
2723 912 2901 981 Quare
2951 913 3110 985 hujus
3161 915 3254 972 tibi
3296 917 3438 988 apud

1855 1014 1941 1056 me
1981 1001 2220 1057 muneris
2256 1006 2431 1072 opima
2473 1005 2589 1060 laus
2629 1013 2753 1060 est:
2789 1007 3000 1077 quando
3028 1007 3098 1063 ita
3130 1023 3353 1065 securus
3379 1025 3439 1066 es

1853 1092 1956 1147 mei
1995 1094 2182 1159 animi,
2226 1103 2284 1149 ut
2326 1095 2430 1150 tuis
2469 1096 2626 1152 rebus
2672 1101 2946 1169 prosperis
2991 1102 3128 1157 scias
3155 1116 3251 1157 nos
3278 1115 3438 1172 posse

1852 1186 2042 1242 laetari.
2073 1187 2212 1254 Quid
2234 1190 2376 1260 quod
2408 1190 2571 1246 etiam
2600 1193 2884 1249 consulare
2907 1196 3176 1266 negotium
3211 1196 3308 1251 fuit
3337 1197 3436 1251 ho-

1851 1279 1998 1334 noris
2031 1282 2112 1335 sui
2158 1283 2402 1337 nuntium
2444 1283 2602 1340 latius
2641 1288 2992 1355 promovere?
3022 1286 3224 1344 Gaudia
3265 1289 3433 1357 enim,

1847 1371 2038 1441 quibus
2074 1375 2226 1442 pauci
2266 1375 2546 1443 fruuntur,
2589 1388 2811 1448 angusta
2844 1390 2986 1436 sunt.
3020 1381 3228 1437 Dehinc
3265 1382 3434 1451 ipsius

1845 1465 2034 1520 aeterni
2063 1465 2323 1537 principis
2345 1467 2666 1525 beneﬁcium
2692 1471 2960 1526 celebrius
3004 1482 3163 1543 atque
3192 1474 3432 1527 ornatius

1847 1558 2147 1628 reddidisti,
2179 1562 2265 1616 cui
2296 1561 2395 1616 sub
2425 1563 2708 1619 occasione
2737 1565 2920 1620 talium
2962 1565 3260 1622 litterarum
3291 1565 3431 1635 apud

1848 1652 2046 1707 multos
2076 1655 2272 1722 gratias
2298 1654 2499 1710 videris
2521 1657 2715 1726 egisse,
2740 1673 2899 1728 quam
2930 1657 3159 1727 benigne
3188 1657 3432 1710 animad-

1842 1755 2123 1801 vertantur
2152 1746 2347 1802 ofﬁcia.
2382 1748 2565 1804 Facito
2605 1761 2662 1804 ut
2687 1750 2843 1805 istam
2878 1752 3100 1823 gratiam
3151 1749 3420 1807 scribendi

1843 1838 2157 1895 assiduitate
2189 1841 2490 1896 continues.
2525 1840 2676 1896 Vale.

2374 1932 2591 1988 EPIST.
2621 1933 2906 1989 LXXXVI.

2429 2040 2802 2083 SVMMACIIUS...
2815 2069 2852 2083 ..

1910 2119 2224 2191 Compotem
2280 2135 2363 2176 me
2411 2123 2575 2191 optati
2637 2123 2805 2178 nuntii
2854 2121 3170 2193 praestitisti.
3231 2121 3426 2179 Fateor

1838 2215 1980 2270 enim
2030 2231 2171 2272 verae
2211 2216 2459 2271 amicitiae
2500 2216 2638 2272 hanc
2674 2231 2794 2272 esse
2841 2218 3125 2284 rationem,
3172 2224 3229 2271 ut
3272 2231 3420 2272 com-

1837 2308 1995 2362 moda
2024 2317 2206 2364 nostra
2239 2318 2423 2364 mutuo
2452 2310 2802 2380 gaudeamus.
2837 2309 3090 2366 Gratulor
3117 2309 3275 2377 igitur
3299 2325 3420 2366 cum

1835 2402 1930 2456 tibi
1968 2402 2343 2458 familiaritatis
2391 2411 2592 2459 nostrae
2642 2417 2830 2472 causa,
2879 2412 2986 2459 tum
3031 2403 3420 2473 famastempo-

1834 2510 1950 2550 rum
1995 2511 2154 2566 quam
2187 2497 2418 2553 recentis
2444 2497 2630 2568 judicii
2671 2495 2894 2568 aequitas
2923 2496 2975 2551 in
3023 2505 3276 2552 aeternam
3306 2496 3420 2567 glo-

1833 2589 1967 2644 riam
2011 2590 2323 2646 vindicavit.
2375 2591 2612 2646 Functus
2667 2606 2725 2646 es
2765 2591 2954 2663 optimi
2999 2589 3128 2645 civis
3157 2588 3417 2656 ofﬁcium,

1833 2681 2001 2736 multa
2043 2696 2204 2752 opera
2226 2728 2238 2750 ,
2266 2686 2487 2754 perpeti
2529 2683 2910 2739 sollicitudine.
2960 2682 3065 2739 Sed
3096 2684 3220 2738 nolo
3249 2683 3418 2753 ι)ωηί-

1832 2780 1960 2827 teat.
1995 2772 2173 2827 Virtus
2203 2772 2510 2829 durioribus
2534 2775 2759 2844 negotiis
2789 2775 3056 2841 enitescit,
3088 2785 3138 2829 et
3162 2789 3418 2844 asperna-

1831 2873 1918 2919 tur
1946 2865 2204 2921 declivem
2239 2866 2566 2935 facilitatem,
2603 2868 2942 2937 maximoque
2968 2867 3165 2922 sudore
3187 2867 3414 2921 arduum

1831 2956 2004 3012 laudis
2058 2958 2336 3013 annititur.
2381 2958 2531 3013 Adde
2580 2960 2682 3013 ltuc
2725 2957 2866 3028 quod
2909 2961 2960 3012 in
3000 2974 3092 3013 ore
3139 2956 3414 3012 fortissimi

1830 3050 2086 3122 principis
2137 3051 2271 3124 agis,
2321 3062 2376 3105 et
2421 3051 2634 3122 publico
2671 3052 2813 3107 bono
2865 3053 2984 3107 sine
3034 3052 3280 3108 satietate
3316 3050 3412 3106 de-

1833 3141 2025 3196 frueris
2062 3160 2074 3194 :
2120 3156 2238 3211 quin
2271 3158 2356 3198 res
2384 3158 2488 3197 non
2522 3152 2838 3213 compensat
2881 3143 3071 3208 modo,
3111 3142 3205 3198 sed
3253 3141 3414 3196 etiam

1831 3237 2176 3293 commendat
2204 3237 2463 3294 laborem.
2507 3237 2624 3292 .lam
2657 3237 2784 3294 illud
2825 3238 2982 3308 quale
3021 3245 3138 3303 est,
3179 3236 3320 3307 quod
3363 3236 3415 3290 in

164 3327 304 3384 tionis
341 3339 443 3386 tua:
471 3333 706 3401 gratiam
734 3332 837 3389 diis
865 3332 1191 3400 auctoribus,
1237 3334 1506 3405 Bonaeque
1535 3333 1722 3390 Fortu-
1751 3312 1797 3376 ο
1830 3345 1991 3386 causa
2038 3347 2141 3385 non
2186 3339 2393 3386 tantum
2441 3340 2529 3386 tua
2574 3331 2804 3386 fortunae
2835 3331 3098 3386 eluctatus
3129 3330 3414 3396 incertum,

166 3437 252 3476 me.
280 3423 636 3491 Quamobrem
666 3427 1047 3498 complacitum
1088 3439 1174 3484 est
1199 3427 1334 3483 mihi
1366 3443 1549 3484 serum
1577 3427 1730 3484 exhi-

167 3513 251 3569 biti
281 3520 540 3592 sermonis
576 3519 838 3588 ofﬁcium,
903 3521 1054 3590 cujus
1108 3521 1322 3593 longam
1370 3523 1727 3578 cessationem

172 3609 389 3666 secundis
413 3612 585 3667 rebus
623 3613 727 3667 tuis
763 3613 1011 3668 incusare
1042 3614 1358 3684 potuissem.
1393 3613 1615 3670 Factum
1644 3623 1728 3670 est

169 3698 291 3754 enim
331 3704 589 3775 religione
639 3704 986 3775 qua‘debuit,
1045 3717 1100 3760 ttt
1146 3707 1296 3776 prius
1349 3705 1726 3763 liberationem

165 3799 319 3860 tuam,
359 3811 520 3866 quam
567 3797 862 3867 periculum
895 3797 1180 3854 discerem.
1223 3799 1402 3867 Quare
1449 3813 1614 3869 penes
1639 3813 1729 3854 so-

163 3884 416 3952 spitatores
461 3889 537 3943 tui
565 3889 697 3944 deos
739 3889 977 3945 manebit
1007 3890 1124 3945 hinc
1168 3905 1318 3958 cura,
1364 3901 1423 3946 ut
1449 3891 1725 3948 beneﬁciis

161 3975 258 4032 suis
277 3979 472 4051 jugiter
503 3982 881 4050 immorentur,
926 3993 1081 4055 teque
1120 3984 1192 4039 ob
1236 3985 1486 4041 meritum
1523 3985 1728 4041 donent

164 4069 292 4141 largo
313 4075 486 4129 :etatis
515 4090 741 4131 excursu
767 4094 782 4143 ;
817 4075 890 4131 ita
916 4086 978 4131 ut
1011 4086 1262 4133 senectus
1299 4078 1434 4133 nihil
1463 4079 1728 4149 decoquat

165 4163 430 4222 firmitatis.
466 4167 673 4223 Interea
702 4169 953 4239 quoniam
982 4179 1033 4224 te
1060 4178 1213 4239 grata
1239 4171 1477 4226 secessio
1504 4171 1728 4241 etquies

164 4253 310 4310 dulcis
351 4259 730 4328 amplectitur;
777 4275 959 4331 quaeso
1001 4276 1185 4316 curam
1225 4262 1472 4333 dignatus
1503 4263 1726 4332 arripias

168 4347 421 4406 nobiscum
469 4351 666 4422 saepius
707 4352 982 4424 loquendi.
1029 4353 1264 4424 Adjicies
1309 4355 1613 4425 plusculum
1644 4371 1730 4412 re~

164 4436 352 4499 lectioni
394 4445 643 4514 corporis
689 4445 758 4513 si,
807 4456 896 4501 aut
944 4447 1252 4504 emittendis
1305 4448 1589 4517 epistolis,
1638 4459 1731 4504 aut

165 4535 376 4594 vicissim
431 4539 710 4596 sumendis
765 4541 1248 4612 peregrinationem
1295 4540 1509 4597 levaris.
1571 4539 1730 4596 Certe

166 4629 299 4684 nobis
327 4632 461 4687 nihil
490 4632 759 4704 antiquius
786 4634 908 4700 erit,
961 4648 1119 4703 quam
1172 4643 1223 4688 te
1269 4633 1484 4703 legere,
1535 4632 1727 4704 quibus

1835 3423 1968 3479 nulli
2020 3423 2263 3478 nostrum
2309 3423 2473 3480 debes
2516 3423 2752 3478 victoriae
2801 3432 2904 3479 ture
2947 3421 3218 3494 gratiam?
3256 3420 3417 3475 Plura

1831 3516 2067 3594 vellem;
2109 3516 2203 3572 sed
2241 3516 2427 3571 videor
2458 3516 2588 3570 mihi
2633 3516 2684 3570 in
2732 3516 3018 3586 praesentia
3051 3513 3182 3569 satis
3226 3499 3419 3567 fecisse

1832 3607 2143 3663 verborum.
2167 3607 2318 3663 Nunc
2341 3609 2385 3662 si
2421 3607 2512 3662 tibi
2538 3605 2775 3678 potes‘tas
2799 3615 2904 3674 est,
2936 3606 3079 3661 malo
3111 3615 3167 3660 ut
3189 3604 3300 3677 jam
3331 3619 3419 3660 re-

1832 3707 2037 3758 curras.
2057 3701 2116 3757 Si
2133 3701 2257 3772 quid
2277 3716 2548 3756 morarum
2569 3710 2669 3768 ρει,
2691 3714 2871 3773 quzeso
2894 3698 3241 3772 respondeas.
3263 3696 3413 3754 Vale.

2349 3793 2568 3850 EPIST.
2611 3792 2919 3849 LXXXVII.

2410 3881 2840 3945 Svnnacnusu.n

1909 3985 2127 4041 Summa
2181 3982 2274 4038 tibi
2322 3982 2459 4054 apud
2512 3997 2598 4038 me
2637 3983 2752 4037 laus
2797 3991 2851 4038 et
2898 3981 3064 4037 solida
3105 3979 3275 4053 gratia
3311 3989 3418 4049 est,

1832 4079 2048 4148 quando
2080 4077 2132 4132 id
2161 4076 2382 4132 affectas
2413 4075 2659 4130 amicitim
2685 4075 2863 4140 cultu,
2913 4083 2970 4128 ut
2998 4087 3096 4128 nos
3122 4073 3417 4128 litterarum

1832 4170 2037 4225 honore
2060 4168 2319 4238 digneris.
2367 4167 2471 4222 Sed
2500 4162 2620 4237 pars
2647 4166 2889 4236 epistolae
2917 4172 3021 4219 tua:
3061 4179 3178 4233 quae
3208 4161 3418 4218 laudem

1833 4264 1961 4318 mihi
1982 4263 2272 4333 assignavit
2296 4261 2515 4331 eloquii,
2542 4261 2611 4316 sit
2639 4260 2764 4316 licet
2789 4259 2947 4314 nimis
2965 4256 3222 4328 jucunda,
3242 4256 3420 4314 minus

1832 4365 2010 4411 tamen
2040 4371 2186 4411 vera.
2219 4355 2335 4410 Non
2363 4352 2535 4409 audeo
2557 4353 2795 4410 scribere
2820 4371 2833 4406 :
2862 4352 3110 4407 Mentiris
3129 4361 3184 4407 et
3212 4351 3420 4420 Ηεεὶρὶσ

1831 4463 1953 4503 cum
1987 4448 2102 4503 haec
2131 4449 2196 4502 de
2225 4463 2311 4502 me
2343 4447 2636 4516 praedicas,
2691 4444 2786 4501 sed
2836 4443 2965 4500 illud
3015 4446 3192 4516 potius
3239 4463 3253 4497 :
3303 4443 3418 4500 scio

1835 4542 1974 4613 quod
2009 4557 2192 4596 amore
2223 4541 2442 4597 falleris.
2475 4539 2555 4595 Tu
2583 4555 2904 4610 quemquam
2930 4539 3215 4595 facundum
3237 4552 3418 4607 voces,

1835 4637 1916 4690 vir
1948 4635 1999 4690 in
2029 4635 2256 4690 dicendo
2291 4648 2622 4689 summarum
2656 4633 2886 4703 partium
2906 4674 2922 4698 ,
2966 4632 3051 4687 cui
3081 4632 3152 4687 sit
3181 4628 3421 4700 patriciae

166 4719 426 4782 blanditias
459 4726 568 4801 oris
590 4699 664 4781 tui
690 4699 901 4782 interim
931 4699 1036 4781 non
1055 4699 1726 4797 contingit-audire:Vale.
1756 4699 1809 4760 Β
1835 4727 2113 4800 dignitatis
2143 4726 2348 4782 oratio?
2382 4728 2521 4797 Ergo
2551 4699 2714 4796 parce
2750 4725 2930 4781 verbis
2968 4723 3420 4787 lenocinantibus,

665 4817 877 4875 EPIST.
911 4817 1200 4873 LXXXIV.

721 4927 1048 4971 SYIIMACIIUS.
1058 4955 1072 4970 .
1082 4955 1118 4969 ο.
1132 4953 1148 4969 ο

228 5003 368 5072 Quod
396 5009 475 5063 ait
502 5017 684 5064 noster
709 5011 983 5066 comicus:
1019 5010 1303 5082 Nunquam
1330 5019 1378 5066 te
1414 5012 1570 5080 adeo,
1603 5014 1728 5084 quin

171 5095 245 5151 abs
279 5107 325 5153 te
361 5101 559 5156 doctior
599 5101 797 5166 abeam,
852 5103 906 5158 id
953 5117 1053 5174 ego
1097 5103 1166 5159 de
1208 5103 1452 5173 epistolis
1482 5103 1584 5160 tuis
1610 5104 1730 5174 jure

169 5195 576 5262 memoraverim,
599 5211 719 5267 quae
748 5196 933 5253 multis
963 5197 1164 5253 salibus
1193 5212 1577 5269 nonnunquam
1606 5213 1730 5253 sen-

170 5287 454 5357 tentiarum,
505 5290 816 5361 plerumque
863 5307 1116 5350 versuum
1173 5295 1503 5350 sarciuntur.
1557 5292 1730 5348 Veluti

171 5389 293 5433 nunc
309 5380 490 5438 litterae
516 5391 620 5438 tuae
643 5382 888 5440 halantes
905 5385 1236 5441 Platonicum
1251 5394 1455 5455 nectar,
1472 5395 1730 5455 quantum

172 5469 284 5525 mihi
327 5478 558 5532 muneris
606 5476 909 5534 dederunt!
979 5479 1111 5533 Nam
1161 5480 1263 5534 nisi
1322 5478 1416 5535 tibi
1466 5481 1729 5536 bonarum

174 5565 382 5629 partium
409 5577 681 5641 spectatus
707 5585 908 5638 essem,
940 5588 1210 5642 nunquam
1243 5589 1330 5628 me
1349 5574 1540 5629 Atticis
1559 5574 1729 5629 musis

175 5651 558 5725 impertiendum
591 5674 854 5733 putasses.
888 5664 1066 5732 Quare
1102 5665 1406 5735 hujusmodi
1441 5667 1591 5736 operi
1622 5666 1730 5726 fre-

175 5760 379 5815 quenter
422 5756 723 5827 accingere,
774 5767 829 5812 et
873 5757 1123 5813 amicitia
1172 5758 1499 5829 diligentiam
1543 5758 1732 5818 sedulo

176 5852 429 5906 persevera
457 5889 472 5916 ,
516 5863 637 5904 cum
666 5850 768 5906 hoc
799 5851 1068 5921 negotium
1109 5851 1202 5906 tibi
1247 5852 1415 5908 nostri
1457 5851 1620 5907 ofﬁcii
1653 5851 1736 5909 vi:

175 5936 405 5999 cissitudo
423 5946 782 6003 commendet.
817 5945 967 6002 Vale.

1834 4832 1888 4879 et
1913 4821 2034 4878 fuco
2062 4821 2267 4887 oblitis,
2310 4828 2364 4875 ct
2400 4819 2468 4874 ad
2511 4819 2734 4889 gratiam
2762 4820 3108 4900 comparatis.
3161 4815 3424 4872 Amicitim

1836 4924 2036 4971 nostrae
2080 4915 2220 4971 forte
2248 4913 2566 4981 conveniat,
2609 4923 2670 4969 ut
2715 4914 2878 4969 talem
2909 4912 3076 4968 videri
3106 4927 3192 4966 me
3215 4906 3423 4966 caeteris

1835 5009 2060 5078 cupias;
2110 5005 2333 5078 pudoris
2373 5015 2550 5062 tamen
2596 5008 2701 5063 mei
2752 5021 2859 5062 non
2900 5014 3001 5071 est,
3049 5013 3107 5060 ut
3155 5002 3285 5057 mihi
3324 4997 3423 5071 ipsi

1835 5101 1995 5158 talem
2025 5114 2112 5156 me
2133 5115 2253 5157 esse
2286 5100 2630 5172 persuadeas.
2673 5099 2826 5154 Vale.

2332 5193 2547 5250 EPIST.
2588 5191 2924 5248 LXXXVIII.

2418 5302 2851 5342 SYMMACBUS.....

1905 5378 2045 5436 Olim
2069 5387 2120 5434 te
2150 5378 2281 5434 mihi
2312 5379 2440 5435 fecit
2460 5379 2750 5450 optabilem
2771 5377 2939 5442 cultu,
2961 5374 3100 5430 fama
3124 5375 3423 5433 litterarum
3491 5393 3496 5400 '

1837 5487 2048 5541 tuarum
2076 5494 2090 5531 :
2124 5475 2218 5533 sed
2240 5476 2333 5532 diu
2364 5475 2602 5531 ofﬁcium
2633 5472 2901 5529 scribendi
2931 5486 3025 5542 per
3047 5472 3423 5528 verecundiam

1836 5573 2041 5641 distuli,
2087 5589 2156 5629 ne
2206 5575 2256 5627 in
2303 5573 2425 5627 aula
2472 5571 2702 5642 positum
2741 5569 2956 5624 viderer
2995 5570 3218 5625 ambire.
3265 5571 3428 5641 Cujus

1837 5668 2009 5724 morbi
2053 5669 2125 5724 ita
2155 5669 2342 5724 crebra
2373 5675 2456 5722 est
2493 5665 2791 5730 affectatio,
2833 5671 2891 5720 ut
2921 5664 3205 5737 diligentes
3246 5665 3429 5722 existiv

1837 5762 2090 5818 mationis
2123 5762 2222 5817 viri
2255 5777 2352 5832 pro
2383 5761 2572 5817 alienis
2602 5759 2745 5815 vitiis
2788 5759 3127 5816 erubescant.
3172 5759 3291 5815 Jam
3343 5773 3427 5814 reo

1837 5865 1982 5911 mota
2005 5863 2087 5911 est
2116 5869 2275 5910 causa
2303 5851 2622 5910 ltzcsitatttize
2642 5895 2656 5919 ,
2685 5862 2965 5923 postquam
2998 5869 3084 5908 me
3116 5853 3263 5922 prior
3285 5850 3427 5905 salu-

1840 5948 2042 6004 tatione
2091 5947 2339 6018 dignatus
2391 5964 2470 6004 es.
2526 5946 2780 6004 Patentes
2829 5947 3078 6003 amicitia:
3131 5954 3236 6000 tua:
3283 5941 3428 6000 fores
