3932 6442
571 359 677 432 M7.

1741 360 1804 430 ο.
1847 318 2135 421 senatu

2237 360 2675 426 BYMHACHUS.
3697 384 3767 438 ait

480 516 488 521 .
571 474 796 546 bcn'gue
846 476 1050 532 accitus
1101 478 1333 552 intrabo,
1377 487 1431 533 et
1468 491 1822 550 cotnperrsare
1856 479 2154 534 meditabor
2181 483 2234 564 Α
2262 489 2404 538 tuam
2433 485 2790 552 gratulatione
2816 487 3125 559 praevenio,
3174 500 3227 550 et
3272 499 3396 562 Opto
3424 493 3656 566 adaugeat
3681 514 3765 567 gra-

571 566 832 637 pudeutes
853 569 1052 624 silentii
1084 583 1262 646 moras
1285 569 1649 628 crebrioribus
1671 570 1897 640 paginis.
1926 571 2004 625 Tu
2029 580 2148 626 tan-

571 672 684 724 tum
710 663 1034 723 bona‘venia
1061 665 1242 734 recipe
1271 664 1583 736 obsequium
1625 665 1822 734 lingua:
1863 665 2057 734 in0pis,
2096 673 2151 720 et

573 758 846 828 paulipser
870 748 1161 830 imperialis
1183 758 1424 830 magistri
1440 759 1694 816 submitte
1710 758 1990 828 judicium.
2009 759 2149 818 IlldI‘.

567 855 699 912 casti
729 864 873 912 certe
901 869 1142 910 meorum
1172 863 1223 912 te
1245 854 1423 926 aliqua
1451 853 1663 925 legisse.
1698 853 1954 916 Eamdem
1987 870 2148 924 posco

569 948 900 1017 patientiam.
930 948 1110 1006 Novus
1137 949 1231 1004 tibi
1253 964 1361 1006 non
1383 963 1499 1016 ero,
1522 964 1623 1006 nec
1661 950 2002 1019 inexpertum
2031 950 2144 1008 for-

566 1038 783 1096 midabo
804 1041 1081 1102 arbitrum.
1110 1043 1298 1100 Omnia
1331 1059 1446 1104 mea
1476 1043 1622 1100 ferre
1650 1044 1908 1102 didicisti.
1951 1049 2148 1110 Acces-

567 1129 635 1186 sit
674 1132 836 1188 etiam
866 1134 1016 1190 nobis
1045 1135 1385 1194 familiaritas
1418 1153 1536 1206 qua:
1578 1145 1632 1196 te
1680 1139 1811 1194 mihi
1852 1140 2145 1210 aequiorem

563 1221 795 1296 jndicern
827 1224 1006 1282 faciat.
1033 1226 1277 1298 Gratiosa
1321 1228 1518 1300 quippe
1541 1239 1626 1294 est
1647 1229 1881 1286 amicitia
1906 1245 1936 1288 a
1955 1246 2148 1288 severo

565 1318 814 1378 examine
841 1317 893 1374 iu
919 1318 1225 1378 blandiores
1253 1334 1447 1378 sensus
1467 1321 1694 1377 caritate
1720 1331 1976 1380 mutatur.
2009 1323 2148 1392 Quid

565 1405 613 1460 si
645 1421 743 1476 rgo
773 1407 1014 1479 deposito
1053 1411 1250 1480 ingenii
1293 1414 1545 1484 pauperis
1590 1423 1736 1470 metu
1778 1415 2022 1474 assiduas
2053 1417 2146 1474 tibi

542 1499 818 1570 epistolas
847 1501 1129 1570 spondeo?
1157 1503 1292 1562 Vide
1318 1521 1332 1571 ;
1362 1505 1576 1576 quando
1603 1507 1836 1578 amplius
1863 1522 2050 1578 speres
2079 1510 2148 1566 de

561 1596 929 1664 promptuario
955 1595 1219 1669 largiore?
1252 1597 1548 1658 Fatendum
1589 1611 1674 1657 est
1715 1604 1889 1659 amice
1921 1619 1936 1660 :
1979 1603 2148 1661 Galli-

562 1697 712 1752 cana
762 1684 1027 1747 facundiae
1077 1688 1301 1747 haustus
1341 1693 1560 1762 requiro
1583 1732 1601 1762 ,
1639 1710 1743 1750 non
1774 1695 1918 1766 quod
1949 1696 2035 1753 bis
2061 1712 2149 1755 se-

562 1785 706 1846 ptem
730 1777 1000 1834 montibus
1020 1778 1323 1850 eloquentia
1354 1783 1582 1842 Latiaris
1601 1787 1835 1842 excessit
1857 1802 1872 1852 ;
1901 1788 1994 1844 sed
2019 1789 2143 1864 quia

2256 576 2382 630 dum
2405 577 2612 633 meritis
2633 578 2754 648 jure
2775 579 3012 637 delatum
3042 581 3344 645 continuata
3367 584 3597 642 felicitas.
3622 589 3764 644 Restat

2252 668 2375 740 διμί
2405 669 2715 728 assiduitate
2739 687 2903 733 acnas
2925 673 3063 730 inter
3087 689 3185 732 nos
3211 677 3454 744 amicitiae
3478 678 3763 751 diligentiam,

2253 762 2542 835 vineasque
2589 764 2782 822 ofﬁciis
2823 767 3154 828 intercessus
3196 778 3334 832 tuos.
3390 771 3477 840 Ille
3511 773 3638 840 enim
3678 791 3765 834 rere

2252 855 2600 918 incrementis
2639 859 2750 920 suis
2781 859 2956 930 major
2983 869 3101 932 est,
3145 878 3305 932 quem
3349 866 3628 934 sublimitas
3663 874 3764 944 parti

2255 947 2477 1006 honoris
2505 950 2747 1010 inclinat.
2783 951 2934 1012 Vale.

2845 1047 3062 1106 EPIST.
3100 1048 3259 1112 XCII.

2836 1155 3192 1198 εῖιιιευιτε..
3202 1183 3216 1198 ι
3227 1181 3267 1206 ,ο

2322 1243 2599 1292 incassum
2638 1232 3158 1315 dissimulationis_et
3181 1237 3549 1301 taciturnitatis
3563 1254 3766 1307 accusor,

2253 1335 2374 1380 cum
2417 1321 2651 1390 debitam
2702 1327 2779 1383 tui
2808 1325 3141 1398 diligentiam
3178 1329 3311 1386 Jove
3362 1340 3495 1392 teSIe
3537 1348 3629 1394 non
3653 1333 3764 1388 desc-

2253 1428 2392 1470 ram.
2441 1414 2547 1472 Sed
2596 1419 2833 1488 nequitia
2878 1435 3121 1479 meornm
3173 1422 3406 1480 arbitror
3440 1425 3697 1496 accidisse,
3727 1436 3765 1482 ut

2253 1503 2416 1559 missa
2445 1506 2512 1561 ad
2545 1515 2595 1562 te
2622 1509 2822 1589 scripta
2860 1511 3181 1569 resederint.
3232 1513 3426 1583 Quaeso
3465 1517 3610 1589 igitur
3638 1533 3692 1574 ne
3721 1534 3766 1576 et

2252 1597 2610 1670 infrequentia
2634 1583 3105 1662 litterarum'meus
3126 1605 3180 1660 in
3198 1614 3247 1661 te
3272 1583 3760 1664 animus'aastimetur.

2251 1690 2384 1747 Nam
2411 1695 2734 1765 plerumque
2755 1694 2949 1752 ofﬁciis
2974 1697 3260 1758 simulatur
3288 1700 3515 1759 affectio.
3560 1703 3762 1760 Amicitia

2249 1792 2427 1844 autem
2458 1783 2741 1844 sinceritas
2769 1788 3003 1858 pectoris
3025 1789 3192 1860 magis
3221 1789 3380 1853 ﬁdem
3399 1794 3630 1866 postulat,
3649 1809 3763 1866 quam

561 1877 829 1939 praecepta
856 1869 1142 1928 rhetoricas
1172 1874 1374 1948 pectori
1398 1890 1519 1952 meo
1539 1891 1704 1933 senex
1717 1879 1842 1934 olim
1857 1880 2145 1938 Garumnae
2173 1874 2222 1950 Β
2249 1874 2595 1944 delinimcuta
2624 1881 2910 1942 sermonis.
2943 1881 3094 1938 Vale-

557 1957 803 2018 alumniis
835 1963 1113 2020 immulsit.
1150 1964 1245 2039 Est
1278 1966 1409 2026 milii
1441 1982 1561 2024 cum
1589 1969 1793 2026 scholis
1825 1974 2020 2028 vestris
2049 1989 2145 2044 per

557 2055 836 2112 doctorem
853 2059 996 2128 jnsta
1023 2058 1289 2129 cognatio.
1337 2059 1604 2132 Quidquid
1637 2062 1689 2120 in
1722 2077 1807 2120 me
1837 2073 1916 2120 est
1939 2105 1954 2131 ,
1998 2065 2144 2136 quod

557 2145 671 2206 scio
699 2160 858 2216 quam
885 2147 957 2206 sit
985 2150 1238 2221 exiguum
1261 2191 1277 2217 .
1333 2151 1472 2210 coelo
1507 2161 1595 2210 tuo
1627 2153 1819 2214 debeo.
1874 2156 2001 2226 Riga
2045 2171 2145 2228 nos

537 2235 686 2308 ‘ergo
715 2238 891 2294 denuo
917 2254 983 2297 ex
1010 2241 1416 2323 illisCammnis
1445 2259 1565 2324 quae
1602 2247 1732 2304 mihi
1767 2247 1850 2307 lac
1881 2247 2142 2308 bonarum

555 2328 749 2392 artium
779 2331 1011 2400 primum
1036 2319 1319 2394 dederunt.
1364 2337 1430 2398 Et
1457 2319 1502 2394 si
1547 2347 1599 2398 te
1647 2341 1700 2396 in
1745 2341 1878 2398 meis
1925 2343 2143 2412 scriptis

553 2420 754 2494 aliquid
779 2421 1099 2496 offenderit,
1132 2427 1432 2488 auditorem
1453 2430 1725 2500 quondam
1747 2433 2020 2505 popularis
2042 2434 2138 2510 tui,

555 2521 647 2574 aut
671 2514 887 2572 silentio
911 2526 1080 2586 tuere,
1095 2528 1188 2574 aut
1207 2530 1261 2576 tu
1277 2536 1489 2592 quoque
1511 2537 1695 2581 rursus
1723 2523 1964 2582 institue.
1981 2525 2135 2582 Vale.

1072 2611 1286 2672 EPIST.
1329 2614 1472 2672 LXX
1482 2616 1619 2674 XIX.

733 2749 736 2752 η
1131 2720 1557 2770 δῐκιλευυε.....

622 2793 834 2853 Accusa
883 2795 1088 2854 litteras
1131 2805 1249 2858 tuas
1305 2814 1438 2870 quas
1496 2800 1639 2858 male
1685 2802 1940 2866 credulus
1994 2806 2141 2864 desi-

549 2880 703 2942 derio
737 2884 794 2940 in
838 2895 888 2942 te
915 2901 1038 2948 meo
1071 2887 1304 2947 facturas
1332 2891 1653 2948 medlcinam
1681 2898 1885 2967 putavi.
1935 2899 2005 2953 At
2037 2899 2140 2956 illae

455 3011 469 3031 ι
548 2971 792 3042 decursa:
822 2977 995 3036 oculis
1034 2979 1390 3040 admoverunt
1435 2984 1600 3041 taedas
1629 2986 2003 3047 ferventiores.
2046 2992 2140 3048 Af-

2814 1971 3035 2028 EPIST.
3089 1971 3268 2031 XCIII.

2829 2079 3257 2124 BYIIILCBUS...”

2293 2133 2548 2224 'Pignora
2570 2167 2752 2216 nostra
2775 2157 3175 2230 conjunximus.
3207 2163 3384 2233 Atque
3412 2162 3527 2220 ideo
3546 2173 3765 2228 consenua

2247 2257 2409 2298 neum
2434 2244 2677 2312 videtur,
2729 2257 2786 2303 ut
2811 2263 2948 2319 quos
2975 2261 3147 2308 coetus
3191 2253 3480 2324 participes
3508 2254 3762 2315 habuimus,

2245 2332 2407 2388 etiam
2439 2335 2644 2394 honore
2674 2340 2927 2408 sportula:
2947 2355 3358 2416 prosequamur.
3387 2345 3522 2402 Duos
3551 2346 3684 2417 igitur
3705 2359 3762 2398 so-

2245 2423 2381 2481 lidos
2412 2425 2714 2488 oﬁereudos
2748 2429 2840 2498 tibi
2885 2431 3149 2500 misimus,
3179 2451 3402 2508 parvum
3432 2436 3759 2499 munusculum,

2243 2519 2290 2572 si
2318 2517 2645 2593 aestimemur
2684 2521 2856 2594 pretio
2885 2524 3004 2581 sui:
3042 2525 3373 2600 religiosum,
3410 2528 3453 2584 si
3483 2543 3644 2583 amore
3670 2541 3762 2596 pen-

2245 2606 2442 2664 dentis.
2471 2609 2623 2666 Vale.

2816 2706 3027 2764 EPIST.
3071 2707 3255 2766 XCIV.
3281 2731 3284 2734 η

2819 2805 3246 2858 εῐκηλεῑιυδ.....

2312 2884 2538 2942 Romam
2570 2895 2621 2944 te
2644 2898 2926 2946 venturum
2954 2903 3100 2948 certa
3133 2893 3271 2950 fama
3295 2897 3620 2965 promiserat.
3642 2893 3762 2964 Spem

2240 2977 2475 3034 visenda:
2526 2983 2847 3050 praestantia:
2894 2994 2998 3040 tua:
3042 2986 3209 3041 multo
3251 2985 3450 3060 gaudio
3484 3001 3758 3060 ceperamus.

551 3063 788 3124 ﬂuebant
821 3066 964 3124 enim
1004 3071 1175 3128 multo
1203 3073 1364 3130 melle
1391 3074 1685 3146 facundiae,
1718 3079 1861 3149 quod
1891 3091 2135 3144 avectum

2240 3067 2668 3142 Sedlmproviso
2713 3084 2946 3132 mutatus
2974 3078 3188 3134 nuntius
3227 3080 3515 3150 indicavit,
3559 3079 3676 3149 quod
3701 3079 3762 3148 pio

550 3165 724 3218 ιεουηι
751 3158 928 3216 doleo,
977 3160 1158 3232 “aqua
1184 3179 1364 3235 parva;
1392 3165 1644 3226 lectionis
1670 3183 1868 3240 sapore
1895 3187 2136 3230 ροιηιηο.
2239 3161 2409 3217 accitu
2439 3162 2642 3220 domini
2671 3177 2726 3222 et
2759 3167 3016 3239 principis
3044 3172 3213 3226 nostri
3249 3173 3316 3226 ad
3341 3173 3517 3228 votiva
3541 3171 3762 3228 rcmearis.

552 3257 653 3312 lus.
691 3249 987 3316 tristiorem
1015 3251 1196 3309 damni
1226 3269 1444 3316 sensum
1468 3259 1668 3330 recepi.
1717 3259 1863 3317 Inter
1894 3262 2012 3320 haec
2041 3280 2135 3322 oc-
2164 3246 2211 3318 C
2244 3251 2385 3326 Ergo
2407 3256 2639 3313 ofﬁcium
2659 3260 2993 3317 salutationis
3016 3263 3156 3334 quod
3177 3264 3361 3320 co'ram
3379 3279 3686 3336 speraveram
3699 3261 3764 3316 de-

547 3340 714 3394 currit
736 3342 902 3396 altera
935 3343 1214 3416 cogitatio,
1245 3349 1481 3406 amarius
1506 3365 1650 3424 esse,
1682 3352 1727 3407 si
1755 3365 1952 3412 taceas.
1985 3357 2132 3425 Qua-

546 3443 770 3504 propter
785 3435 1022 3496 conditio
1043 3438 1229 3502 durior
1248 3443 1408 3498 vertit
1428 3459 1514 3508 me
1535 3444 1601 3501 ad
1624 3447 1895 3518 optionem
1917 3452 2132 3521 prioris.

551 3524 688 3586 Peto
730 3528 893 3600 igitur
928 3531 1155 3594 scribas.
1199 3533 1307 3590 Sed
1337 3535 1420 3594 fac
1459 3537 1703 3609 epistolis
1739 3541 1843 3598 tuis
1877 3547 2134 3616 temporis

548 3619 824 3698 intervalla
851 3624 1116 3684 breviora.
1137 3627 1346 3700 Saepius
1368 3631 1435 3688 ad
1456 3648 1544 3690 me
1571 3645 1896 3706 commeent,
1920 3649 1976 3697 et
1999 3656 2101 3702 con
2117 3671 2132 3682 -

549 3711 927 3772 fabulatiouem
973 3720 1254 3788 praesentis
1281 3722 1582 3782 imitentur.
1626 3726 1892 3784 Fruemur
1915 3732 2132 3789 assidue

548 3817 609 3857 ea
650 3814 800 3872 parte
833 3821 936 3876 qua
968 3807 1159 3864 melior
1199 3825 1277 3876 es.
1333 3812 1485 3881 Quod
1512 3815 1556 3869 si
1585 3816 1790 3887 aliquid
1817 3820 2132 3888 prolixioris

545 3908 690 3954 cura:
717 3907 772 3952 et
800 3897 1059 3954 elaborati
1085 3915 1116 3956 a
1144 3911 1196 3956 te
1233 3904 1416 3973 operis
1437 3903 1776 3978 adjunxeris,
1809 3925 1977 3982 prope
2006 3913 2129 3982 erit,

545 3995 604 4044 ut
628 4004 733 4056 non
761 3993 932 4051 solum
967 3993 1172 4060 Romae,
1195 3994 1290 4050 sed
1323 3997 1375 4052 in
1402 3996 1664 4054 Athenaeo
1685 4016 1898 4074 quoque
1919 4015 2126 4072 nostro,

542 4098 644 4155 qua
673 4083 822 4146 soles
843 4087 1032 4156 “ratia,
1062 4103 1318 4160 perorare
1340 4090 1594 4149 videaris.
1639 4093 1790 4151 Vale.

1149 4179 1368 4240 EPIST.
1411 4182 1522 4239 XC.

835 4321 853 4340 ,
1123 4286 1544 4332 sumentis...”

532 4429 534 4432 ν
612 4375 668 4423 in
711 4375 893 4416 curam
943 4371 1089 4422 tuam
1132 4366 1360 4422 rediisse
1408 4385 1495 4424 me
1539 4372 1766 4444 gaudeo.
1817 4375 1921 4432 Sed
1963 4377 2126 4448 hujus

543 4459 648 4503 tam
671 4451 828 4507 subiti
858 4457 1038 4524 operis
1067 4455 1192 4510 boni
1219 4459 1601 4517 ornatissimus
1633 4465 1852 4535 juvenis
1880 4469 2123 4526 Asterius

530 4540 670 4613 mihi
694 4551 881 4598 auctor
909 4553 1024 4626 est;
1063 4545 1152 4616 qui
1187 4550 1437 4618 parandae
1474 4555 1960 4614 commendationis
2001 4577 2122 4631 gra-

2238 3346 2540 3416 ferendum,
2573 3350 2699 3424 styli
2726 3351 2930 3408 honore
2955 3369 3284 3425 compenso:
3321 3366 3481 3429 teque
3517 3371 3604 3412 oro
3630 3363 3676 3409 ut
3708 3353 3763 3406 in-

2235 3452 2506 3513 gravatam
2535 3445 2704 3502 vicem
2751 3449 2976 3517 referas,
3018 3467 3137 3522 qua:
3177 3456 3405 3511 suadeat
3434 3452 3693 3510 desiderari
3713 3462 3763 3504 ex

2234 3546 2322 3588 me
2346 3533 2532 3590 crebra
2579 3537 2876 3610 colloquia,
2919 3541 2965 3597 si
3005 3544 3304 3602 ostenderit
3335 3548 3503 3618 prima
3533 3544 3762 3618 placuisse.

2239 3623 2387 3682 Vale.

2817 3723 3029 3783 EPIST.
3070 3727 3229 3785 XCV.

2801 3829 3209 3880 δΥΙΙΔῦΒυευο.

2306 3897 2410 3961 Pro
2435 3916 2663 3980 utroque
2689 3920 2930 3967 nostrum
2952 3929 3166 3971 causam
3197 3916 3389 3974 diutini
3418 3917 3603 3976 silentii
3628 3912 3746 3972 reddi

2232 3997 2378 4054 disti.
2403 3998 2537 4056 Nam
2569 4018 2656 4059 me
2682 4020 2891 4077 quoque
2921 4007 3088 4065 fateor
3113 4009 3387 4068 scribendi
3423 4013 3594 4069 ofﬁcio
3616 4012 3761 4065 hacte-

2231 4106 2332 4147 nus
2356 4100 2708 4164 temperasse.
2737 4097 2850 4153 ‘I‘ua
2879 4100 3038 4170 igitur
3076 4104 3396 4174 purgatione
3435 4105 3682 4165 defensus,
3704 4099 3763 4154 di-

2229 4183 2384 4241 luere
2427 4186 2640 4258 litteris,
2687 4193 2828 4262 quod
2857 4207 3141 4252 commune
3167 4206 3269 4266 est,
3296 4215 3403 4255 non
3433 4201 3623 4255 laboro.
3649 4195 3764 4252 Nunc

2229 4278 2469 4333 omnium
2501 4289 2644 4337 statu
2674 4282 2726 4336 in
2751 4286 3092 4358 tranquillum
3116 4289 3358 4359 reducto,
3392 4293 3591 4347 amulis
3613 4285 3763 4344 studiis

2229 4372 2431 4426 omissa
2453 4387 2774 4444 repetamus.
2809 4378 2883 4432 Ita
2914 4379 3058 4434 enim
3084 4380 3298 4438 demum
3328 4385 3628 4455 probabitur
3660 4389 3763 4433 tem-

2230 4463 2374 4531 poris
2426 4464 2618 4532 fuisse,
2646 4469 2789 4538 quod
2833 4469 2923 4526 diu
2969 4473 3108 4529 inter
3148 4490 3244 4531 nos
3272 4477 3443 4548 stylus
3493 4475 3700 4550 quievit;
3729 4468 3761 4524 εί

2226 4556 2433 4612 reddita
2458 4559 2706 4617 facultate
2737 4577 2971 4621 mutuam
3001 4567 3330 4639 diligentiam
3356 4571 3602 4644 frequens
3621 4576 3759 4624 sermo

541 4632 634 4698 tia,
665 4642 722 4686 ut
749 4623 969 4689 tandem
989 4637 1256 4693 scriberes
1285 4640 1611 4713 impetravit.
1645 4646 1708 4700 Et
1731 4647 1875 4704 illius
1902 4623 2117 4721 quidem
2146 4623 2202 4692 Β
2230 4652 2580 4707 τθωηνθΐὶι-

540 4721 910 4792 familiaritati,
938 4727 1061 4783 licet
1088 4745 1117 4783 a
1145 4732 1297 4787 nobis
1324 4732 1450 4787 olim
1475 4747 1728 4804 repertae,
1769 4739 1840 4794 ob
1866 4745 2115 4801 meritum

538 4827 727 4867 recens
776 4813 1070 4883 adjecimus
1109 4819 1272 4875 animi
1317 4822 1670 4894 diligentiam.
1727 4829 1804 4884 Te
1844 4847 1970 4888 vero
2010 4852 2118 4892 non

539 4904 710 4974 patiar
733 4904 870 4960 ultra
902 4920 1217 4978 exspectare
1240 4914 1533 4971 monitores
1555 4958 1572 4985 ,
1611 4927 1666 4974 et
1692 4920 1918 4978 aliorum
1944 4928 2118 4995 potius

539 4997 655 5050 usui
685 5010 905 5067 cperam
933 5015 1130 5057 navare
1165 5018 1323 5073 quam
1353 5018 1548 5063 mutua:
1571 5011 1708 5068 inter
1730 5029 1829 5070 nos
1849 5005 2116 5075 aII'eclioni

535 5087 775 5144 debitum
832 5091 972 5160 pium
1033 5093 1264 5150 solvere.
1328 5097 1444 5154 Non
1506 5101 1718 5160 invideo
1773 5112 2118 5178 poscentibus

539 5180 840 5236 testimonia
863 5182 947 5237 vel
969 5183 1219 5254 suffragia
1242 5197 1351 5243 tua.
1379 5191 1483 5246 Sed
1509 5195 1733 5252 validior
1753 5209 1837 5254 est
1863 5204 2115 5259 amicitia:

434 5345 440 5350 φ
536 5285 729 5340 causa,
772 5291 927 5348 quam
972 5278 1178 5348 gratim.
1233 5280 1511 5340 Precarias
1554 5291 1806 5359 epistolas
1853 5304 2116 5366 pnstpone

512 5363 788 5446 “legitimis
815 5385 828 5420 :
862 5368 946 5424 his
972 5372 1302 5440 frequentius
1323 5378 1520 5432 caritas
1547 5381 1792 5448 studeat,
1827 5384 1945 5440 illas
1973 5363 2112 5442 non-

537 5443 805 5529 nunquam
836 5472 1052 5532 pmstet
1080 5465 1402 5524 humanitas.
1451 5471 1594 5527 Vale.

1130 5557 1349 5614 EPIST.
1389 5561 1526 5618 XCI.

1112 5661 1532 5708 SYIIIACIIUS.....

602 5730 929 5801 Exspectare
945 5749 1049 5791 non
1071 5737 1229 5793 debui
1260 5740 1466 5798 litteras
1486 5752 1619 5810 tuas,
1643 5747 1836 5817 quibus
1860 5750 2110 5808 indicium

532 5825 666 5887 mihi
700 5823 904 5885 faceres
943 5826 1162 5887 honoris
1205 5834 1433 5904 accepti.
1495 5834 1680 5907 Itaque
1727 5842 2136 5939 verecundiam‘

855 5984 914 6001 Ὦ
1161 5983 1248 5994 vn“
1258 5984 1261 5987 ’

2804 4747 3016 4805 EPIST.
3055 4751 3237 4808 XCVI.

2808 4838 3135 4898 svluacnns.

2299 4923 2412 4979 Etsi
2442 4939 2470 4978 a
2496 4925 2686 4983 litteris
2715 4934 3022 5001 temperasti
3044 4975 3059 5000 ,
3089 4936 3319 5007 exempli
3363 4946 3535 4994 tamen
3566 4934 3761 4991 imitator

2223 5029 2346 5070 esse
2371 5031 2477 5070 non
2503 5017 2696 5073 debeo.
2725 5019 2939 5090 Iutogro
2969 5024 3128 5093 igitur
3166 5027 3365 5097 largam
3397 5027 3760 5083 salutationem.

2229 5121 2327 5163 nec
2360 5109 2547 5166 diflido
2571 5111 2840 5168 reddenda
2863 5115 3038 5170 saltim
3061 5118 3192 5173 mihi
3216 5135 3337 5176 esse
3367 5122 3539 5176 officia
3565 5134 3669 5190 qua:
3685 5130 3707 5167 a
3724 5122 3764 5165 ιο

2221 5197 2435 5254 fuerant
2461 5201 2785 5260 inchoanda.
2813 5205 2961 5261 Vale.

2775 5295 2995 5353 EPIST.
3038 5299 3239 5357 XCVII.

2794 5406 3218 5449 SYMSIACIIUS...“

2288 5475 2438 5533 Solet
2483 5480 2638 5536 bonis
2683 5481 2819 5539 livor
2859 5484 3206 5556 obstrepere,
3254 5496 3313 5544 ut
3343 5503 3480 5546 nunc
3524 5494 3758 5558 speratum

2218 5574 2514 5638 prmseutiae
2539 5583 2642 5629 tua:
2663 5578 2916 5646 gaudium
2940 5580 3070 5635 mibi
3092 5582 3346 5640 subduxit
3367 5585 3578 5640 invidia.
3602 5582 3757 5638 Hacte-

2218 5676 2317 5716 nus
2347 5663 2484 5718 vires
2510 5680 2633 5720 suas
2677 5670 2728 5722 in
2770 5669 2960 5725 damna
2994 5675 3102 5729 voti
3139 5679 3440 5732 communis
3482 5673 3755 5732 intenderit.

2216 5752 2303 5805 Sic
2334 5769 2427 5808 ero
2462 5767 2765 5825 contentus,
2796 5763 2937 5831 quod
2970 5780 3056 5820 me
3087 5767 3350 5824 adventus
3396 5769 3471 5824 tui
3517 5774 3756 5836 exspecta-

2215 5846 2359 5902 tione
2396 5847 2673 5906 fraudavit.
2713 5851 2886 5923 lpsum
2921 5866 2972 5913 te
2999 5860 3256 5931 sospitem
3290 5875 3505 5919 manere
3533 5859 3752 5932 patiatur.
