3932 6430
129 317 226 382 ω

1310 321 1637 386 EPIB'I‘OLA
1647 319 1790 388 λυυ
1830 322 2035 388 LIBER
2073 327 2166 396 IX.

3271 348 3383 410 550

125 439 172 532 et
199 425 400 532 tandem
430 443 548 532 eum
598 439 816 532 atroque
845 443 1107 532 nostrum
1135 439 1317 532 redeat
1353 437 1405 492 in
1433 438 1678 507 gratiam-
1711 438 1765 508 Δ
1789 441 2103 507 θ’-ειίωλιωδο
2134 445 2259 508 Haec
2288 449 2400 519 ipsa
2434 459 2613 514 tamen
2657 453 2812 516 exilis
2850 454 3048 518 oblatio
3079 459 3196 532 plus
3224 463 3288 522 ad
3322 473 3377 522 te

126 521 281 577 Instar
305 521 543 578 beneficii
569 524 696 598 erit,
733 525 778 582 si
810 525 939 589 mihi
967 528 1240 602 contingat
1265 530 1331 587 de
1361 539 1446 586 tua
1479 531 1684 587 securi.

124 621 220 674 tate
250 613 504 686 voluptas.
535 613 686 676 Vale.

649 707 868 769 EPIST.
909 709 1138 770 XCVIII.

523 859 529 865 ,
669 815 1101 864 ΒΠΙΙΙΔΩΗυδη...

178 877 391 960 S'umpto
434 888 695 951 adventus
723 893 827 953 mei
858 897 1069 964 nuntio,
1114 895 1183 953 de
1228 910 1334 970 quo
1362 912 1468 953 non
1511 899 1685 970 potuit

116 981 238 1054 apud
260 991 310 1040 te
339 983 480 1042 fama
511 985 764 1058 reticere,
803 990 1108 1059 exspectavi
1140 999 1199 1046 ut
1226 989 1370 1062 prior
1390 990 1678 1056 scriberes.

116 1077 188 1132 vel
211 1076 346 1151 quod
369 1087 455 1138 est
480 1079 781 1148 amabilius,
815 1091 871 1138 ut
899 1081 1012 1154 ipse
1043 1083 1285 1140 Formias
1325 1099 1678 1142 commearcs.

114 1168 206 1229 Sed
230 1169 348 1240 quia
377 1179 668 1244 utrumque
693 1173 777 1234 vel
807 1174 1162 1234 dissimulatio
1185 1186 1293 1246 tua,
1334 1178 1418 1235 vel
1447 1193 1679 1250 occupa-

116 1260 177 1318 tio
196 1260 492 1335 denegavit,
536 1265 590 1326 in
626 1274 949 1338 parteatuas
979 1267 1208 1326 libenter
1249 1270 1364 1339 ipse
1408 1271 1673 1339 succedo,

115 1363 249 1426 teque
283 1370 383 1414 om
421 1366 478 1416 ut
506 1357 637 1416 mihi
665 1368 758 1416 aut
781 1375 1067 1418 excursum
1100 1372 1248 1420 tuum
1277 1374 1534 1434 praestare
1592 1365 1674 1422 di-

111 1448 286 1520 gneris,
315 1460 434 1520 aut,
465 1451 512 1513 si
535 1450 717 1512 obstat
741 1454 940 1527 aliquid
970 1456 1147 1514 saltim
1198 1459 1454 1516 litteraria
1478 1459 1678 1516 saluta-
1762 1482 1774 1496 ο

111 1542 232 1599 tione
257 1544 611 1616 respondeas.

657 1638 876 1700 EPIST.
918 1639 1105 1700 XCIX.

661 1745 1064 1791 SYIIIACHUS..M
1076 1775 1094 1794 ο

165 1822 285 1879 Amo
310 1793 522 1880 litteras
551 1829 695 1892 tuas,
718 1821 812 1881 sed
843 1834 1094 1897 exspecto
1126 1826 1485 1898 prmsentiam,
1509 1841 1668 1898 quam
1699 1813 1750 1886 Ι

102 1913 210 1969 mihi
231 1915 441 1972 dierum
462 1916 600 1973 ratio
631 1916 927 1988 pollicetur.
956 1917 1115 1978 Plura
1147 1919 1388 1976 scribere
1412 1935 1536 1990 spes
1563 1921 1663 1976 ad-

101 2015 264 2063 ventus
291 2009 366 2064 tui
399 2023 508 2064 non
533 2009 680 2066 sinit.
703 2008 809 2068 Sed
833 2011 974 2081 quod
1001 2028 1140 2071 nunc
1169 2013 1410 2084 epistolae
1433 2013 1669 2070 detrahi-

98 2115 217 2174 mus,
245 2116 428 2166 coram
459 2101 654 2167 tabulis
681 2104 1058 2174 rependemus.
1097 2104 1246 2168 Vale.

702 2198 920 2262 EPIST.
966 2197 1026 2256 C.

655 2305 1079 2356 SVHIACIIUS...”

153 2382 357 2448 Gratum
386 2383 528 2447 mihi
548 2393 651 2450 est,
675 2385 817 2457 quod
849 2385 1308 2458 promptissimum
1333 2385 1565 2446 studium
1585 2385 1663 2442 rei

94 2484 266 2538 nostra:
287 2475 536 2550 dignaris
562 2477 902 2547 impendere,
934 2486 988 2532 et
1017 2485 1068 2534 te
1110 2492 1404 2538 memorem
1433 2477 1662 2546 scripto-

94 2578 193 2622 rum
215 2567 533 2631 assidttitate
557 2568 789 2629 testaris.
812 2567 946 2630 llinc
970 2568 1045 2634 Iit,
1068 2577 1124 2623 ut
1152 2563 1342 2624 officiis
1368 2569 1471 2623 tuis
1497 2569 1658 2624 etiam

93 2672 200 2721 cura
226 2669 408 2722 nostra
438 2660 780 2733 respondeat.
810 2661 1064 2718 Libenter
1089 2661 1248 2732 igitur
1280 2661 1517 2732 rependo
1539 2676 1657 2718 ser-

93 2765 300 2810 monem.
331 2753 401 2815 Et
423 2732 674 2826 quamvis
697 2764 1051 2826 spontaneum
1079 2753 1327 2824 juvaudis
1352 2753 1658 2811 hominibus
1711 2732 1723 2741 ’

90 2844 203 2901 meis
228 2844 485 2902 adhibeas
515 2845 862 2913 voluntatem,
906 2845 1306 2902 hortamentum
1347 2856 1528 2903 tamen
1559 2861 1655 2916 pe-

92 2936 267 2994 titionis
291 2935 517 3011 adjicio,
549 2948 608 2996 ut
635 2938 809 2996 officia
831 2949 951 3011 qua:
995 2939 1139 2996 uitro
1166 2938 1388 3010 tribues,
1413 2938 1657 3019 cumules

88 3040 406 3101 provocatus.
433 3029 589 3090 Vale.

679 3123 900 3188 EPIST.
939 3124 1030 3182 Cl.

135 3275 138 3282 ,
644 3231 1064 3282 δῖωιλειιυο.....

144 3308 462 3382 Conquestio
504 3318 593 3372 tua
639 3310 707 3366 de
751 3311 975 3372 raritate
1017 3309 1365 3382 epistolarum
1413 3325 1653 3368 mearum

84 3399 232 3470 magis
263 3402 511 3475 religiosa
546 3416 706 3476 quam
727 3402 875 3475 justa
911 3413 1015 3460 est.
1061 3403 1194 3459 Nam
1230 3419 1351 3460 cum
1373 3418 1438 3461 ex
1468 3420 1654 3460 amere

83 3491 350 3550 deSce'ndat
376 3510 486 3551 non
515 3493 679 3552 habet
708 3506 887 3551 tamen
919 3496 1244 3567 mquitatem.
1279 3495 1430 3552 Nunc
1476 3505 1653 3554 tamen

88 3593 293 3644 Emenso
317 3586 525 3660 itinere,
549 3586 806 3660 promitto
824 3587 1094 3660 praeterita
1120 3588 1418 3648 officiorum
1439 3588 1655 3662 dispen-

85 3676 163 3732 dia
185 3678 374 3743 crebris
400 3695 430 3738 a
463 3695 552 3746 me
585 3681 827 3752 epistolis
853 3679 1155 3738 sarcienda.

667 3773 886 3834 EPIST.
928 3774 1036 3832 Cll.

644 3885 1074 3929 SVIIMACIIUB..."

141 3961 258 4018 Dum
291 3964 430 4034 petis
450 3961 799 4030 beneficium,
831 3964 1150 4035 prmstitisti.
1176 3963 1302 4019 Plus
1327 3963 1472 4020 enim
1523 3962 1649 4018 mihi

81 4069 131 4108 ex
160 4057 384 4114 amicitia
413 4067 505 4114 tua
528 4071 690 4128 quam
725 4057 820 4115 tibi
845 4073 911 4116 ex
949 4067 1130 4116 nostra
1158 4056 1472 4114 defensione
1500 4073 1647 4128 qure-

77 4150 216 4208 situm
235 4159 336 4210 est.
363 4151 506 4208 Nihil
532 4151 694 4223 igitur
713 4164 986 4208 assumam
1008 4149 1191 4222 gratia).
1210 4165 1365 4218 meae,
1390 4165 1510 4206 cum
1535 4149 1652 4220 plu-

79 4242 247 4300 rimum
278 4253 387 4300 tua:
421 4243 669 4302 debeam.
702 4243 886 4300 Potest
914 4252 1091 4300 tamen
1123 4242 1299 4318 adhuc
1349 4241 1649 4298 istiusmodi

80 4353 246 4396 uuuus
294 4337 482 4409 augeri
509 4337 778 4398 scribendi
803 4337 1150 4404 assiduitate,
1205 4345 1262 4392 ut
1289 4335 1528 4391 cumulet
1556 4349 1651 4391 vo-

77 4429 230 4488 luntas
258 4431 686 4489 familiaritatem
737 4439 1002 4498 nostram,
1036 4445 1195 4503 quam
1251 4442 1396 4485 nunc
1437 4426 1650 4488 videtur

77 4525 342 4585 necessitas
372 4522 679 4587 inchoasse.
705 4521 857 4580 Vale.

553 4677 560 4684 ,
657 4616 876 4680 EPIST.
917 4615 1049 4674 CIII.

415 4780 423 4790 ι
641 4726 1072 4773 svunscuus.....

131 4808 268 4864 Totis
283 4807 497 4865 viribus
523 4806 810 4877 adiuvandi
834 4815 962 4862 sunt
985 4805 1285 4862 communis
1309 4805 1496 4877 patria
1523 4818 1645 4862 cor-

73 4901 242 4969 parati,
268 4902 548 4972 pracipue
585 4900 858 4972 mancipes
901 4899 1228 4968 Salinarum,
1260 4900 1350 4970 qui
1379 4908 1642 4955 exercent

73 4990 258 5050 lavacra
279 4997 552 5067 lignorum
576 4994 911 5066 prmhitione.
945 4993 1039 5056 liis
1069 4993 1311 5066 plerique
1340 5002 1464 5046 sunt
1494 4981 1647 5048 debi-

72 5093 238 5144 tores:
267 5088 413 5161 quod
459 5087 562 5150 nisi
604 5074 670 5143 ad
701 5086 1028 5144 solutionem
1059 5087 1208 5156 vigor
1239 5084 1510 5156 judiciaiis
1550 5083 1646 5146 ad-

69 5178 349 5248 atrinserit,
403 5179 584 5237 eliciet
623 5178 888 5248 publicam
917 5179 1189 5248 querelam
1238 5176 1408 5231 series
1439 5175 1645 5230 incom-

71 5270 214 5325 modi.
245 5270 429 5339 Quare
455 5284 669 5342 quaeso,
713 5279 771 5325 ut
817 5270 961 5325 inter
1002 5280 1229 5338 ctetera,
1259 5281 1381 5340 quae
1427 5266 1528 5322 sibi
1577 5266 1646 5323 de

67 5360 224 5417 studio
253 5372 352 5417 tuo
380 5339 545 5426 Roma
571 5359 854 5430 promittit,
889 5360 1026 5417 hanc
1047 5354 1489 5432 quoque'partem
1519 5357 1640 5414 dili-

72 5456 244 5523 gentia
275 5463 385 5510 tum
411 5453 672 5512 vindices.

658 5547 872 5606 EPIST.
913 5547 1048 5606 CIV.

644 5660 1068 5704 SI'KRIACHUS..."

131 5737 294 5796 Parva
338 5739 566 5798 fatemur
613 5753 736 5799 esse
766 5739 1189 5817 quemisimus,
1240 5735 1336 5792 sed
1382 5733 1645 5790 honorifi-

71 5832 229 5896 centia
247 5834 516 5910 parentis,
543 5831 804 5906 religione
837 5831 1020 5908 potius
1046 5845 1206 5904 quam
1241 5828 1388 5922 mole,
1403 5826 1647 5910 muneris
1684 5879 1719 5920 ﬁ.

1684 5890 1750 5908 ὃ

1790 535 1975 603 gratias
2005 538 2260 610 portabit,
2283 540 2327 598 si
2356 543 2545 617 religio
2575 552 2664 604 tua
2697 547 2813 609 usui
2842 563 2943 612 suo
2963 565 2992 612 a
3022 566 3110 608 me
3139 551 3372 612 delibata

1788 632 2105 702 susceperit.

2299 743 2306 753 '
2396 730 2610 790 EPIST.
2652 731 2759 794 CV.

2361 837 2792 884 SVIMACIIUSn...

1854 903 2084 966 Iuvandi
2122 903 2248 971 sunt
2294 915 2567 986 mancipes
2613 919 2905 978 salinarum
2932 963 2946 988 ,
2976 922 3066 994 qui
3098 923 3369 996 Splendori

1783 1012 1945 1077 atque
1973 1007 2092 1066 usui
2118 1011 2304 1080 patria:
2345 1014 2650 1074 communis
2681 1016 3002 1076 inserviunt.
3054 1018 3368 1088 Dignabcris

1785 1096 1943 1166 igitur
1964 1100 2159 1155 auditis
2200 1118 2386 1159 eorum
2416 1107 2670 1176 querelis,
2703 1108 3026 1168 adeuntibus
3054 1111 3264 1168 deferre
3281 1117 3367 1183 ju-

1783 1186 2002 1257 stitiam,
2031 1200 2083 1246 et
2107 1192 2224 1248 urbi
2254 1193 2460 1262 utilem,
2485 1206 2538 1252 et
2568 1197 2673 1259 tuis
2695 1200 2931 1256 moribus
2955 1213 3362 1274 congruentem.

1781 1279 1932 1338 Vale.
2987 1298 2990 1299 ν

2370 1401 2584 1460 EPIST.
2626 1402 2761 1462 CVI.

2359 1507 2690 1551 SVIIACIIUS.
2701 1533 2787 1554 ...ο

1847 1581 1951 1639 Pro
1993 1582 2119 1644 filiis
2151 1586 2350 1644 nostris
2386 1586 2498 1646 Deo
2524 1587 2744 1659 iuvante
2771 1588 3095 1662 conjunctis,
3136 1593 3188 1650 in
3221 1591 3359 1650 duo.

1776 1672 1877 1730 bus
1915 1675 2102 1736 solidis
2146 1676 2216 1738 ad
2266 1687 2319 1738 te
2368 1680 2614 1742 misimus
2669 1676 2964 1754 sportulam
3022 1685 3358 1756 nuptialem,

1776 1779 1936 1836 quam
1959 1782 2083 1827 cum
2110 1782 2355 1841 prompta
2382 1771 2689 1844 dignatione
2716 1775 3040 1846 susceperis,
3063 1776 3356 1850 decumam

1775 1869 1888 2010 :tm
1936 1861 2089 1920 dabis
2116 1863 2294 1921 omnia
2325 1867 2621 1932 amicorum
2676 1870 2809 1934 festa
2856 1884 2979 1927 esse
3025 1871 3354 1928 communia.

1820 1953 1926 2010 ale.

1820 1953 1926 2011 ale.

2348 2071 2565 2131 EPIST.
2607 2071 2765 2130 CVII.

2343 2165 2768 2228 eminentis...”
2882 2199 2884 2201 >

1839 2254 2050 2324 Nuptiis
2077 2256 2292 2327 quidem
2314 2257 2407 2312 lilii
2439 2259 2542 2314 mei
2571 2269 2625 2314 te
2647 2273 2863 2330 quoque
2889 2259 3035 2316 inter
3055 2259 3354 2319 amicorum

1767 2348 2078 2418 potissimos
2107 2349 2369 2412 interesse
2419 2352 2728 2408 voluissem.
2759 2351 2866 2408 Sed
2901 2353 3023 2424 quis
3065 2353 3352 2424 longinqua

1765 2439 2007 2496 absentia
2036 2448 2129 2496 tua
2153 2439 2516 2498 desideratum
2561 2442 2692 2498 mihi
2723 2444 2935 2513 negavit
2963 2443 3198 2500 officium
3233 2484 3248 2508 ,
3291 2445 3346 2500 in

1765 2531 1977 2588 duobus
2018 2530 2206 2589 solidis
2236 2535 2534 2603 sportulam
2573 2533 2728 2603 misi,
2779 2545 2837 2594 ut
2867 2535 3050 2607 vigere
3093 2535 3232 2606 apud
3263 2551 3350 2593 me

1764 2635 1908 2680 tuam
1952 2629 2268 2686 memoriam
2307 2629 2490 2686 votiva
2519 2629 2791 2688 oblatione
2837 2639 3084 2688 testarer.
3124 2631 3350 2686 Parvum

1761 2719 1978 2790 quidem
2010 2722 2389 2778 munusculum
2419 2731 2531 2789 est,
2568 2723 2614 2778 si
2660 2723 2958 2780 nstimatur
2996 2722 3169 2792 pretio
3215 2720 3299 2779 sui
3329 2736 3348 2776 :

1762 2812 2072 2883 religiosum
2096 2814 2146 2870 si
2170 2830 2356 2871 amore
2384 2803 2670 2887 pendetur.
2697 2815 2851 2872 Vale.

2333 2907 2549 2964 EPIST.
2589 2906 2776 2964 CVIII.

2342 3014 2772 3059 BVMIIACIIUB..."

1829 3091 2024 3149 Omnia
2056 3108 2176 3165 quae
2211 3093 2332 3150 sine
2371 3103 2592 3150 auctore
2627 3093 2898 3164 jactentur
2949 3093 3154 3150 incerta
3201 3101 3344 3150 sunt.

1641 3269 1646 3273 .
1677 3188 1728 3264 ο
1761 3181 1867 3241 Sed
1895 3200 1998 3256 ego
2023 3186 2076 3242 in
2115 3201 2284 3243 sacras
2312 3173 2532 3257 virginis
2561 3186 2755 3242 famam
2796 3184 2930 3242 nihil
2972 3186 3145 3255 patior
3184 3185 3348 3244 licere

1761 3281 2123 3338 sermonibus.
2154 3280 2334 3348 Quare
2371 3279 2553 3336 officio
2594 3279 2883 3351 pontificis,
2935 3279 3040 3338 fide
3080 3280 3348 3336 senatoris

1758 3374 2056 3430 admoneor
2111 3372 2352 3443 proferre
2405 3382 2702 3441 comperta.
2759 3371 2960 3431 Diceris
3009 3380 3134 3426 ante
3177 3384 3348 3425 annos

1760 3467 1970 3538 legibus
1999 3467 2248 3524 detinitos
2278 3465 2468 3522 vestali
2493 3473 2706 3521 secreto
2729 3465 2865 3520 velle
2881 3462 3168 3522 decedere.
3201 3461 3349 3516 Non-

1758 3562 1887 3618 dum
1919 3561 2082 3618 credo
2103 3561 2327 3625 rumori,
2355 3559 2450 3615 sed
2475 3559 2831 3616 assertionem
2858 3570 2960 3614 tua:
2988 3557 3135 3612 vocis
3155 3569 3347 3624 exspe-

1757 3665 1868 3725 cto,
1893 3668 2015 3727 quas
2042 3651 2312 3726 opinionis
2339 3651 2557 3708 dubium
2580 3659 2673 3708 aut
2701 3658 2956 3722 agnoscat
2991 3658 3082 3705 aut
3104 3643 3344 3718 respuat.

1764 3749 1914 3806 Vale.

2356 3839 2571 3896 EPIST.
2616 3835 2752 3894 CIX.

2331 3946 2656 3988 ιγιιιλοιωι.
2668 3969 2728 3987 ..ο
2739 3970 2754 3987 ι

1826 4029 2066 4088 Tandem
2096 4029 2165 4084 de
2192 4027 2401 4082 actibus
2429 4026 2532 4082 tuis
2559 4035 2766 4082 certum
2796 4038 2884 4080 me
2922 4021 3098 4078 facere
3125 4020 3340 4090 dignata

1755 4138 1837 4191 es,
1873 4122 2068 4194 quibus
2095 4121 2246 4176 lectis
2271 4129 2432 4191 atque
2460 4117 2704 4173 decursis
2734 4117 2945 4172 imtatus
2979 4129 3096 4172 sn-n
3131 4114 3254 4169 vitae
3283 4120 3341 4170 et

1758 4215 2078 4272 innocentiae
2112 4226 2216 4268 tua:
2249 4212 2388 4282 apud
2416 4210 2650 4266 Iustum.
2673 4207 2896 4266 Cmteris
2921 4207 2972 4262 itt
2997 4203 3345 4266 rescribendo

1755 4309 2086 4380 diligentiam
2129 4306 2362 4362 defuisse
2387 4304 2563 4368 video,
2584 4316 2739 4380 .quos
2786 4310 2840 4354 tu
2885 4298 2952 4352 ad
2999 4294 3341 4352 referendam

1754 4405 1979 4474 gratiam
2001 4401 2306 4471 dignaberis
2323 4399 2566 4462 incitare,
2589 4404 2646 4450 ut
2665 4393 2956 4463 intelligam
2979 4387 3344 4445 vicissitudine

1659 4515 1672 4524 ·
1755 4505 2108 4570 provocatus,
2152 4493 2410 4565 epistolas
2459 4506 2604 4546 meas
2658 4487 2849 4544 iisdem
2900 4484 3114 4541 faStidio
3161 4493 3344 4555 postea

1675 4581 1733 4654 Β
1756 4608 1864 4651 non
1891 4594 2118 4650 Iuturas.
2155 4593 2300 4647 Vale.

2362 4678 2585 4737 EPIST.
2622 4678 2735 4736 CX.

2336 4787 2717 4832 εγιιιιλεηυε...
2727 4811 2742 4828 .
2753 4812 2768 4826 .

1823 4876 2068 4933 Aliorum
2098 4871 2321 4944 quidem
2346 4869 2438 4924 tibi
2466 4864 2759 4939 spectanda
2786 4873 2870 4920 est
2895 4863 3180 4926 sententia,
3206 4876 3342 4931 quos

1750 4972 1909 5028 decet
1932 4970 2000 5024 de
2025 4965 2266 5038 patribus
2290 4962 2550 5033 judicare.
2581 4959 2681 5014 Mei
2714 4958 2910 5028 ingenii
2941 4957 3150 5010 exilitas
3179 4953 3342 5008 etiam

1753 5078 1919 5136 parva
1943 5062 2187 5128 miratur.
2221 5057 2400 5126 Quare
2431 5055 2588 5110 velim
2619 5050 2809 5108 credas
2833 5050 2963 5103 nihil
2998 5047 3090 5100 tilti
3121 5062 3186 5102 es
3220 5061 3341 5100 meo

1755 5154 2064 5213 testimonio
2113 5149 2334 5205 honoris
2374 5148 2654 5203 accedere.
2703 5143 2834 5198 Nam
2873 5141 2972 5196 etsi
3025 5136 3226 5192 laudari
3272 5137 3340 5194 ab

1755 5247 1968 5310 laudato
2001 5246 2113 5300 viro
2147 5255 2298 5299 vetus
2327 5241 2527 5296 dictum
2559 5226 2671 5302 est,
2715 5235 2880 5290 nostri
2923 5243 3099 5290 tamen
3133 5227 3340 5282 medio-

1753 5345 1918 5403 critas
1939 5357 2043 5398 non
2068 5338 2292 5396 multum
2323 5335 2479 5391 fama:
2509 5343 2613 5388 tuac
2638 5327 3016 5387 claritudinem
3037 5324 3206 5394 juvat.
3232 5321 3340 5378 Sed

1757 5441 1882 5510 quia
1911 5435 2169 5494 voluntati
2221 5446 2323 5487 tum
2352 5446 2471 5487 mos
2516 5425 2784 5498 gerendus
2811 5430 2922 5483 est,
2957 5417 3082 5490 quid
3124 5417 3338 5487 quidam

1759 5551 1791 5592 e
1833 5532 2013 5589 medio
2041 5529 2107 5584 de
2151 5523 2483 5583 orationibus
2513 5521 2620 5574 tuis
2667 5516 2922 5580 sentiant,
2967 5512 3150 5582 jussus
3178 5527 3343 5580 expc-

1759 5631 1924 5686 diam.
1966 5627 2142 5694 Prope
2189 5607 2268 5677 est
2296 5627 2352 5672 ut
2377 5627 2428 5671 te
2456 5627 2679 5683 arguere
2708 5608 2932 5663 debeam
2963 5603 3106 5676 quod
3132 5605 3342 5660 steculo

1760 5736 1947 5788 nostro
1969 5717 2199 5776 Tulliani
2222 5714 2347 5786 styli
2370 5712 2568 5766 famam
2590 5718 2782 5777 parcus
2808 5702 3068 5758 invideas.
3096 5700 3311 5771 Rcspon

1760 5820 1914 5880 dehis
1940 5827 2152 5874 omnem
2192 5819 2244 5867 te
2293 5821 2510 5874 operam
2540 5796 2835 5860 condendas
2887 5795 3124 5855 historiae
3173 5798 3343 5862 depu-
