3932 6432
621 337 716 400 851

623 553 751 607 Nam
785 552 896 621 pari
937 553 1110 608 nitore
1142 561 1303 622 atque
1353 549 1614 620 gravitate
1636 548 1933 604 senatorias
1962 546 2204 602 actiones

625 652 680 700 et
706 643 964 698 Romanae
996 643 1072 698 rei
1103 653 1446 698 monumenta
1489 641 1710 710 limasti,
1741 648 1798 695 ut
1828 639 1984 710 plane
2017 638 2208 694 Home-

625 737 734 794 rica
777 737 1138 808 appellatione
1175 736 1474 810 περιδέξιον,
1507 735 1559 790 id
1598 731 1702 800 est,
1747 733 2104 804 tequiuianum
2157 741 2209 787 te

627 831 1181 902 pronuntiem.Perge
1205 831 1383 902 igitur,
1406 846 1609 901 quaeso,
1625 839 1679 885 et
1701 830 1856 885 stude
1875 828 2010 884 hanc
2033 837 2209 899 poste-

627 925 704 980 ris
729 927 906 982 dotem
932 926 1254 998 relinquere,
1279 936 1337 983 ut
1365 929 1485 998 quae
1507 925 1675 981 divisa
1707 925 1762 980 in
1785 923 2010 994 singulis
2025 931 2210 978 aucto-

627 1020 776 1075 ribus
807 1031 932 1078 ante
963 1021 1300 1091 placuerunt,
1336 1021 1524 1078 eadem
1556 1033 1699 1076 nunc
1727 1018 1783 1074 in
1833 1026 1884 1074 te
1925 1017 2206 1089 conjuncta

629 1110 931 1170 laudentur.
969 1114 1116 1172 Vale.

1227 1208 1438 1266 EPIS’I‘.
1481 1206 1617 1264 CXI.

1199 1318 1630 1358 SYMIIACIIUS.....

698 1393 916 1464 Fontes,
948 1410 1010 1452 ac
1038 1395 1408 1453 difﬁcultatem
1439 1396 1697 1452 ducenda:
1717 1409 1866 1465 aqua!
1896 1394 2035 1450 inter
2067 1391 2211 1447 labo-

629 1501 718 1542 res
742 1503 964 1544 censere
996 1488 1287 1545 Herculeos
1323 1489 1738 1544 debeamus.....
1778 1501 1919 1542 nunc
1961 1476 2227 1554 Neapolis'

628 1591 828 1638 mutata
861 1583 991 1639 sede
1012 1585 1267 1655 suscepit.
1312 1582 1466 1639 Unde
1509 1593 1627 1652 post
1664 1583 1825 1637 breve
1871 1577 2210 1634 intervallum

627 1675 834 1732 dierum
888 1677 1118 1733 transire
1169 1676 1406 1748 Capuam
1458 1678 1533 1730 tui
1581 1674 1833 1731 desiderii
1883 1672 2052 1744 gratia
2105 1684 2208 1725 non

627 1769 897 1827 morabor.

630 1882 638 1889 '
1212 1862 1424 1919 EPIST.
1464 1861 1624 1918 CXII.

1206 1972 1536 2014 SVMIIACIIUS.
1546 1996 1559 2010 .
1570 1994 1583 2010 ο
1593 1991 1632 2010 ,ο

694 2048 828 2106 Cum
849 2049 958 2120 jam
987 2051 1359 2108 Decembrium
1379 2052 1483 2108 cal.
1516 2059 1727 2121 tempus
1755 2057 2053 2120 appeteret,
2082 2049 2208 2106 red-

625 2141 750 2199 ditat:
791 2154 916 2200 sunt
945 2145 1332 2214 mibi-litterae,
1379 2161 1498 2217 qua:
1538 2146 1785 2200 annalem
1836 2145 2072 2200 trabeam
2099 2160 2211 2200 me-

626 2235 801 2293 ruisse
844 2237 1208 2309 loquerentur.
1252 2239 1454 2295 Credas
1501 2232 1663 2295 velim
1706 2239 1874 2294 multo
1919 2253 1990 2295 ex
2033 2254 2095 2294 ea
2151 2253 2212 2294 re

623 2328 817 2398 gaudio
863 2331 1060 2387 mentis
1111 2346 1245 2387 mea;
1288 2331 1527 2387 habitum
1582 2331 1938 2402 splenduisse.
1991 2331 2206 2402 Primo,

623 2423 763 2492 quod
795 2423 865 2479 ita
894 2431 1082 2480 natura
1107 2435 1475 2498 comparatum
1506 2434 1609 2490 est,
1643 2435 1701 2480 ut
1721 2439 1911 2482 omnes
1930 2424 2033 2480 sibi
2063 2425 2211 2480 dela-

624 2524 738 2571 tum
770 2516 933 2574 decus
957 2519 1234 2590 judicent,
1275 2521 1417 2590 quod
1443 2522 1636 2592 dignus
1656 2521 1945 2590 acceperit.
1982 2519 2207 2589 Dehinc,

623 2609 745 2678 quia
778 2609 969 2677 honor,
987 2615 1095 2682 jam
1121 2613 1326 2683 pridem
1356 2624 1514 2685 togae,
1545 2623 1599 2670 et
1626 2613 1800 2669 ordini
1832 2630 1986 2670 rarus
2014 2615 2206 2670 nimis-

621 2712 728 2769 que
748 2700 1002 2770 difficilis,
1029 2705 1246 2760 tandem
1261 2713 1582 2761 summatem
1603 2705 1842 2762 civilium
1870 2707 2100 2776 partium
2123 2707 2207 2761 vi-
2253 2727 2261 2732 ·

521 2847 526 2856 _
622 2805 738 2846 rum
762 2794 999 2865 respicit.
1020 2795 1380 2864 Postremum,
1407 2798 1548 2869 quod
1566 2799 1834 2855 amicitias
1849 2809 2063 2855 nostras
2085 2815 2211 2856 nec-

622 2883 747 2961 dum
786 2887 908 2941 aliis
949 2875 1143 2944 ofﬁciis
1173 2889 1448 2947 inchoatas
1477 2901 1722 2964 prompta
1751 2895 2066 2950 evocatione
2083 2895 2208 2964 jun-

618 2975 761 3031 xisti.
789 2977 1022 3036 Videsne
1060 2996 1218 3053 quam
1259 2983 1569 3054 probabiles
1615 2984 1814 3041 laetitiae
1861 3001 1994 3042 mea:
2029 3001 2206 3042 caus-.c

616 3072 757 3126 sint?
800 3073 906 3130 Sed
935 3091 1127 3132 vereor
1157 3092 1226 3134 ne
1256 3078 1337 3133 his
1368 3078 1555 3148 parum
1584 3081 1799 3146 credas,
1827 3095 1949 3136 cum
1994 3083 2203 3136 accitus

1792 337 1858 406 ρ.
1899 332 2245 392 AURELIUS
2282 333 2726 394 SVMMACHUS.

624 430 1036 528 lasse.‘lgnosce
1065 457 1304 514 avaritia:
1334 468 1489 523 meae,
1524 454 1569 510 si
1607 462 1896 524 utrumque
1926 453 2197 509 desidero.
2230 455 2282 513 Α

3723 351 3792 410 352

2885 453 3096 511 EPIST.
3140 413 3316 512 extv.

2886 567 3216 610 SVIMACIIUS.
3228 593 3242 610 ο
3255 597 3265 608 .
3279 596 3288 606 .
3301 596 3314 609 .

2383 642 2547 698 Recte
2594 643 2842 699 Caecilius
2894 646 3163 700 comicus:
3211 646 3410 713 Homo,
3444 650 3621 720 inquit,
3659 651 3794 707 homini
3842 655 3844 662 '

2311 737 2433 792 deus
2479 735 2571 803 est,
2609 740 2652 792 si
2683 755 2831 793 suum
2853 740 3071 809 officium
3101 743 3250 798 sciat.
3293 743 3435 799 IIanc
3461 760 3549 815 ego
3570 747 3614 801 in
3640 756 3681 802 te
3697 748 3795 804 dite-
3843 751 3846 754 ’

2313 829 2412 884 rim
2441 831 2758 886 sententiam
2782 835 3093 901 convenire,
3117 837 3204 905 qui
3239 837 3432 892 nostris
3460 839 3655 908 negotiis
3670 857 3795 912 caput

2311 921 2528 992 vigilem
2554 925 2870 992 pru'stitisti.
2901 925 3035 982 llinc
3065 927 3116 981 in
3144 936 3360 998 pectore
3381 931 3632 997 memoria,
3658 933 3746 987 laus
3764 936 3796 987 in

2312 1029 2407 1070 ore
2438 1028 2702 1072 versatur.
2734 1017 2841 1073 Nec
2883 1020 2934 1074 in
2967 1022 3249 1090 praesentia
3295 1025 3448 1079 modo
3476 1025 3612 1079 ﬂoret
3649 1026 3738 1080 facti
3765 1037 3798 1081 et

2313 1109 2473 1163 Studii
2505 1109 2578 1163 tui
2606 1111 2803 1180 gloria,
2835 1112 2952 1179 sed,
2985 1123 3039 1168 ut
3070 1130 3222 1170 mens
3244 1125 3482 1186 augurat,
3521 1134 3666 1173 aevum
3703 1121 3799 1188 vige-

2313 1199 2410 1254 bit.
2440 1201 2707 1258 Prolixior
2734 1205 2955 1274 agendis
2976 1208 3164 1275 gratiis
3188 1223 3369 1264 sermo
3391 1211 3543 1266 etiam
3570 1226 3685 1266 nunc
3703 1226 3800 1266 com-

2317 1303 2542 1363 peteret,
2571 1296 2623 1350 ui
2659 1312 2892 1363 vererer,
2921 1315 2989 1354 ne
3017 1299 3175 1355 simul
3196 1309 3365 1358 totum
3393 1303 3564 1359 videar
3589 1305 3800 1374 expunxis-

2313 1398 2403 1451 se,
2444 1388 2584 1457 quod
2616 1388 2805 1446 debeo.
2861 1391 3148 1462 Impatiens
3179 1406 3261 1450 est
3289 1397 3484 1468 accepti
3512 1398 3729 1460 beneﬁcii,
3745 1399 3799 1466 qui

2315 1491 2456 1532 nexu
2489 1491 2741 1548 properat
2771 1483 2987 1538 liberari
3015 1502 3026 1538 :
3055 1500 3152 1541 nec
3181 1487 3394 1543 videtur
3420 1499 3633 1544 mutuam
3651 1503 3798 1560 operam

2315 1571 2464 1640 quasi
2495 1572 2699 1626 amicus
2727 1573 2992 1645 accipere,
3028 1579 3070 1632 si
3115 1579 3384 1634 erubescit
3421 1580 3483 1635 ad
3527 1597 3695 1638 moram
3727 1596 3801 1649 gra-

2318 1664 2424 1717 tiae.
2467 1664 2583 1718 Alia
2615 1665 2718 1720 mei
2751 1665 2946 1738 ingenii
2981 1669 3119 1724 ratio
3149 1682 3253 1726 est.
3289 1673 3524 1729 Pecuniae
3556 1674 3682 1730 fenus
3703 1689 3800 1729 acce-

2315 1755 2430 1811 lero
2471 1759 2827 1828 persolvere:
2860 1762 3160 1820 ofﬁciorum
3212 1769 3358 1824 vices
3396 1769 3484 1824 diu
3523 1777 3632 1840 opto
3651 1769 3798 1824 debere.

2242 1840 2294 1902 B
2320 1847 2470 1904 Vale.

2911 1949 3128 2006 EPIST.
3153 1952 3319 2010 CXV.

2863 2058 3340 2104 δῖιιηλοῐωε.......

2390 2131 2574 2190 Mones
2608 2151 2764 2207 mquo
2790 2138 2971 2194 animo
2997 2141 3162 2197 feram
3187 2144 3273 2198 vel
3297 2145 3592 2202 aemulorum
3619 2145 3721 2201 facta
3741 2143 3800 2198 imo

2318 2231 2505 2298 proba,
2537 2231 2618 2288 vel
2661 2233 2986 2302 ingratorum
3021 2236 3164 2292 foeda
3192 2239 3669 2299 decreta.Convenit
3689 2237 3801 2294 studio

2316 2335 2476 2394 atque
2531 2325 2744 2396 ingenio
2793 2337 2980 2384 nostro
3022 2333 3232 2387 consilii
3287 2335 3360 2390 tui
3407 2337 3629 2406 qualitas.
3665 2332 3801 2388 Nullius

2316 2417 2514 2487 quippe
2538 2425 2642 2472 tam
2668 2421 2958 2478 vehemens
2983 2426 3221 2494 nequitia
3245 2437 3348 2496 est,
3365 2437 3420 2482 ut
3441 2437 3575 2482 motu
3592 2425 3800 2492 meodigm

2316 2511 2408 2564 sit.
2445 2515 2524 2566 An
2557 2527 2654 2584 ego
2700 2514 2840 2568 istud
2882 2516 3050 2571 feram
3081 2519 3330 2589 moleste,
3360 2521 3446 2592 qui
3485 2519 3687 2575 noverim
3712 2516 3799 2570 Illar-

2315 2603 2576 2658 cellorum
2611 2619 2956 2662 monumenta
2987 2609 3198 2664 sublata
3236 2611 3401 2667 Verre
3432 2622 3652 2682 praetore,
3675 2616 3713 2662 et
3734 2603 3799 2659 lla-

2317 2697 2482 2750 rianis
2522 2701 2736 2768 tropzeis
2770 2715 3104 2772 nequaquam
3126 2704 3530 2759 manusinvidas
3555 2693 3799 2774 pepercisse?

2315 2790 2369 2844 Iu
2399 2793 2512 2846 sola
2547 2795 2872 2851 conscientia
2917 2805 3000 2850 est
3025 2796 3228 2853 fructus
3260 2809 3315 2855 et
3342 2801 3474 2855 ratio
3496 2797 3688 2852 virtutis.
3713 2787 3799 2846 Nihil

2316 2898 2498 2938 moror
2524 2894 2729 2941 statuas
2757 2896 2809 2941 et
2840 2888 3078 2965 publica‘
3098 2879 3545 2947 falsa'titulurum.
3577 2889 3730 2943 Fucum
3752 2881 3798 2936 h-

2312 2977 2460 3032 ciuut
2497 2981 2907 3048 provincialium
2953 2984 3141 3048 oculis,
3192 2985 3283 3054 qui
3331 2985 3512 3049 animis
3551 2981 3795 3039 exciderunt.

2313 3068 2466 3134 Quod
2498 3069 2542 3123 si
2572 3069 2698 3125 mihi
2730 3072 2870 3128 ullus
2901 3074 3072 3128 honor
3099 3078 3390 3131 testimonii
3425 3075 3599 3146 publici
3625 3072 3797 3126 all'ectan-
3861 3113 3863 3146 i

617 3178 866 3220 excusem
887 3210 900 3236 ,
933 3170 1176 3238 quamvis
1208 3170 1350 3239 ius",
1388 3174 1526 3226 ηιηο
1564 3174 1860 3242 sapiemem
1889 3187 1994 3228 non
2037 3174 2208 3244 possit
2247 3197 2272 3244 -_
2313 3161 2410 3216 dus
2438 3161 2603 3230 foret;
2628 3164 2831 3234 judicio
2863 3177 2952 3222 tuo
2974 3179 3026 3223 et
3057 3169 3314 3225 similium
3339 3180 3602 3226 contentus
3625 3178 3716 3220 esse
3742 3160 3796 3213 dc-

617 3256 910 3316 oﬁ‘endere.
941 3262 1062 3327 Quo
1083 3263 1230 3318 enim
1258 3274 1414 3334 pacto
1439 3265 1507 3320 ad
1537 3267 1708 3335 prima
1731 3265 1957 3320 fascium
1990 3242 2203 3322 tuorum
2231 3242 2277 3307 ε
2310 3254 2489 3312 ὒθτοῐη
2513 3298 2530 3322 ν
2564 3259 2644 3313 νει
2687 3259 2915 3314 ίίάίεῖηῖδ
2945 3263 3212 3332 exemplo,
3245 3265 3337 3335 qui
3382 3263 3654 3333 indignatus
3684 3252 3796 3311 ⁶⁰¹¹⁵ί’
3859 3257 3861 3335 Ῑ

618 3360 844 3407 vocatus
871 3355 1127 3426 auspicia,
1159 3357 1342 3426 paucis
1371 3357 1560 3413 diebus
1591 3357 1885 3414 Galliarum
1916 3359 2204 3430 longinqua

615 3448 998 3512 penetrarem?
1025 3449 1213 3505 Exime
1246 3450 1454 3506 itineris
1482 3463 1820 3522 apparatum,
1862 3453 2037 3524 cogita
2082 3454 2204 3509 hie-

615 3537 720 3594 mis
750 3539 1219 3611 impedimentum,
1245 3545 1510 3601 delectum
1537 3561 1728 3602 cursus
1755 3547 1972 3618 publici,
1996 3558 2049 3604 et
2078 3549 2206 3604 bru-

615 3631 772 3688 malis
804 3633 939 3689 lucis
965 3637 1260 3706 angustias.
1281 3637 1471 3693 Nonne
1496 3639 1624 3694 mihi
1642 3649 1769 3695 ante
1795 3641 2040 3721 cal..lan.
2063 3641 2204 3698 futu-

616 3738 708 3779 rus
733 3715 849 3780 erat
873 3727 1053 3784 irritus
1077 3729 1250 3798 labor,
1279 3739 1372 3786 aut
1403 3741 1522 3800 post
1555 3716 1969 3789 inverecundior
1998 3735 2201 3790 adven-

615 3819 732 3872 tus?
759 3819 905 3889 Hazc,
937 3837 1035 3876 oro
1062 3831 1134 3889 te,
1162 3838 1316 3894 aequo
1346 3826 1526 3880 animo
1555 3829 1860 3895 pronuntia,
1885 3828 2204 3884 etamicitirn

617 3918 818 3967 nostra:
863 3913 1035 3970 bonus
1061 3926 1250 3971 auctor
1279 3931 1400 3973 esse
1441 3918 1683 3988 dignare.
1716 3919 1793 3974 Eo
1824 3919 2006 3974 animo
2037 3920 2202 3976 inter-

615 4013 850 4074 pretare,
868 4024 986 4078 qua:
1003 4009 1127 4079 jure
1148 4019 1334 4067 astruo
1359 4026 1467 4081 quo
1489 4013 1691 4081 rogasti
1713 4027 1843 4067 :nec
1865 4014 2200 4082 propositum

611 4102 758 4152 tuum
774 4099 1012 4156 deseras.
1037 4101 1196 4158 Solus
1212 4097 1356 4160 enim
1375 4104 1602 4174 benigne
1621 4103 1861 4160 creditur
1877 4104 1944 4159 ad
1955 4119 2197 4173 vocasse,

609 4192 700 4262 qui
727 4196 1073 4254 excusatione
1099 4213 1206 4254 non
1244 4197 1476 4254 laeditur.
1511 4197 1665 4254 Vale.

1181 4346 1396 4416 EPIST.
1437 4357 1624 4413 CXIII.

1191 4467 1624 4508 SVMIIACIIUS.....

687 4557 846 4616 Multa
881 4577 966 4619 me
994 4563 1166 4634 gratia
1193 4565 1442 4632 nexuisti,
1475 4575 1531 4620 et
1559 4581 1680 4621 cum
1711 4567 1980 4636 prioribus
2006 4567 2201 4627 ofﬁciis

612 4651 716 4707 tuis
739 4653 912 4709 adhuc
941 4654 1200 4710 solvendo
1222 4671 1328 4711 non
1355 4657 1478 4724 sim,
1496 4657 1674 4714 denuo
1693 4659 1836 4715 aliud
1867 4677 2030 4732 posco
2055 4664 2199 4734 quod

610 4740 858 4802 debeam.
883 4749 1082 4805 Consul
1104 4751 1466 4822 amplissimus
1489 4755 1744 4825 auspiciis
1763 4758 1983 4813 honoris
2011 4761 2090 4815 sui
2116 4761 2197 4814 in-

606 4847 811 4896 teresse
837 4857 922 4897 me
940 4845 1212 4914 praecepit,
1237 4847 1389 4916 cujus
1407 4848 1598 4905 litteris
1621 4858 1707 4905 tua
1731 4865 1946 4921 quoque
1969 4854 2200 4910 accessit

605 4934 800 4988 oratio.
833 4935 957 4990 Haec
986 4945 1043 4990 ut
1065 4947 1288 4994 venturo
1311 4939 1532 4996 honesta
1564 4952 1666 5008 est,
1690 4943 1761 4998 ita
1794 4947 2074 5001 excusanti
2099 4963 2195 5003 ve-

607 5027 896 5086 hementer
935 5047 1184 5090 onerosa.
1235 5035 1342 5090 Sed
1394 5046 1483 5092 tua
1531 5038 1758 5109 aequitas
1811 5041 2194 5097 verecundiam

606 5135 782 5176 meam
822 5125 934 5179 veri
967 5124 1220 5182 facilitate
1271 5129 1552 5184 relevabit.
1605 5130 1697 5186 Ille
1738 5139 1796 5185 ut
1832 5133 1904 5186 sit
1952 5134 2192 5201 placatus

604 5214 869 5280 annitere.
901 5218 984 5272 cui
1019 5233 1105 5274 me
1129 5219 1298 5275 tristis
1323 5221 1390 5276 de
1415 5222 1581 5278 fratre
1608 5238 1766 5278 casus
1793 5235 2035 5280 excusat.
2056 5226 2190 5281 Nam

603 5317 760 5377 turpe
787 5320 947 5378 atque
978 5311 1270 5382 impetibile
1297 5324 1416 5381 est,
1448 5315 1677 5372 attonito
1716 5317 1897 5372 animo
1921 5327 1978 5374 et
2015 5318 2191 5376 fronte

603 5413 794 5456 moesta
821 5403 970 5459 laetos
993 5407 1141 5461 adire
1167 5417 1486 5464 conventus.
1510 5409 1646 5476 Quid
1677 5410 1945 5465 fortunam
1974 5411 2185 5478 deccat,

601 5508 857 5560 agnosco,
883 5512 1004 5551 cum
1035 5513 1136 5568 qua
1167 5499 1327 5554 nimis
1357 5503 1746 5556 contumaciter
1764 5503 1891 5572 agit,
1917 5504 2004 5573 qui
2036 5519 2192 5560 acce-

604 5595 695 5654 pto
720 5588 938 5644 vulnere
959 5591 1136 5644 statim
1169 5593 1334 5647 miser
1373 5607 1494 5648 esse
1521 5591 1842 5649 dissinﬂilat.
1877 5596 1928 5651 Si
1951 5598 2116 5665 justa,
2143 5599 2190 5652 si

600 5683 926 5748 necessaria,
950 5683 995 5737 si
1027 5700 1152 5739 vera
1183 5687 1595 5754 praetendimus;
1625 5689 1815 5756 facito,
1841 5706 1939 5746 oro
1972 5701 2044 5761 te,
2079 5703 2186 5748 tam

598 5785 848 5844 prompta
874 5776 1030 5838 venia
1050 5775 1293 5846 ignoscat
1319 5778 1576 5834 absentia:
1601 5797 1737 5838 meae
1761 5799 1922 5854 quam
1952 5785 2088 5842 bona
2113 5785 2187 5842 af-

595 5866 758 5924 fectio
789 5875 962 5928 ment
983 5883 1261 5936 pergerem
1288 5871 1600 5937 postulavit.
1633 5874 1783 5933 Vale.

2313 3348 2549 3403 dentium
2601 3352 2830 3418 turbam,
2881 3353 2979 3408 sibi
3033 3364 3086 3408 et
3131 3357 3302 3409 musis
3334 3365 3535 3412 cantqu
3561 3343 3796 3408 ciebatzl'i‘l

2311 3442 2602 3495 secundmn
2659 3442 2982 3498 Ilcraclitnm
3037 3445 3457 3516 philosOphum,
3502 3445 3582 3518 qui
3616 3447 3795 3498 summam

2309 3531 2480 3586 laudis
2511 3534 2870 3590 arbitrabatur
2914 3537 3125 3607 placere
3156 3539 3266 3604 uni,
3301 3541 3344 3594 si
3377 3549 3512 3594 esset
3539 3537 3724 3608 optimus
3745 3524 3797 3596 llui

2311 3625 2578 3694 probaret.
2631 3627 2808 3693 Quare
2856 3638 2972 3684 esto
3024 3645 3246 3685 securus
3289 3632 3545 3701 patientia:
3583 3625 3798 3683 nostranel

2309 3720 2686 3788 congratulare
2731 3721 2862 3776 mihi
2895 3722 3033 3792 quod
3077 3724 3224 3777 solus
3255 3732 3475 3796 torqueo
3514 3721 3653 3778 corda
3691 3717 3798 3769 liven-

2310 3813 2462 3880 tium,
2520 3829 2639 3868 cum
2672 3815 2758 3869 alii
2787 3817 2981 3886 quibus
3021 3826 3215 3871 statum
3246 3834 3458 3890 quoquo
3497 3816 3635 3875 modo
3658 3809 3798 3867 tribui?

2306 3907 2436 3971 sint,
2465 3907 2596 3962 nihil
2629 3908 2862 3964 habeant
2889 3909 3259 3965 invidendum.
3295 3911 3442 3969 Vale.

2886 4003 3102 4060 EPIST.
3130 4003 3315 4061 CXVI.

2852 4112 3332 4154 SV.\I.\I.\CIIUS.......

2381 4190 2544 4248 Valeo
2582 4200 2836 4262 quantum
2866 4192 2996 4247 sinit
3023 4208 3166 4264 mger
3209 4195 3440 4250 animus.
3479 4192 3630 4261 Atque
3661 4181 3796 4277 utinntn

2307 4282 2452 4357 leges
2483 4303 2634 4357 mque
2662 4303 2870 4342 mecum
2893 4289 3150 4351 valerent,
3181 4303 3406 4358 quarum
3445 4285 3624 4341 sanitas
3640 4276 3693 4332 ab
3715 4275 3796 4340 ipsis

2304 4379 2619 4450 plerumque
2669 4380 3051 4450 corrumpitur,
3093 4380 3286 4450 quibus
3315 4377 3540 4436 curanda
3576 4367 3797 4429 mandatur.
3846 4371 3847 4374 ‘

2276 4470 2420 4526 .Non
2463 4488 2676 4542 pergam
2709 4473 2938 4542 longius,
2988 4487 3110 4526 cum
3149 4473 3251 4527 hoc
3281 4475 3502 4542 aenigma
3541 4467 3678 4520 frater
3699 4464 3798 4511 meus
3844 4513 3845 4523 χ

2306 4566 2588 4621 Buleforus
2615 4566 2786 4636 possit
2811 4566 3041 4635 aperire.
3075 4565 3170 4620 Cui
3202 4576 3260 4621 ut
3289 4564 3517 4620 amicitia
3547 4571 3648 4615 mea
3671 4551 3796 4606 chara.

2308 4661 2378 4716 ita
2410 4661 2625 4730 querela
2653 4668 2929 4729 comperta
2967 4669 3068 4714 est.
3099 4659 3148 4714 Is
3190 4659 3277 4716 ubi
3310 4669 3362 4716 te
3385 4660 3638 4714 scientem
3659 4643 3797 4701 doloris
3842 4649 3843 4662 ξ

2308 4754 2412 4810 mei
2438 4755 2649 4819 fecerit,
2676 4753 2888 4809 conﬁdo
2911 4753 3000 4809 tali
3032 4753 3278 4825 adjutore
3307 4755 3448 4825 leges
3475 4751 3535 4805 ad
3559 4748 3654 4802 fora
3676 4742 3796 4795 nostra

2306 4849 2564 4908 reditura.
2594 4847 2745 4904 Vale.

2875 4941 3092 5000 EPIST.
3123 4939 3328 4998 CXVII.

2859 5052 3336 5093 δῖὶΙΜΔειῐυεηοοου

2377 5129 2812 5202 Exprobraveras
2843 5130 2970 5185 mihi
3003 5143 3128 5186 ante
3160 5130 3258 5186 hac
3284 5124 3630 5198 feras,quibus
3653 5105 3797 5170 nantil

2303 5240 2394 5280 usa
2439 5234 2706 5295 quaestura
2758 5224 2846 5277 ﬁlii
2899 5225 3023 5280 mei.
3076 5223 3356 5279 Mordebar
3383 5206 3830 5295 commemoraumacj

2300 5319 2434 5373 iiriti
2490 5317 2755 5379 beneficii,
2787 5317 2853 5371 de
2895 5332 3000 5388 quo
3029 5333 3250 5387 arguere
3279 5316 3501 5371 amicum
3531 5321 3616 5363 ncc
3643 5302 3798 5386 (omptl'

2300 5423 2407 5466 tem
2434 5410 2615 5479 gratia:
2645 5410 2942 5466 debuisses.
2997 5409 3073 5464 Tu
3112 5425 3240 5465 vero
3285 5409 3440 5464 etiam
3482 5399 3650 5474 pretia,
3684 5388 3799 5441 "1""

2297 5478 2776 5560 excellentissimus
2807 5503 3110 5558 communis
3152 5503 3317 5559 frater
3356 5495 3616 5555 Brotadius
3639 5478 3796 5544 alias-1h

2298 5612 2396 5652 nec
2419 5605 2664 5667 speratae,
2695 5611 2794 5651 nec
2825 5585 3031 5651 tradita:
3055 5597 3130 5650 rei
3157 5595 3409 5664 postulas.
3433 5586 3588 5659 Magis
3597 5578 3796 5665 jnratnic.

2295 5690 2340 5744 si
2369 5688 2567 5753 credis,
2596 5703 2624 5742 a
2657 5689 2974 5743 verecundia
3005 5689 3070 5741 ad
3105 5688 3382 5758 pecuniam
3427 5686 3522 5736 lata
3560 5667 3808 5768 convenite

2292 5783 2469 5839 Minus
2516 5784 2657 5838 enim
2706 5798 2866 5853 grave
2911 5792 2994 5838 est
3040 5782 3356 5846 debitorem,
3403 5789 3550 5849 quam
3597 5759 3796 5853 iugralulll

2293 5874 2484 5934 videri.
2518 5875 2616 5933 Est
2641 5847 2799 5946 igitur
2821 5877 2967 5947 optio
2988 5883 3101 5944 tua,
3130 5889 3309 5943 ursos,
3339 5847 3468 5944 quos
3498 5847 3796 5927 intempestate

3832 4941 3839 4974 ’l

3861 3121 3864 3230 Ι

3859 3265 3862 3373 l

3857 3417 3859 3517 l

3855 3553 3857 3661 l

3853 3703 3855 3805 l

3851 3859 3853 3949 i
