3932 6452
123 373 224 451 555‘

1315 380 1796 439 EPISTOLARUM
1833 383 2036 441 LIBER
2077 385 2163 440 IX.

3271 403 3376 459 554

123 509 248 564 dicis
297 503 522 559 amissos
569 498 864 570 naufragio,
921 506 1124 554 taxare.
1180 497 1354 553 Habes
1401 499 1454 553 in
1506 513 1686 566 manu,
1716 503 1770 561 Α
1797 501 1948 568 quius
1989 501 2402 561 submovendas.
2449 504 2630 577 Itaque
2674 517 2732 563 ut
2763 514 3060 582 promptius
3091 527 3267 584 partes
3296 521 3376 576 in~

123 611 309 673 quanto
347 597 613 652 :nstimare
653 593 782 647 mihi
821 591 1018 647 debeas
1056 589 1347 646 inefficacis
1385 591 1495 645 voti
1539 591 1692 646 beni-

122 694 390 763 guitatem.
437 688 665 742 Tantum
695 692 911 740 maneat
937 683 1170 738 amicitia
1202 691 1406 747 nostra,
1449 682 1692 752 nihilque

125 786 341 840 fortuna:
388 780 440 834 itt
487 793 602 833 eam
648 776 826 832 liceat.
871 775 1144 831 Summam
1188 789 1328 846 pono
1368 774 1689 845 dispendio:

124 890 220 931 non
259 872 547 930 subducam
586 869 866 941 pecuniam
917 882 1090 923 meam
1133 869 1284 923 navis
1322 875 1429 922 tuae
1456 867 1692 933 casibus,

125 968 260 1023 Vale.

661 1055 878 1112 EPIST.
909 1053 1138 1110 CXVIII.

673 1163 1153 1205 SYIIIACIIUS.......

188 1246 463 1318 Hospitem
503 1253 650 1298 tuum
693 1241 1007 1296 Faustinum
1057 1239 1290 1295 Senatus
1333 1238 1696 1310 amplissimus

125 1343 171 1397 in
197 1341 510 1397 societatem
542 1336 774 1406 recepit,
818 1343 963 1390 tanta
991 1335 1132 1404 apud
1174 1348 1275 1388 nos
1303 1331 1594 1389 testimonii
1624 1334 1695 1388 tui

124 1435 400 1504 antiquitas
421 1441 524 1500 est,
555 1439 614 1486 ut
633 1429 834 1486 differri
859 1446 977 1500 quae
1005 1429 1138 1484 velis
1163 1428 1335 1484 instar
1356 1428 1564 1498 injuriae
1603 1427 1694 1484 sit.

123 1529 226 1583 Tibi
270 1528 437 1598 igitur
485 1534 786 1595 acceptum,
816 1524 951 1578 ferat
1000 1523 1232 1577 studium
1265 1523 1428 1577 totius
1468 1521 1694 1577 Ordinis.

125 1622 239 1676 Nam
269 1631 335 1676 ut
377 1620 642 1676 beneficio
686 1633 841 1674 sacro
880 1617 1039 1672 debet
1067 1617 1341 1687 dignitatis
1370 1617 1699 1686 impetratio-

123 1733 250 1785 nem,
281 1717 360 1771 ita
389 1724 481 1771 tuo
510 1715 712 1770 decreti
744 1713 909 1767 nostri
940 1712 1292 1767 celeritatem.
1327 1709 1480 1765 Vale.

679 1806 894 1862 EPIST.
943 1804 1131 1860 CXIX.

663 1914 1133 1955 SYMI.\CIIUS......o

182 1996 436 2064 Plerique
465 2002 516 2049 te
539 1991 709 2053 accitu
732 1992 966 2047 consulis
993 1990 1351 2048 Mediolanum
1375 1988 1559 2046 venire
1581 2004 1700 2045 cre-

122 2092 350 2149 didimus
379 2107 394 2144 :
427 2104 550 2160 pars
595 2089 652 2144 in
694 2087 864 2142 Gallia
909 2087 1176 2143 resedisse
1214 2086 1506 2155 jactabant.
1560 2086 1704 2142 Inter

123 2188 228 2242 haec
254 2183 573 2255 opinionum
603 2182 768 2248 varia,
803 2196 1032 2252 quonam
1065 2180 1324 2235 mittenda
1349 2189 1532 2236 essent
1559 2196 1703 2250 qua:-

123 2279 272 2335 storia
304 2279 452 2332 dona
481 2274 738 2331 dubitavi.
791 2275 1080 2345 Postquam
1111 2273 1238 2330 mihi
1266 2273 1506 2329 solvendi
1535 2272 1700 2328 officii

123 2370 451 2427 occasionem
479 2369 664 2424 tribuit
691 2368 961 2422 adventus
995 2375 1229 2431 tuorum,
1281 2365 1574 2431 Clarentio,
1607 2381 1702 2420 cu-

120 2463 197 2532 jus
234 2470 533 2532 spectatam
582 2458 738 2515 fidem
787 2473 1064 2527 noveram,
1111 2469 1370 2514 consueta
1419 2471 1698 2512 munerum

125 2556 403 2614 deferenda
431 2554 692 2610 commisi.
716 2551 831 2608 Non
859 2550 1237 2622 aspernabere,
1266 2560 1323 2605 ut
1341 2552 1570 2616 aestimo,
1598 2551 1699 2623 dy-

79 2642 88 2648 ’
125 2649 236 2720 ptici
264 2658 321 2705 et
353 2647 645 2718 aphoretici
676 2646 1022 2701 oblationem.
1057 2644 1242 2715 Neque
1263 2645 1404 2699 enim
1430 2659 1592 2714 grave
1617 2653 1702 2700 est

124 2739 454 2796 verecundia:
494 2748 597 2794 tuae
639 2738 900 2793 solemnia
940 2748 993 2792 et
1032 2738 1206 2792 votiva
1236 2737 1530 2807 suscipere.
1568 2738 1702 2804 Quae

126 2849 234 2889 cum
274 2833 528 2888 amicitia:
572 2831 902 2897 deferantur,
935 2831 1158 2901 pertinet
1200 2830 1266 2885 ad
1296 2831 1534 2886 caritatis
1563 2845 1697 2886 con-

125 2926 427 2991 fessionem,
454 2936 510 2981 ut
533 2925 714 2982 deberi
737 2924 839 2980 sibi
873 2923 988 2980 haec
1007 2925 1217 2980 animus
1242 2925 1504 2981 sumentis
1535 2940 1701 2995 agno-

125 3025 249 3072 scat.
279 3017 437 3074 Vale.

707 3109 917 3166 EPIST.
945 3108 1115 3164 CXX.’

675 3217 1004 3258 SYHMACIIUS.
1020 3244 1033 3259 ο
1048 3243 1086 3258 ο.
1099 3245 1136 3260 ,ο

1795 595 1991 662 genita:
2027 595 2122 650 tibi
2157 598 2424 667 aequitatis
2451 601 2698 667 arripias,
2728 614 2972 670 precator
3000 609 3226 675 accedo;
3261 628 3375 667 me-

1796 701 1918 741 mor
1958 702 2172 759 semper
2219 691 2428 747 futurus
2481 694 2610 748 tanti
2657 695 2920 764 beneficii,
2962 699 3003 753 si
3044 716 3200 770 quem
3245 719 3374 758 con-

1796 786 2003 835 stanter
2042 797 2273 852 purgarc
2295 783 2546 854 dignatus
2577 801 2656 854 es,
2689 789 2901 846 tandem
2932 794 3193 850 securitas
3221 797 3376 867 plena

1795 874 2108 942 respexerit.
2141 875 2294 932 Vale.

2347 968 2563 1027 EPIST.
2592 970 2830 1032 CXXIII.

2366 1076 2808 1124 SYMMACIIUS......
2887 1105 2890 1108 ~

1869 1149 2160 1206 Plurimum
2187 1153 2469 1224 voluptatis
2489 1171 2552 1210 ex
2578 1158 2768 1215 litteris
2797 1161 2896 1217 tuis
2919 1171 3042 1220 ante
3071 1167 3375 1237 capiebam;

1800 1258 1939 1298 nunc
1968 1245 2301 1317 Iacrymabili
2326 1253 2712 1320 conquestione
2738 1265 2970 1311 mentem
2995 1257 3217 1330 legentis
3242 1262 3374 1317 infu.

1799 1350 1938 1392 scas.
1974 1338 2072 1393 Ubi
2117 1339 2206 1394 illa
2251 1343 2536 1410 sententia,
2568 1361 2688 1416 quae
2725 1358 2776 1403 te
2823 1361 2876 1403 et
2910 1360 3115 1406 natura:
3159 1353 3300 1409 bono
3326 1365 3381 1411 et

1799 1438 2042 1485 veterum
2069 1431 2298 1490 lectione
2329 1445 2512 1491 contra
2543 1440 2720 1494 omnia
2739 1440 2968 1498 fortuna;
2986 1447 3087 1499 tela
3111 1447 3381 1504 firmavit?

1800 1521 2022 1592 Dignam
2052 1523 2166 1580 viro
2195 1540 2408 1583 assume
2441 1531 2749 1594 patientiam
2771 1574 2786 1599 ,
2818 1544 2872 1588 et
2899 1550 3019 1605 qua:
3057 1540 3248 1593 mutari
3289 1556 3382 1596 ne-

1799 1625 2019 1684 queunt,
2050 1616 2249 1672 desiste
2275 1618 2476 1688 lugere.
2511 1622 2735 1679 Leviora
2784 1625 2876 1680 tibi
2906 1635 3094 1682 cuncta
3137 1639 3256 1698 post
3283 1632 3383 1686 im-

1801 1706 2024 1783 probum
2067 1722 2329 1784 generum.
2354 1711 2548 1768 debent
2580 1714 2769 1769 videri.
2813 1714 2920 1771 Cur
2960 1725 3138 1773 autem
3180 1722 3383 1791 torpori

1801 1808 1961 1869 atque
1989 1799 2100 1855 otio
2136 1817 2316 1869 vaces,
2363 1814 2416 1859 et
2455 1807 2759 1875 patrimonii
2799 1811 3093 1880 negligens,
3141 1813 3384 1870 feriatum

1727 1896 1775 1956 Β
1807 1906 1992 1961 pascas
2017 1893 2292 1952 dolorem?
2317 1896 2473 1954 Cura:
2513 1901 2620 1955 sint
2665 1902 2903 1973 reliquias
2940 1920 3122 1962 rerum
3149 1915 3384 1974 tuarum,

1802 2002 1936 2057 quas
1977 1987 2311 2046 facinorosus
2345 1992 2560 2048 invasor
2597 1995 2909 2065 exhaustas,
2937 2008 2992 2054 et
3017 1999 3221 2057 laceras
3251 2003 3382 2058 reli-

1802 2082 1943 2150 quit;
1982 2097 2050 2136 ne
2091 2082 2145 2137 in
2177 2083 2260 2138 his
2290 2085 2596 2155 reipublicae
2627 2090 3036 2148 necessitatibus
3071 2105 3386 2164 recuperata

1801 2183 2109 2230 sustentare
2136 2191 2242 2232 non
2271 2179 2469 2248 possis,
2497 2195 2616 2250 quas
2641 2181 2792 2252 prius
2819 2184 3018 2240 omissa
3043 2197 3385 2257 contempse-

1802 2280 1910 2320 ras.
1946 2265 2096 2322 Vale.

2349 2363 2565 2421 EPIS'I‘.
2597 2363 2830 2424 CXXIV.

2360 2472 2818 2520 SVIIACHUS......

1872 2546 2130 2604 Coactum
2166 2558 2215 2605 te
2246 2550 2369 2606 licet
2399 2551 2618 2610 fatearis
2659 2566 2718 2611 ut
2755 2555 3043 2626 scriberes,
3074 2570 3175 2631 ego
3205 2569 3386 2619 tamen

1803 2655 1909 2694 non
1947 2639 2124 2696 minus
2152 2653 2432 2714 acceptum
2461 2645 2554 2702 tibi
2590 2647 2791 2714 refero,
2841 2651 2985 2722 quod
3014 2667 3101 2708 me
3130 2655 3256 2727 styli
3285 2655 3388 2711 bo-

1803 2747 1936 2788 nore
1973 2734 2222 2805 dignatus
2263 2752 2342 2802 es,
2370 2754 2528 2808 quam
2560 2740 2605 2794 si
2642 2741 2744 2796 hoc
2772 2745 3234 2812 sponte'fecisses.
3282 2747 3388 2806 Sed

1803 2827 2028 2892 videris,
2059 2830 2149 2898 qui
2177 2831 2340 2886 fuerit
2365 2840 2554 2888 auctor
2583 2836 2712 2889 tanti
2743 2839 3009 2893 muneris.
3033 2839 3160 2894 Mihi
3189 2855 3255 2896 ex
3284 2842 3389 2898 illis

1800 2917 1993 2974 litteris
2023 2936 2128 2975 non
2164 2923 2331 2984 Itonos
2357 2931 2562 2978 tantum
2607 2927 2806 2996 gaudii,
2837 2928 2934 2984 sed
2960 2928 3163 2986 fructus
3188 2935 3388 2989 evenit.

1802 3011 1970 3068 Didici
1998 3015 2138 3068 enim
2172 3026 2472 3071 commeatu
2498 3021 2794 3076 annonario
2817 3023 3199 3081 convalescere
3239 3027 3390 3084 urbis

1801 3106 2165 3162 securitatem.
2217 3099 2665 3179 Faustumfetiain
2709 3113 2957 3182 intellexi,
3005 3133 3120 3170 cum
3164 3120 3389 3188 primunt

1800 3215 2005 3252 causam
2033 3211 2248 3255 vestram
2272 3213 2615 3274 cognosceret,
2640 3222 2838 3276 (equum
2867 3223 2920 3262 se
2934 3209 3166 3280 judicent
3190 3213 3405 3285 prwstig

189 3297 483 3352 Ariminum
527 3310 672 3366 saepe
715 3297 1028 3364 prwteriens
1065 3295 1368 3366 magisterio
1410 3303 1500 3350 tuo
1537 3295 1699 3352 didici
1728 3280 1776 3345 C
1809 3293 1945 3356 tisse,
1972 3302 2018 3347 et
2048 3294 2218 3349 allatis
2249 3297 2302 3349 in
2333 3299 2551 3351 medium
2580 3299 2968 3370 allegationibus
2999 3307 3123 3371 tuis,
3142 3304 3388 3364 codicum

126 3389 313 3444 amicos
339 3389 606 3444 honorare
630 3388 980 3443 munusculis.
1012 3390 1188 3455 Quare
1217 3389 1489 3444 institutus
1518 3405 1700 3444 exem-

125 3485 206 3551 plo
245 3482 543 3538 necessaria
591 3483 707 3538 usui
752 3482 922 3553 magis
980 3484 1217 3551 rependo
1264 3499 1421 3553 quam
1467 3483 1692 3538 defero:

129 3589 246 3644 qua:
290 3576 387 3630 nisi
425 3586 672 3646 prompta
721 3575 1028 3646 dignatione
1070 3576 1395 3645 susceperis,
1447 3575 1699 3631 videbere

128 3682 298 3722 meam
335 3666 638 3725 facilitatem
679 3667 746 3724 de
775 3670 1007 3738 acceptis
1056 3668 1211 3723 toties
1249 3677 1436 3722 notare
1466 3670 1696 3722 muneri-

121 3760 235 3814 bus.
275 3760 414 3818 Vale.

691 3853 907 3909 EPIST.
933 3852 1117 3908 CXXI.

673 3961 1070 4002 δῖωιλοῐίυδ....
1085 3987 1120 3999 ..

185 4043 495 4110 Promptum
520 4039 648 4096 mihi
675 4051 833 4110 atque
859 4039 1064 4096 declive
1093 4043 1362 4111 negotium
1393 4043 1693 4109 credidisti,

117 4139 162 4190 in
190 4152 295 4208 quo
323 4136 531 4191 nullum
565 4135 738 4189 nisum
770 4135 863 4189 tibi
887 4149 1065 4203 operae
1093 4149 1226 4189 mea:
1249 4136 1698 4206 vendito.Quippe

117 4232 196 4285 ubi
226 4232 463 4301 primum
485 4227 833 4299 spectabilem
857 4227 1032 4282 virum
1056 4227 1310 4282 Faustum
1342 4239 1426 4282 tua
1449 4229 1694 4298 epistola,

118 4337 258 4377 meus
303 4335 490 4376 sermo
533 4319 806 4385 convenit,
838 4328 894 4373 ut
940 4319 1103 4388 Epiro
1133 4319 1452 4390 mancipium
1499 4320 1566 4374 de
1594 4336 1700 4390 quo

117 4415 400 4486 ambigitis,
432 4414 484 4468 in
527 4427 751 4468 examen
795 4424 1057 4480 accersat,
1090 4428 1422 4484 nequaquam
1451 4413 1696 4470 adversa-

119 4517 196 4561 tus
212 4518 293 4563 est
311 4505 803 4579 postulatis.Spero
823 4505 984 4576 igitur
1007 4507 1176 4561 accitu
1201 4508 1316 4576 ejus
1341 4508 1490 4562 brevi
1516 4507 1700 4565 adfore

119 4603 387 4658 hominem
430 4616 591 4670 quem
632 4611 868 4656 vestrum
898 4599 1051 4654 alteri
1079 4599 1396 4670 disceptatio
1422 4601 1697 4657 familiaris

117 4693 403 4763 adjudicet.
435 4692 544 4748 Sed
574 4692 640 4747 de
670 4693 770 4746 hoc
797 4693 926 4747 satis
956 4694 1238 4748 verborum
1262 4704 1363 4750 est.
1391 4695 1466 4750 'l'e
1491 4703 1698 4750 oratum
1727 4671 1781 4732 υ

117 4788 250 4855 volo,
287 4796 349 4840 ut
380 4799 479 4838 nos
509 4783 736 4839 subinde
781 4785 1100 4854 scriptorum
1133 4786 1337 4841 honore
1384 4787 1699 4856 locUpIetes,

117 4890 163 4933 ct
189 4879 334 4950 quod
377 4893 522 4933 nunc
548 4893 708 4934 causa
735 4888 958 4950 cogente
991 4878 1164 4935 fecisti
1192 4922 1205 4947 ,
1240 4880 1291 4934 id
1319 4881 1548 4936 amicitia
1577 4883 1702 4939 Itor-

119 4984 256 5030 tante
282 4991 392 5029 non
417 4974 659 5030 deseras.
692 4975 846 5030 Vale.

687 5067 899 5124 EPIST.
929 5068 1134 5123 CXXII.

715 5175 1133 5215 SYMHACIIUS..."

185 5252 586 5307 Praesumebam
632 5249 850 5320 quidem
887 5252 1144 5320 justitiam
1189 5265 1330 5309 tuam
1377 5254 1552 5311 fratris
1598 5257 1702 5312 mei

122 5345 356 5418 Magnilli
402 5346 628 5401 sinceris
656 5346 861 5400 actibiis
906 5346 1228 5406 adfuturam.
1258 5349 1364 5404 Sed
1397 5349 1500 5405 fide
1525 5351 1704 5420 cogni-

121 5437 276 5492 tionis
328 5439 538 5503 audita,
591 5452 749 5506 quam
803 5437 958 5492 nobis
1005 5439 1252 5494 omnibus
1301 5441 1702 5497 adventantium

119 5545 295 5586 sermo
330 5530 601 5601 patefecit,
630 5529 916 5584 admodum
956 5531 1251 5600 gratulatus
1279 5547 1416 5598 sum,
1454 5533 1596 5602 quod
1628 5532 1702 5588 illi

121 5638 332 5694 :cquum
366 5622 600 5692 judiccm
637 5622 851 5678 fortuna
887 5624 1222 5691 praestiterit.
1257 5625 1371 5696 Ago
1395 5626 1558 5696 igitur
1583 5641 1705 5697 gra-

123 5718 218 5772 tias
250 5733 358 5787 pro
382 5717 537 5773 amici
566 5717 672 5774 mei
714 5717 1022 5784 securitate,
1043 5719 1194 5789 cujus
1220 5719 1708 5778 innocentissimum

110 5788 280 5862 'vitam
332 5810 610 5866 seutenlize
662 5809 970 5866 testimonio
1018 5788 1399 5883 comprobasti.
1444 5815 1507 5869 Et
1553 5831 1710 5885 spero

124 5894 576 5972 contemplatione
608 5904 858 5962 tui'brevi
890 5909 1110 5964 caeteras
1142 5907 1417 5966 infortunii
1446 5910 1561 5972 ejus
1586 5911 1711 5967 reli-

1805 3386 2114 3440 constitisse
2143 3387 2423 3443 rationem.
2471 3390 2604 3445 Nam
2646 3400 2864 3463 cwtera,
2895 3410 3013 3465 qua:
3056 3407 3178 3466 post
3206 3408 3389 3456 secuta

1802 3476 2088 3547 significas,
2126 3479 2240 3548 ipso
2270 3481 2435 3536 invito
2463 3483 2654 3552 opinor
2683 3494 2913 3554 extorta,
2970 3495 3024 3542 et
3052 3503 3271 3559 sperare
3297 3490 3391 3548 de-

1803 3570 2010 3636 bemus,
2045 3577 2201 3628 talem
2229 3572 2342 3630 fore
2373 3575 2422 3629 in
2456 3578 2676 3646 reliquis
2699 3579 3140 3651 disceptatorem,
3176 3591 3389 3656 qualem

1805 3665 1899 3719 tibi
1928 3667 2160 3722 ostendit
2191 3668 2362 3738 prima
2403 3671 2654 3741 cognitio.
2706 3673 2818 3745 Ego
2869 3685 3044 3732 tamen
3087 3678 3155 3733 ad
3200 3679 3389 3737 incita-

1800 3769 2042 3841 mentum
2071 3761 2312 3829 justitiae,
2335 3778 2493 3832 quam
2517 3766 2721 3822 meritis
2755 3767 2856 3823 luis
2885 3769 3122 3844 arbitror
3143 3771 3391 3830 deferen-
3487 3828 3496 3832 _

1803 3853 1947 3917 dam,
2001 3851 2288 3907 familiares
2339 3853 2546 3910 litteras
2596 3855 2737 3925 misi,
2769 3873 2923 3928 quas,
2965 3861 3010 3915 si
3060 3863 3196 3918 ratio
3225 3881 3393 3936 popo-
3461 3925 3474 3940 ι

1802 3946 1987 4014 sccrit,
2021 3944 2073 3998 in
2108 3961 2294 4000 manus
2335 3947 2450 4018 ejus
2489 3948 2650 4004 facies
2698 3952 2998 4020 pervenire.
3043 3954 3198 4009 Aliud
3247 3959 3390 4015 enim

1802 4036 2132 4092 salubritatis
2177 4053 2344 4108 genus
2382 4039 2620 4094 conditio
2670 4044 2926 4112 temporis
2973 4059 3079 4100 non
3131 4049 3390 4117 permittit

1803 4129 2068 4185 adhiberi.
2117 4131 2252 4186 Volo
2290 4143 2468 4187 autem
2509 4135 2648 4189 scias
2689 4135 2763 4199 (et
2801 4147 2992 4206 sponte
3020 4155 3116 4208 pro
3157 4142 3388 4198 amicitia

1804 4234 1987 4278 nostra
2016 4224 2178 4278 debes
2211 4224 2514 4294 advertere)
2545 4241 2726 4280 curam
2754 4243 2852 4297 pro
2881 4237 2932 4284 te
2961 4245 3134 4285 meam
3162 4249 3267 4288 non
3295 4234 3392 4290 de-

1803 4318 2040 4373 siderare
2087 4319 2435 4386 monitorem,
2491 4320 2584 4374 sed
2632 4336 2736 4376 non
2781 4335 2938 4390 posse
3004 4326 3232 4395 amplius
3273 4328 3387 4383 ﬁeri

1802 4428 1960 4483 quam
1985 4422 2041 4466 ut
2066 4413 2155 4467 tibi
2178 4413 2414 4468 animum
2440 4413 2814 4486 disceptatoris
2842 4417 3027 4488 petitio
3051 4429 3236 4476 nostra
3260 4437 3391 4479 con-

1803 4506 1964 4562 ciliet.
1999 4504 2145 4562 Vale.

2379 4600 2590 4657 EPIST.
2609 4601 2819 4658 CXXV.

2369 4712 2823 4753 SYIMACIIUS......

1876 4789 2055 4845 Ludos
2084 4788 2365 4860 praetorios
2393 4785 2779 4859 praeparauius,
2807 4807 3032 4862 quorum
3057 4803 3276 4852 ornatus
3301 4811 3392 4868 pe—

1806 4883 2016 4953 regrina
2064 4881 2316 4937 animalia
2357 4880 2648 4949 desiderat,
2677 4892 2737 4939 ut
2779 4899 2920 4941 novo
2959 4887 3104 4942 cultu
3149 4888 3390 4944 Romana

1806 4973 2372 5048 splendescatpditio.‘
2415 4974 2660 5031 Addaces
2711 4977 2872 5047 igitur
2915 4987 2969 5032 et
2997 4993 3262 5050 pygargus
3302 4987 3393 5034 tuo

1809 5066 1988 5122 studio
2009 5067 2138 5122 mihi
2161 5077 2289 5137 opto
2309 5068 2570 5138 praestari,
2588 5083 2813 5139 quorum
2830 5070 3037 5140 copiam
3064 5069 3218 5125 limes
3242 5070 3392 5127 vobis

1815 5160 2073 5216 finitimus
2103 5162 2495 5217 subministrat.
2542 5162 2791 5233 Dignare,
2825 5178 2956 5234 rogo
2999 5172 3072 5230 te,
3102 5163 3392 5219 amicitiam

1813 5263 2049 5309 nostram
2084 5254 2264 5310 votivo
2307 5256 2527 5325 pignore
2553 5253 2835 5311 fmderare.
2863 5255 2977 5311 Non
3005 5270 3098 5311 ero
3129 5256 3302 5326 impar
3327 5255 3392 5312 ad

1813 5347 2231 5404 vicissitudinem
2246 5347 2680 5418 rependeudam,
2703 5347 2750 5403 si
2779 5348 2905 5419 quid
2928 5347 3090 5404 etiam
3122 5355 3243 5406 tuus
3265 5363 3395 5406 usus

1814 5441 2068 5512 exegerit.
2111 5441 2257 5498 Vale.

2359 5534 2576 5591 EPIST.
2609 5533 2840 5591 CXXVI.

2373 5642 2822 5704 SYMIIACIIUS......

1884 5723 2045 5795 Spem
2075 5722 2206 5778 mihi
2231 5721 2490 5778 adventus
2515 5721 2591 5776 tui
2620 5721 2778 5792 longo
2808 5729 3048 5789 tempore
3081 5720 3396 5791 pollicebar.

1816 5817 1892 5871 'l‘u
1933 5832 2058 5871 vero
2083 5815 2244 5872 etiam
2286 5829 2427 5869 nunc
2464 5815 2530 5869 de
2563 5828 2648 5869 me
2675 5813 2997 5884 scriptorum
3037 5813 3182 5868 vices
3224 5821 3401 5881 postu-
3475 5844 3484 5852 ο

1815 5911 1913 5976 Ias.
1945 5921 1997 5968 et
2022 5911 2324 5967 diuturnam
2355 5909 2585 5978 quodam
2629 5909 2790 5966 modo
2819 5909 3042 5966 minaris
3070 5907 3391 5966 absentiam.
