  <div class='ocr_page' id='page_1' title='image "/cluster/home/n/w/nwhite01/storage/ocr_20150623/18/hvd.32044015471337/186.png"; bbox 0 0 3932 6492; ppageno 0'>
   <div class='ocr_carea' id='block_1_1' title="bbox 123 435 212 496">
    <p class='ocr_par' dir='ltr' id='par_1_1' title="bbox 123 435 212 496">
     <span class='ocr_line' id='line_1_1' title="bbox 123 435 212 496; baseline -0.045 0"><span class='ocrx_word' id='word_1_1' title='bbox 123 435 212 496; x_wconf 74' lang='grc'><strong>337</strong></span> 
     </span>
    </p>
   </div>
   <div class='ocr_carea' id='block_1_2' title="bbox 1333 412 2166 491">
    <p class='ocr_par' dir='ltr' id='par_1_2' title="bbox 1333 412 2166 491">
     <span class='ocr_line' id='line_1_2' title="bbox 1333 412 2166 491; baseline 0.001 -2"><span class='ocrx_word' id='word_1_2' title='bbox 1333 429 1812 491; x_wconf 73' lang='lat' dir='ltr'><strong>EPISTOLARUM</strong></span> <span class='ocrx_word' id='word_1_3' title='bbox 1850 428 2057 489; x_wconf 76' lang='lat' dir='ltr'><strong>uana</strong></span> <span class='ocrx_word' id='word_1_4' title='bbox 2096 412 2166 490; x_wconf 80' lang='lat' dir='ltr'><strong>x.&#39;</strong></span> 
     </span>
    </p>
   </div>
   <div class='ocr_carea' id='block_1_3' title="bbox 2523 342 2610 354">
    <p class='ocr_par' dir='ltr' id='par_1_3' title="bbox 2523 342 2610 354">
     <span class='ocr_line' id='line_1_3' title="bbox 2523 342 2610 354; baseline -0.023 1"><span class='ocrx_word' id='word_1_5' title='bbox 2523 342 2584 354; x_wconf 58' lang='grc' dir='ltr'><strong>νιΑ</strong></span> <span class='ocrx_word' id='word_1_6' title='bbox 2603 346 2610 353; x_wconf 88' lang='grc'>.</span> 
     </span>
    </p>
   </div>
   <div class='ocr_carea' id='block_1_4' title="bbox 3277 435 3382 498">
    <p class='ocr_par' dir='ltr' id='par_1_4' title="bbox 3277 435 3382 498">
     <span class='ocr_line' id='line_1_4' title="bbox 3277 435 3382 498; baseline 0.029 -3"><span class='ocrx_word' id='word_1_7' title='bbox 3277 435 3382 498; x_wconf 74' lang='grc'><strong>558</strong></span> 
     </span>
    </p>
   </div>
   <div class='ocr_carea' id='block_1_5' title="bbox 124 534 3383 624">
    <p class='ocr_par' dir='ltr' id='par_1_5' title="bbox 124 534 3383 624">
     <span class='ocr_line' id='line_1_5' title="bbox 124 534 3383 624; baseline -0.001 -12"><span class='ocrx_word' id='word_1_8' title='bbox 124 565 275 612; x_wconf 85' lang='lat' dir='ltr'><strong>meum</strong></span> <span class='ocrx_word' id='word_1_9' title='bbox 303 547 582 623; x_wconf 80' lang='lat' dir='ltr'><strong>Cyriacu&#39;m</strong></span> <span class='ocrx_word' id='word_1_10' title='bbox 610 550 840 624; x_wconf 75' lang='lat' dir='ltr'><strong>benigne</strong></span> <span class='ocrx_word' id='word_1_11' title='bbox 867 561 921 606; x_wconf 89' lang='lat' dir='ltr'><strong>tn</strong></span> <span class='ocrx_word' id='word_1_12' title='bbox 953 563 1136 607; x_wconf 88' lang='lat' dir='ltr'><strong>curam</strong></span> <span class='ocrx_word' id='word_1_13' title='bbox 1178 555 1320 605; x_wconf 83' lang='lat' dir='ltr'><strong>tuam</strong></span> <span class='ocrx_word' id='word_1_14' title='bbox 1351 549 1572 621; x_wconf 90' lang='lat' dir='ltr'><strong>dignare</strong></span> <span class='ocrx_word' id='word_1_15' title='bbox 1600 562 1693 603; x_wconf 88' lang='lat' dir='ltr'><strong>su-</strong></span> <span class='ocrx_word' id='word_1_16' title='bbox 1719 545 1772 613; x_wconf 74' lang='grc' dir='ltr'><strong>Α</strong></span> <span class='ocrx_word' id='word_1_17' title='bbox 1799 546 1921 604; x_wconf 92' lang='lat' dir='ltr'><strong>duci</strong></span> <span class='ocrx_word' id='word_1_18' title='bbox 1969 547 2024 603; x_wconf 91' lang='lat' dir='ltr'><strong>in</strong></span> <span class='ocrx_word' id='word_1_19' title='bbox 2057 534 2554 620; x_wconf 63' lang='lat' dir='ltr'><strong>obsequium&#39;tuum</strong></span> <span class='ocrx_word' id='word_1_20' title='bbox 2586 545 2839 620; x_wconf 73' lang='lat' dir='ltr'><strong>praecipe,</strong></span> <span class='ocrx_word' id='word_1_21' title='bbox 2872 551 2928 606; x_wconf 91' lang='lat' dir='ltr'><strong>et</strong></span> <span class='ocrx_word' id='word_1_22' title='bbox 2968 537 3088 621; x_wconf 76' lang='lat' dir='ltr'><strong>quae</strong></span> <span class='ocrx_word' id='word_1_23' title='bbox 3115 540 3169 607; x_wconf 84' lang='lat' dir='ltr'><strong>in</strong></span> <span class='ocrx_word' id='word_1_24' title='bbox 3210 557 3383 610; x_wconf 72' lang='lat' dir='ltr'><strong>meant</strong></span> 
     </span>
    </p>
   </div>
   <div class='ocr_carea' id='block_1_6' title="bbox 126 633 3384 720">
    <p class='ocr_par' dir='ltr' id='par_1_6' title="bbox 126 633 3384 720">
     <span class='ocr_line' id='line_1_6' title="bbox 126 633 3384 720; baseline 0.001 -20"><span class='ocrx_word' id='word_1_25' title='bbox 126 644 329 715; x_wconf 88' lang='lat' dir='ltr'><strong>scipere,</strong></span> <span class='ocrx_word' id='word_1_26' title='bbox 359 649 418 698; x_wconf 88' lang='lat' dir='ltr'><strong>ut</strong></span> <span class='ocrx_word' id='word_1_27' title='bbox 442 643 676 700; x_wconf 88' lang='lat' dir='ltr'><strong>indicata</strong></span> <span class='ocrx_word' id='word_1_28' title='bbox 707 651 1040 716; x_wconf 75' lang='lat' dir='ltr'><strong>promoveat.</strong></span> <span class='ocrx_word' id='word_1_29' title='bbox 1065 642 1298 699; x_wconf 78' lang='lat' dir='ltr'><strong>Habebis</strong></span> <span class='ocrx_word' id='word_1_30' title='bbox 1330 644 1382 698; x_wconf 90' lang='lat' dir='ltr'><strong>in</strong></span> <span class='ocrx_word' id='word_1_31' title='bbox 1415 651 1686 713; x_wconf 89' lang='lat' dir='ltr'><strong>posterum</strong></span> <span class='ocrx_word' id='word_1_32' title='bbox 1714 651 1727 660; x_wconf 83' lang='grc'><strong>’</strong></span> <span class='ocrx_word' id='word_1_33' title='bbox 1801 639 2047 696; x_wconf 87' lang='lat' dir='ltr'><strong>notitiam</strong></span> <span class='ocrx_word' id='word_1_34' title='bbox 2081 639 2344 711; x_wconf 84' lang='lat' dir='ltr'><strong>pertulisti</strong></span> <span class='ocrx_word' id='word_1_35' title='bbox 2382 638 2452 696; x_wconf 89' lang='lat' dir='ltr'><strong>de</strong></span> <span class='ocrx_word' id='word_1_36' title='bbox 2492 638 2802 697; x_wconf 84' lang='lat' dir='ltr'><strong>instruenda</strong></span> <span class='ocrx_word' id='word_1_37' title='bbox 2843 633 3080 702; x_wconf 76' lang='lat' dir='ltr'><strong>editione</strong></span> <span class='ocrx_word' id='word_1_38' title='bbox 3114 641 3384 720; x_wconf 80' lang='lat' dir='ltr'><strong>ludorum,</strong></span> 
     </span>
    </p>
   </div>
   <div class='ocr_carea' id='block_1_7' title="bbox 128 735 1544 807">
    <p class='ocr_par' dir='ltr' id='par_1_7' title="bbox 128 735 1544 807">
     <span class='ocr_line' id='line_1_7' title="bbox 128 735 1544 807; baseline 0 -14"><span class='ocrx_word' id='word_1_39' title='bbox 128 745 263 793; x_wconf 67' lang='lat' dir='ltr'><strong>tanta</strong></span> <span class='ocrx_word' id='word_1_40' title='bbox 292 735 476 807; x_wconf 66' lang='lat' dir='ltr'><strong>gratiae</strong></span> <span class='ocrx_word' id='word_1_41' title='bbox 503 743 609 791; x_wconf 88' lang='lat' dir='ltr'><strong>non</strong></span> <span class='ocrx_word' id='word_1_42' title='bbox 636 737 1010 793; x_wconf 87' lang='lat' dir='ltr'><strong>immemorem</strong></span> <span class='ocrx_word' id='word_1_43' title='bbox 1040 735 1364 792; x_wconf 89' lang='lat' dir='ltr'><strong>debitorem.</strong></span> <span class='ocrx_word' id='word_1_44' title='bbox 1394 735 1544 794; x_wconf 83' lang='lat' dir='ltr'><strong>Vale.</strong></span> 
     </span>
    </p>
   </div>
   <div class='ocr_carea' id='block_1_8' title="bbox 628 828 1167 886">
    <p class='ocr_par' dir='ltr' id='par_1_8' title="bbox 628 828 1167 886">
     <span class='ocr_line' id='line_1_8' title="bbox 628 828 1167 886; baseline -0.004 -1"><span class='ocrx_word' id='word_1_45' title='bbox 628 829 844 886; x_wconf 85' lang='lat' dir='ltr'><strong>EPIST.</strong></span> <span class='ocrx_word' id='word_1_46' title='bbox 884 828 1167 884; x_wconf 80' lang='lat' dir='ltr'><strong>CXXXIII.</strong></span> 
     </span>
    </p>
   </div>
   <div class='ocr_carea' id='block_1_9' title="bbox 697 933 1119 979">
    <p class='ocr_par' dir='ltr' id='par_1_9' title="bbox 697 933 1119 979">
     <span class='ocr_line' id='line_1_9' title="bbox 697 933 1119 979; baseline -0.002 -3"><span class='ocrx_word' id='word_1_47' title='bbox 697 933 1071 979; x_wconf 66' lang='lat' dir='ltr'><strong>SIIIACIIUS...</strong></span> <span class='ocrx_word' id='word_1_48' title='bbox 1082 963 1092 976; x_wconf 92' lang='lat'><strong>.</strong></span> <span class='ocrx_word' id='word_1_49' title='bbox 1104 961 1119 976; x_wconf 90' lang='lat'><strong>.</strong></span> 
     </span>
    </p>
   </div>
   <div class='ocr_carea' id='block_1_10' title="bbox 186 1013 1690 1086">
    <p class='ocr_par' dir='ltr' id='par_1_10' title="bbox 186 1013 1690 1086">
     <span class='ocr_line' id='line_1_10' title="bbox 186 1013 1690 1086; baseline -0.003 -13"><span class='ocrx_word' id='word_1_50' title='bbox 186 1016 328 1086; x_wconf 82' lang='lat' dir='ltr'><strong>Quod</strong></span> <span class='ocrx_word' id='word_1_51' title='bbox 373 1015 586 1081; x_wconf 77' lang='lat' dir='ltr'><strong>scribis,</strong></span> <span class='ocrx_word' id='word_1_52' title='bbox 630 1015 950 1071; x_wconf 70' lang='lat' dir='ltr'><strong>voluntaria:</strong></span> <span class='ocrx_word' id='word_1_53' title='bbox 993 1015 1338 1085; x_wconf 72' lang='lat' dir='ltr'><strong>benignitatis</strong></span> <span class='ocrx_word' id='word_1_54' title='bbox 1382 1023 1466 1070; x_wconf 90' lang='lat' dir='ltr'><strong>est</strong></span> <span class='ocrx_word' id='word_1_55' title='bbox 1504 1031 1518 1066; x_wconf 87' lang='lat'><strong>:</strong></span> <span class='ocrx_word' id='word_1_56' title='bbox 1550 1013 1690 1084; x_wconf 89' lang='lat' dir='ltr'><strong>quod</strong></span> 
     </span>
    </p>
   </div>
   <div class='ocr_carea' id='block_1_11' title="bbox 125 1105 1698 1179">
    <p class='ocr_par' dir='ltr' id='par_1_11' title="bbox 125 1105 1698 1179">
     <span class='ocr_line' id='line_1_11' title="bbox 125 1105 1698 1179; baseline -0.005 -12"><span class='ocrx_word' id='word_1_57' title='bbox 125 1126 246 1179; x_wconf 87' lang='lat' dir='ltr'><strong>sero,</strong></span> <span class='ocrx_word' id='word_1_58' title='bbox 278 1121 564 1166; x_wconf 83' lang='lat' dir='ltr'><strong>curarum.</strong></span> <span class='ocrx_word' id='word_1_59' title='bbox 605 1105 716 1164; x_wconf 73' lang='lat' dir='ltr'><strong>Nos</strong></span> <span class='ocrx_word' id='word_1_60' title='bbox 765 1118 942 1164; x_wconf 87' lang='lat' dir='ltr'><strong>autem</strong></span> <span class='ocrx_word' id='word_1_61' title='bbox 994 1107 1306 1179; x_wconf 78' lang='lat' dir='ltr'><strong>religionem</strong></span> <span class='ocrx_word' id='word_1_62' title='bbox 1352 1106 1560 1163; x_wconf 89' lang='lat' dir='ltr'><strong>meritis</strong></span> <span class='ocrx_word' id='word_1_63' title='bbox 1591 1105 1698 1160; x_wconf 90' lang='lat' dir='ltr'><strong>tuis</strong></span> 
     </span>
    </p>
   </div>
   <div class='ocr_carea' id='block_1_12' title="bbox 125 1199 1696 1274">
    <p class='ocr_par' dir='ltr' id='par_1_12' title="bbox 125 1199 1696 1274">
     <span class='ocr_line' id='line_1_12' title="bbox 125 1199 1696 1274; baseline -0.006 -13"><span class='ocrx_word' id='word_1_64' title='bbox 125 1204 371 1272; x_wconf 84' lang='lat' dir='ltr'><strong>debitam,</strong></span> <span class='ocrx_word' id='word_1_65' title='bbox 418 1213 472 1267; x_wconf 82' lang='lat' dir='ltr'><strong>et</strong></span> <span class='ocrx_word' id='word_1_66' title='bbox 517 1202 684 1258; x_wconf 91' lang='lat' dir='ltr'><strong>otium</strong></span> <span class='ocrx_word' id='word_1_67' title='bbox 731 1199 857 1274; x_wconf 83' lang='lat' dir='ltr'><strong>Slle</strong></span> <span class='ocrx_word' id='word_1_68' title='bbox 907 1200 1222 1257; x_wconf 78' lang='lat' dir='ltr'><strong>assiduitate</strong></span> <span class='ocrx_word' id='word_1_69' title='bbox 1269 1209 1550 1255; x_wconf 80' lang='lat' dir='ltr'><strong>teSIatnur.</strong></span> <span class='ocrx_word' id='word_1_70' title='bbox 1591 1200 1696 1253; x_wconf 77' lang='lat' dir='ltr'><strong>Eu-</strong></span> 
     </span>
    </p>
   </div>
   <div class='ocr_carea' id='block_1_13' title="bbox 1801 731 2854 804">
    <p class='ocr_par' dir='ltr' id='par_1_13' title="bbox 1801 731 2854 804">
     <span class='ocr_line' id='line_1_13' title="bbox 1801 731 2854 804; baseline 0.001 -14"><span class='ocrx_word' id='word_1_71' title='bbox 1801 731 1904 804; x_wconf 85' lang='lat' dir='ltr'><strong>ipsi</strong></span> <span class='ocrx_word' id='word_1_72' title='bbox 1936 732 2272 790; x_wconf 79' lang='lat' dir='ltr'><strong>familiariter</strong></span> <span class='ocrx_word' id='word_1_73' title='bbox 2295 733 2531 789; x_wconf 89' lang='lat' dir='ltr'><strong>curanda</strong></span> <span class='ocrx_word' id='word_1_74' title='bbox 2556 733 2854 791; x_wconf 86' lang='lat' dir='ltr'><strong>committe.</strong></span> 
     </span>
    </p>
   </div>
   <div class='ocr_carea' id='block_1_14' title="bbox 2321 823 2861 884">
    <p class='ocr_par' dir='ltr' id='par_1_14' title="bbox 2321 823 2861 884">
     <span class='ocr_line' id='line_1_14' title="bbox 2321 823 2861 884; baseline 0.004 -2"><span class='ocrx_word' id='word_1_75' title='bbox 2321 823 2533 884; x_wconf 79' lang='lat' dir='ltr'><strong>EPIST.</strong></span> <span class='ocrx_word' id='word_1_76' title='bbox 2572 823 2861 884; x_wconf 75' lang='lat' dir='ltr'><strong>CXXXIV.</strong></span> 
     </span>
    </p>
   </div>
   <div class='ocr_carea' id='block_1_15' title="bbox 2370 927 2798 977">
    <p class='ocr_par' dir='ltr' id='par_1_15' title="bbox 2370 927 2798 977">
     <span class='ocr_line' id='line_1_15' title="bbox 2370 927 2798 977; baseline 0 -1"><span class='ocrx_word' id='word_1_77' title='bbox 2370 927 2798 977; x_wconf 57' lang='lat' dir='ltr'><strong>sumentis&quot;...</strong></span> 
     </span>
    </p>
   </div>
   <div class='ocr_carea' id='block_1_16' title="bbox 1875 1007 3391 1091">
    <p class='ocr_par' dir='ltr' id='par_1_16' title="bbox 1875 1007 3391 1091">
     <span class='ocr_line' id='line_1_16' title="bbox 1875 1007 3391 1091; baseline 0.005 -19"><span class='ocrx_word' id='word_1_78' title='bbox 1875 1016 2181 1086; x_wconf 89' lang='lat' dir='ltr'><strong>Sportulam</strong></span> <span class='ocrx_word' id='word_1_79' title='bbox 2208 1017 2520 1072; x_wconf 88' lang='lat' dir='ltr'><strong>consulatus</strong></span> <span class='ocrx_word' id='word_1_80' title='bbox 2550 1015 2680 1083; x_wconf 88' lang='lat' dir='ltr'><strong>mei,</strong></span> <span class='ocrx_word' id='word_1_81' title='bbox 2723 1019 2779 1074; x_wconf 81' lang='lat' dir='ltr'><strong>et</strong></span> <span class='ocrx_word' id='word_1_82' title='bbox 2805 1007 3054 1074; x_wconf 70' lang='lat' dir='ltr'><strong>amicitiae</strong></span> <span class='ocrx_word' id='word_1_83' title='bbox 3082 1029 3304 1091; x_wconf 61' lang='lat' dir='ltr'><strong>nostrae,</strong></span> <span class='ocrx_word' id='word_1_84' title='bbox 3335 1033 3391 1080; x_wconf 90' lang='lat' dir='ltr'><strong>et</strong></span> 
     </span>
    </p>
   </div>
   <div class='ocr_carea' id='block_1_17' title="bbox 1804 1101 3394 1185">
    <p class='ocr_par' dir='ltr' id='par_1_17' title="bbox 1804 1101 3394 1185">
     <span class='ocr_line' id='line_1_17' title="bbox 1804 1101 3394 1185; baseline 0.006 -21"><span class='ocrx_word' id='word_1_85' title='bbox 1804 1101 1994 1164; x_wconf 81' lang='lat' dir='ltr'><strong>honori</strong></span> <span class='ocrx_word' id='word_1_86' title='bbox 2049 1117 2138 1164; x_wconf 89' lang='lat' dir='ltr'><strong>tuo</strong></span> <span class='ocrx_word' id='word_1_87' title='bbox 2185 1109 2377 1166; x_wconf 88' lang='lat' dir='ltr'><strong>debeo.</strong></span> <span class='ocrx_word' id='word_1_88' title='bbox 2412 1109 2560 1166; x_wconf 78' lang='lat' dir='ltr'><strong>Hanc</strong></span> <span class='ocrx_word' id='word_1_89' title='bbox 2602 1111 2654 1167; x_wconf 91' lang='lat' dir='ltr'><strong>in</strong></span> <span class='ocrx_word' id='word_1_90' title='bbox 2705 1111 2881 1170; x_wconf 87' lang='lat' dir='ltr'><strong>solido</strong></span> <span class='ocrx_word' id='word_1_91' title='bbox 2919 1129 3027 1169; x_wconf 92' lang='lat' dir='ltr'><strong>uno</strong></span> <span class='ocrx_word' id='word_1_92' title='bbox 3055 1115 3122 1170; x_wconf 90' lang='lat' dir='ltr'><strong>ad</strong></span> <span class='ocrx_word' id='word_1_93' title='bbox 3172 1127 3221 1172; x_wconf 92' lang='lat' dir='ltr'><strong>te</strong></span> <span class='ocrx_word' id='word_1_94' title='bbox 3251 1121 3394 1185; x_wconf 76' lang='lat' dir='ltr'><strong>misi,</strong></span> 
     </span>
    </p>
   </div>
   <div class='ocr_carea' id='block_1_18' title="bbox 1804 1199 3397 1271">
    <p class='ocr_par' dir='ltr' id='par_1_18' title="bbox 1804 1199 3397 1271">
     <span class='ocr_line' id='line_1_18' title="bbox 1804 1199 3397 1271; baseline 0.006 -17"><span class='ocrx_word' id='word_1_95' title='bbox 1804 1214 1986 1266; x_wconf 84' lang='lat' dir='ltr'><strong>orans,</strong></span> <span class='ocrx_word' id='word_1_96' title='bbox 2019 1209 2076 1253; x_wconf 93' lang='lat' dir='ltr'><strong>ut</strong></span> <span class='ocrx_word' id='word_1_97' title='bbox 2124 1199 2357 1271; x_wconf 88' lang='lat' dir='ltr'><strong>benigno</strong></span> <span class='ocrx_word' id='word_1_98' title='bbox 2407 1201 2588 1257; x_wconf 86' lang='lat' dir='ltr'><strong>animo</strong></span> <span class='ocrx_word' id='word_1_99' title='bbox 2635 1201 2894 1260; x_wconf 82' lang='lat' dir='ltr'><strong>solemnia</strong></span> <span class='ocrx_word' id='word_1_100' title='bbox 2923 1203 3084 1260; x_wconf 74' lang='lat' dir='ltr'><strong>officii</strong></span> <span class='ocrx_word' id='word_1_101' title='bbox 3126 1207 3233 1264; x_wconf 87' lang='lat' dir='ltr'><strong>mei</strong></span> <span class='ocrx_word' id='word_1_102' title='bbox 3266 1207 3397 1263; x_wconf 35' lang='lat' dir='ltr'><strong>libus</strong></span> 
     </span>
    </p>
   </div>
   <div class='ocr_carea' id='block_1_19' title="bbox 129 1289 2485 1363">
    <p class='ocr_par' dir='ltr' id='par_1_19' title="bbox 129 1289 2485 1363">
     <span class='ocr_line' id='line_1_19' title="bbox 129 1289 2485 1363; baseline -0.003 -9"><span class='ocrx_word' id='word_1_103' title='bbox 129 1301 272 1354; x_wconf 85' lang='lat' dir='ltr'><strong>scium</strong></span> <span class='ocrx_word' id='word_1_104' title='bbox 305 1304 549 1353; x_wconf 81' lang='lat' dir='ltr'><strong>nostrum</strong></span> <span class='ocrx_word' id='word_1_105' title='bbox 579 1294 993 1352; x_wconf 83' lang='lat' dir='ltr'><strong>circumsessum</strong></span> <span class='ocrx_word' id='word_1_106' title='bbox 1021 1293 1336 1349; x_wconf 83' lang='lat' dir='ltr'><strong>domesticis</strong></span> <span class='ocrx_word' id='word_1_107' title='bbox 1360 1289 1585 1363; x_wconf 84' lang='lat' dir='ltr'><strong>negotiis</strong></span> <span class='ocrx_word' id='word_1_108' title='bbox 1609 1290 1702 1345; x_wconf 57' lang='lat' dir='ltr'><strong>deo</strong></span> <span class='ocrx_word' id='word_1_109' title='bbox 1805 1304 1984 1345; x_wconf 82' lang='lat' dir='ltr'><strong>menta</strong></span> <span class='ocrx_word' id='word_1_110' title='bbox 2017 1291 2300 1361; x_wconf 86' lang='lat' dir='ltr'><strong>suscipias.</strong></span> <span class='ocrx_word' id='word_1_111' title='bbox 2337 1289 2485 1348; x_wconf 84' lang='lat' dir='ltr'><strong>Vale.</strong></span> 
     </span>
    </p>
   </div>
   <div class='ocr_carea' id='block_1_20' title="bbox 136 1410 3164 1438">
    <p class='ocr_par' dir='ltr' id='par_1_20' title="bbox 136 1410 3164 1438">
     <span class='ocr_line' id='line_1_20' title="bbox 136 1410 3164 1438; baseline -0.003 -7"><span class='ocrx_word' id='word_1_112' title='bbox 136 1410 3164 1438; x_wconf 57' lang='lat'><strong>_———___—&#39;—————————_—_—_____</strong></span> 
     </span>
    </p>
   </div>
   <div class='ocr_carea' id='block_1_21' title="bbox 1095 1483 2398 1656">
    <p class='ocr_par' dir='ltr' id='par_1_21' title="bbox 1095 1483 2398 1656">
     <span class='ocr_line' id='line_1_21' title="bbox 1095 1483 2398 1656; baseline -0.003 -50"><span class='ocrx_word' id='word_1_113' title='bbox 1095 1485 1570 1656; x_wconf 87' lang='lat' dir='ltr'><strong>LIBER</strong></span> <span class='ocrx_word' id='word_1_114' title='bbox 1646 1483 2398 1655; x_wconf 73' lang='lat' dir='ltr'><strong>DECIMUS.</strong></span> 
     </span>
    </p>
   </div>
   <div class='ocr_carea' id='block_1_22' title="bbox 607 1659 1212 1721">
    <p class='ocr_par' dir='ltr' id='par_1_22' title="bbox 607 1659 1212 1721">
     <span class='ocr_line' id='line_1_22' title="bbox 607 1659 1212 1721; baseline -0.012 0"><span class='ocrx_word' id='word_1_115' title='bbox 607 1661 940 1721; x_wconf 77' lang='lat' dir='ltr'><strong>EPISTULA</strong></span> <span class='ocrx_word' id='word_1_116' title='bbox 981 1659 1212 1717; x_wconf 77' lang='lat' dir='ltr'><strong>PRIMA.</strong></span> 
     </span>
    </p>
   </div>
   <div class='ocr_carea' id='block_1_23' title="bbox 458 1761 1363 1814">
    <p class='ocr_par' dir='ltr' id='par_1_23' title="bbox 458 1761 1363 1814">
     <span class='ocr_line' id='line_1_23' title="bbox 458 1761 1363 1814; baseline -0.007 -1"><span class='ocrx_word' id='word_1_117' title='bbox 458 1771 767 1814; x_wconf 69' lang='grc' dir='ltr'><strong>εῖιωοηυε</strong></span> <span class='ocrx_word' id='word_1_118' title='bbox 805 1767 1099 1811; x_wconf 72' lang='grc' dir='ltr'><strong>τηεουοειο</strong></span> <span class='ocrx_word' id='word_1_119' title='bbox 1137 1761 1363 1809; x_wconf 63' lang='grc' dir='ltr'><strong>εειεῐοιιι.</strong></span> 
     </span>
    </p>
   </div>
   <div class='ocr_carea' id='block_1_24' title="bbox 189 1843 1702 1919">
    <p class='ocr_par' dir='ltr' id='par_1_24' title="bbox 189 1843 1702 1919">
     <span class='ocr_line' id='line_1_24' title="bbox 189 1843 1702 1919; baseline -0.005 -14"><span class='ocrx_word' id='word_1_120' title='bbox 189 1849 292 1905; x_wconf 82' lang='lat' dir='ltr'><strong>Etsi</strong></span> <span class='ocrx_word' id='word_1_121' title='bbox 344 1849 461 1906; x_wconf 83' lang='lat' dir='ltr'><strong>scio</strong></span> <span class='ocrx_word' id='word_1_122' title='bbox 499 1847 694 1911; x_wconf 80' lang='lat' dir='ltr'><strong>virtuti,</strong></span> <span class='ocrx_word' id='word_1_123' title='bbox 729 1857 1012 1919; x_wconf 85' lang='lat' dir='ltr'><strong>cognatum</strong></span> <span class='ocrx_word' id='word_1_124' title='bbox 1056 1846 1314 1916; x_wconf 86' lang='lat' dir='ltr'><strong>pudorem</strong></span> <span class='ocrx_word' id='word_1_125' title='bbox 1341 1890 1355 1914; x_wconf 92' lang='lat'><strong>,</strong></span> <span class='ocrx_word' id='word_1_126' title='bbox 1405 1843 1702 1909; x_wconf 65' lang='lat' dir='ltr'><strong>dgsideravi</strong></span> 
     </span>
    </p>
   </div>
   <div class='ocr_carea' id='block_1_25' title="bbox 126 1938 1701 2010">
    <p class='ocr_par' dir='ltr' id='par_1_25' title="bbox 126 1938 1701 2010">
     <span class='ocr_line' id='line_1_25' title="bbox 126 1938 1701 2010; baseline -0.004 -12"><span class='ocrx_word' id='word_1_127' title='bbox 126 1954 285 2000; x_wconf 86' lang='lat' dir='ltr'><strong>tamen</strong></span> <span class='ocrx_word' id='word_1_128' title='bbox 317 1942 374 1998; x_wconf 85' lang='lat' dir='ltr'><strong>in</strong></span> <span class='ocrx_word' id='word_1_129' title='bbox 399 1943 594 1999; x_wconf 79' lang='lat' dir='ltr'><strong>litteris</strong></span> <span class='ocrx_word' id='word_1_130' title='bbox 615 1940 948 1997; x_wconf 87' lang='lat' dir='ltr'><strong>celsitudinis</strong></span> <span class='ocrx_word' id='word_1_131' title='bbox 971 1949 1072 1995; x_wconf 76' lang='lat' dir='ltr'><strong>tua:</strong></span> <span class='ocrx_word' id='word_1_132' title='bbox 1100 1939 1332 2010; x_wconf 80' lang='lat' dir='ltr'><strong>cupiam,</strong></span> <span class='ocrx_word' id='word_1_133' title='bbox 1350 1938 1701 1992; x_wconf 82' lang='lat' dir='ltr'><strong>maximarum</strong></span> 
     </span>
    </p>
   </div>
   <div class='ocr_carea' id='block_1_26' title="bbox 128 2030 1706 2108">
    <p class='ocr_par' dir='ltr' id='par_1_26' title="bbox 128 2030 1706 2108">
     <span class='ocr_line' id='line_1_26' title="bbox 128 2030 1706 2108; baseline -0.006 -17"><span class='ocrx_word' id='word_1_134' title='bbox 128 2051 285 2091; x_wconf 84' lang='lat' dir='ltr'><strong>rerum</strong></span> <span class='ocrx_word' id='word_1_135' title='bbox 320 2035 509 2108; x_wconf 70' lang='lat' dir='ltr'><strong>gloria:</strong></span> <span class='ocrx_word' id='word_1_136' title='bbox 535 2043 939 2104; x_wconf 73' lang='lat' dir='ltr'><strong>congruentem.</strong></span> <span class='ocrx_word' id='word_1_137' title='bbox 960 2033 1158 2098; x_wconf 87' lang='lat' dir='ltr'><strong>Primo,</strong></span> <span class='ocrx_word' id='word_1_138' title='bbox 1187 2030 1327 2103; x_wconf 86' lang='lat' dir='ltr'><strong>quod</strong></span> <span class='ocrx_word' id='word_1_139' title='bbox 1355 2030 1586 2086; x_wconf 84' lang='lat' dir='ltr'><strong>amicitia</strong></span> <span class='ocrx_word' id='word_1_140' title='bbox 1612 2043 1706 2099; x_wconf 86' lang='lat' dir='ltr'><strong>po-</strong></span> 
     </span>
    </p>
   </div>
   <div class='ocr_carea' id='block_1_27' title="bbox 127 2126 1704 2200">
    <p class='ocr_par' dir='ltr' id='par_1_27' title="bbox 127 2126 1704 2200">
     <span class='ocr_line' id='line_1_27' title="bbox 127 2126 1704 2200; baseline -0.003 -15"><span class='ocrx_word' id='word_1_141' title='bbox 127 2131 370 2198; x_wconf 85' lang='lat' dir='ltr'><strong>stulabat,</strong></span> <span class='ocrx_word' id='word_1_142' title='bbox 397 2139 461 2184; x_wconf 87' lang='lat' dir='ltr'><strong>ut</strong></span> <span class='ocrx_word' id='word_1_143' title='bbox 491 2129 629 2200; x_wconf 89' lang='lat' dir='ltr'><strong>apud</strong></span> <span class='ocrx_word' id='word_1_144' title='bbox 661 2139 929 2184; x_wconf 85' lang='lat' dir='ltr'><strong>amantem</strong></span> <span class='ocrx_word' id='word_1_145' title='bbox 958 2129 1029 2183; x_wconf 89' lang='lat' dir='ltr'><strong>tui</strong></span> <span class='ocrx_word' id='word_1_146' title='bbox 1065 2142 1275 2182; x_wconf 60' lang='lat' dir='ltr'><strong>naevum</strong></span> <span class='ocrx_word' id='word_1_147' title='bbox 1301 2126 1571 2196; x_wconf 72' lang='lat' dir='ltr'><strong>jactantite</strong></span> <span class='ocrx_word' id='word_1_148' title='bbox 1599 2141 1704 2180; x_wconf 90' lang='lat' dir='ltr'><strong>non</strong></span> 
     </span>
    </p>
   </div>
   <div class='ocr_carea' id='block_1_28' title="bbox 129 2221 1708 2292">
    <p class='ocr_par' dir='ltr' id='par_1_28' title="bbox 129 2221 1708 2292">
     <span class='ocr_line' id='line_1_28' title="bbox 129 2221 1708 2292; baseline -0.003 -17"><span class='ocrx_word' id='word_1_149' title='bbox 129 2223 353 2278; x_wconf 79' lang='lat' dir='ltr'><strong>timeres.</strong></span> <span class='ocrx_word' id='word_1_150' title='bbox 389 2221 618 2291; x_wconf 78' lang='lat' dir='ltr'><strong>Dehinc,</strong></span> <span class='ocrx_word' id='word_1_151' title='bbox 647 2221 787 2292; x_wconf 86' lang='lat' dir='ltr'><strong>quod</strong></span> <span class='ocrx_word' id='word_1_152' title='bbox 820 2235 971 2289; x_wconf 78' lang='lat' dir='ltr'><strong>:eque</strong></span> <span class='ocrx_word' id='word_1_153' title='bbox 1000 2233 1158 2274; x_wconf 90' lang='lat' dir='ltr'><strong>manu</strong></span> <span class='ocrx_word' id='word_1_154' title='bbox 1202 2228 1254 2274; x_wconf 91' lang='lat' dir='ltr'><strong>et</strong></span> <span class='ocrx_word' id='word_1_155' title='bbox 1281 2233 1376 2274; x_wconf 90' lang='lat' dir='ltr'><strong>ore</strong></span> <span class='ocrx_word' id='word_1_156' title='bbox 1405 2227 1708 2288; x_wconf 84' lang='lat' dir='ltr'><strong>promptus,</strong></span> 
     </span>
    </p>
   </div>
   <div class='ocr_carea' id='block_1_29' title="bbox 131 2303 1714 2384">
    <p class='ocr_par' dir='ltr' id='par_1_29' title="bbox 131 2303 1714 2384">
     <span class='ocr_line' id='line_1_29' title="bbox 131 2303 1714 2384; baseline -0.004 -15"><span class='ocrx_word' id='word_1_157' title='bbox 131 2313 271 2371; x_wconf 84' lang='lat' dir='ltr'><strong>ﬁdem</strong></span> <span class='ocrx_word' id='word_1_158' title='bbox 298 2325 580 2384; x_wconf 75' lang='lat' dir='ltr'><strong>geStorum</strong></span> <span class='ocrx_word' id='word_1_159' title='bbox 613 2323 824 2368; x_wconf 91' lang='lat' dir='ltr'><strong>tuorum</strong></span> <span class='ocrx_word' id='word_1_160' title='bbox 854 2312 1118 2368; x_wconf 85' lang='lat' dir='ltr'><strong>debueras</strong></span> <span class='ocrx_word' id='word_1_161' title='bbox 1146 2303 1362 2380; x_wconf 67' lang='lat' dir='ltr'><strong>lingnze&#39;</strong></span> <span class='ocrx_word' id='word_1_162' title='bbox 1385 2310 1592 2363; x_wconf 86' lang='lat' dir='ltr'><strong>honore</strong></span> <span class='ocrx_word' id='word_1_163' title='bbox 1620 2307 1714 2362; x_wconf 88' lang='lat' dir='ltr'><strong>do-</strong></span> 
     </span>
    </p>
   </div>
   <div class='ocr_carea' id='block_1_30' title="bbox 141 2401 1714 2474">
    <p class='ocr_par' dir='ltr' id='par_1_30' title="bbox 141 2401 1714 2474">
     <span class='ocr_line' id='line_1_30' title="bbox 141 2401 1714 2474; baseline -0.004 -14"><span class='ocrx_word' id='word_1_164' title='bbox 141 2416 261 2464; x_wconf 90' lang='lat' dir='ltr'><strong>tare.</strong></span> <span class='ocrx_word' id='word_1_165' title='bbox 288 2405 449 2462; x_wconf 80' lang='lat' dir='ltr'><strong>Nunc</strong></span> <span class='ocrx_word' id='word_1_166' title='bbox 474 2421 560 2462; x_wconf 90' lang='lat' dir='ltr'><strong>me</strong></span> <span class='ocrx_word' id='word_1_167' title='bbox 588 2407 651 2460; x_wconf 88' lang='lat' dir='ltr'><strong>ad</strong></span> <span class='ocrx_word' id='word_1_168' title='bbox 684 2405 877 2460; x_wconf 88' lang='lat' dir='ltr'><strong>famam</strong></span> <span class='ocrx_word' id='word_1_169' title='bbox 904 2404 1102 2474; x_wconf 85' lang='lat' dir='ltr'><strong>rejicis,</strong></span> <span class='ocrx_word' id='word_1_170' title='bbox 1133 2411 1187 2457; x_wconf 90' lang='lat' dir='ltr'><strong>et</strong></span> <span class='ocrx_word' id='word_1_171' title='bbox 1225 2401 1383 2472; x_wconf 88' lang='lat' dir='ltr'><strong>jubes</strong></span> <span class='ocrx_word' id='word_1_172' title='bbox 1412 2414 1597 2456; x_wconf 89' lang='lat' dir='ltr'><strong>aurem</strong></span> <span class='ocrx_word' id='word_1_173' title='bbox 1629 2415 1714 2454; x_wconf 86' lang='lat' dir='ltr'><strong>ru-</strong></span> 
     </span>
    </p>
   </div>
   <div class='ocr_carea' id='block_1_31' title="bbox 133 2493 1712 2568">
    <p class='ocr_par' dir='ltr' id='par_1_31' title="bbox 133 2493 1712 2568">
     <span class='ocr_line' id='line_1_31' title="bbox 133 2493 1712 2568; baseline -0.004 -15"><span class='ocrx_word' id='word_1_174' title='bbox 133 2500 364 2554; x_wconf 89' lang='lat' dir='ltr'><strong>moribus</strong></span> <span class='ocrx_word' id='word_1_175' title='bbox 397 2499 660 2568; x_wconf 73' lang='lat' dir='ltr'><strong>przebere,</strong></span> <span class='ocrx_word' id='word_1_176' title='bbox 694 2513 815 2552; x_wconf 90' lang='lat' dir='ltr'><strong>cum</strong></span> <span class='ocrx_word' id='word_1_177' title='bbox 875 2496 1006 2551; x_wconf 88' lang='lat' dir='ltr'><strong>tanti</strong></span> <span class='ocrx_word' id='word_1_178' title='bbox 1037 2493 1235 2563; x_wconf 79' lang='lat' dir='ltr'><strong>negotii</strong></span> <span class='ocrx_word' id='word_1_179' title='bbox 1276 2493 1505 2564; x_wconf 79' lang='lat' dir='ltr'><strong>dignitas</strong></span> <span class='ocrx_word' id='word_1_180' title='bbox 1531 2505 1712 2564; x_wconf 89' lang='lat' dir='ltr'><strong>parem</strong></span> 
     </span>
    </p>
   </div>
   <div class='ocr_carea' id='block_1_32' title="bbox 133 2586 1717 2660">
    <p class='ocr_par' dir='ltr' id='par_1_32' title="bbox 133 2586 1717 2660">
     <span class='ocr_line' id='line_1_32' title="bbox 133 2586 1717 2660; baseline -0.005 -14"><span class='ocrx_word' id='word_1_181' title='bbox 133 2602 302 2647; x_wconf 80' lang='lat' dir='ltr'><strong>testem</strong></span> <span class='ocrx_word' id='word_1_182' title='bbox 339 2591 598 2660; x_wconf 79' lang='lat' dir='ltr'><strong>requirat.</strong></span> <span class='ocrx_word' id='word_1_183' title='bbox 637 2589 744 2645; x_wconf 90' lang='lat' dir='ltr'><strong>Sed</strong></span> <span class='ocrx_word' id='word_1_184' title='bbox 768 2591 855 2659; x_wconf 87' lang='lat' dir='ltr'><strong>qui</strong></span> <span class='ocrx_word' id='word_1_185' title='bbox 887 2587 1050 2642; x_wconf 89' lang='lat' dir='ltr'><strong>animi</strong></span> <span class='ocrx_word' id='word_1_186' title='bbox 1084 2586 1188 2642; x_wconf 91' lang='lat' dir='ltr'><strong>mei</strong></span> <span class='ocrx_word' id='word_1_187' title='bbox 1229 2598 1451 2642; x_wconf 89' lang='lat' dir='ltr'><strong>securus</strong></span> <span class='ocrx_word' id='word_1_188' title='bbox 1491 2600 1571 2650; x_wconf 88' lang='lat' dir='ltr'><strong>es,</strong></span> <span class='ocrx_word' id='word_1_189' title='bbox 1604 2597 1717 2638; x_wconf 88' lang='lat' dir='ltr'><strong>me-</strong></span> 
     </span>
    </p>
   </div>
   <div class='ocr_carea' id='block_1_33' title="bbox 131 2680 1712 2755">
    <p class='ocr_par' dir='ltr' id='par_1_33' title="bbox 131 2680 1712 2755">
     <span class='ocr_line' id='line_1_33' title="bbox 131 2680 1712 2755; baseline -0.004 -15"><span class='ocrx_word' id='word_1_190' title='bbox 131 2686 273 2740; x_wconf 86' lang='lat' dir='ltr'><strong>ritum</strong></span> <span class='ocrx_word' id='word_1_191' title='bbox 315 2694 473 2741; x_wconf 92' lang='lat' dir='ltr'><strong>tuum</strong></span> <span class='ocrx_word' id='word_1_192' title='bbox 501 2685 617 2740; x_wconf 84' lang='lat' dir='ltr'><strong>voci</strong></span> <span class='ocrx_word' id='word_1_193' title='bbox 648 2684 874 2755; x_wconf 72' lang='lat' dir='ltr'><strong>publica:</strong></span> <span class='ocrx_word' id='word_1_194' title='bbox 918 2680 1214 2746; x_wconf 82' lang='lat' dir='ltr'><strong>credidisti,</strong></span> <span class='ocrx_word' id='word_1_195' title='bbox 1250 2687 1537 2735; x_wconf 89' lang='lat' dir='ltr'><strong>contentus</strong></span> <span class='ocrx_word' id='word_1_196' title='bbox 1566 2680 1712 2734; x_wconf 88' lang='lat' dir='ltr'><strong>veri-</strong></span> 
     </span>
    </p>
   </div>
   <div class='ocr_carea' id='block_1_34' title="bbox 133 2769 1718 2848">
    <p class='ocr_par' dir='ltr' id='par_1_34' title="bbox 133 2769 1718 2848">
     <span class='ocr_line' id='line_1_34' title="bbox 133 2769 1718 2848; baseline -0.003 -18"><span class='ocrx_word' id='word_1_197' title='bbox 133 2786 230 2833; x_wconf 83' lang='lat' dir='ltr'><strong>tate</strong></span> <span class='ocrx_word' id='word_1_198' title='bbox 256 2793 360 2848; x_wconf 90' lang='lat' dir='ltr'><strong>pro</strong></span> <span class='ocrx_word' id='word_1_199' title='bbox 389 2777 566 2832; x_wconf 85' lang='lat' dir='ltr'><strong>laude.</strong></span> <span class='ocrx_word' id='word_1_200' title='bbox 601 2777 739 2848; x_wconf 83' lang='lat' dir='ltr'><strong>Ergo</strong></span> <span class='ocrx_word' id='word_1_201' title='bbox 788 2773 963 2830; x_wconf 83' lang='lat' dir='ltr'><strong>Africa</strong></span> <span class='ocrx_word' id='word_1_202' title='bbox 992 2773 1222 2829; x_wconf 89' lang='lat' dir='ltr'><strong>revaluit</strong></span> <span class='ocrx_word' id='word_1_203' title='bbox 1247 2787 1313 2826; x_wconf 87' lang='lat' dir='ltr'><strong>cx</strong></span> <span class='ocrx_word' id='word_1_204' title='bbox 1340 2769 1553 2838; x_wconf 90' lang='lat' dir='ltr'><strong>morbo,</strong></span> <span class='ocrx_word' id='word_1_205' title='bbox 1587 2784 1718 2825; x_wconf 87' lang='lat' dir='ltr'><strong>sane</strong></span> 
     </span>
    </p>
   </div>
   <div class='ocr_carea' id='block_1_35' title="bbox 133 2863 1716 2938">
    <p class='ocr_par' dir='ltr' id='par_1_35' title="bbox 133 2863 1716 2938">
     <span class='ocr_line' id='line_1_35' title="bbox 133 2863 1716 2938; baseline -0.006 -15"><span class='ocrx_word' id='word_1_206' title='bbox 133 2867 447 2924; x_wconf 85' lang='lat' dir='ltr'><strong>invictorum</strong></span> <span class='ocrx_word' id='word_1_207' title='bbox 481 2867 776 2938; x_wconf 90' lang='lat' dir='ltr'><strong>principum</strong></span> <span class='ocrx_word' id='word_1_208' title='bbox 810 2864 1058 2922; x_wconf 83' lang='lat' dir='ltr'><strong>medente</strong></span> <span class='ocrx_word' id='word_1_209' title='bbox 1087 2863 1338 2928; x_wconf 89' lang='lat' dir='ltr'><strong>consilio,</strong></span> <span class='ocrx_word' id='word_1_210' title='bbox 1381 2873 1608 2932; x_wconf 90' lang='lat' dir='ltr'><strong>quorum</strong></span> <span class='ocrx_word' id='word_1_211' title='bbox 1635 2875 1716 2916; x_wconf 85' lang='lat' dir='ltr'><strong>re-</strong></span> 
     </span>
    </p>
   </div>
   <div class='ocr_carea' id='block_1_36' title="bbox 134 2954 1720 3030">
    <p class='ocr_par' dir='ltr' id='par_1_36' title="bbox 134 2954 1720 3030">
     <span class='ocr_line' id='line_1_36' title="bbox 134 2954 1720 3030; baseline -0.006 -12"><span class='ocrx_word' id='word_1_212' title='bbox 134 2964 360 3019; x_wconf 88' lang='lat' dir='ltr'><strong>medium</strong></span> <span class='ocrx_word' id='word_1_213' title='bbox 395 2972 450 3018; x_wconf 91' lang='lat' dir='ltr'><strong>tu</strong></span> <span class='ocrx_word' id='word_1_214' title='bbox 497 2961 664 3017; x_wconf 80' lang='lat' dir='ltr'><strong>fuisti.</strong></span> <span class='ocrx_word' id='word_1_215' title='bbox 694 2960 886 3018; x_wconf 89' lang='lat' dir='ltr'><strong>Solent</strong></span> <span class='ocrx_word' id='word_1_216' title='bbox 931 2959 1074 3016; x_wconf 80' lang='lat' dir='ltr'><strong>enim</strong></span> <span class='ocrx_word' id='word_1_217' title='bbox 1127 2957 1217 3030; x_wconf 90' lang='lat' dir='ltr'><strong>qui</strong></span> <span class='ocrx_word' id='word_1_218' title='bbox 1243 2954 1563 3014; x_wconf 89' lang='lat' dir='ltr'><strong>medicinam</strong></span> <span class='ocrx_word' id='word_1_219' title='bbox 1604 2955 1720 3011; x_wconf 87' lang='lat' dir='ltr'><strong>cal-</strong></span> 
     </span>
    </p>
   </div>
   <div class='ocr_carea' id='block_1_37' title="bbox 135 3049 1720 3130">
    <p class='ocr_par' dir='ltr' id='par_1_37' title="bbox 135 3049 1720 3130">
     <span class='ocr_line' id='line_1_37' title="bbox 135 3049 1720 3130; baseline -0.006 -20"><span class='ocrx_word' id='word_1_220' title='bbox 135 3053 256 3121; x_wconf 88' lang='lat' dir='ltr'><strong>lent,</strong></span> <span class='ocrx_word' id='word_1_221' title='bbox 286 3069 417 3111; x_wconf 86' lang='lat' dir='ltr'><strong>eum</strong></span> <span class='ocrx_word' id='word_1_222' title='bbox 445 3054 554 3124; x_wconf 84' lang='lat' dir='ltr'><strong>jam</strong></span> <span class='ocrx_word' id='word_1_223' title='bbox 581 3051 704 3110; x_wconf 80' lang='lat' dir='ltr'><strong>forti</strong></span> <span class='ocrx_word' id='word_1_224' title='bbox 729 3069 829 3108; x_wconf 91' lang='lat' dir='ltr'><strong>usu</strong></span> <span class='ocrx_word' id='word_1_225' title='bbox 853 3051 1302 3130; x_wconf 78' lang='lat' dir='ltr'><strong>inmagistcrium</strong></span> <span class='ocrx_word' id='word_1_226' title='bbox 1333 3049 1720 3118; x_wconf 88' lang='lat' dir='ltr'><strong>provehuntur,</strong></span> 
     </span>
    </p>
   </div>
   <div class='ocr_carea' id='block_1_38' title="bbox 133 3143 1722 3218">
    <p class='ocr_par' dir='ltr' id='par_1_38' title="bbox 133 3143 1722 3218">
     <span class='ocr_line' id='line_1_38' title="bbox 133 3143 1722 3218; baseline -0.004 -15"><span class='ocrx_word' id='word_1_227' title='bbox 133 3162 192 3203; x_wconf 80' lang='lat' dir='ltr'><strong>ac</strong></span> <span class='ocrx_word' id='word_1_228' title='bbox 220 3148 349 3203; x_wconf 83' lang='lat' dir='ltr'><strong>ﬁunt</strong></span> <span class='ocrx_word' id='word_1_229' title='bbox 400 3149 528 3204; x_wconf 88' lang='lat' dir='ltr'><strong>artis</strong></span> <span class='ocrx_word' id='word_1_230' title='bbox 557 3148 786 3213; x_wconf 87' lang='lat' dir='ltr'><strong>emeriti,</strong></span> <span class='ocrx_word' id='word_1_231' title='bbox 817 3148 1074 3218; x_wconf 83' lang='lat' dir='ltr'><strong>proximis</strong></span> <span class='ocrx_word' id='word_1_232' title='bbox 1114 3148 1404 3216; x_wconf 86' lang='lat' dir='ltr'><strong>imperare,</strong></span> <span class='ocrx_word' id='word_1_233' title='bbox 1437 3153 1490 3200; x_wconf 92' lang='lat' dir='ltr'><strong>et</strong></span> <span class='ocrx_word' id='word_1_234' title='bbox 1537 3143 1722 3198; x_wconf 77' lang='lat' dir='ltr'><strong>feriata</strong></span> 
     </span>
    </p>
   </div>
   <div class='ocr_carea' id='block_1_39' title="bbox 133 3236 1721 3312">
    <p class='ocr_par' dir='ltr' id='par_1_39' title="bbox 133 3236 1721 3312">
     <span class='ocr_line' id='line_1_39' title="bbox 133 3236 1721 3312; baseline -0.006 -16"><span class='ocrx_word' id='word_1_235' title='bbox 133 3257 287 3297; x_wconf 86' lang='lat' dir='ltr'><strong>manu</strong></span> <span class='ocrx_word' id='word_1_236' title='bbox 311 3242 652 3297; x_wconf 84' lang='lat' dir='ltr'><strong>curationem</strong></span> <span class='ocrx_word' id='word_1_237' title='bbox 670 3241 856 3312; x_wconf 82' lang='lat' dir='ltr'><strong>jttvare</strong></span> <span class='ocrx_word' id='word_1_238' title='bbox 884 3240 1188 3310; x_wconf 66' lang='lat' dir='ltr'><strong>praeceptis.</strong></span> <span class='ocrx_word' id='word_1_239' title='bbox 1223 3238 1332 3292; x_wconf 85' lang='lat' dir='ltr'><strong>Tua</strong></span> <span class='ocrx_word' id='word_1_240' title='bbox 1362 3237 1522 3305; x_wconf 79' lang='lat' dir='ltr'><strong>igitur</strong></span> <span class='ocrx_word' id='word_1_241' title='bbox 1549 3236 1721 3305; x_wconf 88' lang='lat' dir='ltr'><strong>palma</strong></span> 
     </span>
    </p>
   </div>
   <div class='ocr_carea' id='block_1_40' title="bbox 135 3325 1721 3406">
    <p class='ocr_par' dir='ltr' id='par_1_40' title="bbox 135 3325 1721 3406">
     <span class='ocr_line' id='line_1_40' title="bbox 135 3325 1721 3406; baseline -0.008 -16"><span class='ocrx_word' id='word_1_242' title='bbox 135 3336 246 3391; x_wconf 80' lang='lat' dir='ltr'><strong>laus</strong></span> <span class='ocrx_word' id='word_1_243' title='bbox 286 3347 590 3406; x_wconf 86' lang='lat' dir='ltr'><strong>temporum</strong></span> <span class='ocrx_word' id='word_1_244' title='bbox 621 3344 723 3390; x_wconf 89' lang='lat' dir='ltr'><strong>est.</strong></span> <span class='ocrx_word' id='word_1_245' title='bbox 761 3333 837 3389; x_wconf 90' lang='lat' dir='ltr'><strong>De</strong></span> <span class='ocrx_word' id='word_1_246' title='bbox 888 3347 989 3402; x_wconf 80' lang='lat' dir='ltr'><strong>qua</strong></span> <span class='ocrx_word' id='word_1_247' title='bbox 1031 3345 1130 3402; x_wconf 90' lang='lat' dir='ltr'><strong>ego</strong></span> <span class='ocrx_word' id='word_1_248' title='bbox 1161 3331 1318 3401; x_wconf 88' lang='lat' dir='ltr'><strong>plane</strong></span> <span class='ocrx_word' id='word_1_249' title='bbox 1343 3336 1398 3382; x_wconf 88' lang='lat' dir='ltr'><strong>et</strong></span> <span class='ocrx_word' id='word_1_250' title='bbox 1441 3325 1721 3396; x_wconf 79' lang='lat' dir='ltr'><strong>indulgen-</strong></span> 
     </span>
    </p>
   </div>
   <div class='ocr_carea' id='block_1_41' title="bbox 1815 1643 3401 1736">
    <p class='ocr_par' dir='ltr' id='par_1_41' title="bbox 1815 1643 3401 1736">
     <span class='ocr_line' id='line_1_41' title="bbox 1815 1643 3401 1736; baseline 0.011 -25"><span class='ocrx_word' id='word_1_251' title='bbox 1815 1671 1926 1711; x_wconf 71' lang='lat' dir='ltr'><strong>ma:</strong></span> <span class='ocrx_word' id='word_1_252' title='bbox 1960 1668 2250 1726; x_wconf 87' lang='lat' dir='ltr'><strong>potestates</strong></span> <span class='ocrx_word' id='word_1_253' title='bbox 2281 1643 2434 1716; x_wconf 81' lang='lat' dir='ltr'><strong>malis</strong></span> <span class='ocrx_word' id='word_1_254' title='bbox 2461 1663 2666 1718; x_wconf 87' lang='lat' dir='ltr'><strong>artibus</strong></span> <span class='ocrx_word' id='word_1_255' title='bbox 2710 1666 3073 1736; x_wconf 69' lang='lat' dir='ltr'><strong>possidebant.</strong></span> <span class='ocrx_word' id='word_1_256' title='bbox 3107 1667 3280 1727; x_wconf 88' lang='lat' dir='ltr'><strong>Ferox</strong></span> <span class='ocrx_word' id='word_1_257' title='bbox 3312 1672 3401 1729; x_wconf 89' lang='lat' dir='ltr'><strong>ille</strong></span> 
     </span>
    </p>
   </div>
   <div class='ocr_carea' id='block_1_42' title="bbox 1815 1749 3400 1832">
    <p class='ocr_par' dir='ltr' id='par_1_42' title="bbox 1815 1749 3400 1832">
     <span class='ocr_line' id='line_1_42' title="bbox 1815 1749 3400 1832; baseline 0.011 -29"><span class='ocrx_word' id='word_1_258' title='bbox 1815 1749 2134 1806; x_wconf 76' lang='lat' dir='ltr'><strong>Maximinus</strong></span> <span class='ocrx_word' id='word_1_259' title='bbox 2161 1751 2232 1807; x_wconf 90' lang='lat' dir='ltr'><strong>ob</strong></span> <span class='ocrx_word' id='word_1_260' title='bbox 2273 1768 2360 1808; x_wconf 86' lang='lat' dir='ltr'><strong>res</strong></span> <span class='ocrx_word' id='word_1_261' title='bbox 2404 1754 2692 1822; x_wconf 82' lang='lat' dir='ltr'><strong>secundas,</strong></span> <span class='ocrx_word' id='word_1_262' title='bbox 2735 1757 3015 1814; x_wconf 83' lang='lat' dir='ltr'><strong>incubator</strong></span> <span class='ocrx_word' id='word_1_263' title='bbox 3053 1759 3400 1832; x_wconf 89' lang='lat' dir='ltr'><strong>judiciorum,</strong></span> 
     </span>
    </p>
   </div>
   <div class='ocr_carea' id='block_1_43' title="bbox 1811 1844 3408 1926">
    <p class='ocr_par' dir='ltr' id='par_1_43' title="bbox 1811 1844 3408 1926">
     <span class='ocr_line' id='line_1_43' title="bbox 1811 1844 3408 1926; baseline 0.01 -26"><span class='ocrx_word' id='word_1_264' title='bbox 1811 1844 2043 1901; x_wconf 79' lang='lat' dir='ltr'><strong>difﬁcilis</strong></span> <span class='ocrx_word' id='word_1_265' title='bbox 2085 1845 2420 1914; x_wconf 89' lang='lat' dir='ltr'><strong>dccidendis,</strong></span> <span class='ocrx_word' id='word_1_266' title='bbox 2470 1849 2836 1908; x_wconf 82' lang='lat' dir='ltr'><strong>simultatibus</strong></span> <span class='ocrx_word' id='word_1_267' title='bbox 2889 1863 3278 1926; x_wconf 88' lang='lat' dir='ltr'><strong>promptus.....</strong></span> <span class='ocrx_word' id='word_1_268' title='bbox 3317 1857 3408 1916; x_wconf 82' lang='lat' dir='ltr'><strong>Si-</strong></span> 
     </span>
    </p>
   </div>
   <div class='ocr_carea' id='block_1_44' title="bbox 1812 1933 3408 2014">
    <p class='ocr_par' dir='ltr' id='par_1_44' title="bbox 1812 1933 3408 2014">
     <span class='ocr_line' id='line_1_44' title="bbox 1812 1933 3408 2014; baseline 0.008 -24"><span class='ocrx_word' id='word_1_269' title='bbox 1812 1935 2032 2007; x_wconf 87' lang='lat' dir='ltr'><strong>mulque</strong></span> <span class='ocrx_word' id='word_1_270' title='bbox 2070 1953 2158 1992; x_wconf 86' lang='lat' dir='ltr'><strong>res</strong></span> <span class='ocrx_word' id='word_1_271' title='bbox 2199 1946 2301 1994; x_wconf 64' lang='lat' dir='ltr'><strong>tua:</strong></span> <span class='ocrx_word' id='word_1_272' title='bbox 2347 1939 2398 1995; x_wconf 92' lang='lat' dir='ltr'><strong>in</strong></span> <span class='ocrx_word' id='word_1_273' title='bbox 2447 1933 2788 2009; x_wconf 86' lang='lat' dir='ltr'><strong>tranquillum</strong></span> <span class='ocrx_word' id='word_1_274' title='bbox 2821 1943 3048 2000; x_wconf 89' lang='lat' dir='ltr'><strong>rediere.</strong></span> <span class='ocrx_word' id='word_1_275' title='bbox 3081 1945 3213 2014; x_wconf 65' lang='lat' dir='ltr'><strong>Quae</strong></span> <span class='ocrx_word' id='word_1_276' title='bbox 3243 1947 3408 2014; x_wconf 84' lang='lat' dir='ltr'><strong>bona,</strong></span> 
     </span>
    </p>
   </div>
   <div class='ocr_carea' id='block_1_45' title="bbox 1813 2027 3407 2105">
    <p class='ocr_par' dir='ltr' id='par_1_45' title="bbox 1813 2027 3407 2105">
     <span class='ocr_line' id='line_1_45' title="bbox 1813 2027 3407 2105; baseline 0.01 -24"><span class='ocrx_word' id='word_1_277' title='bbox 1813 2027 1914 2082; x_wconf 68' lang='lat' dir='ltr'><strong>etsi</strong></span> <span class='ocrx_word' id='word_1_278' title='bbox 1947 2027 2167 2084; x_wconf 81' lang='lat' dir='ltr'><strong>honoris</strong></span> <span class='ocrx_word' id='word_1_279' title='bbox 2195 2029 2268 2084; x_wconf 93' lang='lat' dir='ltr'><strong>tui</strong></span> <span class='ocrx_word' id='word_1_280' title='bbox 2291 2032 2585 2087; x_wconf 87' lang='lat' dir='ltr'><strong>necessitas</strong></span> <span class='ocrx_word' id='word_1_281' title='bbox 2612 2034 2868 2105; x_wconf 79' lang='lat' dir='ltr'><strong>contigit,</strong></span> <span class='ocrx_word' id='word_1_282' title='bbox 2891 2047 3067 2092; x_wconf 88' lang='lat' dir='ltr'><strong>meum</strong></span> <span class='ocrx_word' id='word_1_283' title='bbox 3095 2048 3274 2096; x_wconf 80' lang='lat' dir='ltr'><strong>tamen</strong></span> <span class='ocrx_word' id='word_1_284' title='bbox 3293 2040 3407 2097; x_wconf 85' lang='lat' dir='ltr'><strong>ani-</strong></span> 
     </span>
    </p>
   </div>
   <div class='ocr_carea' id='block_1_46' title="bbox 1814 2120 3409 2194">
    <p class='ocr_par' dir='ltr' id='par_1_46' title="bbox 1814 2120 3409 2194">
     <span class='ocr_line' id='line_1_46' title="bbox 1814 2120 3409 2194; baseline 0.012 -22"><span class='ocrx_word' id='word_1_285' title='bbox 1814 2131 1958 2172; x_wconf 91' lang='lat' dir='ltr'><strong>mum</strong></span> <span class='ocrx_word' id='word_1_286' title='bbox 2008 2127 2264 2190; x_wconf 86' lang='lat' dir='ltr'><strong>tanquam</strong></span> <span class='ocrx_word' id='word_1_287' title='bbox 2310 2120 2577 2192; x_wconf 84' lang='lat' dir='ltr'><strong>duplicata</strong></span> <span class='ocrx_word' id='word_1_288' title='bbox 2604 2124 2878 2194; x_wconf 78' lang='lat' dir='ltr'><strong>juverunt.</strong></span> <span class='ocrx_word' id='word_1_289' title='bbox 2923 2125 3032 2184; x_wconf 85' lang='lat' dir='ltr'><strong>Sed</strong></span> <span class='ocrx_word' id='word_1_290' title='bbox 3061 2127 3245 2187; x_wconf 79' lang='lat' dir='ltr'><strong>altiora</strong></span> <span class='ocrx_word' id='word_1_291' title='bbox 3298 2149 3409 2190; x_wconf 89' lang='lat' dir='ltr'><strong>me-</strong></span> 
     </span>
    </p>
   </div>
   <div class='ocr_carea' id='block_1_47' title="bbox 1817 2215 3410 2294">
    <p class='ocr_par' dir='ltr' id='par_1_47' title="bbox 1817 2215 3410 2294">
     <span class='ocr_line' id='line_1_47' title="bbox 1817 2215 3410 2294; baseline 0.011 -27"><span class='ocrx_word' id='word_1_292' title='bbox 1817 2221 2028 2269; x_wconf 85' lang='lat' dir='ltr'><strong>tuentes</strong></span> <span class='ocrx_word' id='word_1_293' title='bbox 2059 2215 2295 2271; x_wconf 86' lang='lat' dir='ltr'><strong>nondum</strong></span> <span class='ocrx_word' id='word_1_294' title='bbox 2321 2217 2501 2288; x_wconf 86' lang='lat' dir='ltr'><strong>expiet</strong></span> <span class='ocrx_word' id='word_1_295' title='bbox 2529 2216 2617 2274; x_wconf 90' lang='lat' dir='ltr'><strong>hic</strong></span> <span class='ocrx_word' id='word_1_296' title='bbox 2645 2221 2901 2289; x_wconf 71' lang='lat' dir='ltr'><strong>nuntius,</strong></span> <span class='ocrx_word' id='word_1_297' title='bbox 2924 2225 3160 2294; x_wconf 80' lang='lat' dir='ltr'><strong>quandiu</strong></span> <span class='ocrx_word' id='word_1_298' title='bbox 3199 2225 3253 2282; x_wconf 91' lang='lat' dir='ltr'><strong>in</strong></span> <span class='ocrx_word' id='word_1_299' title='bbox 3284 2223 3410 2284; x_wconf 88' lang='lat' dir='ltr'><strong>alte-</strong></span> 
     </span>
    </p>
   </div>
   <div class='ocr_carea' id='block_1_48' title="bbox 1814 2307 3411 2378">
    <p class='ocr_par' dir='ltr' id='par_1_48' title="bbox 1814 2307 3411 2378">
     <span class='ocr_line' id='line_1_48' title="bbox 1814 2307 3411 2378; baseline 0.01 -19"><span class='ocrx_word' id='word_1_300' title='bbox 1814 2320 1929 2360; x_wconf 91' lang='lat' dir='ltr'><strong>ram</strong></span> <span class='ocrx_word' id='word_1_301' title='bbox 1984 2319 2214 2363; x_wconf 84' lang='lat' dir='ltr'><strong>messem</strong></span> <span class='ocrx_word' id='word_1_302' title='bbox 2278 2309 2536 2378; x_wconf 86' lang='lat' dir='ltr'><strong>procedat</strong></span> <span class='ocrx_word' id='word_1_303' title='bbox 2607 2307 2749 2366; x_wconf 84' lang='lat' dir='ltr'><strong>ratio</strong></span> <span class='ocrx_word' id='word_1_304' title='bbox 2805 2312 3169 2370; x_wconf 85' lang='lat' dir='ltr'><strong>conditorum.</strong></span> <span class='ocrx_word' id='word_1_305' title='bbox 3228 2313 3411 2375; x_wconf 80' lang='lat' dir='ltr'><strong>Facito</strong></span> 
     </span>
    </p>
   </div>
   <div class='ocr_carea' id='block_1_49' title="bbox 1816 2397 3411 2490">
    <p class='ocr_par' dir='ltr' id='par_1_49' title="bbox 1816 2397 3411 2490">
     <span class='ocr_line' id='line_1_49' title="bbox 1816 2397 3411 2490; baseline 0.007 -32"><span class='ocrx_word' id='word_1_306' title='bbox 1816 2402 1975 2474; x_wconf 91' lang='lat' dir='ltr'><strong>igitur</strong></span> <span class='ocrx_word' id='word_1_307' title='bbox 2010 2397 2198 2470; x_wconf 85' lang='lat' dir='ltr'><strong>sciam,</strong></span> <span class='ocrx_word' id='word_1_308' title='bbox 2232 2403 2358 2490; x_wconf 84' lang='lat' dir='ltr'><strong>quid</strong></span> <span class='ocrx_word' id='word_1_309' title='bbox 2403 2405 2662 2461; x_wconf 83' lang='lat' dir='ltr'><strong>invehant</strong></span> <span class='ocrx_word' id='word_1_310' title='bbox 2704 2403 2918 2463; x_wconf 81' lang='lat' dir='ltr'><strong>horreis</strong></span> <span class='ocrx_word' id='word_1_311' title='bbox 2948 2408 3062 2464; x_wconf 90' lang='lat' dir='ltr'><strong>dies</strong></span> <span class='ocrx_word' id='word_1_312' title='bbox 3099 2409 3318 2481; x_wconf 78' lang='lat' dir='ltr'><strong>singuli,</strong></span> <span class='ocrx_word' id='word_1_313' title='bbox 3351 2415 3411 2470; x_wconf 84' lang='lat' dir='ltr'><strong>ut</strong></span> 
     </span>
    </p>
   </div>
   <div class='ocr_carea' id='block_1_50' title="bbox 1816 2500 3407 2582">
    <p class='ocr_par' dir='ltr' id='par_1_50' title="bbox 1816 2500 3407 2582">
     <span class='ocr_line' id='line_1_50' title="bbox 1816 2500 3407 2582; baseline 0.004 -27"><span class='ocrx_word' id='word_1_314' title='bbox 1816 2500 2063 2571; x_wconf 78' lang='lat' dir='ltr'><strong>voluptas</strong></span> <span class='ocrx_word' id='word_1_315' title='bbox 2090 2500 2186 2556; x_wconf 90' lang='lat' dir='ltr'><strong>otii</strong></span> <span class='ocrx_word' id='word_1_316' title='bbox 2218 2500 2325 2557; x_wconf 89' lang='lat' dir='ltr'><strong>mei</strong></span> <span class='ocrx_word' id='word_1_317' title='bbox 2353 2513 2475 2582; x_wconf 80' lang='lat' dir='ltr'><strong>eum</strong></span> <span class='ocrx_word' id='word_1_318' title='bbox 2513 2501 2698 2572; x_wconf 72' lang='lat' dir='ltr'><strong>patria:</strong></span> <span class='ocrx_word' id='word_1_319' title='bbox 2736 2503 2906 2573; x_wconf 63' lang='lat' dir='ltr'><strong>copiis</strong></span> <span class='ocrx_word' id='word_1_320' title='bbox 2947 2505 3225 2575; x_wconf 74' lang='lat' dir='ltr'><strong>augeatur.</strong></span> <span class='ocrx_word' id='word_1_321' title='bbox 3258 2501 3407 2564; x_wconf 71' lang='lat' dir='ltr'><strong>Vale.</strong></span> 
     </span>
    </p>
   </div>
   <div class='ocr_carea' id='block_1_51' title="bbox 2449 2595 2796 2655">
    <p class='ocr_par' dir='ltr' id='par_1_51' title="bbox 2449 2595 2796 2655">
     <span class='ocr_line' id='line_1_51' title="bbox 2449 2595 2796 2655; baseline 0.003 -3"><span class='ocrx_word' id='word_1_322' title='bbox 2449 2597 2666 2655; x_wconf 83' lang='lat' dir='ltr'><strong>EPIST.</strong></span> <span class='ocrx_word' id='word_1_323' title='bbox 2707 2595 2796 2654; x_wconf 86' lang='lat' dir='ltr'><strong>III.</strong></span> 
     </span>
    </p>
   </div>
   <div class='ocr_carea' id='block_1_52' title="bbox 2403 2703 2828 2748">
    <p class='ocr_par' dir='ltr' id='par_1_52' title="bbox 2403 2703 2828 2748">
     <span class='ocr_line' id='line_1_52' title="bbox 2403 2703 2828 2748; baseline 0.005 -3"><span class='ocrx_word' id='word_1_324' title='bbox 2403 2703 2828 2748; x_wconf 71' lang='lat' dir='ltr'><strong>SYMHACIII‘I.....</strong></span> 
     </span>
    </p>
   </div>
   <div class='ocr_carea' id='block_1_53' title="bbox 1894 2777 3413 2850">
    <p class='ocr_par' dir='ltr' id='par_1_53' title="bbox 1894 2777 3413 2850">
     <span class='ocr_line' id='line_1_53' title="bbox 1894 2777 3413 2850; baseline 0.003 -14"><span class='ocrx_word' id='word_1_325' title='bbox 1894 2781 1975 2836; x_wconf 81' lang='lat' dir='ltr'><strong>Ad</strong></span> <span class='ocrx_word' id='word_1_326' title='bbox 1999 2789 2207 2836; x_wconf 86' lang='lat' dir='ltr'><strong>sextum</strong></span> <span class='ocrx_word' id='word_1_327' title='bbox 2237 2779 2339 2837; x_wconf 92' lang='lat' dir='ltr'><strong>cal.</strong></span> <span class='ocrx_word' id='word_1_328' title='bbox 2371 2779 2631 2838; x_wconf 79' lang='lat' dir='ltr'><strong>Novemb.</strong></span> <span class='ocrx_word' id='word_1_329' title='bbox 2661 2782 2947 2850; x_wconf 71' lang='lat' dir='ltr'><strong>questorire</strong></span> <span class='ocrx_word' id='word_1_330' title='bbox 2975 2777 3225 2840; x_wconf 79' lang='lat' dir='ltr'><strong>editionis</strong></span> <span class='ocrx_word' id='word_1_331' title='bbox 3255 2795 3413 2841; x_wconf 81' lang='lat' dir='ltr'><strong>exor-</strong></span> 
     </span>
    </p>
   </div>
   <div class='ocr_carea' id='block_1_54' title="bbox 1822 2869 3415 2944">
    <p class='ocr_par' dir='ltr' id='par_1_54' title="bbox 1822 2869 3415 2944">
     <span class='ocr_line' id='line_1_54' title="bbox 1822 2869 3415 2944; baseline 0.002 -16"><span class='ocrx_word' id='word_1_332' title='bbox 1822 2871 1927 2928; x_wconf 90' lang='lat' dir='ltr'><strong>diis</strong></span> <span class='ocrx_word' id='word_1_333' title='bbox 1957 2872 2221 2928; x_wconf 84' lang='lat' dir='ltr'><strong>interesse</strong></span> <span class='ocrx_word' id='word_1_334' title='bbox 2240 2886 2326 2929; x_wconf 91' lang='lat' dir='ltr'><strong>me</strong></span> <span class='ocrx_word' id='word_1_335' title='bbox 2353 2873 2619 2943; x_wconf 83' lang='lat' dir='ltr'><strong>praecipis.</strong></span> <span class='ocrx_word' id='word_1_336' title='bbox 2651 2869 2820 2944; x_wconf 79' lang='lat' dir='ltr'><strong>Hujus</strong></span> <span class='ocrx_word' id='word_1_337' title='bbox 2845 2871 3177 2928; x_wconf 81' lang='lat' dir='ltr'><strong>evocationis</strong></span> <span class='ocrx_word' id='word_1_338' title='bbox 3203 2873 3415 2931; x_wconf 87' lang='lat' dir='ltr'><strong>litteras</strong></span> 
     </span>
    </p>
   </div>
   <div class='ocr_carea' id='block_1_55' title="bbox 1827 2967 3416 3041">
    <p class='ocr_par' dir='ltr' id='par_1_55' title="bbox 1827 2967 3416 3041">
     <span class='ocr_line' id='line_1_55' title="bbox 1827 2967 3416 3041; baseline -0.001 -13"><span class='ocrx_word' id='word_1_339' title='bbox 1827 2983 1955 3028; x_wconf 77' lang='lat' dir='ltr'><strong>ante</strong></span> <span class='ocrx_word' id='word_1_340' title='bbox 2017 2971 2235 3026; x_wconf 88' lang='lat' dir='ltr'><strong>biduum</strong></span> <span class='ocrx_word' id='word_1_341' title='bbox 2309 2972 2566 3038; x_wconf 88' lang='lat' dir='ltr'><strong>temporis</strong></span> <span class='ocrx_word' id='word_1_342' title='bbox 2615 2967 2899 3041; x_wconf 70' lang='lat' dir='ltr'><strong>praestituti</strong></span> <span class='ocrx_word' id='word_1_343' title='bbox 2947 2969 3084 3024; x_wconf 88' lang='lat' dir='ltr'><strong>circa</strong></span> <span class='ocrx_word' id='word_1_344' title='bbox 3141 2967 3416 3041; x_wconf 78' lang='lat' dir='ltr'><strong>Neapolim</strong></span> 
     </span>
    </p>
   </div>
   <div class='ocr_carea' id='block_1_56' title="bbox 1826 3041 3418 3134">
    <p class='ocr_par' dir='ltr' id='par_1_56' title="bbox 1826 3041 3418 3134">
     <span class='ocr_line' id='line_1_56' title="bbox 1826 3041 3418 3134; baseline 0.001 -15"><span class='ocrx_word' id='word_1_345' title='bbox 1826 3064 2049 3134; x_wconf 86' lang='lat' dir='ltr'><strong>sumpsi.</strong></span> <span class='ocrx_word' id='word_1_346' title='bbox 2086 3064 2301 3133; x_wconf 79' lang='lat' dir='ltr'><strong>Purgat,</strong></span> <span class='ocrx_word' id='word_1_347' title='bbox 2333 3041 2392 3117; x_wconf 72' lang='lat' dir='ltr'><strong>ut</strong></span> <span class='ocrx_word' id='word_1_348' title='bbox 2442 3061 2614 3127; x_wconf 82' lang='lat' dir='ltr'><strong>vides,</strong></span> <span class='ocrx_word' id='word_1_349' title='bbox 2648 3053 2949 3117; x_wconf 86' lang='lat' dir='ltr'><strong>absentiam</strong></span> <span class='ocrx_word' id='word_1_350' title='bbox 2998 3078 3170 3118; x_wconf 89' lang='lat' dir='ltr'><strong>meam</strong></span> <span class='ocrx_word' id='word_1_351' title='bbox 3225 3064 3418 3134; x_wconf 85' lang='lat' dir='ltr'><strong>longus</strong></span> 
     </span>
    </p>
   </div>
   <div class='ocr_carea' id='block_1_57' title="bbox 1779 3156 3415 3226">
    <p class='ocr_par' dir='ltr' id='par_1_57' title="bbox 1779 3156 3415 3226">
     <span class='ocr_line' id='line_1_57' title="bbox 1779 3156 3415 3226; baseline -0.002 -9"><span class='ocrx_word' id='word_1_352' title='bbox 1779 3212 1784 3218; x_wconf 92' lang='lat'><strong>.</strong></span> <span class='ocrx_word' id='word_1_353' title='bbox 1827 3160 2034 3216; x_wconf 87' lang='lat' dir='ltr'><strong>itineris</strong></span> <span class='ocrx_word' id='word_1_354' title='bbox 2062 3169 2284 3226; x_wconf 80' lang='lat' dir='ltr'><strong>tractus,</strong></span> <span class='ocrx_word' id='word_1_355' title='bbox 2314 3167 2369 3215; x_wconf 92' lang='lat' dir='ltr'><strong>et</strong></span> <span class='ocrx_word' id='word_1_356' title='bbox 2396 3156 2685 3214; x_wconf 77' lang='lat' dir='ltr'><strong>funCtlunis</strong></span> <span class='ocrx_word' id='word_1_357' title='bbox 2706 3157 2823 3212; x_wconf 83' lang='lat' dir='ltr'><strong>dies</strong></span> <span class='ocrx_word' id='word_1_358' title='bbox 2852 3157 3149 3226; x_wconf 86' lang='lat' dir='ltr'><strong>proximus.</strong></span> <span class='ocrx_word' id='word_1_359' title='bbox 3180 3157 3286 3214; x_wconf 88' lang='lat' dir='ltr'><strong>Sed</strong></span> <span class='ocrx_word' id='word_1_360' title='bbox 3311 3158 3415 3215; x_wconf 90' lang='lat' dir='ltr'><strong>diis</strong></span> 
     </span>
    </p>
   </div>
   <div class='ocr_carea' id='block_1_58' title="bbox 1824 3247 3437 3328">
    <p class='ocr_par' dir='ltr' id='par_1_58' title="bbox 1824 3247 3437 3328">
     <span class='ocr_line' id='line_1_58' title="bbox 1824 3247 3437 3328; baseline 0 -22"><span class='ocrx_word' id='word_1_361' title='bbox 1824 3250 2132 3323; x_wconf 66' lang='lat' dir='ltr'><strong>iuvantibus</strong></span> <span class='ocrx_word' id='word_1_362' title='bbox 2159 3249 2341 3305; x_wconf 88' lang='lat' dir='ltr'><strong>multis</strong></span> <span class='ocrx_word' id='word_1_363' title='bbox 2365 3248 2689 3320; x_wconf 85' lang='lat' dir='ltr'><strong>spectaculis</strong></span> <span class='ocrx_word' id='word_1_364' title='bbox 2719 3247 2914 3304; x_wconf 77' lang='lat' dir='ltr'><strong>vestris</strong></span> <span class='ocrx_word' id='word_1_365' title='bbox 2938 3247 3297 3317; x_wconf 72' lang='lat' dir='ltr'><strong>compensatio</strong></span> <span class='ocrx_word' id='word_1_366' title='bbox 3324 3251 3437 3328; x_wconf 8' lang='lat' dir='ltr'><strong>ob-l</strong></span> 
     </span>
    </p>
   </div>
   <div class='ocr_carea' id='block_1_59' title="bbox 1831 3331 3419 3416">
    <p class='ocr_par' dir='ltr' id='par_1_59' title="bbox 1831 3331 3419 3416">
     <span class='ocr_line' id='line_1_59' title="bbox 1831 3331 3419 3416; baseline -0.002 -17"><span class='ocrx_word' id='word_1_367' title='bbox 1831 3346 2000 3416; x_wconf 86' lang='lat' dir='ltr'><strong>scquii</strong></span> <span class='ocrx_word' id='word_1_368' title='bbox 2035 3345 2158 3411; x_wconf 84' lang='lat' dir='ltr'><strong>mei</strong></span> <span class='ocrx_word' id='word_1_369' title='bbox 2211 3344 2469 3400; x_wconf 88' lang='lat' dir='ltr'><strong>debitum.</strong></span> <span class='ocrx_word' id='word_1_370' title='bbox 2537 3339 2690 3396; x_wconf 78' lang='lat' dir='ltr'><strong>Nunc</strong></span> <span class='ocrx_word' id='word_1_371' title='bbox 2741 3339 2911 3396; x_wconf 61' lang='lat' dir='ltr'><strong>venia;</strong></span> <span class='ocrx_word' id='word_1_372' title='bbox 2966 3331 3157 3394; x_wconf 79' lang='lat' dir='ltr'><strong>danda:</strong></span> <span class='ocrx_word' id='word_1_373' title='bbox 3211 3337 3419 3396; x_wconf 80' lang='lat' dir='ltr'><strong>facilem</strong></span> 
     </span>
    </p>
   </div>
   <div class='ocr_carea' id='block_1_60' title="bbox 140 3418 3420 3534">
    <p class='ocr_par' dir='ltr' id='par_1_60' title="bbox 140 3418 3420 3534">
     <span class='ocr_line' id='line_1_60' title="bbox 140 3418 3420 3534; baseline -0.003 -34"><span class='ocrx_word' id='word_1_374' title='bbox 140 3426 236 3482; x_wconf 73' lang='grc' dir='ltr'><strong>ιίυε</strong></span> <span class='ocrx_word' id='word_1_375' title='bbox 261 3427 535 3534; x_wconf 56' lang='grc' dir='ltr'><strong>ίοίιοεξξέγν</strong></span> <span class='ocrx_word' id='word_1_376' title='bbox 568 3425 1042 3534; x_wconf 24' lang='grc' dir='ltr'><strong>ηῑςξᾷοδεθιιιιαιθν</strong></span> <span class='ocrx_word' id='word_1_377' title='bbox 1081 3421 1342 3534; x_wconf 54' lang='lat' dir='ltr'><strong>Singulari</strong></span> <span class='ocrx_word' id='word_1_378' title='bbox 1388 3418 1726 3534; x_wconf 60' lang='grc' dir='ltr'><strong>ξθτθθυηάῗω</strong></span> <span class='ocrx_word' id='word_1_379' title='bbox 1753 3469 1800 3534; x_wconf 73' lang='lat' dir='ltr'>c</span> <span class='ocrx_word' id='word_1_380' title='bbox 1831 3451 2015 3508; x_wconf 61' lang='lat' dir='ltr'><strong>quaeso</strong></span> <span class='ocrx_word' id='word_1_381' title='bbox 2045 3445 2096 3492; x_wconf 87' lang='lat' dir='ltr'><strong>te</strong></span> <span class='ocrx_word' id='word_1_382' title='bbox 2123 3436 2384 3506; x_wconf 84' lang='lat' dir='ltr'><strong>praebeas.</strong></span> <span class='ocrx_word' id='word_1_383' title='bbox 2434 3433 2616 3505; x_wconf 85' lang='lat' dir='ltr'><strong>Neque</strong></span> <span class='ocrx_word' id='word_1_384' title='bbox 2645 3434 2790 3489; x_wconf 89' lang='lat' dir='ltr'><strong>enim</strong></span> <span class='ocrx_word' id='word_1_385' title='bbox 2821 3433 2902 3488; x_wconf 87' lang='lat' dir='ltr'><strong>fas</strong></span> <span class='ocrx_word' id='word_1_386' title='bbox 2927 3437 3034 3498; x_wconf 84' lang='lat' dir='ltr'><strong>est,</strong></span> <span class='ocrx_word' id='word_1_387' title='bbox 3067 3442 3127 3488; x_wconf 91' lang='lat' dir='ltr'><strong>ut</strong></span> <span class='ocrx_word' id='word_1_388' title='bbox 3168 3441 3316 3489; x_wconf 86' lang='lat' dir='ltr'><strong>tanto</strong></span> <span class='ocrx_word' id='word_1_389' title='bbox 3341 3433 3420 3490; x_wconf 88' lang='lat' dir='ltr'><strong>di-</strong></span> 
     </span>
    </p>
   </div>
   <div class='ocr_carea' id='block_1_61' title="bbox 139 3512 1722 3588">
    <p class='ocr_par' dir='ltr' id='par_1_61' title="bbox 139 3512 1722 3588">
     <span class='ocr_line' id='line_1_61' title="bbox 139 3512 1722 3588; baseline -0.003 -17"><span class='ocrx_word' id='word_1_390' title='bbox 139 3527 258 3580; x_wconf 68' lang='lat' dir='ltr'><strong>tnm,</strong></span> <span class='ocrx_word' id='word_1_391' title='bbox 292 3529 347 3573; x_wconf 90' lang='lat' dir='ltr'><strong>et</strong></span> <span class='ocrx_word' id='word_1_392' title='bbox 378 3518 506 3573; x_wconf 90' lang='lat' dir='ltr'><strong>mihi</strong></span> <span class='ocrx_word' id='word_1_393' title='bbox 541 3517 739 3588; x_wconf 90' lang='lat' dir='ltr'><strong>oppido</strong></span> <span class='ocrx_word' id='word_1_394' title='bbox 771 3529 1158 3587; x_wconf 64' lang='lat' dir='ltr'><strong>prmeavercm,</strong></span> <span class='ocrx_word' id='word_1_395' title='bbox 1191 3528 1260 3569; x_wconf 88' lang='lat' dir='ltr'><strong>ne</strong></span> <span class='ocrx_word' id='word_1_396' title='bbox 1299 3512 1546 3568; x_wconf 89' lang='lat' dir='ltr'><strong>laudatus</strong></span> <span class='ocrx_word' id='word_1_397' title='bbox 1595 3527 1722 3583; x_wconf 89' lang='lat' dir='ltr'><strong>pro-</strong></span> 
     </span>
    </p>
   </div>
   <div class='ocr_carea' id='block_1_62' title="bbox 142 3604 1728 3678">
    <p class='ocr_par' dir='ltr' id='par_1_62' title="bbox 142 3604 1728 3678">
     <span class='ocr_line' id='line_1_62' title="bbox 142 3604 1728 3678; baseline -0.004 -12"><span class='ocrx_word' id='word_1_398' title='bbox 142 3613 286 3668; x_wconf 82' lang='lat' dir='ltr'><strong>xime</strong></span> <span class='ocrx_word' id='word_1_399' title='bbox 317 3613 385 3668; x_wconf 89' lang='lat' dir='ltr'><strong>ab</strong></span> <span class='ocrx_word' id='word_1_400' title='bbox 421 3612 734 3668; x_wconf 76' lang='lat' dir='ltr'><strong>exaellentia</strong></span> <span class='ocrx_word' id='word_1_401' title='bbox 776 3620 864 3665; x_wconf 87' lang='lat' dir='ltr'><strong>tua</strong></span> <span class='ocrx_word' id='word_1_402' title='bbox 917 3610 1206 3664; x_wconf 82' lang='lat' dir='ltr'><strong>feneratam</strong></span> <span class='ocrx_word' id='word_1_403' title='bbox 1256 3607 1482 3678; x_wconf 80' lang='lat' dir='ltr'><strong>gratiam</strong></span> <span class='ocrx_word' id='word_1_404' title='bbox 1515 3604 1728 3661; x_wconf 88' lang='lat' dir='ltr'><strong>viderer</strong></span> 
     </span>
    </p>
   </div>
   <div class='ocr_carea' id='block_1_63' title="bbox 151 3699 1728 3773">
    <p class='ocr_par' dir='ltr' id='par_1_63' title="bbox 151 3699 1728 3773">
     <span class='ocr_line' id='line_1_63' title="bbox 151 3699 1728 3773; baseline -0.004 -15"><span class='ocrx_word' id='word_1_405' title='bbox 151 3707 417 3768; x_wconf 31' lang='lat' dir='ltr'><strong>retulisse,</strong></span> <span class='ocrx_word' id='word_1_406' title='bbox 446 3706 544 3759; x_wconf 85' lang='lat' dir='ltr'><strong>hoc</strong></span> <span class='ocrx_word' id='word_1_407' title='bbox 573 3717 678 3770; x_wconf 89' lang='lat' dir='ltr'><strong>est,</strong></span> <span class='ocrx_word' id='word_1_408' title='bbox 709 3704 849 3773; x_wconf 86' lang='lat' dir='ltr'><strong>quod</strong></span> <span class='ocrx_word' id='word_1_409' title='bbox 890 3705 1078 3756; x_wconf 87' lang='lat' dir='ltr'><strong>aiunt:</strong></span> <span class='ocrx_word' id='word_1_410' title='bbox 1113 3699 1350 3755; x_wconf 73' lang='lat' dir='ltr'><strong>Mutuom</strong></span> <span class='ocrx_word' id='word_1_411' title='bbox 1379 3700 1580 3755; x_wconf 73' lang='lat' dir='ltr'><strong>scabere</strong></span> <span class='ocrx_word' id='word_1_412' title='bbox 1615 3717 1728 3752; x_wconf 84' lang='lat' dir='ltr'><strong>mu-</strong></span> 
     </span>
    </p>
   </div>
   <div class='ocr_carea' id='block_1_64' title="bbox 138 3777 1726 3868">
    <p class='ocr_par' dir='ltr' id='par_1_64' title="bbox 138 3777 1726 3868">
     <span class='ocr_line' id='line_1_64' title="bbox 138 3777 1726 3868; baseline -0.004 -17"><span class='ocrx_word' id='word_1_413' title='bbox 138 3797 234 3852; x_wconf 70' lang='lat' dir='ltr'><strong>las.</strong></span> <span class='ocrx_word' id='word_1_414' title='bbox 265 3798 360 3852; x_wconf 82' lang='lat' dir='ltr'><strong>Cui</strong></span> <span class='ocrx_word' id='word_1_415' title='bbox 388 3798 670 3868; x_wconf 82' lang='lat' dir='ltr'><strong>proverbio</strong></span> <span class='ocrx_word' id='word_1_416' title='bbox 697 3811 766 3850; x_wconf 89' lang='lat' dir='ltr'><strong>ne</strong></span> <span class='ocrx_word' id='word_1_417' title='bbox 796 3796 984 3850; x_wconf 89' lang='lat' dir='ltr'><strong>videar</strong></span> <span class='ocrx_word' id='word_1_418' title='bbox 1023 3777 1142 3849; x_wconf 86' lang='lat' dir='ltr'><strong>esse</strong></span> <span class='ocrx_word' id='word_1_419' title='bbox 1171 3793 1423 3859; x_wconf 79' lang='lat' dir='ltr'><strong>conﬁnis,</strong></span> <span class='ocrx_word' id='word_1_420' title='bbox 1458 3791 1726 3862; x_wconf 62' lang='lat' dir='ltr'><strong>praeconia</strong></span> 
     </span>
    </p>
   </div>
   <div class='ocr_carea' id='block_1_65' title="bbox 135 3887 1727 3964">
    <p class='ocr_par' dir='ltr' id='par_1_65' title="bbox 135 3887 1727 3964">
     <span class='ocr_line' id='line_1_65' title="bbox 135 3887 1727 3964; baseline -0.006 -15"><span class='ocrx_word' id='word_1_421' title='bbox 135 3897 391 3950; x_wconf 80' lang='lat' dir='ltr'><strong>virtutum</strong></span> <span class='ocrx_word' id='word_1_422' title='bbox 425 3906 636 3950; x_wconf 90' lang='lat' dir='ltr'><strong>tuarum</strong></span> <span class='ocrx_word' id='word_1_423' title='bbox 668 3907 852 3964; x_wconf 85' lang='lat' dir='ltr'><strong>presso</strong></span> <span class='ocrx_word' id='word_1_424' title='bbox 883 3890 1042 3945; x_wconf 88' lang='lat' dir='ltr'><strong>dente</strong></span> <span class='ocrx_word' id='word_1_425' title='bbox 1073 3888 1374 3959; x_wconf 88' lang='lat' dir='ltr'><strong>perstringo</strong></span> <span class='ocrx_word' id='word_1_426' title='bbox 1401 3903 1415 3952; x_wconf 89' lang='lat'><strong>;</strong></span> <span class='ocrx_word' id='word_1_427' title='bbox 1450 3887 1727 3956; x_wconf 76' lang='lat' dir='ltr'><strong>prmclarae</strong></span> 
     </span>
    </p>
   </div>
   <div class='ocr_carea' id='block_1_66' title="bbox 137 3980 1729 4058">
    <p class='ocr_par' dir='ltr' id='par_1_66' title="bbox 137 3980 1729 4058">
     <span class='ocr_line' id='line_1_66' title="bbox 137 3980 1729 4058; baseline -0.005 -16"><span class='ocrx_word' id='word_1_428' title='bbox 137 3989 476 4044; x_wconf 70' lang='lat' dir='ltr'><strong>conscientia:</strong></span> <span class='ocrx_word' id='word_1_429' title='bbox 507 3999 610 4043; x_wconf 69' lang='lat' dir='ltr'><strong>tua!</strong></span> <span class='ocrx_word' id='word_1_430' title='bbox 629 3983 966 4058; x_wconf 87' lang='lat' dir='ltr'><strong>pendendum</strong></span> <span class='ocrx_word' id='word_1_431' title='bbox 995 3983 1318 4054; x_wconf 87' lang='lat' dir='ltr'><strong>relinquens,</strong></span> <span class='ocrx_word' id='word_1_432' title='bbox 1346 3980 1472 4052; x_wconf 87' lang='lat' dir='ltr'><strong>quid</strong></span> <span class='ocrx_word' id='word_1_433' title='bbox 1504 3980 1585 4037; x_wconf 79' lang='lat' dir='ltr'><strong>vel</strong></span> <span class='ocrx_word' id='word_1_434' title='bbox 1617 3980 1729 4051; x_wconf 88' lang='lat' dir='ltr'><strong>ipse</strong></span> 
     </span>
    </p>
   </div>
   <div class='ocr_carea' id='block_1_67' title="bbox 134 4078 1726 4152">
    <p class='ocr_par' dir='ltr' id='par_1_67' title="bbox 134 4078 1726 4152">
     <span class='ocr_line' id='line_1_67' title="bbox 134 4078 1726 4152; baseline -0.004 -15"><span class='ocrx_word' id='word_1_435' title='bbox 134 4084 422 4149; x_wconf 84' lang='lat' dir='ltr'><strong>merearis,</strong></span> <span class='ocrx_word' id='word_1_436' title='bbox 444 4084 596 4152; x_wconf 84' lang='lat' dir='ltr'><strong>cujus</strong></span> <span class='ocrx_word' id='word_1_437' title='bbox 623 4083 785 4137; x_wconf 91' lang='lat' dir='ltr'><strong>ductu</strong></span> <span class='ocrx_word' id='word_1_438' title='bbox 813 4079 1089 4151; x_wconf 80' lang='lat' dir='ltr'><strong>provincia</strong></span> <span class='ocrx_word' id='word_1_439' title='bbox 1115 4078 1242 4134; x_wconf 88' lang='lat' dir='ltr'><strong>mihi</strong></span> <span class='ocrx_word' id='word_1_440' title='bbox 1267 4080 1438 4133; x_wconf 87' lang='lat' dir='ltr'><strong>amica</strong></span> <span class='ocrx_word' id='word_1_441' title='bbox 1471 4078 1726 4149; x_wconf 88' lang='lat' dir='ltr'><strong>respirat;</strong></span> 
     </span>
    </p>
   </div>
   <div class='ocr_carea' id='block_1_68' title="bbox 137 4169 1732 4247">
    <p class='ocr_par' dir='ltr' id='par_1_68' title="bbox 137 4169 1732 4247">
     <span class='ocr_line' id='line_1_68' title="bbox 137 4169 1732 4247; baseline -0.001 -20"><span class='ocrx_word' id='word_1_442' title='bbox 137 4177 217 4230; x_wconf 87' lang='lat' dir='ltr'><strong>vel</strong></span> <span class='ocrx_word' id='word_1_443' title='bbox 248 4176 379 4247; x_wconf 86' lang='lat' dir='ltr'><strong>quid</strong></span> <span class='ocrx_word' id='word_1_444' title='bbox 407 4191 508 4245; x_wconf 80' lang='lat' dir='ltr'><strong>ego</strong></span> <span class='ocrx_word' id='word_1_445' title='bbox 536 4173 650 4229; x_wconf 85' lang='lat' dir='ltr'><strong>tibi</strong></span> <span class='ocrx_word' id='word_1_446' title='bbox 695 4173 944 4239; x_wconf 88' lang='lat' dir='ltr'><strong>debeam,</strong></span> <span class='ocrx_word' id='word_1_447' title='bbox 977 4171 1128 4241; x_wconf 84' lang='lat' dir='ltr'><strong>cujus</strong></span> <span class='ocrx_word' id='word_1_448' title='bbox 1167 4171 1306 4226; x_wconf 83' lang='lat' dir='ltr'><strong>fama</strong></span> <span class='ocrx_word' id='word_1_449' title='bbox 1345 4169 1448 4225; x_wconf 87' lang='lat' dir='ltr'><strong>sub</strong></span> <span class='ocrx_word' id='word_1_450' title='bbox 1483 4169 1570 4224; x_wconf 90' lang='lat' dir='ltr'><strong>tali</strong></span> <span class='ocrx_word' id='word_1_451' title='bbox 1599 4178 1732 4225; x_wconf 85' lang='lat' dir='ltr'><strong>teste</strong></span> 
     </span>
    </p>
   </div>
   <div class='ocr_carea' id='block_1_69' title="bbox 137 4261 1206 4338">
    <p class='ocr_par' dir='ltr' id='par_1_69' title="bbox 137 4261 1206 4338">
     <span class='ocr_line' id='line_1_69' title="bbox 137 4261 1206 4338; baseline -0.007 -17"><span class='ocrx_word' id='word_1_452' title='bbox 137 4282 413 4338; x_wconf 88' lang='lat' dir='ltr'><strong>nunquam</strong></span> <span class='ocrx_word' id='word_1_453' title='bbox 444 4266 759 4320; x_wconf 88' lang='lat' dir='ltr'><strong>succumbet</strong></span> <span class='ocrx_word' id='word_1_454' title='bbox 788 4264 1021 4318; x_wconf 68' lang='lat' dir='ltr'><strong>invidiae.</strong></span> <span class='ocrx_word' id='word_1_455' title='bbox 1057 4261 1206 4318; x_wconf 86' lang='lat' dir='ltr'><strong>Vale.</strong></span> 
     </span>
    </p>
   </div>
   <div class='ocr_carea' id='block_1_70' title="bbox 781 4353 1103 4410">
    <p class='ocr_par' dir='ltr' id='par_1_70' title="bbox 781 4353 1103 4410">
     <span class='ocr_line' id='line_1_70' title="bbox 781 4353 1103 4410; baseline -0.006 -1"><span class='ocrx_word' id='word_1_456' title='bbox 781 4354 996 4410; x_wconf 84' lang='lat' dir='ltr'><strong>EPIST.</strong></span> <span class='ocrx_word' id='word_1_457' title='bbox 1040 4353 1103 4408; x_wconf 88' lang='grc' dir='ltr'><strong>ΙΙ.</strong></span> 
     </span>
    </p>
   </div>
   <div class='ocr_carea' id='block_1_71' title="bbox 661 4465 1224 4508">
    <p class='ocr_par' dir='ltr' id='par_1_71' title="bbox 661 4465 1224 4508">
     <span class='ocr_line' id='line_1_71' title="bbox 661 4465 1224 4508; baseline -0.004 -1"><span class='ocrx_word' id='word_1_458' title='bbox 661 4467 926 4508; x_wconf 73' lang='grc' dir='ltr'><strong>ϐΒᾹΤΙΛΝΟ</strong></span> <span class='ocrx_word' id='word_1_459' title='bbox 967 4465 1224 4507; x_wconf 78' lang='lat' dir='ltr'><strong>AUGUSTO.</strong></span> 
     </span>
    </p>
   </div>
   <div class='ocr_carea' id='block_1_72' title="bbox 203 4545 1739 4617">
    <p class='ocr_par' dir='ltr' id='par_1_72' title="bbox 203 4545 1739 4617">
     <span class='ocr_line' id='line_1_72' title="bbox 203 4545 1739 4617; baseline 0 -15"><span class='ocrx_word' id='word_1_460' title='bbox 203 4547 340 4602; x_wconf 73' lang='lat' dir='ltr'><strong>Scio</strong></span> <span class='ocrx_word' id='word_1_461' title='bbox 371 4559 558 4602; x_wconf 88' lang='lat' dir='ltr'><strong>amore</strong></span> <span class='ocrx_word' id='word_1_462' title='bbox 578 4546 794 4613; x_wconf 86' lang='lat' dir='ltr'><strong>factum,</strong></span> <span class='ocrx_word' id='word_1_463' title='bbox 817 4559 924 4617; x_wconf 89' lang='lat' dir='ltr'><strong>quo</strong></span> <span class='ocrx_word' id='word_1_464' title='bbox 948 4556 1242 4602; x_wconf 90' lang='lat' dir='ltr'><strong>summates</strong></span> <span class='ocrx_word' id='word_1_465' title='bbox 1259 4545 1402 4601; x_wconf 86' lang='lat' dir='ltr'><strong>viros</strong></span> <span class='ocrx_word' id='word_1_466' title='bbox 1424 4546 1739 4617; x_wconf 87' lang='lat' dir='ltr'><strong>plerumque</strong></span> 
     </span>
    </p>
   </div>
   <div class='ocr_carea' id='block_1_73' title="bbox 135 4637 1735 4709">
    <p class='ocr_par' dir='ltr' id='par_1_73' title="bbox 135 4637 1735 4709">
     <span class='ocr_line' id='line_1_73' title="bbox 135 4637 1735 4709; baseline 0.002 -18"><span class='ocrx_word' id='word_1_467' title='bbox 135 4637 458 4709; x_wconf 85' lang='lat' dir='ltr'><strong>dignamini,</strong></span> <span class='ocrx_word' id='word_1_468' title='bbox 486 4646 544 4692; x_wconf 89' lang='lat' dir='ltr'><strong>ut</strong></span> <span class='ocrx_word' id='word_1_469' title='bbox 565 4652 735 4693; x_wconf 68' lang='lat' dir='ltr'><strong>sacra:</strong></span> <span class='ocrx_word' id='word_1_470' title='bbox 760 4638 986 4693; x_wconf 90' lang='lat' dir='ltr'><strong>orationi</strong></span> <span class='ocrx_word' id='word_1_471' title='bbox 1013 4650 1206 4694; x_wconf 63' lang='lat' dir='ltr'><strong>vestra:</strong></span> <span class='ocrx_word' id='word_1_472' title='bbox 1232 4639 1400 4695; x_wconf 90' lang='lat' dir='ltr'><strong>lector</strong></span> <span class='ocrx_word' id='word_1_473' title='bbox 1427 4639 1735 4694; x_wconf 87' lang='lat' dir='ltr'><strong>adhiberer.</strong></span> 
     </span>
    </p>
   </div>
   <div class='ocr_carea' id='block_1_74' title="bbox 114 4715 1743 4807">
    <p class='ocr_par' dir='ltr' id='par_1_74' title="bbox 114 4715 1743 4807">
     <span class='ocr_line' id='line_1_74' title="bbox 114 4715 1743 4807; baseline 0.003 -20"><span class='ocrx_word' id='word_1_474' title='bbox 114 4715 240 4788; x_wconf 34' lang='lat' dir='ltr'><strong>‘Sed</strong></span> <span class='ocrx_word' id='word_1_475' title='bbox 271 4749 402 4788; x_wconf 82' lang='lat' dir='ltr'><strong>cum</strong></span> <span class='ocrx_word' id='word_1_476' title='bbox 432 4733 677 4803; x_wconf 87' lang='lat' dir='ltr'><strong>intelligo</strong></span> <span class='ocrx_word' id='word_1_477' title='bbox 705 4748 1009 4790; x_wconf 90' lang='lat' dir='ltr'><strong>sermonem</strong></span> <span class='ocrx_word' id='word_1_478' title='bbox 1037 4734 1186 4790; x_wconf 92' lang='lat' dir='ltr'><strong>illum</strong></span> <span class='ocrx_word' id='word_1_479' title='bbox 1216 4737 1540 4807; x_wconf 71' lang='lat' dir='ltr'><strong>prteminere</strong></span> <span class='ocrx_word' id='word_1_480' title='bbox 1568 4738 1743 4793; x_wconf 90' lang='lat' dir='ltr'><strong>omni-</strong></span> 
     </span>
    </p>
   </div>
   <div class='ocr_carea' id='block_1_75' title="bbox 1832 3523 3060 3602">
    <p class='ocr_par' dir='ltr' id='par_1_75' title="bbox 1832 3523 3060 3602">
     <span class='ocr_line' id='line_1_75' title="bbox 1832 3523 3060 3602; baseline -0.007 -14"><span class='ocrx_word' id='word_1_481' title='bbox 1832 3529 2056 3602; x_wconf 88' lang='lat' dir='ltr'><strong>spendio</strong></span> <span class='ocrx_word' id='word_1_482' title='bbox 2086 3545 2207 3587; x_wconf 89' lang='lat' dir='ltr'><strong>meo</strong></span> <span class='ocrx_word' id='word_1_483' title='bbox 2236 3531 2395 3586; x_wconf 90' lang='lat' dir='ltr'><strong>etiam</strong></span> <span class='ocrx_word' id='word_1_484' title='bbox 2426 3527 2579 3598; x_wconf 90' lang='lat' dir='ltr'><strong>culpa</strong></span> <span class='ocrx_word' id='word_1_485' title='bbox 2605 3529 2877 3597; x_wconf 83' lang='lat' dir='ltr'><strong>jungatur.</strong></span> <span class='ocrx_word' id='word_1_486' title='bbox 2906 3523 3060 3582; x_wconf 77' lang='lat' dir='ltr'><strong>Vale.</strong></span> 
     </span>
    </p>
   </div>
   <div class='ocr_carea' id='block_1_76' title="bbox 2453 3615 2802 3675">
    <p class='ocr_par' dir='ltr' id='par_1_76' title="bbox 2453 3615 2802 3675">
     <span class='ocr_line' id='line_1_76' title="bbox 2453 3615 2802 3675; baseline -0.009 0"><span class='ocrx_word' id='word_1_487' title='bbox 2453 3615 2672 3675; x_wconf 80' lang='lat' dir='ltr'><strong>EPIST.</strong></span> <span class='ocrx_word' id='word_1_488' title='bbox 2714 3615 2802 3673; x_wconf 82' lang='lat' dir='ltr'><strong>IV.</strong></span> 
     </span>
    </p>
   </div>
   <div class='ocr_carea' id='block_1_77' title="bbox 2412 3721 2835 3766">
    <p class='ocr_par' dir='ltr' id='par_1_77' title="bbox 2412 3721 2835 3766">
     <span class='ocr_line' id='line_1_77' title="bbox 2412 3721 2835 3766; baseline -0.012 -1"><span class='ocrx_word' id='word_1_489' title='bbox 2412 3721 2835 3766; x_wconf 62' lang='lat' dir='ltr'><strong>SYIMACIIUS...“</strong></span> 
     </span>
    </p>
   </div>
   <div class='ocr_carea' id='block_1_78' title="bbox 1906 3797 3424 3877">
    <p class='ocr_par' dir='ltr' id='par_1_78' title="bbox 1906 3797 3424 3877">
     <span class='ocr_line' id='line_1_78' title="bbox 1906 3797 3424 3877; baseline -0.005 -16"><span class='ocrx_word' id='word_1_490' title='bbox 1906 3805 2172 3877; x_wconf 83' lang='lat' dir='ltr'><strong>Pr0positi</strong></span> <span class='ocrx_word' id='word_1_491' title='bbox 2201 3814 2361 3876; x_wconf 89' lang='lat' dir='ltr'><strong>atque</strong></span> <span class='ocrx_word' id='word_1_492' title='bbox 2390 3803 2588 3873; x_wconf 88' lang='lat' dir='ltr'><strong>ingenii</strong></span> <span class='ocrx_word' id='word_1_493' title='bbox 2621 3801 2724 3857; x_wconf 90' lang='lat' dir='ltr'><strong>mei</strong></span> <span class='ocrx_word' id='word_1_494' title='bbox 2765 3810 2845 3856; x_wconf 86' lang='lat' dir='ltr'><strong>est</strong></span> <span class='ocrx_word' id='word_1_495' title='bbox 2876 3811 3061 3855; x_wconf 89' lang='lat' dir='ltr'><strong>eorum</strong></span> <span class='ocrx_word' id='word_1_496' title='bbox 3091 3797 3285 3854; x_wconf 84' lang='lat' dir='ltr'><strong>famam</strong></span> <span class='ocrx_word' id='word_1_497' title='bbox 3331 3813 3424 3854; x_wconf 77' lang='lat' dir='ltr'><strong>cu-</strong></span> 
     </span>
    </p>
   </div>
   <div class='ocr_carea' id='block_1_79' title="bbox 1833 3889 3454 3968">
    <p class='ocr_par' dir='ltr' id='par_1_79' title="bbox 1833 3889 3454 3968">
     <span class='ocr_line' id='line_1_79' title="bbox 1833 3889 3454 3968; baseline -0.004 -15"><span class='ocrx_word' id='word_1_498' title='bbox 1833 3909 1954 3952; x_wconf 83' lang='lat' dir='ltr'><strong>rare</strong></span> <span class='ocrx_word' id='word_1_499' title='bbox 1981 3911 2115 3968; x_wconf 83' lang='lat' dir='ltr'><strong>quos</strong></span> <span class='ocrx_word' id='word_1_500' title='bbox 2146 3895 2330 3967; x_wconf 84' lang='lat' dir='ltr'><strong>diligo.</strong></span> <span class='ocrx_word' id='word_1_501' title='bbox 2380 3895 2496 3949; x_wconf 89' lang='lat' dir='ltr'><strong>Tibi</strong></span> <span class='ocrx_word' id='word_1_502' title='bbox 2524 3903 2702 3948; x_wconf 87' lang='lat' dir='ltr'><strong>autem</strong></span> <span class='ocrx_word' id='word_1_503' title='bbox 2730 3891 2845 3964; x_wconf 87' lang='lat' dir='ltr'><strong>plus</strong></span> <span class='ocrx_word' id='word_1_504' title='bbox 2871 3907 2958 3946; x_wconf 90' lang='lat' dir='ltr'><strong>me</strong></span> <span class='ocrx_word' id='word_1_505' title='bbox 2997 3889 3193 3946; x_wconf 84' lang='lat' dir='ltr'><strong>favoris</strong></span> <span class='ocrx_word' id='word_1_506' title='bbox 3219 3891 3454 3961; x_wconf 39' lang='lat' dir='ltr'><strong>impen&#39;y</strong></span> 
     </span>
    </p>
   </div>
   <div class='ocr_carea' id='block_1_80' title="bbox 1833 3985 3426 4055">
    <p class='ocr_par' dir='ltr' id='par_1_80' title="bbox 1833 3985 3426 4055">
     <span class='ocr_line' id='line_1_80' title="bbox 1833 3985 3426 4055; baseline -0.005 -5"><span class='ocrx_word' id='word_1_507' title='bbox 1833 3994 1963 4051; x_wconf 85' lang='lat' dir='ltr'><strong>dere</strong></span> <span class='ocrx_word' id='word_1_508' title='bbox 2002 3994 2246 4049; x_wconf 86' lang='lat' dir='ltr'><strong>hortatur</strong></span> <span class='ocrx_word' id='word_1_509' title='bbox 2275 3990 2525 4046; x_wconf 78' lang='lat' dir='ltr'><strong>afﬁnitas.</strong></span> <span class='ocrx_word' id='word_1_510' title='bbox 2566 3991 2682 4055; x_wconf 79' lang='lat' dir='ltr'><strong>Quo</strong></span> <span class='ocrx_word' id='word_1_511' title='bbox 2734 3987 2876 4041; x_wconf 88' lang='lat' dir='ltr'><strong>circa</strong></span> <span class='ocrx_word' id='word_1_512' title='bbox 2928 3985 3269 4055; x_wconf 88' lang='lat' dir='ltr'><strong>impatienter</strong></span> <span class='ocrx_word' id='word_1_513' title='bbox 3314 3985 3426 4042; x_wconf 89' lang='lat' dir='ltr'><strong>fero</strong></span> 
     </span>
    </p>
   </div>
   <div class='ocr_carea' id='block_1_81' title="bbox 1835 4074 3425 4158">
    <p class='ocr_par' dir='ltr' id='par_1_81' title="bbox 1835 4074 3425 4158">
     <span class='ocr_line' id='line_1_81' title="bbox 1835 4074 3425 4158; baseline -0.009 -16"><span class='ocrx_word' id='word_1_514' title='bbox 1835 4089 2198 4158; x_wconf 82' lang='lat' dir='ltr'><strong>apparitorum</strong></span> <span class='ocrx_word' id='word_1_515' title='bbox 2227 4083 2456 4140; x_wconf 88' lang='lat' dir='ltr'><strong>notariis</strong></span> <span class='ocrx_word' id='word_1_516' title='bbox 2489 4080 2698 4136; x_wconf 87' lang='lat' dir='ltr'><strong>senatui</strong></span> <span class='ocrx_word' id='word_1_517' title='bbox 2731 4075 2986 4143; x_wconf 87' lang='lat' dir='ltr'><strong>nuntiari,</strong></span> <span class='ocrx_word' id='word_1_518' title='bbox 3018 4074 3159 4145; x_wconf 89' lang='lat' dir='ltr'><strong>quod</strong></span> <span class='ocrx_word' id='word_1_519' title='bbox 3199 4074 3425 4129; x_wconf 75' lang='lat' dir='ltr'><strong>Romani</strong></span> 
     </span>
    </p>
   </div>
   <div class='ocr_carea' id='block_1_82' title="bbox 1835 4164 3442 4250">
    <p class='ocr_par' dir='ltr' id='par_1_82' title="bbox 1835 4164 3442 4250">
     <span class='ocr_line' id='line_1_82' title="bbox 1835 4164 3442 4250; baseline -0.01 -14"><span class='ocrx_word' id='word_1_520' title='bbox 1835 4181 2017 4250; x_wconf 89' lang='lat' dir='ltr'><strong>populi</strong></span> <span class='ocrx_word' id='word_1_521' title='bbox 2045 4180 2388 4249; x_wconf 89' lang='lat' dir='ltr'><strong>magistratus</strong></span> <span class='ocrx_word' id='word_1_522' title='bbox 2409 4175 2601 4228; x_wconf 86' lang='lat' dir='ltr'><strong>abesse</strong></span> <span class='ocrx_word' id='word_1_523' title='bbox 2629 4170 2874 4241; x_wconf 89' lang='lat' dir='ltr'><strong>patiaris,</strong></span> <span class='ocrx_word' id='word_1_524' title='bbox 2916 4178 2971 4222; x_wconf 91' lang='lat' dir='ltr'><strong>et</strong></span> <span class='ocrx_word' id='word_1_525' title='bbox 2995 4167 3048 4221; x_wconf 90' lang='lat' dir='ltr'><strong>in</strong></span> <span class='ocrx_word' id='word_1_526' title='bbox 3073 4175 3217 4220; x_wconf 90' lang='lat' dir='ltr'><strong>tuam</strong></span> <span class='ocrx_word' id='word_1_527' title='bbox 3240 4164 3442 4220; x_wconf 69' lang='lat' dir='ltr'><strong>referri</strong></span> 
     </span>
    </p>
   </div>
   <div class='ocr_carea' id='block_1_83' title="bbox 1837 4255 3429 4343">
    <p class='ocr_par' dir='ltr' id='par_1_83' title="bbox 1837 4255 3429 4343">
     <span class='ocr_line' id='line_1_83' title="bbox 1837 4255 3429 4343; baseline -0.011 -14"><span class='ocrx_word' id='word_1_528' title='bbox 1837 4273 2085 4343; x_wconf 87' lang='lat' dir='ltr'><strong>injuriam</strong></span> <span class='ocrx_word' id='word_1_529' title='bbox 2115 4270 2259 4340; x_wconf 92' lang='lat' dir='ltr'><strong>quod</strong></span> <span class='ocrx_word' id='word_1_530' title='bbox 2305 4267 2490 4337; x_wconf 68' lang='lat' dir='ltr'><strong>patriae</strong></span> <span class='ocrx_word' id='word_1_531' title='bbox 2531 4261 2829 4318; x_wconf 84' lang='lat' dir='ltr'><strong>functiones</strong></span> <span class='ocrx_word' id='word_1_532' title='bbox 2873 4259 2940 4312; x_wconf 85' lang='lat' dir='ltr'><strong>ab</strong></span> <span class='ocrx_word' id='word_1_533' title='bbox 2977 4255 3222 4312; x_wconf 78' lang='lat' dir='ltr'><strong>obnoxiis</strong></span> <span class='ocrx_word' id='word_1_534' title='bbox 3274 4255 3429 4312; x_wconf 83' lang='lat' dir='ltr'><strong>dese-</strong></span> 
     </span>
    </p>
   </div>
   <div class='ocr_carea' id='block_1_84' title="bbox 1837 4352 3432 4423">
    <p class='ocr_par' dir='ltr' id='par_1_84' title="bbox 1837 4352 3432 4423">
     <span class='ocr_line' id='line_1_84' title="bbox 1837 4352 3432 4423; baseline -0.011 -3"><span class='ocrx_word' id='word_1_535' title='bbox 1837 4374 2048 4421; x_wconf 87' lang='lat' dir='ltr'><strong>runtur.</strong></span> <span class='ocrx_word' id='word_1_536' title='bbox 2076 4363 2129 4417; x_wconf 92' lang='lat' dir='ltr'><strong>Id</strong></span> <span class='ocrx_word' id='word_1_537' title='bbox 2157 4361 2258 4416; x_wconf 84' lang='lat' dir='ltr'><strong>etsi</strong></span> <span class='ocrx_word' id='word_1_538' title='bbox 2291 4360 2425 4414; x_wconf 80' lang='lat' dir='ltr'><strong>falso</strong></span> <span class='ocrx_word' id='word_1_539' title='bbox 2455 4359 2508 4412; x_wconf 92' lang='lat' dir='ltr'><strong>in</strong></span> <span class='ocrx_word' id='word_1_540' title='bbox 2550 4369 2708 4410; x_wconf 88' lang='lat' dir='ltr'><strong>aures</strong></span> <span class='ocrx_word' id='word_1_541' title='bbox 2741 4352 2983 4423; x_wconf 85' lang='lat' dir='ltr'><strong>publicas</strong></span> <span class='ocrx_word' id='word_1_542' title='bbox 3010 4365 3280 4421; x_wconf 70' lang='lat' dir='ltr'><strong>praesumo</strong></span> <span class='ocrx_word' id='word_1_543' title='bbox 3312 4365 3432 4419; x_wconf 75' lang='lat' dir='ltr'><strong>per~</strong></span> 
     </span>
    </p>
   </div>
   <div class='ocr_carea' id='block_1_85' title="bbox 1838 4440 3433 4525">
    <p class='ocr_par' dir='ltr' id='par_1_85' title="bbox 1838 4440 3433 4525">
     <span class='ocr_line' id='line_1_85' title="bbox 1838 4440 3433 4525; baseline -0.01 -11"><span class='ocrx_word' id='word_1_544' title='bbox 1838 4458 2030 4525; x_wconf 81' lang='lat' dir='ltr'><strong>latum,</strong></span> <span class='ocrx_word' id='word_1_545' title='bbox 2065 4457 2257 4524; x_wconf 82' lang='lat' dir='ltr'><strong>iungor</strong></span> <span class='ocrx_word' id='word_1_546' title='bbox 2287 4462 2464 4506; x_wconf 88' lang='lat' dir='ltr'><strong>tamen</strong></span> <span class='ocrx_word' id='word_1_547' title='bbox 2505 4445 2844 4504; x_wconf 87' lang='lat' dir='ltr'><strong>admonendo</strong></span> <span class='ocrx_word' id='word_1_548' title='bbox 2858 4443 3116 4515; x_wconf 68' lang='lat' dir='ltr'><strong>paream</strong></span> <span class='ocrx_word' id='word_1_549' title='bbox 3145 4440 3346 4508; x_wconf 78' lang='lat' dir='ltr'><strong>ofﬂcio,</strong></span> <span class='ocrx_word' id='word_1_550' title='bbox 3379 4451 3433 4498; x_wconf 92' lang='lat' dir='ltr'><strong>et</strong></span> 
     </span>
    </p>
   </div>
   <div class='ocr_carea' id='block_1_86' title="bbox 1840 4533 3434 4622">
    <p class='ocr_par' dir='ltr' id='par_1_86' title="bbox 1840 4533 3434 4622">
     <span class='ocr_line' id='line_1_86' title="bbox 1840 4533 3434 4622; baseline -0.012 -14"><span class='ocrx_word' id='word_1_551' title='bbox 1840 4553 2106 4622; x_wconf 88' lang='lat' dir='ltr'><strong>deprecor</strong></span> <span class='ocrx_word' id='word_1_552' title='bbox 2143 4557 2203 4603; x_wconf 90' lang='lat' dir='ltr'><strong>ut</strong></span> <span class='ocrx_word' id='word_1_553' title='bbox 2257 4535 2477 4602; x_wconf 57' lang='lat' dir='ltr'><strong>exteris</strong></span> <span class='ocrx_word' id='word_1_554' title='bbox 2516 4537 2996 4597; x_wconf 85' lang='lat' dir='ltr'><strong>administrationis</strong></span> <span class='ocrx_word' id='word_1_555' title='bbox 3035 4543 3140 4590; x_wconf 64' lang='lat' dir='ltr'><strong>tum</strong></span> <span class='ocrx_word' id='word_1_556' title='bbox 3183 4533 3434 4590; x_wconf 73' lang='lat' dir='ltr'><strong>laudibus</strong></span> 
     </span>
    </p>
   </div>
   <div class='ocr_carea' id='block_1_87' title="bbox 1845 4626 3432 4716">
    <p class='ocr_par' dir='ltr' id='par_1_87' title="bbox 1845 4626 3432 4716">
     <span class='ocr_line' id='line_1_87' title="bbox 1845 4626 3432 4716; baseline -0.014 -13"><span class='ocrx_word' id='word_1_557' title='bbox 1845 4649 1985 4703; x_wconf 90' lang='lat' dir='ltr'><strong>hunc</strong></span> <span class='ocrx_word' id='word_1_558' title='bbox 2029 4658 2242 4716; x_wconf 86' lang='lat' dir='ltr'><strong>quoque</strong></span> <span class='ocrx_word' id='word_1_559' title='bbox 2288 4640 2500 4697; x_wconf 90' lang='lat' dir='ltr'><strong>titulum</strong></span> <span class='ocrx_word' id='word_1_560' title='bbox 2557 4635 2625 4691; x_wconf 89' lang='lat' dir='ltr'><strong>de</strong></span> <span class='ocrx_word' id='word_1_561' title='bbox 2667 4647 2775 4704; x_wconf 90' lang='lat' dir='ltr'><strong>quo</strong></span> <span class='ocrx_word' id='word_1_562' title='bbox 2821 4631 3126 4701; x_wconf 75' lang='lat' dir='ltr'><strong>laboramus</strong></span> <span class='ocrx_word' id='word_1_563' title='bbox 3193 4626 3432 4697; x_wconf 68' lang='lat' dir='ltr'><strong>adiicias.</strong></span> 
     </span>
    </p>
   </div>
   <div class='ocr_carea' id='block_1_88' title="bbox 1846 4724 3438 4810">
    <p class='ocr_par' dir='ltr' id='par_1_88' title="bbox 1846 4724 3438 4810">
     <span class='ocr_line' id='line_1_88' title="bbox 1846 4724 3438 4810; baseline -0.013 -12"><span class='ocrx_word' id='word_1_564' title='bbox 1846 4740 2022 4797; x_wconf 89' lang='lat' dir='ltr'><strong>Grave</strong></span> <span class='ocrx_word' id='word_1_565' title='bbox 2057 4740 2251 4810; x_wconf 89' lang='lat' dir='ltr'><strong>quippe</strong></span> <span class='ocrx_word' id='word_1_566' title='bbox 2288 4744 2371 4791; x_wconf 91' lang='lat' dir='ltr'><strong>est</strong></span> <span class='ocrx_word' id='word_1_567' title='bbox 2399 4742 2457 4787; x_wconf 92' lang='lat' dir='ltr'><strong>ut</strong></span> <span class='ocrx_word' id='word_1_568' title='bbox 2483 4743 2762 4803; x_wconf 71' lang='lat' dir='ltr'><strong>generosa:</strong></span> <span class='ocrx_word' id='word_1_569' title='bbox 2803 4726 3014 4781; x_wconf 79' lang='lat' dir='ltr'><strong>familia:</strong></span> <span class='ocrx_word' id='word_1_570' title='bbox 3046 4725 3182 4790; x_wconf 81' lang='lat' dir='ltr'><strong>viro,</strong></span> <span class='ocrx_word' id='word_1_571' title='bbox 3214 4724 3438 4779; x_wconf 83' lang='lat' dir='ltr'><strong>summis</strong></span> 
     </span>
    </p>
   </div>
   <div class='ocr_carea' id='block_1_89' title="bbox 141 4820 3438 4916">
    <p class='ocr_par' dir='ltr' id='par_1_89' title="bbox 141 4820 3438 4916">
     <span class='ocr_line' id='line_1_89' title="bbox 141 4820 3438 4916; baseline -0.002 -39"><span class='ocrx_word' id='word_1_572' title='bbox 141 4828 302 4879; x_wconf 81' lang='lat' dir='ltr'><strong>modo</strong></span> <span class='ocrx_word' id='word_1_573' title='bbox 333 4825 555 4895; x_wconf 88' lang='lat' dir='ltr'><strong>scriptis</strong></span> <span class='ocrx_word' id='word_1_574' title='bbox 579 4826 719 4892; x_wconf 88' lang='lat' dir='ltr'><strong>aliis,</strong></span> <span class='ocrx_word' id='word_1_575' title='bbox 745 4843 1074 4898; x_wconf 68' lang='lat' dir='ltr'><strong>quaecunque</strong></span> <span class='ocrx_word' id='word_1_576' title='bbox 1096 4830 1161 4886; x_wconf 92' lang='lat' dir='ltr'><strong>ad</strong></span> <span class='ocrx_word' id='word_1_577' title='bbox 1193 4831 1292 4888; x_wconf 93' lang='lat' dir='ltr'><strong>hoc</strong></span> <span class='ocrx_word' id='word_1_578' title='bbox 1317 4833 1556 4889; x_wconf 87' lang='lat' dir='ltr'><strong>locorum</strong></span> <span class='ocrx_word' id='word_1_579' title='bbox 1585 4850 1739 4891; x_wconf 70' lang='lat' dir='ltr'><strong>sene-</strong></span> <span class='ocrx_word' id='word_1_580' title='bbox 1771 4853 1826 4916; x_wconf 73' lang='grc' dir='ltr'><strong>ι)</strong></span> <span class='ocrx_word' id='word_1_581' title='bbox 1849 4849 1946 4906; x_wconf 88' lang='lat' dir='ltr'><strong>per</strong></span> <span class='ocrx_word' id='word_1_582' title='bbox 1986 4832 2221 4888; x_wconf 83' lang='lat' dir='ltr'><strong>Africam</strong></span> <span class='ocrx_word' id='word_1_583' title='bbox 2269 4826 2625 4883; x_wconf 88' lang='lat' dir='ltr'><strong>tribunalibus</strong></span> <span class='ocrx_word' id='word_1_584' title='bbox 2660 4821 2911 4892; x_wconf 69' lang='lat' dir='ltr'><strong>prarside,</strong></span> <span class='ocrx_word' id='word_1_585' title='bbox 2940 4820 3266 4890; x_wconf 76' lang='lat' dir='ltr'><strong>collegarum</strong></span> <span class='ocrx_word' id='word_1_586' title='bbox 3304 4831 3438 4873; x_wconf 58' lang='lat' dir='ltr'><strong>nona-</strong></span> 
     </span>
    </p>
   </div>
   <div class='ocr_carea' id='block_1_90' title="bbox 139 4919 1745 4996">
    <p class='ocr_par' dir='ltr' id='par_1_90' title="bbox 139 4919 1745 4996">
     <span class='ocr_line' id='line_1_90' title="bbox 139 4919 1745 4996; baseline 0.012 -28"><span class='ocrx_word' id='word_1_587' title='bbox 139 4925 222 4969; x_wconf 84' lang='lat' dir='ltr'><strong>tus</strong></span> <span class='ocrx_word' id='word_1_588' title='bbox 252 4919 508 4982; x_wconf 80' lang='lat' dir='ltr'><strong>audivit,</strong></span> <span class='ocrx_word' id='word_1_589' title='bbox 544 4931 631 4973; x_wconf 89' lang='lat' dir='ltr'><strong>me</strong></span> <span class='ocrx_word' id='word_1_590' title='bbox 659 4933 872 4990; x_wconf 81' lang='lat' dir='ltr'><strong>quoque</strong></span> <span class='ocrx_word' id='word_1_591' title='bbox 894 4923 1126 4979; x_wconf 88' lang='lat' dir='ltr'><strong>arbitror</strong></span> <span class='ocrx_word' id='word_1_592' title='bbox 1168 4926 1334 4996; x_wconf 76' lang='lat' dir='ltr'><strong>p&#39;uris</strong></span> <span class='ocrx_word' id='word_1_593' title='bbox 1366 4928 1602 4984; x_wconf 88' lang='lat' dir='ltr'><strong>habitum</strong></span> <span class='ocrx_word' id='word_1_594' title='bbox 1624 4945 1745 4988; x_wconf 90' lang='lat' dir='ltr'><strong>esse</strong></span> 
     </span>
    </p>
   </div>
   <div class='ocr_carea' id='block_1_91' title="bbox 145 5011 1744 5086">
    <p class='ocr_par' dir='ltr' id='par_1_91' title="bbox 145 5011 1744 5086">
     <span class='ocr_line' id='line_1_91' title="bbox 145 5011 1744 5086; baseline 0.009 -24"><span class='ocrx_word' id='word_1_595' title='bbox 145 5025 300 5078; x_wconf 67' lang='lat' dir='ltr'><strong>quam</strong></span> <span class='ocrx_word' id='word_1_596' title='bbox 336 5020 590 5065; x_wconf 63' lang='lat' dir='ltr'><strong>caeteros.</strong></span> <span class='ocrx_word' id='word_1_597' title='bbox 624 5011 823 5083; x_wconf 72' lang='lat' dir='ltr'><strong>Magnis</strong></span> <span class='ocrx_word' id='word_1_598' title='bbox 871 5017 1013 5070; x_wconf 89' lang='lat' dir='ltr'><strong>enim</strong></span> <span class='ocrx_word' id='word_1_599' title='bbox 1051 5016 1277 5086; x_wconf 84' lang='lat' dir='ltr'><strong>negotiis</strong></span> <span class='ocrx_word' id='word_1_600' title='bbox 1315 5017 1496 5075; x_wconf 87' lang='lat' dir='ltr'><strong>itidem</strong></span> <span class='ocrx_word' id='word_1_601' title='bbox 1529 5031 1587 5076; x_wconf 92' lang='lat' dir='ltr'><strong>ut</strong></span> <span class='ocrx_word' id='word_1_602' title='bbox 1628 5037 1744 5078; x_wconf 81' lang='lat' dir='ltr'><strong>ma-</strong></span> 
     </span>
    </p>
   </div>
   <div class='ocr_carea' id='block_1_92' title="bbox 139 5107 1745 5180">
    <p class='ocr_par' dir='ltr' id='par_1_92' title="bbox 139 5107 1745 5180">
     <span class='ocr_line' id='line_1_92' title="bbox 139 5107 1745 5180; baseline 0.011 -25"><span class='ocrx_word' id='word_1_603' title='bbox 139 5107 259 5176; x_wconf 77' lang='lat' dir='ltr'><strong>gnis</strong></span> <span class='ocrx_word' id='word_1_604' title='bbox 317 5108 609 5163; x_wconf 76' lang='lat' dir='ltr'><strong>CODltedIIS</strong></span> <span class='ocrx_word' id='word_1_605' title='bbox 649 5107 933 5165; x_wconf 86' lang='lat' dir='ltr'><strong>edecimati</strong></span> <span class='ocrx_word' id='word_1_606' title='bbox 964 5121 1306 5180; x_wconf 88' lang='lat' dir='ltr'><strong>apponuntur</strong></span> <span class='ocrx_word' id='word_1_607' title='bbox 1349 5123 1578 5170; x_wconf 82' lang='lat' dir='ltr'><strong>actores.</strong></span> <span class='ocrx_word' id='word_1_608' title='bbox 1631 5117 1745 5172; x_wconf 87' lang='lat' dir='ltr'><strong>Non</strong></span> 
     </span>
    </p>
   </div>
   <div class='ocr_carea' id='block_1_93' title="bbox 141 5199 1748 5274">
    <p class='ocr_par' dir='ltr' id='par_1_93' title="bbox 141 5199 1748 5274">
     <span class='ocr_line' id='line_1_93' title="bbox 141 5199 1748 5274; baseline 0.004 -20"><span class='ocrx_word' id='word_1_609' title='bbox 141 5202 288 5254; x_wconf 84' lang='lat' dir='ltr'><strong>idem</strong></span> <span class='ocrx_word' id='word_1_610' title='bbox 322 5199 503 5256; x_wconf 81' lang='lat' dir='ltr'><strong>honor</strong></span> <span class='ocrx_word' id='word_1_611' title='bbox 535 5201 588 5255; x_wconf 89' lang='lat' dir='ltr'><strong>in</strong></span> <span class='ocrx_word' id='word_1_612' title='bbox 617 5201 1028 5269; x_wconf 87' lang='lat' dir='ltr'><strong>pronuntiandis</strong></span> <span class='ocrx_word' id='word_1_613' title='bbox 1057 5201 1250 5258; x_wconf 88' lang='lat' dir='ltr'><strong>fabulis</strong></span> <span class='ocrx_word' id='word_1_614' title='bbox 1279 5202 1466 5259; x_wconf 88' lang='lat' dir='ltr'><strong>Publio</strong></span> <span class='ocrx_word' id='word_1_615' title='bbox 1499 5205 1748 5274; x_wconf 86' lang='lat' dir='ltr'><strong>Pollioni,</strong></span> 
     </span>
    </p>
   </div>
   <div class='ocr_carea' id='block_1_94' title="bbox 142 5290 1749 5364">
    <p class='ocr_par' dir='ltr' id='par_1_94' title="bbox 142 5290 1749 5364">
     <span class='ocr_line' id='line_1_94' title="bbox 142 5290 1749 5364; baseline 0.006 -21"><span class='ocrx_word' id='word_1_616' title='bbox 142 5293 230 5358; x_wconf 79' lang='lat' dir='ltr'><strong>qui</strong></span> <span class='ocrx_word' id='word_1_617' title='bbox 265 5291 530 5347; x_wconf 80' lang='lat' dir='ltr'><strong>Ambivio</strong></span> <span class='ocrx_word' id='word_1_618' title='bbox 569 5290 685 5357; x_wconf 86' lang='lat' dir='ltr'><strong>fuit,</strong></span> <span class='ocrx_word' id='word_1_619' title='bbox 717 5305 892 5361; x_wconf 92' lang='lat' dir='ltr'><strong>neque</strong></span> <span class='ocrx_word' id='word_1_620' title='bbox 940 5305 1037 5361; x_wconf 87' lang='lat' dir='ltr'><strong>par</strong></span> <span class='ocrx_word' id='word_1_621' title='bbox 1063 5293 1265 5364; x_wconf 68' lang='grc' dir='ltr'><strong>Αἰδορο</strong></span> <span class='ocrx_word' id='word_1_622' title='bbox 1295 5304 1350 5349; x_wconf 92' lang='lat' dir='ltr'><strong>et</strong></span> <span class='ocrx_word' id='word_1_623' title='bbox 1395 5295 1587 5352; x_wconf 78' lang='lat' dir='ltr'><strong>Roscio</strong></span> <span class='ocrx_word' id='word_1_624' title='bbox 1611 5297 1749 5353; x_wconf 88' lang='lat' dir='ltr'><strong>fama</strong></span> 
     </span>
    </p>
   </div>
   <div class='ocr_carea' id='block_1_95' title="bbox 141 5387 1753 5460">
    <p class='ocr_par' dir='ltr' id='par_1_95' title="bbox 141 5387 1753 5460">
     <span class='ocr_line' id='line_1_95' title="bbox 141 5387 1753 5460; baseline 0.004 -19"><span class='ocrx_word' id='word_1_625' title='bbox 141 5388 444 5455; x_wconf 81' lang='lat' dir='ltr'><strong>processit.</strong></span> <span class='ocrx_word' id='word_1_626' title='bbox 495 5387 673 5454; x_wconf 81' lang='lat' dir='ltr'><strong>Quare</strong></span> <span class='ocrx_word' id='word_1_627' title='bbox 715 5387 900 5456; x_wconf 85' lang='lat' dir='ltr'><strong>optimi</strong></span> <span class='ocrx_word' id='word_1_628' title='bbox 943 5387 1234 5457; x_wconf 87' lang='lat' dir='ltr'><strong>principes,</strong></span> <span class='ocrx_word' id='word_1_629' title='bbox 1264 5405 1382 5460; x_wconf 62' lang='lat' dir='ltr'><strong>qua</strong></span> <span class='ocrx_word' id='word_1_630' title='bbox 1411 5390 1464 5446; x_wconf 89' lang='lat' dir='ltr'><strong>in</strong></span> <span class='ocrx_word' id='word_1_631' title='bbox 1496 5407 1582 5447; x_wconf 90' lang='lat' dir='ltr'><strong>me</strong></span> <span class='ocrx_word' id='word_1_632' title='bbox 1617 5391 1753 5448; x_wconf 90' lang='lat' dir='ltr'><strong>bene</strong></span> 
     </span>
    </p>
   </div>
   <div class='ocr_carea' id='block_1_96' title="bbox 144 5478 1750 5556">
    <p class='ocr_par' dir='ltr' id='par_1_96' title="bbox 144 5478 1750 5556">
     <span class='ocr_line' id='line_1_96' title="bbox 144 5478 1750 5556; baseline 0.006 -24"><span class='ocrx_word' id='word_1_633' title='bbox 144 5479 497 5544; x_wconf 76' lang='lat' dir='ltr'><strong>consultans,</strong></span> <span class='ocrx_word' id='word_1_634' title='bbox 527 5489 580 5532; x_wconf 88' lang='lat' dir='ltr'><strong>ut</strong></span> <span class='ocrx_word' id='word_1_635' title='bbox 605 5478 858 5533; x_wconf 89' lang='lat' dir='ltr'><strong>divinitus</strong></span> <span class='ocrx_word' id='word_1_636' title='bbox 887 5479 1063 5535; x_wconf 88' lang='lat' dir='ltr'><strong>oblata</strong></span> <span class='ocrx_word' id='word_1_637' title='bbox 1092 5484 1442 5552; x_wconf 88' lang='lat' dir='ltr'><strong>complector.</strong></span> <span class='ocrx_word' id='word_1_638' title='bbox 1474 5484 1610 5542; x_wconf 89' lang='lat' dir='ltr'><strong>Laus</strong></span> <span class='ocrx_word' id='word_1_639' title='bbox 1640 5497 1750 5556; x_wconf 87' lang='lat' dir='ltr'><strong>tua,</strong></span> 
     </span>
    </p>
   </div>
   <div class='ocr_carea' id='block_1_97' title="bbox 145 5569 1753 5646">
    <p class='ocr_par' dir='ltr' id='par_1_97' title="bbox 145 5569 1753 5646">
     <span class='ocr_line' id='line_1_97' title="bbox 145 5569 1753 5646; baseline 0.004 -20"><span class='ocrx_word' id='word_1_640' title='bbox 145 5572 386 5626; x_wconf 80' lang='lat' dir='ltr'><strong>domine</strong></span> <span class='ocrx_word' id='word_1_641' title='bbox 433 5569 709 5634; x_wconf 84' lang='lat' dir='ltr'><strong>Gratiane,</strong></span> <span class='ocrx_word' id='word_1_642' title='bbox 759 5569 992 5626; x_wconf 83' lang='lat' dir='ltr'><strong>officium</strong></span> <span class='ocrx_word' id='word_1_643' title='bbox 1040 5581 1123 5627; x_wconf 88' lang='lat' dir='ltr'><strong>est</strong></span> <span class='ocrx_word' id='word_1_644' title='bbox 1159 5589 1371 5642; x_wconf 91' lang='lat' dir='ltr'><strong>meum;</strong></span> <span class='ocrx_word' id='word_1_645' title='bbox 1416 5576 1630 5646; x_wconf 91' lang='lat' dir='ltr'><strong>quando</strong></span> <span class='ocrx_word' id='word_1_646' title='bbox 1683 5578 1753 5632; x_wconf 89' lang='lat' dir='ltr'><strong>ita</strong></span> 
     </span>
    </p>
   </div>
   <div class='ocr_carea' id='block_1_98' title="bbox 149 5665 1756 5740">
    <p class='ocr_par' dir='ltr' id='par_1_98' title="bbox 149 5665 1756 5740">
     <span class='ocr_line' id='line_1_98' title="bbox 149 5665 1756 5740; baseline 0.007 -24"><span class='ocrx_word' id='word_1_647' title='bbox 149 5666 438 5718; x_wconf 86' lang='lat' dir='ltr'><strong>animatus</strong></span> <span class='ocrx_word' id='word_1_648' title='bbox 466 5677 545 5726; x_wconf 89' lang='lat' dir='ltr'><strong>es,</strong></span> <span class='ocrx_word' id='word_1_649' title='bbox 583 5673 636 5716; x_wconf 94' lang='lat' dir='ltr'><strong>ut</strong></span> <span class='ocrx_word' id='word_1_650' title='bbox 677 5677 798 5718; x_wconf 90' lang='lat' dir='ltr'><strong>cum</strong></span> <span class='ocrx_word' id='word_1_651' title='bbox 838 5665 974 5733; x_wconf 88' lang='lat' dir='ltr'><strong>reip.</strong></span> <span class='ocrx_word' id='word_1_652' title='bbox 1005 5665 1320 5722; x_wconf 87' lang='lat' dir='ltr'><strong>medicinam</strong></span> <span class='ocrx_word' id='word_1_653' title='bbox 1354 5667 1505 5734; x_wconf 86' lang='lat' dir='ltr'><strong>facis,</strong></span> <span class='ocrx_word' id='word_1_654' title='bbox 1537 5686 1756 5740; x_wconf 86' lang='lat' dir='ltr'><strong>operam</strong></span> 
     </span>
    </p>
   </div>
   <div class='ocr_carea' id='block_1_99' title="bbox 148 5754 1762 5826">
    <p class='ocr_par' dir='ltr' id='par_1_99' title="bbox 148 5754 1762 5826">
     <span class='ocr_line' id='line_1_99' title="bbox 148 5754 1762 5826; baseline 0.004 -15"><span class='ocrx_word' id='word_1_655' title='bbox 148 5773 290 5812; x_wconf 85' lang='lat' dir='ltr'><strong>meae</strong></span> <span class='ocrx_word' id='word_1_656' title='bbox 315 5754 474 5808; x_wconf 81' lang='lat' dir='ltr'><strong>vocis</strong></span> <span class='ocrx_word' id='word_1_657' title='bbox 497 5757 762 5810; x_wconf 79' lang='lat' dir='ltr'><strong>accersas.</strong></span> <span class='ocrx_word' id='word_1_658' title='bbox 788 5754 868 5810; x_wconf 83' lang='lat' dir='ltr'><strong>Tu</strong></span> <span class='ocrx_word' id='word_1_659' title='bbox 890 5757 1043 5812; x_wconf 84' lang='lat' dir='ltr'><strong>nobis</strong></span> <span class='ocrx_word' id='word_1_660' title='bbox 1069 5757 1306 5826; x_wconf 79' lang='lat' dir='ltr'><strong>publicas</strong></span> <span class='ocrx_word' id='word_1_661' title='bbox 1328 5760 1510 5815; x_wconf 89' lang='lat' dir='ltr'><strong>turbas</strong></span> <span class='ocrx_word' id='word_1_662' title='bbox 1537 5762 1589 5816; x_wconf 93' lang='lat' dir='ltr'><strong>in</strong></span> <span class='ocrx_word' id='word_1_663' title='bbox 1615 5771 1762 5818; x_wconf 84' lang='lat' dir='ltr'><strong>tran-</strong></span> 
     </span>
    </p>
   </div>
   <div class='ocr_carea' id='block_1_100' title="bbox 151 5846 1762 5920">
    <p class='ocr_par' dir='ltr' id='par_1_100' title="bbox 151 5846 1762 5920">
     <span class='ocr_line' id='line_1_100' title="bbox 151 5846 1762 5920; baseline 0.004 -18"><span class='ocrx_word' id='word_1_664' title='bbox 151 5849 404 5920; x_wconf 74' lang='lat' dir='ltr'><strong>quillum</strong></span> <span class='ocrx_word' id='word_1_665' title='bbox 429 5846 703 5915; x_wconf 85' lang='lat' dir='ltr'><strong>redegisti.</strong></span> <span class='ocrx_word' id='word_1_666' title='bbox 736 5847 953 5902; x_wconf 79' lang='lat' dir='ltr'><strong>Minimo</strong></span> <span class='ocrx_word' id='word_1_667' title='bbox 978 5849 1146 5916; x_wconf 90' lang='lat' dir='ltr'><strong>stetit,</strong></span> <span class='ocrx_word' id='word_1_668' title='bbox 1179 5851 1305 5919; x_wconf 84' lang='lat' dir='ltr'><strong>quin</strong></span> <span class='ocrx_word' id='word_1_669' title='bbox 1334 5866 1519 5907; x_wconf 89' lang='lat' dir='ltr'><strong>omnes</strong></span> <span class='ocrx_word' id='word_1_670' title='bbox 1548 5867 1762 5908; x_wconf 89' lang='lat' dir='ltr'><strong>occum-</strong></span> 
     </span>
    </p>
   </div>
   <div class='ocr_carea' id='block_1_101' title="bbox 152 5934 1761 6016">
    <p class='ocr_par' dir='ltr' id='par_1_101' title="bbox 152 5934 1761 6016">
     <span class='ocr_line' id='line_1_101' title="bbox 152 5934 1761 6016; baseline 0.002 -17"><span class='ocrx_word' id='word_1_671' title='bbox 152 5944 453 6005; x_wconf 82' lang='lat' dir='ltr'><strong>beremus,</strong></span> <span class='ocrx_word' id='word_1_672' title='bbox 475 5950 676 5995; x_wconf 83' lang='lat' dir='ltr'><strong>tantum</strong></span> <span class='ocrx_word' id='word_1_673' title='bbox 707 5941 888 6011; x_wconf 76' lang='lat' dir='ltr'><strong>ﬂagitii</strong></span> <span class='ocrx_word' id='word_1_674' title='bbox 917 5934 1345 6014; x_wconf 76' lang='lat' dir='ltr'><strong>designaverunt,</strong></span> <span class='ocrx_word' id='word_1_675' title='bbox 1374 5946 1462 6014; x_wconf 87' lang='lat' dir='ltr'><strong>qui</strong></span> <span class='ocrx_word' id='word_1_676' title='bbox 1492 5947 1761 6016; x_wconf 81' lang='lat' dir='ltr'><strong>amplissi-</strong></span> 
     </span>
    </p>
   </div>
   <div class='ocr_carea' id='block_1_102' title="bbox 1851 4909 3440 4982">
    <p class='ocr_par' dir='ltr' id='par_1_102' title="bbox 1851 4909 3440 4982">
     <span class='ocr_line' id='line_1_102' title="bbox 1851 4909 3440 4982; baseline -0.013 0"><span class='ocrx_word' id='word_1_677' title='bbox 1851 4925 1982 4982; x_wconf 89' lang='lat' dir='ltr'><strong>nttlli</strong></span> <span class='ocrx_word' id='word_1_678' title='bbox 2010 4923 2189 4980; x_wconf 89' lang='lat' dir='ltr'><strong>munia</strong></span> <span class='ocrx_word' id='word_1_679' title='bbox 2215 4920 2452 4974; x_wconf 82' lang='lat' dir='ltr'><strong>Romana</strong></span> <span class='ocrx_word' id='word_1_680' title='bbox 2475 4917 2799 4981; x_wconf 88' lang='lat' dir='ltr'><strong>detrectent,</strong></span> <span class='ocrx_word' id='word_1_681' title='bbox 2835 4921 2889 4966; x_wconf 88' lang='lat' dir='ltr'><strong>et</strong></span> <span class='ocrx_word' id='word_1_682' title='bbox 2917 4924 3088 4965; x_wconf 86' lang='lat' dir='ltr'><strong>annus</strong></span> <span class='ocrx_word' id='word_1_683' title='bbox 3119 4923 3256 4980; x_wconf 78' lang='lat' dir='ltr'><strong>pene</strong></span> <span class='ocrx_word' id='word_1_684' title='bbox 3275 4909 3440 4963; x_wconf 88' lang='lat' dir='ltr'><strong>edito-</strong></span> 
     </span>
    </p>
   </div>
   <div class='ocr_carea' id='block_1_103' title="bbox 1851 5001 3436 5082">
    <p class='ocr_par' dir='ltr' id='par_1_103' title="bbox 1851 5001 3436 5082">
     <span class='ocr_line' id='line_1_103' title="bbox 1851 5001 3436 5082; baseline -0.011 -11"><span class='ocrx_word' id='word_1_685' title='bbox 1851 5018 2000 5072; x_wconf 89' lang='lat' dir='ltr'><strong>ribus</strong></span> <span class='ocrx_word' id='word_1_686' title='bbox 2026 5027 2247 5076; x_wconf 86' lang='lat' dir='ltr'><strong>vacuus,</strong></span> <span class='ocrx_word' id='word_1_687' title='bbox 2275 5023 2374 5082; x_wconf 87' lang='lat' dir='ltr'><strong>pro</strong></span> <span class='ocrx_word' id='word_1_688' title='bbox 2397 5007 2668 5064; x_wconf 88' lang='lat' dir='ltr'><strong>consulari</strong></span> <span class='ocrx_word' id='word_1_689' title='bbox 2701 5003 2913 5076; x_wconf 81' lang='lat' dir='ltr'><strong>fastigio</strong></span> <span class='ocrx_word' id='word_1_690' title='bbox 2933 5004 3124 5075; x_wconf 82' lang='lat' dir='ltr'><strong>gignat</strong></span> <span class='ocrx_word' id='word_1_691' title='bbox 3165 5001 3436 5082; x_wconf 83' lang='lat' dir='ltr'><strong>invidiam.</strong></span> 
     </span>
    </p>
   </div>
   <div class='ocr_carea' id='block_1_104' title="bbox 1853 5092 3442 5170">
    <p class='ocr_par' dir='ltr' id='par_1_104' title="bbox 1853 5092 3442 5170">
     <span class='ocr_line' id='line_1_104' title="bbox 1853 5092 3442 5170; baseline -0.012 -7"><span class='ocrx_word' id='word_1_692' title='bbox 1853 5106 2087 5163; x_wconf 82' lang='lat' dir='ltr'><strong>Audiant</strong></span> <span class='ocrx_word' id='word_1_693' title='bbox 2114 5112 2262 5160; x_wconf 88' lang='lat' dir='ltr'><strong>certe</strong></span> <span class='ocrx_word' id='word_1_694' title='bbox 2308 5101 2396 5170; x_wconf 87' lang='lat' dir='ltr'><strong>qui</strong></span> <span class='ocrx_word' id='word_1_695' title='bbox 2441 5099 2695 5154; x_wconf 86' lang='lat' dir='ltr'><strong>deserunt</strong></span> <span class='ocrx_word' id='word_1_696' title='bbox 2748 5096 3065 5158; x_wconf 80' lang='lat' dir='ltr'><strong>functiones,</strong></span> <span class='ocrx_word' id='word_1_697' title='bbox 3105 5102 3298 5159; x_wconf 84' lang='lat' dir='ltr'><strong>quanta</strong></span> <span class='ocrx_word' id='word_1_698' title='bbox 3344 5092 3442 5145; x_wconf 87' lang='lat' dir='ltr'><strong>im—</strong></span> 
     </span>
    </p>
   </div>
   <div class='ocr_carea' id='block_1_105' title="bbox 1855 5184 3443 5270">
    <p class='ocr_par' dir='ltr' id='par_1_105' title="bbox 1855 5184 3443 5270">
     <span class='ocr_line' id='line_1_105' title="bbox 1855 5184 3443 5270; baseline -0.011 -16"><span class='ocrx_word' id='word_1_699' title='bbox 1855 5197 2033 5270; x_wconf 88' lang='lat' dir='ltr'><strong>pendii</strong></span> <span class='ocrx_word' id='word_1_700' title='bbox 2066 5195 2434 5252; x_wconf 88' lang='lat' dir='ltr'><strong>mediocritate</strong></span> <span class='ocrx_word' id='word_1_701' title='bbox 2462 5184 2587 5246; x_wconf 71' lang='lat' dir='ltr'><strong>an&#39;ni</strong></span> <span class='ocrx_word' id='word_1_702' title='bbox 2618 5189 2913 5259; x_wconf 86' lang='lat' dir='ltr'><strong>superioris</strong></span> <span class='ocrx_word' id='word_1_703' title='bbox 2956 5198 3154 5258; x_wconf 71' lang='lat' dir='ltr'><strong>praetor</strong></span> <span class='ocrx_word' id='word_1_704' title='bbox 3189 5184 3443 5241; x_wconf 53' lang='lat' dir='ltr'><strong>ﬁdesius</strong></span> 
     </span>
    </p>
   </div>
   <div class='ocr_carea' id='block_1_106' title="bbox 1854 5277 3444 5351">
    <p class='ocr_par' dir='ltr' id='par_1_106' title="bbox 1854 5277 3444 5351">
     <span class='ocr_line' id='line_1_106' title="bbox 1854 5277 3444 5351; baseline -0.009 -5"><span class='ocrx_word' id='word_1_705' title='bbox 1854 5292 2091 5346; x_wconf 89' lang='lat' dir='ltr'><strong>urbanos</strong></span> <span class='ocrx_word' id='word_1_706' title='bbox 2121 5287 2309 5344; x_wconf 85' lang='lat' dir='ltr'><strong>fecerit</strong></span> <span class='ocrx_word' id='word_1_707' title='bbox 2339 5284 2515 5351; x_wconf 90' lang='lat' dir='ltr'><strong>ludos,</strong></span> <span class='ocrx_word' id='word_1_708' title='bbox 2569 5291 2623 5338; x_wconf 91' lang='lat' dir='ltr'><strong>et</strong></span> <span class='ocrx_word' id='word_1_709' title='bbox 2648 5283 2716 5338; x_wconf 90' lang='lat' dir='ltr'><strong>de</strong></span> <span class='ocrx_word' id='word_1_710' title='bbox 2738 5281 2985 5351; x_wconf 87' lang='lat' dir='ltr'><strong>exemplo</strong></span> <span class='ocrx_word' id='word_1_711' title='bbox 3012 5277 3269 5347; x_wconf 83' lang='lat' dir='ltr'><strong>colligant</strong></span> <span class='ocrx_word' id='word_1_712' title='bbox 3315 5277 3444 5348; x_wconf 90' lang='lat' dir='ltr'><strong>quid</strong></span> 
     </span>
    </p>
   </div>
   <div class='ocr_carea' id='block_1_107' title="bbox 1857 5372 3446 5453">
    <p class='ocr_par' dir='ltr' id='par_1_107' title="bbox 1857 5372 3446 5453">
     <span class='ocr_line' id='line_1_107' title="bbox 1857 5372 3446 5453; baseline -0.004 -16"><span class='ocrx_word' id='word_1_713' title='bbox 1857 5381 2213 5453; x_wconf 60' lang='lat' dir='ltr'><strong>praesentibus</strong></span> <span class='ocrx_word' id='word_1_714' title='bbox 2242 5377 2645 5450; x_wconf 81' lang='lat' dir='ltr'><strong>magiStratibus</strong></span> <span class='ocrx_word' id='word_1_715' title='bbox 2671 5377 2890 5432; x_wconf 80' lang='lat' dir='ltr'><strong>honoris</strong></span> <span class='ocrx_word' id='word_1_716' title='bbox 2919 5383 2977 5430; x_wconf 92' lang='lat' dir='ltr'><strong>et</strong></span> <span class='ocrx_word' id='word_1_717' title='bbox 3002 5373 3279 5430; x_wconf 89' lang='lat' dir='ltr'><strong>levaminis</strong></span> <span class='ocrx_word' id='word_1_718' title='bbox 3307 5372 3446 5430; x_wconf 87' lang='lat' dir='ltr'><strong>defc-</strong></span> 
     </span>
    </p>
   </div>
   <div class='ocr_carea' id='block_1_108' title="bbox 1858 5487 2026 5533">
    <p class='ocr_par' dir='ltr' id='par_1_108' title="bbox 1858 5487 2026 5533">
     <span class='ocr_line' id='line_1_108' title="bbox 1858 5487 2026 5533; baseline -0.006 -1"><span class='ocrx_word' id='word_1_719' title='bbox 1858 5487 2026 5533; x_wconf 85' lang='lat' dir='ltr'><strong>ratur.</strong></span> 
     </span>
    </p>
   </div>
   <div class='ocr_carea' id='block_1_109' title="bbox 2504 5563 2809 5623">
    <p class='ocr_par' dir='ltr' id='par_1_109' title="bbox 2504 5563 2809 5623">
     <span class='ocr_line' id='line_1_109' title="bbox 2504 5563 2809 5623; baseline -0.016 -1"><span class='ocrx_word' id='word_1_720' title='bbox 2504 5564 2720 5623; x_wconf 77' lang='lat' dir='ltr'><strong>EPIST.</strong></span> <span class='ocrx_word' id='word_1_721' title='bbox 2745 5563 2809 5619; x_wconf 73' lang='grc' dir='ltr'><strong>γ.</strong></span> 
     </span>
    </p>
   </div>
   <div class='ocr_carea' id='block_1_110' title="bbox 2449 5675 2884 5719">
    <p class='ocr_par' dir='ltr' id='par_1_110' title="bbox 2449 5675 2884 5719">
     <span class='ocr_line' id='line_1_110' title="bbox 2449 5675 2884 5719; baseline -0.011 -1"><span class='ocrx_word' id='word_1_722' title='bbox 2449 5675 2884 5719; x_wconf 69' lang='grc' dir='ltr'><strong>8ἴΜΜΔΟῐὶῦΒ.....</strong></span> 
     </span>
    </p>
   </div>
   <div class='ocr_carea' id='block_1_111' title="bbox 1938 5751 3451 5822">
    <p class='ocr_par' dir='ltr' id='par_1_111' title="bbox 1938 5751 3451 5822">
     <span class='ocr_line' id='line_1_111' title="bbox 1938 5751 3451 5822; baseline -0.004 -9"><span class='ocrx_word' id='word_1_723' title='bbox 1938 5759 2204 5816; x_wconf 86' lang='lat' dir='ltr'><strong>interesse</strong></span> <span class='ocrx_word' id='word_1_724' title='bbox 2243 5758 2381 5812; x_wconf 87' lang='lat' dir='ltr'><strong>votis</strong></span> <span class='ocrx_word' id='word_1_725' title='bbox 2413 5756 2518 5810; x_wconf 85' lang='lat' dir='ltr'><strong>tuis</strong></span> <span class='ocrx_word' id='word_1_726' title='bbox 2543 5755 2756 5809; x_wconf 87' lang='lat' dir='ltr'><strong>animus</strong></span> <span class='ocrx_word' id='word_1_727' title='bbox 2796 5751 3029 5822; x_wconf 71' lang='lat' dir='ltr'><strong>allectat,</strong></span> <span class='ocrx_word' id='word_1_728' title='bbox 3071 5751 3164 5808; x_wconf 84' lang='lat' dir='ltr'><strong>sed</strong></span> <span class='ocrx_word' id='word_1_729' title='bbox 3202 5752 3451 5808; x_wconf 84' lang='lat' dir='ltr'><strong>valetudo</strong></span> 
     </span>
    </p>
   </div>
   <div class='ocr_carea' id='block_1_112' title="bbox 1867 5851 3454 5924">
    <p class='ocr_par' dir='ltr' id='par_1_112' title="bbox 1867 5851 3454 5924">
     <span class='ocr_line' id='line_1_112' title="bbox 1867 5851 3454 5924; baseline -0.005 -13"><span class='ocrx_word' id='word_1_730' title='bbox 1867 5856 2107 5924; x_wconf 85' lang='lat' dir='ltr'><strong>corporis</strong></span> <span class='ocrx_word' id='word_1_731' title='bbox 2154 5857 2369 5924; x_wconf 86' lang='lat' dir='ltr'><strong>longum</strong></span> <span class='ocrx_word' id='word_1_732' title='bbox 2417 5861 2634 5907; x_wconf 87' lang='lat' dir='ltr'><strong>recusat</strong></span> <span class='ocrx_word' id='word_1_733' title='bbox 2680 5865 2984 5906; x_wconf 80' lang='lat' dir='ltr'><strong>excursum.</strong></span> <span class='ocrx_word' id='word_1_734' title='bbox 3046 5851 3213 5921; x_wconf 78' lang='lat' dir='ltr'><strong>Nam,</strong></span> <span class='ocrx_word' id='word_1_735' title='bbox 3274 5861 3330 5905; x_wconf 90' lang='lat' dir='ltr'><strong>nt.</strong></span> <span class='ocrx_word' id='word_1_736' title='bbox 3371 5859 3454 5903; x_wconf 81' lang='lat' dir='ltr'><strong>est</strong></span> 
     </span>
    </p>
   </div>
   <div class='ocr_carea' id='block_1_113' title="bbox 1869 5942 3454 6018">
    <p class='ocr_par' dir='ltr' id='par_1_113' title="bbox 1869 5942 3454 6018">
     <span class='ocr_line' id='line_1_113' title="bbox 1869 5942 3454 6018; baseline -0.003 -14"><span class='ocrx_word' id='word_1_737' title='bbox 1869 5951 2176 6005; x_wconf 82' lang='lat' dir='ltr'><strong>morborum</strong></span> <span class='ocrx_word' id='word_1_738' title='bbox 2206 5949 2350 6005; x_wconf 80' lang='lat' dir='ltr'><strong>ferax</strong></span> <span class='ocrx_word' id='word_1_739' title='bbox 2394 5949 2583 6011; x_wconf 81' lang='lat' dir='ltr'><strong>Otium,</strong></span> <span class='ocrx_word' id='word_1_740' title='bbox 2614 5949 2790 6005; x_wconf 84' lang='lat' dir='ltr'><strong>denuo</strong></span> <span class='ocrx_word' id='word_1_741' title='bbox 2829 5961 2912 6005; x_wconf 83' lang='lat' dir='ltr'><strong>me</strong></span> <span class='ocrx_word' id='word_1_742' title='bbox 2943 5949 3136 6018; x_wconf 86' lang='lat' dir='ltr'><strong>pedum</strong></span> <span class='ocrx_word' id='word_1_743' title='bbox 3165 5947 3326 6002; x_wconf 65' lang='lat' dir='ltr'><strong>vinxit</strong></span> <span class='ocrx_word' id='word_1_744' title='bbox 3356 5942 3454 5999; x_wconf 85' lang='lat' dir='ltr'><strong>do-</strong></span> 
     </span>
    </p>
   </div>
  </div>
