3932 6454
608 368 713 428 859

1817 367 1878 436 ρ.
1921 366 2264 424 AURELIUS
2304 367 2744 454 SYMMACIIUS.
3711 387 3782 446 ιω

614 483 718 550 lor,
747 480 876 536 dum
921 481 1087 553 quieti
1133 482 1272 537 ruris
1303 481 1570 554 indulgeo.
1607 483 1684 536 Da
1715 481 1893 552 igitur,
1917 495 2097 551 qureso
2125 488 2197 545 te,
2229 484 2280 541 Α
2309 477 2514 535 Interea
2540 481 2632 536 tibi
2663 496 2762 551 ago
2801 480 2958 554 atque
3003 483 3174 542 habeo
3218 488 3427 557 gratias,
3447 497 3497 545 et
3521 505 3781 560 provocatum

609 576 788 632 ofﬁcio
817 591 936 632 meo
963 577 1161 647 justam
1194 579 1598 646 remissionem,
1634 589 1686 633 et
1715 578 1924 634 interim
1963 579 2081 634 sine
2105 595 2201 633 nu-

610 670 862 742 ptialibus
905 669 1096 727 domus
1124 681 1316 728 vestra:
1361 672 1551 728 abesse
1585 670 1918 741 pignoribus,
1957 681 2012 726 ut
2043 671 2200 741 paulo

611 779 732 843 post
753 776 972 825 sanatus
998 769 1290 826 fmderibus
1313 769 1632 825 admiscear.
1657 768 1805 822 Vale.

1227 861 1451 917 EPIST.
1493 861 1580 914 VI.

1183 967 1602 1007 SYDIMACHUS...”

685 1045 797 1100 Non
839 1044 976 1100 solet
1022 1044 1090 1098 ab
1131 1043 1317 1100 amicis
1363 1044 1520 1098 anxie
1551 1043 1702 1097 venia
1751 1039 2027 1112 postulari.
2060 1040 2200 1107 Qua-

612 1147 833 1208 propter
863 1151 1028 1208 pauca
1055 1152 1188 1206 cogo
1214 1151 1460 1191 sermone
1492 1136 1676 1190 otianti
1710 1133 1836 1188 mihi
1869 1135 1920 1188 in
1951 1148 2080 1203 agro
2103 1146 2191 1187 so-

606 1231 730 1286 litus
773 1231 930 1286 unius
969 1230 1118 1301 pedis
1149 1231 1367 1285 morbus
1416 1230 1676 1300 obrepsit.
1710 1228 1891 1298 Itaque
1936 1227 2198 1283 obeundis

604 1323 796 1378 ofﬁciis
825 1324 1155 1378 vacationem
1193 1323 1480 1378 desiderati
1522 1323 1758 1378 muneris
1797 1331 1938 1392 peto.
1981 1321 2190 1376 Dabunt

603 1415 675 1472 dii
711 1417 956 1487 auspices
995 1417 1299 1474 facultatem
1327 1427 1384 1472 ut
1418 1417 1742 1488 nuptialibus
1766 1416 1980 1471 familiae
2007 1423 2197 1472 vestra:

606 1510 747 1566 votis
777 1525 998 1582 compos
1025 1511 1266 1568 sanitatis
1297 1503 1562 1566 in'tersim.
1589 1510 1742 1567 Vale.

1220 1604 1437 1661 EPIST.
1487 1604 1591 1660 VII.

1192 1709 1611 1751 SVIHIACHUS.....

2307 586 2392 625 me
2421 571 2485 625 ad
2519 572 2769 628 amicitiae
2818 575 3149 632 incrementa
3182 588 3471 648 protestor,
3502 581 3606 637 licet
3650 599 3781 652 sponte

2305 668 2538 737 digneris
2565 670 2848 726 advertere
2897 671 3122 730 honesta
3163 673 3414 731 beneﬁcia
3439 677 3564 747 apud
3589 694 3779 738 memores

2306 777 2411 817 non
2443 764 2635 832 perire.
2669 763 2820 820 Vale.

2909 859 3125 917 EPIST.
3179 860 3266 915 XI.

2861 967 3289 1010 SYIMACIIUS...”

2374 1039 2478 1095 Per
2523 1042 2752 1096 amicum
2801 1057 3146 1100 communem
3197 1045 3538 1104 Gaudentium
3581 1041 3785 1124 propinqui

2303 1133 2406 1187 mei
2435 1130 2698 1189 Valentini
2732 1137 3032 1205 preciculas
3061 1138 3203 1202 misi,
3239 1155 3368 1198 sane
3389 1144 3452 1197 ad
3494 1142 3629 1200 ﬁdem
3653 1161 3786 1208 meam.

2301 1233 2355 1278 et
2383 1226 2767 1281 conscientiam
2798 1227 3146 1297 pertinentes.
3177 1230 3308 1286 Nam
3343 1231 3499 1289 frater
3524 1235 3624 1304 ejus
3660 1236 3788 1292 PI‘USC-

2301 1317 2411 1373 rius
2433 1335 2552 1374 cum
2586 1330 2913 1398 premeretur
2957 1325 3216 1379 extremis
3249 1334 3305 1381 et
3332 1337 3623 1398 praesentem
3656 1346 3733 1396 me,
3755 1342 3788 1387 et

2301 1426 2396 1481 per
2424 1389 2702 1482 epistolam
2734 1389 2959 1468 sttirrmis
2985 1416 3234 1485 precibus
3256 1389 3558 1484 obsecravit,
3598 1430 3644 1474 ut
3674 1423 3786 1491 impe-

2304 1517 2437 1561 trata
2472 1506 2611 1562 facili
2641 1509 2959 1565 auctoritate
2986 1513 3256 1582 rescripti,
3301 1513 3406 1568 ﬁlia
3437 1515 3544 1584 ejus
3579 1514 3719 1570 fratris
3737 1519 3787 1569 sui

2301 1597 2411 1652 ﬁlio
2437 1599 2741 1668 copuletur,
2770 1601 2910 1671 quod
2943 1603 3124 1658 multis
3152 1619 3277 1660 esse
3298 1619 3597 1660 concessum
3633 1608 3788 1661 manife-

2300 1699 2381 1742 sta
2410 1697 2675 1746 testantur
2701 1693 2969 1762 exempla.
3022 1694 3200 1762 Quare
3256 1699 3355 1767 pia:
3386 1698 3710 1768 supplicationi
3729 1699 3788 1751 ad-

672 1787 861 1846 Frater
891 1805 1041 1844 meus
1079 1789 1421 1856 Rabilianus,
1451 1805 1647 1860 genere
1678 1799 1732 1845 et
1771 1806 1954 1846 amore
1980 1792 2179 1861 conspi‘

2294 1780 2594 1880 jumenth
2624 1799 2800 1839 meum
2829 1799 3022 1855 negare
3049 1803 3160 1842 non
3185 1803 3423 1858 possunt,
3449 1791 3667 1859 quoniam
3682 1790 3788 1844 ﬁdem

597 1899 758 1950 enus,
791 1882 998 1952 injuria:
1027 1897 1138 1936 sua:
1168 1880 1514 1935 acerbitatem
1546 1882 1750 1950 privata
1782 1882 1921 1952 apud
1951 1898 2036 1937 me
2061 1897 2190 1936 con-
2223 1869 2268 1928 Β
2299 1887 2472 1928 meam
2501 1869 2665 1946 sirper
2691 1875 2773 1932 his
2802 1879 3001 1949 nuptiis
3024 1879 3269 1936 voluntas
3291 1883 3562 1953 propinqui
3589 1883 3788 1938 morientis

598 1976 880 2044 questione
907 1973 1144 2027 deflevit.
1178 1973 1384 2028 Asserit
1422 1975 1566 2028 enim
1603 1985 2006 2043 procuratorem
2034 1991 2187 2031 suum

600 2068 720 2122 sine
761 2065 1076 2136 cujusquam
1121 2065 1556 2122 denominatione
1588 2080 1896 2138 correptum
1930 2089 1941 2122 :
1975 2080 2030 2126 et
2067 2086 2186 2126 cum

599 2159 887 2214 vindictam
910 2158 977 2214 de
1000 2169 1050 2214 te
1077 2159 1365 2230 impetrare
1387 2161 1653 2230 debuerit,
1681 2178 1838 2233 quam
1862 2178 1980 2218 cum
2005 2164 2187 2221 Romae

597 2251 845 2324 degeres,
880 2251 1201 2322 postulavit;
1237 2264 1442 2309 auctam
1471 2254 1664 2312 domus
1691 2271 1802 2312 sua:
1829 2260 2082 2328 cognovit
2109 2259 2189 2314 in-

594 2345 811 2416 juriam.
844 2345 899 2400 Id
921 2361 1023 2417 ego
1051 2346 1322 2403 oblivione
1348 2347 1582 2404 arbitror
1604 2349 1882 2405 accidisse.
1909 2351 2188 2418 Quomodo

597 2441 740 2497 enim
770 2444 1092 2512 prmciperes
1113 2486 1129 2511 ,
1162 2443 1302 2512 quod
1334 2446 1571 2500 incoram
1605 2445 1806 2513 positus
1839 2445 2187 2516 improbasti?

599 2533 808 2602 Quare,
844 2544 903 2589 ut
933 2549 1128 2606 parens
1160 2551 1388 2604 moneo,
1429 2537 1507 2591 'ne
1546 2552 1770 2606 augere,
1819 2553 1936 2608 qum
1984 2537 2183 2604 doluit,

596 2642 768 2699 genus
798 2635 949 2697 putes
980 2641 1101 2682 esse
1128 2618 1494 2684 conscientiae.
1525 2629 1682 2685 Certe
1709 2631 1752 2684 si
1785 2630 1936 2685 abest
1965 2631 2187 2701 aequitas

594 2718 881 2790 iudicatis,
911 2719 1246 2776 familiariter
1271 2721 1401 2777 mihi
1443 2721 1543 2778 ede
1576 2725 1833 2778 rationem
1857 2767 1871 2792 ,
1903 2725 1972 2778 ita
2007 2733 2063 2778 ut
2086 2740 2184 2778 no-

595 2813 739 2868 veris
769 2827 867 2884 pro
895 2813 1206 2870 absentibus
1236 2816 1470 2872 dominis
1497 2829 1762 2875 rectorem
1787 2821 2058 2892 suscipere
2087 2821 2183 2877 de-

593 2905 723 2964 bere
751 2916 933 2979 partes
962 2907 1312 2965 defensionis.
1347 2911 1491 2967 Vale.
1703 2963 1709 2968 .

1185 3003 1399 3060 EPIST.
1447 3005 1577 3063 VIII.
1620 3017 1634 3031 '

1212 3111 1541 3152 SYMMACIIUS.

663 3188 902 3246 Iucunda
934 3190 1064 3246 mihi
1096 3192 1254 3247 fuerit
1296 3185 1568 3262 perceptio
1603 3195 1922 3264 scriptorum
1947 3204 2177 3251 tuorum.

591 3282 837 3339 Amicitia
868 3283 1011 3339 enim
1043 3286 1242 3341 mutuis
1266 3287 1462 3357 gaudet
1483 3288 1692 3342 officiis.
1725 3288 1831 3343 Sed
1857 3291 2056 3344 utinam
2083 3290 2178 3346 ho-

591 3357 792 3430 minum
838 3391 1081 3432 meorum
1128 3378 1402 3448 diligentia
1433 3379 1590 3434 ﬁdem
1633 3390 1734 3433 tua:
1779 3381 2176 3448 pollicitationis

591 3467 887 3538 implesset.
919 3468 1050 3524 Nam
1094 3486 1214 3526 cum
1258 3472 1570 3541 scripseris,
1613 3487 1709 3528 eos
1751 3474 1817 3528 ad
1864 3474 2176 3531 solvendam

589 3559 900 3629 pensionem
930 3562 1220 3632 profectos,
1253 3565 1497 3634 exiguam
1533 3575 1736 3636 partem
1766 3568 2033 3624 redituum
2057 3585 2173 3640 per‘

589 3651 842 3708 diderunt
872 3671 882 3705 :
915 3669 1014 3710 nec
1045 3655 1146 3710 illis
1178 3656 1367 3725 pudori
1405 3657 1535 3724 fuit,
1569 3661 1842 3715 cumulum
1874 3662 2176 3718 debitorum

589 3746 691 3800 sub
719 3753 862 3800 tanta
885 3747 1010 3802 anni
1037 3747 1359 3805 fecunditate
1387 3752 1727 3808 contrahere.
1759 3753 1990 3824 Dignare
2018 3755 2177 3825 igitur

484 3887 493 3892 -
589 3854 772 3894 curam
815 3850 1011 3896 nostra:
1048 3841 1292 3897 utilitatis
1339 3844 1612 3915 arripere,
1659 3856 1710 3901 et
1755 3847 1821 3901 ad
1852 3848 2173 3904 solutionem

589 3946 783 4003 cogere
807 3932 1100 3990 debitores.
1137 3933 1274 4002 Quid
1307 3935 1450 3990 enim
1489 3937 1674 4007 juvat,
1708 3939 1846 4009 quod
1880 3939 2057 3995 studio
2084 3950 2174 3996 tuo

588 4037 638 4080 et
672 4027 946 4083 beneﬁciis
975 4029 1320 4099 adjuvantur,
1344 4045 1465 4086 cum
1490 4031 1592 4088 hoc
1613 4033 1966 4092 commoditas
1991 4044 2172 4091 nostra

569 4135 693 4177 .nnn
722 4120 958 4176 sentiat“?
986 4120 1133 4178 Vale.

612 4199 614 4202 ’
1202 4217 1414 4274 EPIST.
1461 4219 1553 4274 1x.

1152 4327 1568 4369 SYIMACIIUS...“

657 4402 838 4460 Salute
892 4403 1148 4472 praefata,
1181 4420 1341 4475 quam
1395 4406 1585 4462 litteris
1612 4409 1882 4466 anteferre
1929 4411 2172 4471 Solemrie

585 4503 689 4560 est,
727 4505 784 4550 ut
805 4496 998 4551 seriem
1047 4497 1382 4552 familiarium
1431 4503 1754 4572 scriptorum
1808 4515 1925 4560 vota
1964 4489 2171 4576 p-rzeve-

585 4590 754 4652 niant,
786 4589 946 4645 silere
971 4589 1110 4660 apud
1142 4599 1192 4646 te
1224 4606 1452 4661 nequeo,
1496 4591 1764 4663 Cajetanae
1808 4597 2018 4653 Forma:
2050 4608 2170 4654 ten-

586 4688 820 4735 tamenta
848 4679 1073 4752 frigere;
1106 4692 1157 4738 et
1184 4683 1287 4737 nisi
1320 4686 1601 4753 praesentia
1647 4695 1732 4742 tua
1779 4692 1966 4759 emptis
1999 4694 2174 4749 calcar

583 4774 908 4839 admoverit,
941 4791 1132 4833 vereor
1167 4794 1237 4834 ne
1261 4781 1410 4849 operi
1433 4783 1738 4838 emoliendo
1761 4787 1941 4840 :estiva
1977 4805 2174 4862 oppor-

585 4868 780 4924 tunitas
805 4869 1171 4926 subtrahatur.
1199 4870 1335 4938 Quid
1368 4874 1529 4943 igitur
1574 4891 1737 4946 super
1770 4877 1872 4934 hoc
1907 4882 2170 4952 agendum

581 4967 652 5022 sit
674 4968 727 5021 in
757 4968 986 5038 tuojure
1027 4967 1317 5023 constituo.
1359 4969 1488 5024 Mihi
1521 4972 1652 5026 satis
1682 4981 1787 5038 est,
1823 4973 1874 5028 in
1923 4973 2005 5029 his
2052 4991 2171 5046 quae

581 5058 648 5113 ad
676 5059 884 5115 laudem
933 5068 1075 5114 tuam
1115 5061 1412 5130 pertinent,
1448 5072 1629 5132 partes
1683 5065 1840 5120 amici
1889 5068 2168 5125 monitoris

582 5153 849 5224 implesse.
880 5151 1024 5208 Vale.
1474 5159 1491 5172 '

1225 5247 1437 5305 EPIST.
1467 5249 1532 5305 Χ.

1160 5359 1588 5402 εὶίυιλειιυε.....

647 5434 1117 5492 Abundantissime
1143 5437 1348 5508 gaudeo
1379 5437 1471 5492 tibi
1497 5451 1618 5493 esse
1653 5453 1819 5507 curas,
1847 5451 1904 5496 ut
1937 5441 2028 5497 filii
2061 5443 2165 5499 mei

579 5525 742 5580 editio
798 5527 935 5581 ursis
989 5527 1233 5599 pluribus
1277 5531 1599 5594 instruatur,
1655 5531 1943 5602 statimque
1992 5537 2159 5604 pretia

579 5618 977 5674 annumeranda
1024 5622 1309 5686 misissem,
1344 5619 1448 5675 nisi
1486 5621 1728 5676 hiemalis
1765 5626 2025 5693 asperitas
2061 5626 2159 5680 im-

578 5712 785 5784 pedirct
807 5713 1180 5772 invectionem.
1209 5715 1312 5772 Sed
1337 5715 1491 5784 paulo
1513 5725 1650 5785 post,
1677 5715 1764 5770 ubi
1792 5719 2156 5786 opportunitas

579 5808 720 5863 veris
748 5806 1032 5862 molliverit
1061 5809 1308 5864 itinerum
1344 5807 1736 5874 difficultatem,
1771 5808 2044 5864 curabitur
2084 5809 2158 5866 fe-

579 5916 754 5963 rarum
786 5902 1008 5972 emptio,
1039 5901 1123 5958 cui
1145 5901 1470 5959 definitionis
1499 5900 1760 5971 justitiam
1793 5901 2151 5972 spopondisti.
2265 5902 2502 5958 omnium
2530 5897 2888 5955 consideratio
2917 5897 3056 5972 apud
3107 5897 3421 5970 sapientiam
3468 5908 3602 5952 tuam
3642 5892 3796 5956 vist

2203 4650 2250 4710 D

2295 1965 2598 2032 adstrinxit,
2633 1977 2689 2022 ut
2740 1969 2963 2038 epistola
3029 1972 3279 2040 precibus
3337 1989 3564 2029 connexa
3605 1974 3786 2031 declarat.

2295 2054 2524 2126 Dignare
2549 2059 2706 2129 igitur
2725 2060 2915 2130 juvare
2946 2062 3192 2119 effectum
3227 2066 3301 2136 pii
3333 2066 3594 2135 desiderii,
3618 2077 3787 2130 eatenus,

2293 2159 2348 2204 ut
2375 2151 2417 2204 si
2443 2149 2560 2220 quis
2583 2153 2902 2208 conturbare
2929 2157 3214 2212 tcntaverit
3237 2157 3536 2212 mandatum
3565 2169 3786 2228 paternum,

2291 2243 2704 2300 comminatione
2767 2247 3000 2302 infamia:
3052 2257 3339 2305 terreatur.
3385 2251 3626 2322 Rescripti
3670 2260 3787 2304 autem

2291 2336 2608 2392 beneﬁcium
2660 2352 2784 2392 eum
2831 2340 2992 2395 fuerit
3043 2341 3412 2413 impetratum,
3465 2355 3682 2416 spectata:
3711 2341 3786 2396 fidei

2292 2429 2528 2500 perlator
2559 2439 2825 2500 apportet.
2860 2432 3006 2487 Vale.

2831 2511 2836 2515 ’
2903 2527 3116 2583 EPIST.
3154 2529 3267 2586 xu.

2871 2636 3302 2681 SVIMACIIL'S...“

2362 2712 2592 2769 Meretur
2608 2715 2864 2771 auxilium
2884 2724 3028 2770 tuutn
3053 2732 3213 2773 causa
3229 2720 3542 2776 communis.
3564 2719 3673 2774 Nam
3689 2718 3788 2787 quid.

2288 2806 2416 2875 quid
2447 2809 2514 2862 ad
2561 2809 2860 2864 senatorias
2911 2813 3145 2879 pertinet
3190 2812 3514 2881 functiones,
3561 2811 3788 2884 participat:

2287 2915 2389 2971 Ope
2415 2913 2470 2957 et
2495 2904 2780 2974 conjuncta
2812 2905 3154 2962 animositate
3190 2909 3550 2982 peragendum
3577 2919 3664 2965 est.
3703 2906 3788 2960 Jun

2286 2998 2447 3069 igitur
2470 3003 2811 3067 auctoritate,
2843 3017 2947 3073 qua
2977 3003 3195 3073 dignum
3225 3014 3338 3070 est,
3381 3015 3550 3076 partes
3576 3015 3705 3082 atque
3735 3016 3787 3054 ra-

2286 3093 2458 3148 tiones
2487 3094 2552 3149 ad
2582 3096 2966 3164 amplissimam
2999 3098 3199 3152 curiam
3231 3101 3559 3168 pertinentes
3589 3118 3597 3152 :
3627 3099 3786 3152 multum

2284 3203 2350 3240 ex
2400 3186 2499 3242 hoc
2535 3188 2752 3259 negotio
2784 3189 2956 3244 laudis
3015 3190 3316 3260 habiturus,
3356 3193 3401 3249 si
3451 3193 3612 3248 munia
3649 3188 3787 3245 ordinis

2285 3280 2476 3346 nostri,
2493 3297 2612 3350 qua:
2635 3281 2745 3351 jam
2769 3282 2968 3338 dudum
2993 3284 3255 3342 ﬂuctuare
3282 3287 3609 3343 manifestum
3635 3293 3714 3349 est,
3735 3297 3786 3336 so-

2282 3373 2413 3428 lutio
2433 3373 2500 3428 ab
2533 3374 2781 3430 obnoxiis
2812 3378 3100 3448 efflagitata
3126 3382 3481 3449 reparaverit.
3513 3381 3645 3438 Vale.

2906 3471 3123 3528 EPIST.
3159 3473 3296 3530 XIII.

2880 3580 3305 3625 εγιωΑςηυε.....

2355 3654 2582 3710 Edilioni
2615 3666 2812 3712 nostrae
2845 3657 3054 3715 fortuna
3087 3664 3344 3733 consulit,
3377 3679 3494 3736 qute
3537 3673 3583 3719 te
3611 3657 3789 3731 regenda

2281 3749 2488 3819 Apuliae
2514 3751 2681 3812 voluit
2708 3752 3017 3812 admovere.
3038 3755 3200 3812 Utere
3229 3757 3394 3828 igitur
3427 3759 3680 3814 occasione
3695 3765 3789 3823 pre-

2281 3845 2440 3908 senti,
2465 3855 2519 3900 et
2547 3846 2689 3915 apud
2723 3857 3006 3916 praeturam
3035 3848 3228 3906 domus
3255 3864 3476 3918 nostra‘,
3506 3851 3565 3907 ad
3592 3862 3718 3921 quam
3738 3843 3790 3897 fe-

2281 3936 2451 3991 liciter
2491 3937 2558 3992 de
2603 3941 2980 3996 transmarinis
3034 3943 3142 3996 ursi
3196 3944 3444 4012 proxime
3497 3941 3788 4014 perferentur,

2278 4029 2650 4084 convenientia
2693 4031 2924 4087 decerno
2966 4035 3232 4102 prmsidia,
3295 4045 3351 4090 ut
3381 4036 3631 4106 prioribus
3654 4025 3790 4087 ofﬁciis

2279 4119 2438 4190 hujus
2456 4135 2664 4192 quoque
2695 4125 2942 4180 cumulus
2970 4126 3291 4194 applicetur.
3325 4128 3476 4185 Vale.

2890 4216 3104 4274 EPIST.
3147 4217 3290 4276 XIV.

2874 4325 3268 4370 SVIIM.\CHllS....
3286 4357 3296 4368 .
3338 4293 3356 4306 ς

2349 4404 2634 4475 Diligentia
2661 4413 2747 4460 tua
2776 4414 2830 4459 et
2854 4405 3096 4474 judiciali
3127 4408 3312 4476 vigore
3333 4408 3583 4465 delector.
3610 4403 3696 4461 Sed
3717 4401 3792 4456 ino—

2279 4497 2362 4566 pia
2393 4498 2474 4552 vel
2508 4497 2685 4566 potius
2707 4505 2916 4567 egestas
2939 4497 3144 4554 ordinis
3175 4499 3526 4566 Forminiani,
3567 4499 3700 4556 etiam
3725 4507 3792 4548 cu-

2277 4589 2500 4641 rationis
2525 4588 2810 4658 impatiens
2866 4599 2967 4644 est.
3025 4590 3158 4646 Nam
3206 4592 3348 4648 sicut
3397 4593 3580 4648 affecta
3605 4591 3794 4645 diuturno

2279 4680 2467 4734 morbo
2495 4694 2743 4748 corpora,
2775 4682 3056 4737 smviorem
3095 4684 3415 4740 medicinam
3442 4688 3574 4740 ferre
3601 4697 3692 4737 non
3708 4690 3791 4747 pos-

2276 4783 2436 4838 sunt,
2493 4776 2562 4830 ita
2593 4776 2737 4830 curia
2776 4791 3001 4832 numero
3033 4789 3085 4833 et
3140 4793 3454 4850 paupertate
3491 4789 3696 4838 tenuata,
3727 4772 3794 4825 dﬂ-

2276 4871 2394 4924 ritia
2444 4871 2746 4926 immodicze
2793 4872 3185 4928 emendationis
3235 4877 3606 4947 exstinguitur.
3650 4869 3793 4926 Libens

2277 4965 2436 5033 igitur
2467 4966 2703 5036 parentis
2743 4981 2895 5020 sume
2925 4968 3227 5031 consilium,
3264 4969 3353 5039 qui
3383 4986 3493 5025 non
3516 4963 3795 5024 defenditorv

2275 5058 2414 5112 diuis
2471 5060 2716 5128 culpam,
2769 5058 2860 5114 sed
2931 5063 3286 5117 correctionis
3336 5063 3554 5118 modum
3599 5052 3793 5131 postulat.

2273 5150 2530 5204 IIabenda
2561 5162 2642 5205 est
2671 5153 2806 5204 ratio
2836 5152 3170 5223 vectigalium
3202 5154 3558 5225 publicorum,
3580 5162 3629 5206 et
3651 5142 3796 5206 lavacri
3844 5185 3845 5191 η

2273 5244 2440 5300 aestivi
2471 5245 2787 5298 instauratio
2817 5260 2938 5300 eum
2978 5247 3110 5316 reip.
3157 5247 3362 5303 viribus
3393 5242 3692 5304 conferenda
3712 5280 3724 5304 ι
3759 5241 3797 5287 υι

2271 5337 2314 5392 si
2339 5338 2463 5407 quid
2492 5337 2751 5392 redundat
2776 5337 3033 5407 expensis
3054 5340 3285 5404 caeteris,
3310 5339 3364 5394 in
3393 5349 3650 5408 sumptum
3665 5327 3796 5399 ορετίε

2273 5432 2597 5487 conferatur.
2634 5430 2874 5484 Dandum
2906 5446 3121 5500 quoque
3145 5441 3227 5486 est
3255 5429 3619 5486 instaurationi
3645 5418 3796 5490 largius

2276 5537 2506 5598 tempus,
2540 5542 2604 5582 ne
2629 5526 2754 5596 quid
2783 5526 3003 5596 deroget
3053 5525 3287 5580 ﬁrmitati
3333 5526 3652 5596 praecipitata
3685 5527 3798 5583 repa-

2271 5625 2427 5679 ratio.
2458 5624 2594 5678 Nihil
2621 5639 2687 5677 ex
2735 5623 2831 5678 hac
2853 5639 2999 5677 mora
3033 5631 3134 5678 tute
3169 5623 3353 5692 gloria:
3397 5621 3695 5699 detrahitur.
3741 5604 3796 5661 Ad
3839 5619 3841 5681 λ

2271 5725 2585 5784 praesentem
2621 5713 2760 5768 enim
2805 5713 3043 5782 judicem
3097 5716 3291 5770 veteris
3336 5715 3503 5768 curiae
3551 5712 3686 5778 culpa
3721 5715 3796 5757 non

2270 5807 2526 5877 pervenit.
2563 5806 2781 5862 Possem
2820 5805 2970 5873 plura
2999 5816 3342 5870 connectere,
3387 5805 3483 5861 sed
3518 5818 3630 5859 curn
3658 5804 3794 5872 rerutn

3859 3127 3861 3235 φ

3857 3365 3859 3481 l

3855 3587 3857 3725 l

3833 5763 3839 5925 l
