3932 6430
175 395 257 454 361
1386 389 1867 454 EPISTULARUM
1909 395 2105 454 LIBER
2148 395 2213 452 X.

3309 399 3422 468 sse

169 524 312 584 parco
337 523 452 567 esse
478 508 753 581 prolixior,
774 522 877 564 una
899 505 1262 564 admonitione
1283 516 1586 577 contentus,
1612 526 1722 565 ma-
1749 513 1804 576 Α
1827 519 1953 568 atra:
1977 511 2222 583 proxime
2255 523 2376 567 esse
2401 520 2658 568 venturos
2688 507 2820 571 fides
2844 515 3038 572 asserit
3065 518 3408 582 nuntiorum;

165 620 377 678 gaopere
395 606 546 660 nobis
577 620 697 661 esse
721 604 1042 671 curandum,
1070 614 1125 660 ut
1151 605 1396 660 levamen
1419 607 1594 676 potius
1635 621 1725 662 or-

166 704 349 759 dinihus
379 703 580 776 aliquot
606 705 879 760 exhaustis
913 713 1033 760 tuus
1054 705 1316 761 adventus
1342 715 1617 776 apportet.

734 798 950 854 EPIST.
1008 797 1124 853 XV.

711 905 1128 948 SYIIIIACIIUS..."

219 982 267 1038 Si
305 998 497 1040 novum
545 984 862 1040 beneficium
910 985 978 1041 de
1017 1000 1262 1040 ursorum
1311 995 1719 1056 comparatione

160 1087 463 1146 peteremus,
496 1078 705 1150 longior
743 1081 971 1135 ambitus
1020 1089 1163 1134 esset
1209 1080 1563 1137 adhibendus.
1609 1081 1719 1138 Sed

157 1187 259 1225 cum
289 1173 546 1240 promissa
579 1182 912 1242 repetantur,
949 1174 1227 1229 admoueri
1266 1175 1442 1244 potius
1474 1183 1526 1230 te
1556 1191 1715 1245 quam

158 1267 307 1336 rogari
334 1267 610 1322 convenit.
647 1268 769 1323 Haec
795 1268 954 1338 igitur
983 1269 1226 1336 epistola:
1255 1270 1460 1322 s‘umma
1491 1278 1605 1329 est.
1663 1276 1721 1324 ut

157 1360 382 1416 homines
405 1377 572 1426 meos,
606 1362 796 1432 quibus
828 1359 1185 1432 ferarumjam
1219 1361 1586 1418 mandavimus
1609 1377 1720 1418 em-

156 1460 392 1530 ptionem,
439 1463 628 1530 juvare
683 1460 1012 1515 adminicqu
1036 1476 1142 1515 non
1187 1460 1449 1532 graveris,
1476 1470 1532 1515 ut
1554 1460 1718 1516 editio

153 1562 334 1619 nostra,
370 1568 530 1624 quam
579 1554 800 1623 auspice
855 1553 984 1619 Deo,
1037 1568 1132 1623 pro
1173 1553 1282 1606 tilio
1330 1567 1714 1623 przeparamus,

155 1646 244 1702 tuis
269 1647 506 1716 auxiliis,
532 1648 666 1703 meis
688 1647 992 1716 sumptibus
1029 1647 1345 1701 instruatur.
1381 1644 1530 1701 Vale.

752 1739 967 1796 EPIST.
1021 1738 1136 1794 XVI

722 1850 1096 1889 SYMMACEUS...
1109 1873 1146 1889 ..

1826 624 2052 679 quorum
2085 607 2488 663 subvectioncm
2527 607 2808 679 dispositis
2835 611 3099 668 vehiculis
3153 615 3414 683 privatim

1825 703 2082 759 debemus
2115 703 2399 758 instruere.
2448 701 2615 773 Ilujus
2663 704 2968 762 mihicum:
3016 707 3412 764 absolutionem

1825 796 2099 867 diligentia
2137 806 2223 851 tua
2259 812 2359 851 usu
2395 799 2670 867 explorata
2699 801 2981 870 promittit.
3010 802 3204 868 Qumso
3250 803 3414 871 igitur

1825 902 1884 947 ut
1914 892 2052 948 hanc
2079 891 2410 962 provinciam
2438 893 2723 948 confestim
2761 894 3026 951 ineundis.
3059 934 3072 948 .
3108 934 3121 950 .
3156 937 3169 951 .
3200 936 3212 950 .
3251 935 3267 952 .
3296 935 3308 948 .
3340 938 3352 951 .
3393 935 3408 951 .

2415 985 2629 1042 EPIST.
2690 985 2832 1042 XXI.
3461 971 3465 978 '

2417 1097 2835 1137 SVIMACHUS...”

1897 1216 1912 1230 .
1943 1214 1958 1230 .
1978 1217 1992 1231 .
2029 1217 2040 1230 .
2065 1175 2288 1247 Capitoli
2316 1177 2480 1233 exitio
2500 1188 2815 1234 cunctorum
2839 1180 3200 1253 lacrymisque
3221 1185 3411 1255 expia-

1821 1270 1917 1324 vit.
1950 1269 2100 1326 Nunc
2124 1271 2406 1328 interlucet
2431 1272 2592 1328 homo
2615 1273 2836 1330 homini.
2865 1277 3096 1332 Senatus
3126 1279 3410 1349 antiquum

1821 1362 2049 1418 obtinet.
2083 1361 2272 1418 Vivere
2295 1363 2460 1420 libet:
2495 1374 2679 1420 natum
2703 1381 2953 1422 essenon
2981 1371 3226 1438 pmnitet,
3259 1381 3314 1427 et
3342 1372 3410 1428 ad

1822 1455 2048 1510 salutem
2073 1466 2318 1526 spectant
2332 1457 2532 1512 omnia.
2556 1458 2694 1513 Nulli
2719 1476 2750 1514 a
2778 1470 3092 1530 paupertate
3119 1464 3409 1520 discrimen

1821 1558 1923 1604 est.
1956 1549 2194 1621 Respub.
2240 1567 2301 1606 se
2330 1551 2382 1607 in
2412 1561 2730 1608 vetustatem
2763 1557 2967 1625 recepit
3023 1567 3075 1613 et
3104 1559 3412 1630 decrepitos
3461 1633 3466 1638 .
3536 1549 3540 1552 ’

1822 1651 2102 1700 mutavere
2138 1645 2370 1712 animos,
2415 1655 2696 1716 postquam
2729 1662 2823 1704 vos
2844 1649 2908 1700 ad
2963 1650 3212 1706 virtutem
3240 1653 3407 1707 verba

1823 1735 2045 1791 fecistis.
2073 1736 2194 1792 Pari
2228 1738 2404 1807 vigilia
2435 1752 2779 1810 prospectum
2812 1741 3059 1798 videmus
3097 1755 3153 1800 nt
3194 1760 3281 1801 res
3312 1764 3409 1802 an-

1825 1830 2048 1884 nonaria
2081 1831 2316 1886 satietati
2358 1832 2578 1887 urbana:
2606 1833 2880 1888 liberalius
2909 1835 3182 1906 ingeratur
3215 1855 3227 1890 :
3261 1837 3413 1893 Flau-

209 1930 401 1988 Suessa
434 1929 779 1984 honestorum
801 1927 996 1982 civium
1027 1926 1194 1997 patria
1225 1935 1326 1993 est,
1351 1935 1423 1981 tta
1447 1934 1504 1981 ut
1527 1926 1720 1982 merito
1749 1909 1800 1972 Β
1825 1923 1908 1980 da:
1929 1934 2158 1980 moneta:
2176 1926 2469 1996 nequitiam
2496 1926 2759 1997 decoquat
2796 1928 2941 1998 larga
2961 1933 3235 2000 purgatio:
3261 1935 3412 1988 nullo

149 2023 375 2093 dixerim,
415 2023 647 2079 minima:
673 2038 886 2094 quoque
914 2023 1137 2077 fortuna:
1175 2021 1420 2078 homines
1448 2033 1597 2078 extra
1640 2021 1720 2077 vi-

148 2120 209 2174 tia
237 2120 439 2190 plebeia
489 2135 611 2175 esse
652 2117 974 2174 censendos.
1004 2116 1141 2171 Volo
1189 2117 1348 2188 igitur
1366 2116 1573 2181 credas,
1600 2116 1719 2172 nul-

149 2212 240 2266 lum
261 2229 321 2267 ex
349 2213 443 2266 illa
460 2212 590 2267 urbe
611 2211 674 2265 ad
695 2210 791 2266 fori
817 2211 1099 2279 strepitum
1125 2223 1498 2279 processurum
1531 2208 1716 2279 fuisse,

147 2308 234 2361 nisi
261 2307 456 2363 acerba
492 2306 756 2374 coegisset
797 2302 1104 2373 impressio,
1137 2302 1204 2358 de
1233 2317 1336 2374 qua
1365 2317 1499 2358 meae
1529 2301 1722 2357 litterae

149 2415 240 2453 non
288 2401 597 2468 loquentur.
626 2398 1009 2455 Vehementius
1038 2398 1180 2453 enim
1211 2413 1314 2451 vox
1350 2397 1557 2467 publica
1610 2397 1722 2453 suf-

149 2493 424 2564 fragabitur
452 2508 634 2550 eorum
670 2492 837 2548 dolori
878 2507 1035 2562 quam
1065 2489 1270 2560 privata
1302 2491 1580 2559 potuisset.
1612 2495 1722 2546 Au-

150 2589 339 2645 dientia:
401 2597 610 2643 tantum
653 2603 748 2659 per
783 2603 868 2642 me
912 2595 1098 2658 optant
1151 2586 1458 2642 facilitatem
1501 2586 1716 2642 mereri.

150 2683 395 2754 Quidquid
424 2692 601 2738 autem
633 2681 879 2752 spoliatis
899 2690 1061 2752 atque
1082 2681 1288 2738 vexatis
1315 2680 1718 2751 properandum

149 2784 234 2842 est,
276 2775 432 2832 favor
463 2785 582 2831 tuus
626 2787 679 2831 et
704 2776 879 2845 legum
913 2790 1102 2830 norma
1136 2774 1430 2846 praestabit.
1461 2772 1612 2832 Vale.

713 2867 931 2924 EPIST.
978 2867 1139 2923 XVII.

707 2977 1140 3020 8YIIACIIUS.....

207 3058 590 3115 Suessanorum
614 3055 968 3126 allegationes
994 3055 1339 3111 commendat
1366 3055 1456 3112 tibi
1478 3055 1721 3126 publicus

147 3152 493 3222 magistratus,
530 3149 658 3204 mihi
689 3149 891 3218 privata
922 3149 1218 3204 miseratio.
1256 3150 1430 3218 Atque
1460 3147 1584 3202 ideo
1614 3162 1642 3200 a
1667 3157 1722 3204 te

143 3240 382 3310 judiciarii
415 3243 617 3313 vigoris
641 3241 858 3309 auxilia,
883 3256 912 3294 a
936 3256 1020 3295 me
1050 3239 1206 3295 verba
1233 3249 1541 3309 poscuntur.
1566 3237 1714 3294 Fun-

1817 2019 1929 2087 jam
1963 2016 2308 2088 provincialis
2336 2019 2453 2073 auri
2484 2018 2819 2075 incremento
2853 2021 3106 2077 trutinam
3137 2035 3410 2093 spectator

1823 2108 2065 2165 inclinet.
2095 2110 2236 2165 Mille
2265 2109 2392 2176 alia,
2421 2125 2542 2181 quae
2595 2112 2638 2166 si
2693 2113 2941 2184 persequi
2972 2115 3156 2182 velim,
3215 2126 3413 2173 vestrae

1823 2202 2011 2275 gloriae
2026 2219 2254 2270 memor,
2269 2219 2402 2259 meae
2422 2203 2660 2260 infantiae
2684 2205 2967 2262 immemor
2985 2207 3408 2277 deprehendam.

1823 2297 1955 2354 Nam
1984 2314 2146 2355 nemo
2162 2298 2398 2368 prudens
2420 2297 2688 2354 humanus
2703 2302 2880 2356 verbis
2903 2305 3142 2372 corrupit
3169 2307 3411 2364 oracula.

1781 2383 1792 2398 ’
1825 2390 1991 2461 Igitur
2007 2390 2184 2446 divina
2209 2406 2361 2447 mens
2391 2399 2500 2458 tua,
2528 2391 2742 2462 juvenis
2766 2393 3026 2465 Auguste,
3060 2395 3285 2454 Romani
3315 2415 3411 2454 no-

1825 2483 1984 2538 minis
2012 2483 2196 2547 decus,
2221 2483 2448 2539 vehatur
2473 2499 2638 2540 curru
2663 2485 2862 2557 eloquii
2890 2489 3003 2553 sui;
3037 2506 3134 2543 nos
3164 2491 3214 2545 in
3248 2507 3412 2562 agen-

1823 2575 1906 2631 dis
1931 2578 2114 2645 gratiis
2156 2576 2304 2632 humi
2330 2587 2626 2646 reptamus,
2649 2593 2810 2634 socco
2832 2581 3000 2650 magis
3024 2581 3215 2647 idonei,
3249 2600 3412 2654 quam

1823 2668 2110 2739 cothurno,
2146 2678 2426 2740 postquam
2455 2670 2699 2726 facundia
2728 2688 2814 2727 res
2842 2689 2962 2730 esse
2986 2677 3149 2746 cmpit
3180 2677 3410 2748 imperii.

1821 2761 1982 2830 Nam,
2011 2762 2153 2834 quod
2178 2763 2364 2828 sciam,
2393 2764 2561 2819 mnsis
2580 2764 2633 2820 in
2657 2766 2857 2835 palatio
2887 2767 3024 2834 loca,
3055 2769 3215 2825 lautia
3241 2781 3294 2827 tu
3319 2773 3416 2828 dcc

1824 2853 1951 2910 disti
1976 2873 1989 2908 :
2022 2871 2140 2926 qua:
2166 2871 2253 2910 res
2281 2870 2540 2926 prospere
2570 2866 2743 2913 vertat
2762 2859 2915 2913 vobis
2944 2872 3248 2933 vestraeque
3297 2867 3414 2935 pie-

1825 2949 1942 3015 tati,
1965 2948 2087 3019 quia
2117 2948 2310 3005 fastum
2340 2957 2398 3005 et
2423 2950 2616 3017 otium,
2654 2949 2884 3008 fortuna
2913 2954 3220 3022 grandioris
3257 2958 3410 3028 vitia,

1825 3045 1959 3100 nihil
1991 3047 2299 3102 moramini.
2345 3046 2473 3101 Mihi
2501 3046 2635 3101 satis
2660 3046 2850 3102 salutis
2897 3056 2980 3104 est
3021 3066 3142 3105 cum
3196 3053 3410 3112 valetis.

1824 3137 2078 3194 Felicitas
2099 3148 2224 3194 voto
2251 3139 2464 3210 publico
2488 3151 2710 3196 exorata
2751 3143 3047 3212 praestabit,
3083 3154 3139 3200 ut
3173 3146 3412 3204 clemen-

1829 3231 1914 3287 tia:
1943 3243 2162 3299 vestrae,
2189 3240 2386 3303 quanta
2413 3239 2497 3288 est
2526 3232 2787 3290 reddendi
2816 3235 3082 3303 voluntas,
3112 3246 3256 3294 tanta
3281 3254 3412 3310 sup-

145 3306 227 3401 gor
250 3336 401 3405 igitur
437 3306 679 3406 partibus
706 3306 862 3401 meis,
901 3343 957 3390 et
996 3343 1047 3389 te
1078 3306 1415 3388 familiariter
1455 3348 1584 3403 rogo
1635 3341 1713 3400 ut,
1744 3306 1792 3372 ο
1823 3327 2138 3398 petatcopia
2169 3327 2397 3398 negotiis
2430 3327 2835 3396 promovendis.

147 3427 316 3482 auditis
339 3428 636 3484 infelicium
667 3429 1155 3498 deplorationibus,
1209 3429 1260 3481 in
1311 3443 1429 3482 eam
1484 3437 1715 3498 partem,

151 3536 258 3590 qua
283 3533 356 3578 est
377 3523 492 3594 juri
522 3533 575 3578 et
605 3523 934 3579 miserationi
965 3525 1156 3587 amica,
1199 3521 1485 3578 movearis.
1513 3521 1662 3578 Vale.

697 3617 912 3674 EPIST.
953 3615 1137 3672 XVIII.

716 3725 1044 3767 SVHIACIIUS.
1055 3751 1070 3766 ο
1081 3749 1116 3766 ,ο
1129 3753 1142 3768 ο

209 3803 372 3861 Prima
401 3806 679 3864 scribendi
719 3822 876 3862 causa
919 3817 1001 3862 est
1037 3816 1094 3862 ut
1135 3806 1599 3864 honorificentiam
1626 3823 1716 3865 sa-

140 3897 390 3956 lutationis
416 3901 732 3957 exhibeam.
762 3899 1034 3967 Secunda,
1064 3913 1119 3957 ut
1142 3902 1416 3972 probatam
1432 3903 1563 3958 mihi
1594 3918 1712 3959 mo-

136 3991 339 4049 destiam
401 4005 549 4049 tuam
597 3994 739 4064 justa
791 3993 1048 4064 petitione
1098 3995 1437 4051 conveniam.
1487 3995 1714 4051 I'lurimi

136 4085 262 4140 enim
294 4086 358 4143 de
383 4086 588 4142 familia
617 4086 808 4141 domus
835 4101 967 4142 meae
993 4101 1089 4157 per
1116 4087 1296 4158 fugam
1320 4087 1512 4158 elapsi,
1543 4088 1593 4142 in
1629 4088 1713 4144 his

134 4177 272 4247 locis,
320 4197 444 4252 qua;
493 4180 586 4234 tibi
629 4179 963 4235 contermina
1008 4189 1166 4247 sunt,
1212 4179 1554 4249 delitescunt,
1589 4183 1709 4250 hos,

134 4273 309 4328 auditis
336 4274 755 4345 allegationibus
785 4275 1147 4344 procuratoris
1177 4276 1306 4343 mei,
1337 4292 1520 4347 quaeso
1551 4277 1714 4333 resti-

133 4371 254 4420 tuas.
286 4363 558 4421 Convenit
586 4365 726 4420 enim
759 4365 863 4420 tuis
892 4366 1130 4422 moribus
1151 4376 1205 4423 et
1235 4367 1486 4424 amicitiae.
1511 4379 1710 4426 nostra

132 4460 632 4528 contemplationem
661 4474 873 4530 gerere,
905 4468 960 4516 et
996 4460 1178 4517 servili
1233 4460 1489 4534 nequitia:
1514 4476 1710 4533 negare

133 4548 442 4620 perfugium.
476 4549 631 4606 Vale.

708 4643 924 4700 EPIST.
974 4643 1128 4700 XIX.

695 4753 1129 4796 SVBHIACIIUS..."

193 4829 480 4901 Postquam
511 4829 581 4886 de
619 4831 756 4886 freto
778 4832 958 4888 Siculo
985 4833 1188 4889 litteras
1234 4843 1351 4890 tuas
1389 4835 1614 4907 sumpsi,
1645 4837 1710 4892 ad

128 4934 297 4979 curam
331 4923 724 4980 vicissitudinis
751 4925 1026 4991 incitatus,
1073 4925 1304 4982 salutem
1356 4929 1484 4982 mihi
1524 4929 1712 4984 nuntio

131 5018 440 5083 secuudare,
477 5017 569 5072 tibi
603 5026 730 5088 Opto
763 5029 1076 5089 suppetere.
1113 5019 1317 5075 Dehinc
1347 5021 1415 5076 de
1449 5032 1710 5091 apparatu

128 5119 312 5166 nostra:
336 5112 598 5167 editionis
624 5113 910 5176 admoneo.
932 5115 1176 5184 quamvis
1205 5115 1484 5185 religiosus
1501 5117 1712 5173 animus

128 5205 445 5259 monitorem
469 5205 697 5260 alterum
724 5223 832 5260 non
863 5209 1119 5277 requirat.
1153 5209 1270 5264 Prae
1300 5211 1510 5266 caeteris
1534 5221 1713 5266 autem

126 5311 231 5365 qua:
261 5298 508 5353 Romana
553 5303 863 5370 spectacula
889 5302 1222 5367 desiderant,
1255 5304 1557 5359 crocodilos
1590 5309 1713 5360 fun-

126 5391 220 5444 ctio
244 5393 530 5447 theatralis
551 5392 829 5465 efflagitat.
868 5395 942 5451 De
966 5397 1160 5466 quibus
1183 5397 1342 5453 fidam
1369 5409 1514 5454 tuam
1550 5415 1714 5468 spon-

126 5484 320 5541 sionem
353 5496 550 5543 teneo:
583 5487 669 5543 cui
697 5488 870 5545 facilis
898 5492 1156 5548 succedet
1199 5494 1443 5561 etl'ecuts,
1472 5495 1514 5549 si
1546 5510 1714 5565 pecu-

126 5573 315 5634 liariter
347 5580 409 5636 in
441 5595 552 5636 rem
585 5579 778 5638 missos
808 5581 1048 5654 suffragii
1115 5585 1188 5641 tui
1230 5585 1380 5642 nisus
1421 5585 1702 5657 adjuverit.

128 5661 273 5727 Vale.

732 5724 948 5830 nptsr.
983 5770 1099 5828 xx.

700 5879 1126 5925 SVIMACIIUS.....

189 5947 386 6012 “lares
419 5953 489 6010 de
517 5957 773 6014 Dalmatia
803 5976 955 6016 ursos
975 5961 1026 6016 in
1051 5967 1363 6033 apparatum
1390 5959 1590 6019 domus
1618 5976 1716 6019 tto-
1758 6036 1762 6040 .

369 6046 645 6116 PATIOL.
694 6051 926 6115 XVIII.

2397 3419 2614 3477 EPIST.
2650 3418 2812 3475 XXII.

1892 3529 2090 3572 DOIINO
2113 3529 2505 3571 VALENTINIANO
2530 3529 2732 3571 SENPEB
2762 3531 3002 3574 AUGUSTO
3030 3532 3340 3577 SYIIIACIIUS

2357 3625 2408 3665 ν.
2451 3625 2503 3665 C.
2533 3624 2708 3667 Ρκιιρ.
2750 3627 2870 3667 υιω.

1888 3703 2081 3772 Quieto
2110 3703 2243 3758 mihi
2282 3711 2340 3759 et
2383 3703 2706 3774 jampridem
2751 3719 2782 3759 a
2823 3705 3108 3764 desideriis
3142 3709 3408 3768 honorum

1819 3805 2072 3863 remoto,
2124 3795 2504 3868 prmfecturam
2555 3797 2738 3851 multis
2792 3799 3027 3868 cupitam
3081 3812 3274 3873 sponte
3315 3804 3411 3858 tri-

1817 3893 2031 3950 buistis.
2059 3891 2173 3962 Ago
2193 3891 2397 3964 gratias
2426 3901 2505 3946 tot
2535 3891 2802 3947 bonorum
2828 3894 2968 3950 circa
2994 3910 3081 3952 me
3107 3897 3409 3967 principum

1815 3991 2097 4047 voluntati.
2152 3991 2260 4048 Sed
2312 3993 2553 4064 intelligo
2601 4003 2802 4063 quanto
2855 3985 2974 4064 plus
3029 3995 3412 4051 sollicitudinis

1817 4085 2010 4142 haheat
2029 4087 2371 4158 magistratus
2420 4089 2510 4158 qui
2535 4103 2598 4142 ex
2623 4088 2846 4156 judicio,
2877 4104 3036 4157 quam
3061 4091 3152 4160 qui
3191 4106 3257 4145 ex
3286 4106 3411 4160 gra-

1816 4177 1887 4232 tia
1920 4179 2087 4234 venit.
2114 4178 2207 4235 Ille
2233 4181 2405 4246 enim,
2437 4191 2492 4235 ut
2517 4182 2723 4235 meritis
2745 4180 2923 4248 datus,
2961 4196 3111 4252 spem
3137 4184 3217 4236 sui
3247 4182 3413 4237 debet

1816 4288 2060 4342 aequare:
2094 4273 2196 4328 iste
2229 4282 2285 4328 ut
2313 4289 2410 4344 per
2437 4273 2760 4329 beneficium
2794 4275 3080 4343 quaesitus,
3105 4290 3134 4329 a
3168 4275 3410 4346 periculo

1817 4366 2180 4436 praestationis
2205 4367 2414 4423 alienus
2442 4376 2545 4436 est,
2581 4366 2644 4422 D.
2676 4367 2987 4437 imperator.
3017 4368 3147 4436 Quis
3170 4383 3300 4439 ergo
3322 4385 3409 4424 me

1818 4459 1942 4515 huic
1971 4461 2124 4516 oneri
2157 4475 2340 4532 parem
2373 4461 2568 4516 faciet?
2604 4460 2826 4518 Scilicet
2871 4472 3049 4518 vestra
3093 4462 3410 4527 clementia,

1814 4551 1970 4623 cujus
2019 4553 2243 4610 interest
2301 4568 2371 4609 ne
2428 4561 2629 4608 temere
2683 4554 2887 4610 electus
2935 4554 3233 4610 existimer.
3280 4554 3408 4609 Mihi

1763 4637 1881 4718 '_ad
1923 4646 2309 4703 conscientiam
2358 4645 2492 4702 satis
2530 4655 2613 4701 est
2652 4662 2760 4702 non
2809 4647 3088 4703 affectasse
3138 4647 3406 4718 publicam

1735 4708 1792 4770 D

1817 4755 2022 4796 curam.
2068 4739 2186 4797 Jam
2216 4739 2388 4812 qualis
2410 4741 2653 4795 inveniar
2683 4740 2735 4795 in
2778 4757 2938 4795 manu
2972 4750 3274 4812 temporum
3302 4751 3406 4797 est.

1819 4837 1997 4893 Bonos
2023 4837 2166 4892 enim
2198 4835 2554 4906 magistratus
2576 4834 2726 4890 favor
2752 4836 3052 4906 principum
3087 4834 3233 4901 facit,
3265 4847 3409 4888 sem-

1820 4906 2024 4999 perqne
2047 4931 2114 4984 de
2164 4929 2404 4984 moribus
2435 4926 2630 4982 vestris
2675 4927 2900 4982 virtutes
2936 4927 3175 4997 judicum
3213 4923 3404 4977 fluunt.

1818 5023 1999 5079 FaCIlB
2025 5031 2082 5077 ut
2123 5038 2312 5078 omnes
2352 5022 2672 5093 intelligant,
2696 5022 2740 5076 si
2769 5021 2908 5076 forte
2935 5020 3074 5075 desit
3108 5018 3408 5074 rectoribus

1820 5118 2029 5187 integer
2056 5118 2228 5187 vigor,
2272 5116 2491 5186 etjusta
2537 5114 2884 5181 conscientia,
2919 5113 3151 5168 hominis
3196 5112 3411 5181 culpant

1825 5225 1965 5275 esse,
2001 5225 2107 5265 non
2127 5209 2332 5265 saeculi.
2364 5209 2482 5263 Non
2514 5223 2631 5263 sum
2663 5207 2775 5261 voti
2804 5204 3144 5268 immodicus,
3168 5217 3288 5257 cum
3321 5204 3408 5258 ho-

1825 5319 2014 5359 norem
2037 5318 2214 5358 meum
2246 5301 2570 5357 commendo
2617 5299 2929 5354 auctoribus
2964 5297 3094 5351 suis.
3142 5296 3410 5362 Quantum

1823 5408 1906 5453 est
1929 5397 2070 5453 enim
2093 5395 2234 5467 quod
2258 5410 2356 5465 ego
2382 5393 2585 5448 numini
2612 5401 2795 5447 vestro
2816 5405 2917 5460 ago
2945 5387 3187 5459 gratias?
3221 5387 3408 5444 Facite

1821 5501 1883 5547 ut
1917 5489 2070 5547 vobis
2100 5491 2260 5546 etiam
2289 5487 2594 5576 respublica
2625 5499 2723 5556 pro
2751 5499 2836 5538 me
2865 5493 3012 5554 grata
3041 5482 3134 5539 sit.

2401 5578 2617 5635 EPIST.
2649 5575 2840 5632 XXIII.

1825 5692 1878 5732 Ι).
1896 5690 2190 5732 τηεουοειο
2217 5688 2418 5731 εειινεη
2447 5687 2571 5728 AUC.
2599 5682 2906 5726 SYIIIACIIUS
2932 5686 2984 5724 V.
3013 5685 3064 5726 C.
3098 5686 3267 5726 PBEF.
3293 5687 3410 5727 URB.

1899 5770 2037 5824 Olim
2061 5784 2167 5836 me,
2191 5775 2248 5822 ut
2275 5782 2360 5822 res
2377 5765 2596 5833 indicat,
2626 5763 2960 5834 cognitiones
2992 5765 3226 5820 numinis
3249 5764 3412 5820 vestri

1828 5864 2068 5919 secundo
2098 5862 2280 5916 favore
2309 5858 2632 5932 respiciunt.
2664 5857 2849 5930 Neque
2877 5858 3018 5915 enim
3067 5859 3223 5914 aliter
3251 5855 3413 5924 impe~

1829 5955 2098 6016 ratoribus
2119 5955 2252 6013 nihil
2277 5964 2481 6018 temere
2508 5955 2908 6036 prastarttibus,
2940 5955 3079 6011 inter
3105 5953 3308 6020 primos
3325 5959 3415 6010 aut

3059 6040 3134 6100 12

3059 6043 3088 6100 1
