3932 6432
521 437 629 494 363
1577 401 1582 404 ’
1721 437 1784 504 Q.
1828 434 2074 492 suum

2209 419 2656 496 svumacuus.
3666 437 3747 497 3st

519 555 723 624 primus
753 566 1116 609 occurrerem.
1149 551 1354 608 Dilatus
1387 567 1516 622 ergo
1542 552 1802 608 hactenus
1834 552 1962 606 mihi
1995 567 2117 607 cum
2143 555 2193 613 Δ
2223 561 2371 608 ortus
2390 554 2672 610 Achetimo
2689 561 2840 624 patre
2865 554 3048 628 (quem
3073 553 3331 612 memoria
3351 553 3635 610 litterarum
3657 559 3748 613 Ari~

517 643 789 715 republica
814 643 1018 712 videor,
1045 658 1163 712 quae
1195 645 1282 700 ubi
1312 645 1364 700 in
1391 645 1706 716 longinquas
1740 643 1950 715 imperii
1985 659 2107 714 par-
2211 648 2391 702 stoteli
2418 663 2704 720 supparem
2746 648 2911 704 fuisse
2939 647 3254 720 consentit),
3295 648 3562 718 juventuti
3584 660 3747 708 nostra:

518 746 600 796 tes
623 737 918 808 majestatis
965 740 1172 794 vestras
1210 755 1393 794 curam
1447 741 1673 806 vocavit,
1721 740 1922 810 reperit
1961 739 2103 810 apud
2213 742 2582 812 magisterium
2631 742 2895 808 bonarum
2954 741 3150 798 artium
3219 741 3536 812 pollicetur,
3585 743 3750 802 nullum

515 847 617 890 vos
645 833 899 890 meditata
927 834 1150 905 judicia,
1172 835 1234 891 D.
1255 837 1564 906 imperator.
1592 835 1616 892 J
1627 844 1802 890 ustum
1835 843 1917 890 est
1942 834 2105 906 igitur
2211 844 2472 905 quaestum
2502 835 2854 906 professionis
2881 833 3160 902 affectans,
3192 844 3350 906 atque
3378 834 3501 890 ideo
3527 833 3694 906 dignus
3712 837 3752 894 in

515 937 575 985 ut
601 929 890 986 aeternitati
965 939 1160 984 vestrae
1210 944 1308 1000 pro
1355 929 1471 986 solo
1495 931 1723 996 honore,
1754 943 1916 999 quem
1959 913 2135 999 cepi,'
2210 926 2602 996 amplissimum
2645 925 2891 982 ordinem
2939 926 3216 996 cooptari,
3269 933 3326 982 ut.
3369 926 3600 982 animum
3639 928 3754 986 vitiis

516 1023 718 1094 gratias
759 1036 936 1091 agam.
985 1021 1279 1078 Prtefectos
1305 1037 1451 1093 saepe
1493 1022 1716 1090 fecistis,
1746 1031 1801 1077 et
1842 1023 2102 1076 immensa
2209 1019 2450 1074 avaritiae
2471 1019 2698 1075 liberum
2724 1015 2996 1090 dignitatis
3033 1017 3256 1089 praemio
3276 1033 3629 1075 muneremur.
3651 1020 3756 1077 Sunt

517 1125 678 1172 aetate
709 1115 948 1181 facietis,
981 1114 1077 1170 sed
1121 1130 1256 1185 quos
1292 1112 1581 1170 assiduitas
1610 1123 1664 1170 et
1704 1130 1830 1171 usus
1859 1116 2103 1186 ingesse-
2211 1112 2369 1181 hujus
2392 1113 2468 1168 rei
2500 1111 2749 1184 exempla
2780 1114 2979 1170 nobilia
3006 1155 3020 1182 ,
3065 1129 3186 1185 quae
3223 1113 3459 1185 prudens
3513 1115 3754 1172 aemuletur

515 1208 607 1264 rit.
636 1208 720 1263 Me
741 1206 942 1262 dudum
991 1207 1427 1278 proconsularem
1478 1207 1651 1262 virum
1683 1206 1963 1262 cedentem
1991 1205 2102 1275 jam
2209 1205 2456 1262 imitatio.
2491 1207 2623 1263 Nam
2644 1220 2699 1265 et
2726 1209 3062 1266 Carneadem
3083 1206 3436 1280 Cyrenaeam,
3480 1219 3534 1268 et
3572 1209 3757 1266 Poenum

514 1303 605 1358 ditt
647 1303 943 1373 potentium
999 1300 1275 1367 moribus,
1313 1309 1439 1357 ante
1489 1315 1685 1372 capere
1733 1298 2103 1370 magistratum
2209 1301 2617 1372 Clytomaclium
2674 1301 3021 1358 Atheniensis
3069 1302 3219 1360 curia
3273 1304 3531 1358 societate
3584 1301 3758 1372 dignata

513 1413 674 1469 quam
697 1408 1012 1468 exspectare
1037 1398 1306 1454 voluistis.
1336 1397 1490 1454 Nunc
1525 1412 1620 1453 vos
1651 1413 1768 1466 oro,
1803 1406 1966 1468 atque
2007 1396 2104 1452 ob-
2209 1402 2291 1447 εει
2323 1411 2336 1444 :
2372 1393 2553 1448 itidem
2579 1404 2634 1448 ut
2655 1392 2973 1459 Zaleucum,
3009 1393 3186 1464 legum
3226 1393 3578 1450 Lucrensium
3618 1394 3758 1450 condi-

513 1507 668 1548 secro
713 1502 768 1547 ut
801 1493 987 1550 favore
1027 1503 1288 1564 perpetuo
1346 1493 1544 1549 factum
1590 1503 1828 1548 vestrum
1880 1492 2098 1563 juvetis.
2211 1493 2402 1549 torem.
2433 1484 2654 1540 civitate
2681 1485 2966 1542 donarunt.
3013 1485 3236 1556 Dignum
3268 1493 3353 1542 est
3391 1485 3551 1556 igitur
3577 1486 3755 1541 aeterni-

513 1584 760 1640 Amabile
781 1594 861 1640 est
892 1599 1126 1655 pr.ressc
1170 1585 1412 1652 civibus,
1465 1584 1561 1640 sed
1611 1584 1827 1656 placere
1859 1583 2066 1639 difficile

2211 1583 2318 1630 tate
2348 1575 2584 1630 numinis
2610 1579 2795 1643 vestri,
2823 1576 3061 1641 Celsum,
3098 1593 3314 1648 genere,
3350 1575 3663 1641 eruditione,
3688 1592 3757 1632 vo-

512 1673 736 1730 Multum
762 1675 904 1730 enim
931 1684 983 1729 et
1014 1676 1154 1731 inter
1181 1677 1426 1747 cognitos
1453 1690 1664 1746 semper
1693 1677 1827 1732 dura
1853 1686 2106 1731 coustan-
2210 1669 2416 1724 lunlate
2472 1669 2829 1737 laudabilem,
2887 1670 3197 1740 adjudicare
3252 1670 3528 1727 nobilibus
3577 1673 3756 1740 pignore

509 1769 580 1821 tia
605 1774 708 1822 est.
741 1767 880 1835 Quid
908 1767 1051 1839 quod
1083 1769 1409 1839 plerumque
1438 1769 1642 1839 evenit,
1665 1778 1725 1824 ut
1754 1769 1917 1841 aliqui
1939 1769 2104 1841 longo
2209 1763 2502 1834 dignitatis,
2525 1780 2645 1819 cum
2664 1766 3014 1836 praerogativa
3037 1765 3238 1821 scilicet
3254 1765 3546 1831 consulari,
3570 1781 3630 1820 ne
3647 1781 3762 1820 sutu-

506 1858 762 1929 potentiae
789 1876 908 1928 usu,
932 1861 1042 1931 jam
1072 1861 1315 1916 nesciant
1337 1861 1596 1918 honorem
1621 1864 1838 1918 meum?
1867 1861 1984 1918 Non
2011 1863 2104 1918 de—
2210 1865 2357 1926 ptum
2385 1856 2501 1926 eius
2530 1858 2699 1928 magis
2732 1873 2890 1930 quam
2920 1859 3289 1930 magisterium
3335 1859 3594 1932 quaesisse
3617 1858 3760 1913 videa-

508 1952 800 2022 seruerint,
840 1953 932 2024 qui
961 1953 1249 2010 dederunt.
1295 1954 1409 2026 Ego
1450 1956 1646 2023 enitar,
1681 1965 1737 2011 ut
1783 1969 1992 2028 potero,
2037 1972 2104 2014 ne
2133 1949 2184 2015 Β
2211 1965 2351 2018 mur,
2384 1965 2490 2005 non
2521 1950 2639 2006 sine
2667 1951 2915 2008 avaritia:
2943 1962 3093 2020 nota,
3125 1951 3169 2007 si
3195 1953 3263 2008 ab
3287 1968 3353 2010 eo
3384 1955 3566 2009 munia
3590 1953 3760 2026 publica

508 2046 854 2102 clementiam
886 2058 1120 2102 vestram
1148 2047 1404 2104 fefellisse
1455 2048 1523 2104 de
1555 2064 1641 2104 me
1674 2049 1820 2120 prior
1853 2049 1995 2105 fama
2026 2049 2106 2105 vi-
2212 2042 2544 2114 postulemus
2574 2045 2664 2116 qui
2689 2043 2920 2116 spondet
2945 2046 3175 2116 gratuita
3209 2056 3498 2118 praecepta.

506 2139 728 2197 deatur:
751 2141 919 2197 vestri
940 2142 1174 2198 numinis
1205 2143 1310 2198 erit
1329 2158 1669 2199 communem
1699 2158 1915 2200 causam
1943 2144 2102 2200 tueri.
2788 2159 3006 2216 Epigr.
3044 2160 3237 2218 xxv].

509 2232 644 2288 Nam
668 2234 724 2289 in
751 2233 907 2290 bonis
940 2236 1343 2306 magistratibus
1369 2236 1626 2306 majorem
1651 2237 1882 2310 gloriam
1911 2253 2059 2310 quaer

2245 2267 2330 2305 DD.
2357 2265 2653 2328 THEODOSIO
2693 2268 2761 2307 ΕΤ
2791 2266 3020 2309 Αιιαωιο
3049 2268 3254 2309 εειιιιειι
3299 2269 3426 2311 AUC.
3457 2268 3729 2311 SXIIACHUS

512 2335 821 2398 temporum
856 2328 994 2383 fama
1024 2343 1182 2399 quam
1201 2327 1441 2399 judicum
2520 2327 2525 2328 “
2753 2339 2804 2377 v.
2838 2340 2886 2379 c.
2917 2340 3089 2380 ριιειν.
3123 2340 3244 2380 una.

1049 2441 1265 2497 ΕΡιδΤ,
1307 2441 1500 2498 XXIV.
2280 2416 2552 2488 Praecipua
2573 2416 2788 2488 quidem
2815 2418 3073 2476 beneﬁcia
3099 2421 3334 2477 numinis
3365 2423 3531 2478 vestri
3560 2423 3752 2495 populus

568 2554 618 2593 0.
652 2551 948 2595 τιιεοῡοειο
975 2550 1180 2594 ΒΕΙΡΕΒ
1206 2553 1330 2594 AUC.
1361 2551 1672 2596 SYHIACHUB
1699 2554 1752 2593 ν.
1787 2552 1840 2594 C.
1873 2553 2043 2594 PMP.

2207 2508 2483 2568 Romanus
2521 2521 2820 2584 exspectat,
2864 2513 2971 2568 DD.
3014 2514 3388 2585 imperatores.
3433 2514 3540 2572 Sed
3583 2531 3642 2570 ea
3674 2515 3759 2586 jam

1245 2625 1364 2664 una.
1679 2681 1707 2699 ἦ
2206 2609 2358 2676 quasi
2393 2607 2572 2664 debita
2616 2607 2845 2680 repetit,
2900 2624 3020 2679 quae
3068 2610 3342 2666 aeternitas
3393 2621 3570 2667 vestra
3609 2620 3762 2680 sponte

576 2701 733 2771 Quod
782 2701 925 2774 apud
962 2717 1280 2775 germanum
1323 2701 1625 2760 clementia:
1679 2711 1869 2760 vestra:
1918 2701 2101 2759 divum
2208 2701 2451 2771 promisit
2482 2721 2495 2757 :
2527 2717 2636 2758 non
2662 2703 2807 2774 quod
2831 2702 2932 2759 sibi
2963 2703 3244 2760 tribuenda
3274 2704 3486 2762 diffidat
3515 2707 3760 2778 (nusquam

508 2807 812 2878 principem
843 2820 952 2861 non
977 2805 1284 2873 sileremus,
1315 2803 1359 2861 si
1387 2819 1453 2860 eo
1487 2817 1574 2859 res
1608 2802 1848 2860 Romana
1894 2801 2100 2858 fruere-
2207 2795 2352 2850 enim
2395 2795 2568 2866 major
2598 2810 2723 2863 spes
2765 2807 2852 2852 est
2883 2813 3044 2868 quam
3087 2797 3141 2852 in
3185 2797 3454 2855 bonorum
3504 2799 3762 2869 principum

503 2909 611 2966 tur,
637 2897 953 2955 custodibus
980 2897 1138 2954 famae
1168 2898 1286 2969 ejus
1313 2896 1529 2953 insinuo
1553 2913 1570 2951 :
1591 2912 1656 2953 ea
1673 2894 2102 2964 devotione,qua
2210 2889 2562 2961 sponsione),
2599 2906 2784 2947 verum
2818 2907 2885 2948 ne
2929 2893 3268 2950 existimetur
3301 2895 3484 2952 oblata
3529 2895 3764 2951 fastidiose

503 2989 822 3060 praefectum
851 2999 1092 3047 vestrum
1120 2989 1276 3046 decet
1309 2988 1470 3045 fidem
1496 2987 1755 3061 praeferre
1793 2985 2099 3055 blanditiis,
2206 2997 2448 3053 sperare,
2477 2984 2580 3039 nisi
2612 2985 2874 3041 instanter
2902 2988 3161 3058 exegerit.
3209 2989 3338 3044 Orat
3377 2989 3543 3061 igitur
3570 2989 3764 3045 clemen-

501 3085 566 3140 1),
593 3086 907 3156 imperator,
942 3085 1102 3142 Falso
1132 3085 1398 3142 creditum
1423 3094 1507 3141 est
1533 3083 1678 3158 quod
1707 3084 1928 3140 urbanae
1955 3083 2103 3140 fasti-
2209 3075 2334 3129 tiam
2363 3086 2594 3132 vestram
2622 3086 2679 3133 ut
2711 3089 2828 3148 post
2859 3077 2945 3134 illa
2982 3079 3240 3148 subsidia,
3273 3097 3395 3153 qua:
3427 3083 3588 3140 victui
3611 3091 3764 3139 nostro

501 3178 648 3248 gium
691 3180 977 3249 potestatis
1018 3179 1287 3252 peregrini
1334 3195 1398 3235 ac
1446 3179 1662 3251 superbi
1700 3179 1933 3237 vehiculi
1973 3195 2054 3236 ust

2212 3167 2422 3238 largitas
2454 3178 2631 3224 vestra
2669 3171 2968 3242 praestabit,
3019 3174 3180 3229 etiam
3211 3173 3429 3231 curules
3463 3191 3526 3231 ac
3563 3172 3765 3232 scenicos

503 3271 794 3328 attolleret.
820 3273 946 3328 Haec
966 3274 1109 3329 enim
1132 3275 1269 3329 ratio
1296 3273 1410 3329 sola
1441 3289 1638 3328 novum
1661 3282 1916 3330 statutum
1947 3275 2100 3329 beni-
2205 3263 2509 3334 VOIUPlaleS
2531 3263 2677 3319 Circo
2707 3277 2759 3322 el
2783 3266 3126 3336 Pompeianae
3153 3281 3333 3323 cavea:
3365 3270 3672 3341 suggeratis.
3696 3267 3765 3321 llis

502 3379 609 3434 gno
637 3372 766 3420 tunc
803 3367 1072 3435 persuasit
1110 3367 1345 3436 ingenio,
1383 3374 1441 3421 ut
1463 3374 1704 3424 veterem
1731 3368 2098 3438 magistratum
2126 3345 2174 3414 C
2207 3357 2350 3411 enim
2373 3357 2568 3428 gaudet
2591 3357 2790 3413 urbana
2819 3359 3025 3427 laetitia,
3051 3361 3206 3432 cujus
3231 3361 3562 3420 desiderium
3591 3361 3763 3433 pollici-

503 3455 655 3511 dives
683 3471 876 3526 pompa
903 3467 1161 3528 gestaret.
1192 3457 1431 3514 Recusat
1458 3458 1760 3514 istiusmodi
1800 3459 1964 3515 decus
2003 3463 2099 3513 ho-
2210 3452 2411 3508 tatione
2468 3453 2738 3509 movistis.
2773 3454 3169 3527 Exspectantur
3202 3460 3446 3528 quotidie
3487 3461 3652 3516 nuntii
3696 3457 3765 3527 qui

507 3562 611 3603 nor
641 3547 854 3603 sobrius
881 3565 1041 3620 quem
1070 3566 1344 3621 nunquam
1377 3551 1604 3625 pmnitet
1625 3550 1729 3607 sui.
1753 3549 1854 3606 cui
1880 3550 1925 3606 si
1971 3550 2099 3621 quid
2207 3544 2566 3616 propinquare
2590 3546 2707 3602 urbi
2732 3564 2955 3604 munera
2984 3550 3248 3619 promis’sa
3269 3553 3610 3610 confirment.
3633 3551 3764 3608 Auri-

503 3641 739 3711 patimur
769 3642 1052 3710 accedere,
1085 3643 1315 3700 fatemur
1343 3643 1601 3700 hactenus
1631 3643 1886 3701 defuisse.
1919 3646 2101 3716 itaque
2207 3651 2394 3706 Garum
2416 3646 2473 3693 ει
2499 3652 2762 3709 equorum
2795 3639 2932 3694 fama
2963 3640 3262 3713 COIIigilllr:
3291 3659 3456 3700 omne
3473 3645 3762 3707 vehiculum.

503 3735 646 3792 oculi
669 3735 905 3792 civitatis
925 3747 1173 3808 quaerunt
1203 3739 1396 3810 privati
1427 3739 1655 3795 vehiculi
1703 3739 1938 3794 nobilem
1981 3756 2098 3795 mo.
2208 3746 2365 3786 omne
2396 3733 2663 3803 navigium
2688 3732 2934 3789 scenicos
2959 3734 3194 3791 artifices
3233 3735 3518 3794 advexisse
3540 3738 3760 3809 jactatur.

503 3829 664 3898 dum,
695 3840 749 3886 et
777 3830 1100 3903 degenerem
1144 3834 1519 3903 praefecturam
1554 3833 1782 3904 populus
1829 3832 2100 3888 Romanus
2210 3825 2276 3880 Et
2305 3833 2481 3882 tamen
2516 3842 2670 3882 amor
2717 3829 3070 3898 perennitatis
3110 3841 3303 3887 vestrae
3341 3833 3489 3890 acuit
3533 3829 3766 3889 desideria

503 3921 796 3989 existimat,
831 3941 948 3995 qua:
991 3926 1295 3997 posteriora
1327 3927 1492 3982 traxit
1530 3925 1804 3998 exempla.
1850 3925 2010 3981 Absit
2046 3933 2103 3981 ιιι
2207 3918 2402 3988 plebis,
2435 3935 2542 3977 non
2573 3921 2840 3991 cupiditas
2862 3921 3360 3981 ludicrorttm.Date
3395 3925 3558 3996 igitur
3583 3921 3766 3981 inierim

500 4014 812 4072 moderator
833 4017 986 4074 urbis
1015 4017 1221 4088 liberae,
1247 4028 1410 4086 atque
1438 4018 1576 4075 adeo
1601 4019 1830 4085 devotae,
1849 4027 2099 4089 tanquam
2207 4029 2324 4085 quae
2354 4023 2625 4084 petuntur,
2652 4027 2707 4072 ut
2732 4017 2804 4090 sit
2824 4017 2976 4073 locus
2999 4019 3230 4086 caeteris,
3264 4035 3384 4092 quae
3412 4021 3539 4080 sine
3567 4021 3665 4076 fine
3691 4015 3767 4072 tri-

500 4106 823 4165 Salmoneus
848 4109 986 4165 alius
1021 4110 1327 4167 invehatur.
1367 4110 1509 4166 Nihil
1561 4126 1835 4168 moramur
1878 4117 2101 4166 externa
2206 4106 2404 4164 buetis.

501 4201 779 4261 miracula.
836 4201 1237 4261 lrritamentum
1267 4204 1534 4276 superbiae
1565 4204 1736 4260 Roma
1773 4211 1954 4260 vestra
1993 4219 2102 4261 non
2783 4202 3000 4260 EPIST.
3041 4201 3258 4262 XXVII.

501 4296 730 4364 patitur,
774 4311 981 4354 memor
1027 4300 1234 4356 scilicet
1279 4301 1545 4356 bonorum
1597 4307 1909 4370 parentum,
1967 4313 2103 4370 quos
2244 4312 2330 4351 nn.
2368 4310 2661 4352 resonosto
2687 4312 2752 4350 [ιτ
2785 4312 3010 4351 Αιιεωιο
3039 4311 3248 4354 seuseu
3292 4315 3414 4357 suo.
3452 4310 3738 4358 εῑιιιιλοιιεε

501 4386 780 4457 Tarquinii
822 4391 990 4446 fastus
1037 4401 1093 4448 et
1135 4393 1303 4461 ipsius
1351 4391 1562 4447 Camilli
1612 4375 1806 4448 curius
1855 4391 2097 4448 offendit.
2319 4396 2332 4408 '
2811 4383 3014 4429 περ.
3046 4385 3164 4425 URB-

501 4476 636 4533 Nam
666 4487 817 4536 tanto
836 4481 913 4537 illi
939 4483 1059 4538 viro
1085 4485 1332 4540 albentes
1362 4483 1638 4554 quadriga:
1666 4485 1919 4539 exsilium
1949 4486 2102 4540 triste
2280 4481 2561 4548 Calendas,
2599 4482 2722 4536 anni
2755 4481 3023 4552 auspices,
3065 4482 3260 4553 quibus
3301 4485 3570 4541 mensium
3613 4495 3766 4540 recur-

500 4581 843 4640 pepererunt.
917 4573 1179 4630 Submisit
1248 4575 1528 4632 Publicola
1599 4576 1847 4631 concioni
1904 4577 2100 4632 civium
2182 4621 2189 4625 μ
2208 4592 2300 4631 sus
2328 4577 2587 4645 aperitur,
2620 4576 2990 4646 impertiendis
3018 4578 3216 4633 strenis
3241 4577 3442 4634 dicavit
3472 4577 3764 4648 antiquitas,

503 4662 842 4718 consularem
868 4679 1135 4734 securem,
1169 4675 1223 4723 et
1273 4666 1495 4723 honoris
1530 4668 1613 4723 sui
1639 4669 1853 4723 culmen
1886 4668 2103 4739 infregit
2210 4671 2324 4727 DD.
2351 4672 2726 4741 imperatores.
2751 4669 2921 4739 Hujus
2944 4671 3174 4728 instituti
3217 4688 3370 4729 usum
3415 4667 3766 4729 munificentiae

413 4797 424 4805 .
500 4762 560 4809 ut
586 4753 888 4811 libertatem
917 4757 1152 4813 civitatis
1194 4758 1452 4828 erigeret.
1481 4759 1623 4830 Ergo
1650 4758 1894 4814 moribus
1924 4759 2100 4828 potius
2125 4747 2182 4809 D
2206 4762 2545 4819 festinatione
2564 4762 3096 4832 prmvertitis,seram
3121 4776 3370 4835 putantes
3393 4764 3764 4824 liberalitatem,

500 4863 662 4919 quam
688 4851 988 4922 insignibus
1031 4838 1404 4910 aestimentur;
1431 4854 1548 4910 Non
1586 4855 1865 4926 culpamus
1901 4871 2097 4912 novum
2207 4872 2326 4929 qua:
2355 4857 2509 4911 statis
2541 4855 2869 4925 temporibus
2896 4855 3238 4912 admovetur.
3291 4857 3445 4913 Felix
3487 4852 3764 4912 mehercule

504 4940 856 5012 beneficium,
888 4946 982 5002 sed
1009 4946 1151 5002 bona
1171 4957 1355 5003 vetera
1377 4946 1740 5016 praeferimus.
1773 4948 2099 5006 Submovete
2205 4952 2486 5017 saeculum,
2516 4966 2622 5023 quo
2652 4950 2919 5022 principes
2955 4949 3212 5007 cohibere
3258 4952 3347 5007 diu
3398 4953 3642 5008 nesciunt
3690 4946 3767 5001 tri-

501 5036 807 5094 vehiculum
829 5039 983 5111 cujus
1014 5040 1192 5097 cultus
1218 5041 1483 5112 insignior
1514 5051 1598 5098 est
1624 5059 1638 5096 :
1672 5042 1802 5099 illud
1833 5045 2099 5100 malumus
2205 5042 2416 5098 buenda
2444 5041 2511 5097 de
2543 5042 2698 5108 votis,
2722 5057 2842 5096 cum
2869 5041 2971 5096 sibi
3010 5041 3192 5097 debita
3237 5053 3563 5098 cunctentur
3604 5039 3766 5108 exige.

499 5131 654 5203 cujus
678 5145 805 5190 usus
832 5133 1125 5205 antiquior.
1270 5205 1278 5211 .
2203 5153 2284 5193 re.
2318 5135 2454 5203 Quid
2478 5151 2605 5206 ergo
2635 5135 2887 5205 primum,
2920 5135 3049 5205 quid
3078 5136 3419 5205 potissimum
3463 5127 3767 5208 praedicem?

1079 5225 1296 5285 EPIST.
1340 5228 1507 5284 XXV.
2205 5232 2585 5300 Promptamne
2614 5228 2849 5283 numinis
2880 5227 3062 5296 vestri,
3091 5237 3146 5284 et
3188 5228 3422 5286 celerem
3465 5228 3766 5298 largitatem,

570 5333 624 5375 ιι.
660 5333 957 5377 rneooosro
985 5334 1189 5377 seuseu
1212 5338 1333 5377 auc.
1377 5337 1690 5382 sruuxcuus
1736 5341 1788 5380 v.
1826 5342 1879 5382 c.
1920 5343 2093 5382 rem.
2205 5339 2274 5379 an
2299 5324 2443 5378 circa
2463 5323 2711 5378 absentes
2741 5335 3037 5378 memorem
3061 5320 3422 5393 diligentiam,
3445 5337 3511 5376 an
3535 5317 3670 5390 quod
3698 5328 3768 5369 sa-

1239 5409 1362 5451 nna.
2205 5434 2357 5476 crum
2380 5432 2573 5473 munus
2590 5415 2812 5470 auxistis
2829 5413 3034 5469 honore
3050 5414 3375 5470 verborum?
3397 5413 3601 5475 Dicam.
3620 5417 3671 5464 ut
3699 5417 3769 5461 res

575 5506 721 5562 Inter
750 5507 1018 5578 praecipua
1048 5509 1384 5580 negotiorum
1434 5527 1582 5583 saepe
1631 5520 1876 5569 curatum
1915 5522 1997 5568 est
2043 5521 2099 5568 ut
2206 5518 2311 5578 est,
2342 5524 2560 5566 curasse
2581 5506 3171 5564 clementiamvestram
3207 5514 3287 5574 ut,
3317 5514 3572 5578 tanquam
3601 5511 3762 5558 coram

505 5598 816 5654 erudiendis
846 5599 1114 5658 nobilibus
1141 5602 1447 5675 phi1050phi
1473 5614 1834 5678 praeceptores
1862 5621 1929 5661 ex
1959 5607 2096 5661 Atti-
2208 5606 2440 5673 locatus,
2465 5611 2522 5660 et
2550 5601 2799 5671 alloquiis
2833 5598 3131 5669 principum
3164 5601 3370 5657 fruerer
3398 5611 3451 5656 et
3487 5604 3700 5670 augusta
3723 5591 3766 5646 in

502 5707 568 5749 ca
596 5704 967 5764 poscerentur.
1022 5696 1204 5769 itaque
1253 5701 1541 5755 nonnullos
1581 5699 1673 5769 jus
1707 5709 1764 5755 et
1802 5699 2094 5755 auctoritas
2206 5696 2340 5767 ipsis
2373 5696 2530 5750 donis
2569 5708 2662 5750 ora
2709 5691 3042 5749 venerarer.'
3068 5691 3297 5760 Quando
3346 5692 3479 5747 mihi
3517 5689 3767 5755 continget

499 5785 716 5857 publica
741 5787 795 5844 in
821 5803 975 5846 usum
1000 5801 1199 5846 nostrae
1222 5792 1371 5848 urbis
1393 5791 1622 5862 accepit,
1665 5787 1731 5845 D.
1779 5788 2092 5860 imperator.
2207 5803 2466 5860 expressa
2522 5788 2702 5859 potius
2743 5795 2801 5844 et
2842 5785 2960 5843 viva
2995 5789 3188 5860 gaudia
3243 5802 3439 5860 capere
3482 5788 3549 5844 de
3594 5777 3766 5839 vobis?

501 5874 656 5936 Nunc
687 5882 854 5937 vestri
893 5881 1078 5939 saeculi
1104 5881 1316 5939 bonitas
1347 5883 1490 5938 uitro
1530 5883 1845 5952 optimatem
1884 5883 2100 5954 sapien-
2207 5883 2472 5950 Quantum
2511 5880 2710 5936 veritas
2731 5887 2814 5934 est
2839 5878 3062 5948 bonum,
3093 5880 3250 5952 cujus
3275 5880 3488 5951 species
3511 5887 3566 5938 et
3610 5876 3764 5941 imago

503 5964 598 6031 ιι-
623 5969 876 6032 Romanis
905 5973 1197 6046 gymnasiis
1228 5974 1497 6044 arrogavit
1527 5990 1542 6028 :
1577 5975 1841 6045 siquidem
1862 5974 2046 6033 Celsus
2073 6014 2094 6045 ,
2207 5970 2468 6028 mirabilis
2492 5971 2600 6028 est!
2646 5970 2759 6040 Ago
2795 5969 2955 6041 igitur
3003 5979 3166 6041 atque
3216 5969 3390 6030 habeo
3444 5967 3680 6047 gratias.
3721 5963 3767 6016 ei
