3932 6456
149 441 250 502 365

1388 431 1866 499 EPISTOLARUM
1905 439 2114 496 LIBER
2152 439 2218 496 X.

3315 458 3423 517 366

151 570 309 614 meam
332 531 527 623 vicem,
549 555 640 626 qui
668 553 929 612 solvendo
949 566 1048 626 par
1077 569 1184 611 non
1213 571 1357 625 sum,
1379 557 1722 626 cmlestibus,
1750 559 1806 624 Α
1830 557 2000 614 Roma
2031 557 2360 631 quaesiverit.
2392 559 2714 635 Recepimus
2741 577 2942 627 veteris
2964 578 3327 645 praerogativa:
3353 583 3420 637 fi-
3472 542 3514 581 ’ῤ’

152 661 206 708 ιιι
245 665 318 706 sc.
351 650 423 705 dii
446 664 543 721 pro
566 665 652 706 me
680 651 895 706 solvant
921 651 1067 721 quod
1091 666 1189 722 ego
1219 667 1326 706 non
1357 669 1477 708 sum
1509 654 1728 710 solven-

147 744 272 818 do.(
302 742 434 800 Vide
460 743 652 800 Senec.
698 744 796 800 lib.
823 761 877 799 tv
898 744 966 800 de
988 744 1172 800 Benef.
1200 760 1320 817 cap.
1355 747 1416 802 ll
1454 764 1470 815 ;
1520 757 1575 803 et
1603 757 1728 805 nota

87 895 92 905 ,
148 854 287 894 usum
316 838 466 895 verbi
516 838 808 911 [πίεσαι-ε.)
863 839 1063 911 Delego
1095 841 1388 898 virtutibus
1417 883 1434 898 .
1478 842 1584 898 illa:
1611 843 1728 901 cle-

87 990 91 994 ,
146 932 390 988 mentiam
439 940 672 988 vestram
715 932 892 1004 dignis
930 933 1277 1003 processibus
1320 945 1673 992 munerentur
1703 953 1722 992 :

150 1043 238 1082 nos
254 1026 508 1093 colimus,
539 1037 641 1084 nos
665 1042 944 1092 amamus;
973 1028 1118 1098 quod
1151 1027 1301 1086 scitis
1341 1030 1597 1086 omnibus
1632 1045 1723 1087 re-

154 1121 244 1177 bus
279 1136 407 1178 esse
436 1121 812 1192 praestantius;
845 1121 934 1191 qui
965 1121 1088 1176 ideo
1135 1119 1448 1180 salutariter
1472 1124 1722 1194 rempub.

149 1212 343 1285 regitis,
371 1223 431 1269 ut
459 1213 573 1270 haec
599 1213 712 1269 sola
733 1213 1075 1269 mereamini.

676 1329 895 1386 EPIST.
938 1329 1174 1386 XXVIII.

187 1438 262 1477 DD.
282 1435 587 1478 τιιιιοιιῡςιο
612 1435 681 1477 B‘I‘
705 1437 932 1478 Διιοιιοιο
957 1438 1164 1478 εειρει
1198 1439 1320 1481 Αυο.
1361 1440 1672 1482 δῐιιλαιιυδ

663 1510 715 1548 ν.
739 1511 790 1550 C.
823 1511 994 1550 ΡΒΕΙ.
1025 1511 1148 1550 URB.

195 1586 446 1642 Omnium
478 1585 882 1654 beneficiorum,
919 1603 1040 1658 quae
1073 1588 1260 1644 tribuit
1299 1591 1476 1659 potior
1507 1589 1722 1646 fortuna

138 1678 412 1750 subjectis,
431 1690 580 1736 certa
604 1688 734 1736 sunt
752 1691 1013 1751 tempora,
1038 1679 1149 1739 DD.
1175 1681 1552 1752 imperatores.
1581 1683 1724 1742 Sola:

137 1775 288 1844 leges,
330 1790 452 1846 quae
480 1776 535 1831 in
563 1775 761 1832 bonum
783 1791 1071 1834 commune
1103 1778 1720 1850 procedunt,nunquam

135 1869 402 1938 patiuntur
423 1884 712 1928 occasum“
731 1872 856 1944 Agit
895 1871 1093 1928 divinis
1131 1872 1504 1929 sanctionibus
1527 1871 1720 1930 vestris

1831 651 1956 709 dam
1981 654 2327 711 securitatem
2353 671 2367 711 :
2391 656 2657 729 siquidem
2686 672 2900 719 constat
2918 663 3310 734 imperantibus
3323 689 3421 730 vo-

1829 743 1936 814 bis,
1959 746 2141 816 populi
2163 761 2284 803 esse
2308 748 2559 817 Romani,
2587 753 2844 825 quidquid
2870 757 3066 828 ubique
3094 778 3418 832 generosum

1829 839 1914 896 vel
1939 841 2108 912 gignit
2139 852 2350 913 natura,
2392 846 2475 902 vel
2517 847 2770 906 informat
2798 851 3082 910 industria.
3127 857 3419 919 Enimvero

1831 932 1992 988 etiam
2019 937 2248 1004 posteris
2278 940 2554 1009 egregium
2601 943 2826 1002 dedistis
2867 952 3195 1021 exemplum.
3234 955 3420 1013 Scient

1828 1022 1989 1079 futuri
2021 1025 2097 1082 ita
2117 1028 2335 1085 demum
2364 1031 2588 1091 affluere
2620 1037 2860 1106 publicas
2892 1043 3224 1114 voluptates,
3247 1050 3291 1104 si
3323 1065 3420 1107 eas

1829 1116 2026 1187 palatia
2053 1135 2159 1176 non
2192 1125 2491 1194 requirant.
2527 1128 2639 1184 Hoc
2675 1142 2757 1187 est
2783 1136 3057 1204 specimen
3087 1140 3250 1195 animi
3281 1158 3416 1199 cou-

1829 1209 2070 1281 tinentis,
2103 1213 2207 1270 sibi
2229 1231 2429 1286 negare
2460 1221 2602 1289 quod
2628 1223 2746 1280 aliis
2777 1224 3071 1298 deferatur,
3099 1241 3154 1288 et
3173 1233 3418 1293 laetitiam

1827 1312 2146 1360 caeterorum
2179 1309 2412 1378 propriis
2435 1314 2704 1370 anteferre
2735 1317 2962 1374 solatiis.
2978 1321 3075 1378 llic
3099 1340 3225 1382 usus
3245 1327 3419 1385 bonos

1826 1393 2098 1466 principes
2120 1396 2294 1454 decet.
2329 1399 2573 1474 Namque
2599 1408 2809 1465 aurium
2832 1418 2888 1466 et
2915 1414 3194 1472 oculorum
3213 1418 3418 1478 fructus

1826 1487 2058 1543 caducus
2089 1500 2192 1558 est,
2227 1492 2490 1564 largitatis
2515 1507 2770 1560 aeternus.
2822 1502 2934 1562 Alii
2976 1510 3261 1582 triumphis
3301 1516 3417 1572 suis

1826 1577 1940 1632 haec
1961 1579 2100 1637 dona
2132 1597 2462 1657 servassent,
2491 1599 2551 1646 ut
2579 1594 2756 1663 posita
2783 1595 2935 1654 lauro
2961 1601 3114 1657 novis
3139 1577 3419 1665 actoribus

1825 1686 2181 1742 personarent
2206 1678 2532 1752 Pompeiana
2565 1689 2848 1756 proscenia
2880 1706 2895 1748 :
2949 1703 3008 1749 ut
3048 1710 3147 1766 pro
3188 1701 3418 1770 captivis

1826 1767 2111 1824 tetrarchis
2159 1770 2358 1830 Indicae
2403 1792 2621 1836 currum
2669 1783 2862 1840 belluas
2904 1767 3306 1862 praevenirent,
3355 1807 3418 1853 ut

1824 1872 2083 1928 equorum
2110 1863 2302 1935 longus
2325 1868 2458 1925 ordo
2487 1871 2654 1929 instar
2684 1881 2922 1946 gentium
2971 1882 3277 1942 duceretur.
3314 1887 3418 1945 Ve-

131 1963 316 2032 gmias
350 1964 488 2020 ordo
516 1965 868 2033 reverendus,
900 1966 1066 2022 etiam
1091 1967 1312 2024 nomine
1346 1976 1717 2036 ροεωτοι-υηι,
1748 1949 1796 2011 Β
1826 1962 1937 2009 ster
1965 1957 2269 2029 triumphus
2297 1961 2586 2024 Arsacidas
2618 1983 2741 2040 post
2773 1980 2979 2045 tergum
3008 1980 3310 2047 revinctos,
3360 1994 3419 2039 et

135 2054 319 2124 quibus
369 2071 518 2126 resp.
575 2057 863 2114 emendata
924 2059 1184 2114 tradetur.
1233 2059 1368 2115 Nam
1409 2074 1534 2115 cum
1575 2058 1718 2115 fmda

127 2148 338 2216 jactatio
394 2151 696 2206 senatorias
754 2150 1062 2208 functiones
1116 2152 1372 2225 gravibus
1430 2151 1718 2222 impendiis

128 2241 412 2312 obruisset,
437 2227 490 2301 et
525 2245 767 2301 moribus
789 2254 843 2302 et
867 2245 1173 2316 sumptibus
1198 2245 1399 2302 nostris
1427 2244 1715 2300 sanitatem

128 2343 359 2391 veterem
382 2336 698 2392 reddidistis
725 2355 740 2390 :
773 2352 842 2393 ne
863 2346 956 2392 aut
988 2337 1226 2408 impares
1256 2337 1512 2394 facultate
1549 2337 1715 2394 colle-

125 2442 208 2499 gas
233 2429 418 2486 tenuis
445 2429 785 2488 decoloraret
815 2431 984 2487 editio
1009 2474 1024 2501 ,
1063 2441 1158 2488 aut
1189 2448 1283 2503 per
1323 2432 1706 2490 verecundiam

127 2522 315 2579 viribus
339 2525 552 2594 majora
586 2533 810 2580 conatos
843 2524 1038 2581 effusio
1080 2525 1384 2580 inconsulta
1428 2525 1711 2596 demerge-

127 2624 217 2672 ret.
239 2617 502 2688 Ejusdem
525 2623 792 2690 praterea
818 2619 1049 2675 rationis
1080 2605 1421 2688 salubritate,
1450 2627 1608 2675 vetus
1633 2619 1713 2674 di-

124 2710 402 2768 cendarum
423 2713 817 2769 sententiarum
851 2712 1024 2770 forma
1049 2721 1298 2783 reparata
1328 2722 1447 2769 est:
1473 2728 1543 2770 ne
1557 2729 1710 2770 sum—

124 2820 251 2861 mum
274 2806 482 2878 cuique
509 2806 838 2864 decernendi
865 2808 1066 2875 locum,
1095 2822 1203 2864 non
1232 2805 1371 2863 ratio
1401 2823 1710 2877 munerum,

129 2904 212 2957 sed
236 2903 508 2959 bonorum
537 2906 754 2962 fortuna
790 2914 1072 2977 prmetaret
1117 2922 1133 2961 :
1175 2915 1340 2977 atque
1377 2904 1432 2960 id
1467 2907 1712 2962 assensio

125 3006 431 3054 ceterorum
461 3000 548 3057 vel
588 3000 756 3056 invita
791 3009 1129 3071 sequeretur,
1164 3001 1311 3072 quod
1351 3011 1478 3058 ante
1522 3015 1711 3058 omnes

123 3091 317 3149 felicior
353 3095 686 3152 censuisset.
716 3094 1004 3153 Credimus
1027 3097 1190 3168 igitur
1216 3095 1301 3151 his
1346 3094 1605 3163 remotis,
1644 3095 1713 3152 ad

120 3199 330 3256 regnum
354 3201 516 3244 suum
545 3189 776 3246 rediisse
807 3189 1056 3246 virtutes.
1086 3189 1146 3245 In
1175 3189 1507 3245 editionibus
1535 3189 1712 3258 parci-

121 3280 306 3345 monia,
343 3281 402 3336 in
440 3292 633 3338 senatu
659 3287 793 3338 ordo
830 3282 1156 3339 retinebitur
1187 3302 1202 3339 :
1244 3298 1347 3340 nec
1375 3297 1436 3346 se
1465 3292 1706 3339 ostenta-

1822 2060 1978 2145 gaaas
2007 2048 2163 2106 victae
2195 2050 2482 2126 Babylonis
2534 2061 2780 2132 accipiet.
2835 2065 2890 2120 ln
2948 2083 3170 2141 magnos
3217 2075 3417 2145 quippe

1821 2139 2029 2196 animos
2058 2158 2164 2197 non
2192 2145 2336 2201 cadit
2359 2148 2606 2208 affectata
2628 2155 2872 2224 jactatio.
2887 2139 3119 2218 Nescitis
3134 2139 3417 2223 tribuenda

1820 2229 2039 2291 differre
2068 2255 2082 2291 :
2115 2239 2374 2312 quidquid
2398 2247 2679 2303 nationum
2709 2250 2998 2311 famulatus
3011 2256 3416 2327 obtulerit,sta-

1821 2327 1914 2382 tim
1943 2329 2213 2398 publicum
2238 2346 2344 2392 est.
2378 2338 2570 2396 Merito
2597 2357 2693 2397 vos
2723 2357 2944 2402 senatus
2971 2365 3035 2406 ac
3061 2353 3290 2422 pepulus
3319 2371 3417 2412 ore

1819 2421 2077 2491 celebrat,
2108 2425 2393 2487 devotione
2430 2444 2757 2505 veneratur,
2800 2455 2984 2498 amore
3014 2421 3412 2516 complectitur.

1820 2515 1948 2572 Mihi
1972 2519 2214 2591 credite,
2247 2539 2439 2583 arcana
2470 2532 2709 2587 omnium
2748 2547 3028 2605 pectorum
3074 2515 3409 2610 possidetis:

1819 2611 1907 2667 illa
1935 2613 2194 2671 bonarum
2229 2623 2688 2682 necessitudinum
2711 2627 2853 2697 loca,
2877 2631 3073 2702 quibus
3093 2634 3411 2708 liberorum,

1816 2707 2012 2776 quibus
2044 2723 2326 2780 parentum
2359 2717 2679 2776 immoratur
2703 2722 2938 2780 affectio.
2976 2727 3043 2782 Et
3081 2729 3207 2799 quia
3249 2707 3411 2790 omne

1817 2802 2119 2873 praemium,
2145 2806 2270 2863 dum
2296 2809 2574 2868 beneficiis
2595 2817 2790 2873 vestris
2810 2819 3108 2886 confertur,
3125 2834 3411 2895 angustum

1814 2907 1899 2954 est
1917 2939 1935 2964 ,
1968 2899 2175 2957 invenit
2197 2903 2332 2960 ordo
2359 2909 2729 2978 amplissimus
2756 2913 3040 2972 amabilem
3063 2916 3236 2986 vicem
3257 2960 3271 2985 ,
3303 2935 3408 2990 qua

1815 3007 1874 3048 se
1901 3001 2111 3063 gratum
2143 2998 2420 3067 probaret.
2465 3001 2599 3057 Nam
2645 3005 2862 3062 familiae
2900 3015 3096 3063 vestrae
3124 3018 3180 3065 et
3216 3011 3404 3081 stirpis

1813 3095 2113 3158 auctorem,
2153 3090 2464 3149 Africanum
2501 3097 2770 3166 quondam
2803 3109 2859 3156 et
2899 3099 3264 3158 Britannicum
3308 3105 3412 3159 du-

1813 3193 1954 3247 cem,
1987 3182 2181 3238 statuis
2205 3187 2549 3253 equestribus
2581 3189 2722 3246 inter
2753 3193 2929 3262 prisca
2964 3195 3178 3250 nemina
3212 3213 3404 3253 conse-

1813 3273 2011 3339 cravit,
2035 3276 2127 3348 qui
2150 3277 2522 3338 felicissimum
2571 3284 2744 3353 sidus,
2792 3296 2848 3343 et
2893 3287 3124 3358 imperio
3170 3291 3408 3348 salutare

124 3368 193 3424 bit
214 3375 509 3444 opulentia,
543 3389 762 3445 semper
795 3375 950 3431 bonis
981 3375 1193 3431 inm-ma
1224 3376 1579 3445 temporibus,
1609 3375 1710 3433 Su-
1735 3356 1783 3421 Ι
1814 3370 2117 3436 progenuit.
2149 3369 2239 3427 Sic
2268 3374 2536 3442 coluntur,
2584 3394 2811 3449 quorum
2867 3356 3022 3438 liberi
3068 3384 3136 3439 ad
3188 3386 3391 3442 bonum

118 3473 288 3532 perest
344 3475 491 3523 utea
536 3483 660 3539 quas
697 3469 967 3525 serenitas
1001 3477 1178 3525 vestra
1221 3469 1464 3540 patribus
1507 3469 1712 3526 delibe-

126 3560 285 3616 randa
305 3562 518 3633 legavit,
547 3564 766 3636 cognito
797 3565 1290 3634 senatusconsulto,
1342 3565 1428 3622 lex
1469 3566 1708 3638 Augusta

136 3657 599 3716 conﬁrmel.Nullo
623 3662 766 3717 enim
785 3660 1142 3721 dissentiente
1166 3650 1286 3733 quis
1313 3663 1504 3720 modus
1531 3664 1709 3719 censi-

121 3760 246 3818 tum,
274 3756 446 3811 semel
473 3765 570 3812 aut
593 3758 815 3826 szepius,
858 3773 981 3828 quae
1021 3757 1306 3828 iungendis
1356 3758 1706 3814 mediocritas

113 3847 429 3905 editionibos
458 3851 783 3922 applicetur,
825 3867 945 3922 quas
987 3851 1312 3923 gladiatorio
1355 3853 1610 3920 muneri,
1650 3861 1707 3908 et

119 3953 229 4008 quae
257 3942 492 3997 scenicis
527 3943 668 3999 ludis
698 3954 1006 4014 sumptuum
1056 3955 1477 4016 temperamento
1511 3961 1707 4003 conve-

112 4033 249 4088 niant
277 4054 290 4088 :
322 4036 450 4108 quid
485 4036 749 4094 libertatis
781 4038 981 4096 habere
1004 4049 1278 4096 mereatur
1304 4041 1586 4110 praesentis
1610 4057 1704 4096 ex-

111 4132 308 4196 pensio,
361 4132 492 4202 quid
527 4131 709 4187 damni
756 4133 1060 4189 absentium
1118 4136 1458 4192 contumacia
1509 4136 1707 4193 debeat

108 4225 347 4290 experiri.
384 4225 513 4281 Hac
542 4228 820 4282 aeternitas
847 4236 1026 4282 vestra
1053 4229 1379 4284 venerabilis
1399 4269 1416 4296 ,
1448 4245 1569 4285 cum
1611 4245 1701 4286 se-

109 4317 241 4370 natui
266 4318 558 4374 statuenda
589 4320 892 4387 mandaret,
917 4322 1107 4378 referri
1133 4324 1201 4378 ad
1232 4339 1292 4380 se
1320 4326 1574 4395 protinus
1596 4325 1702 4380 im-

111 4413 325 4478 peravit,
361 4419 423 4465 ut
448 4413 645 4483 placita
674 4415 884 4470 cunctis
911 4415 1199 4471 immortali
1222 4417 1339 4487 lege
1371 4417 1695 4474 solidentur.

108 4499 266 4559 iussis
293 4505 600 4575 paruimus.
635 4506 1022 4577 Easpectemus
1046 4509 1322 4565 oraculum
1344 4553 1360 4579 ,
1402 4526 1510 4581 quo
1548 4512 1696 4568 salu-

107 4597 304 4664 tariter,
333 4609 390 4653 ut
421 4610 605 4657 vestro
637 4602 843 4656 numini
889 4603 1156 4660 familiare
1181 4612 1298 4670 est,
1350 4604 1568 4661 Patrum
1599 4607 1698 4662 de-

109 4696 241 4740 creta
267 4689 504 4747 fit-metis
535 4711 548 4745 :
593 4693 802 4763 adjecta
839 4696 1291 4766 comminatione,
1321 4698 1369 4752 si
1409 4698 1550 4754 ullus
1599 4701 1699 4755 ali-

108 4782 311 4845 quando
339 4783 581 4840 ambitus
609 4760 724 4841 ltaec
747 4785 831 4842 vel
857 4787 951 4842 illa
977 4760 1302 4859 corruperit,
1326 4806 1446 4861 quae
1465 4793 1694 4849 consilio
1719 4760 1776 4824 Π

107 4875 301 4931 cmlesti
329 4891 434 4948 pro
459 4877 666 4934 ordinis
694 4880 954 4951 dignitate
983 4882 1260 4940 sanxistis.

675 4991 890 5050 EPIST.
935 4994 1124 5056 XXIX.

135 5096 216 5136 DD.
240 5097 544 5140 τεεοοοειο
576 5098 645 5140 ΕΤ
667 5100 895 5142 Λιιοιιυιο
929 5099 1135 5144 SEMPBR
1173 5103 1298 5147 AUC.
1342 5101 1655 5148 SYIIMACHUS

733 5173 900 5214 pm.
931 5176 1034 5215 ιιιιιι

176 5245 433 5304 Gratiosa
476 5249 752 5306 beneflciis
793 5253 986 5309 vestris
1020 5268 1181 5325 agere
1219 5269 1317 5326 pro
1360 5256 1494 5312 urbe
1525 5257 1696 5314 Roma

103 5347 154 5392 ιιι
176 5341 346 5396 officii
373 5343 689 5412 probabilis,
715 5345 1098 5404 itainsolentis
1137 5348 1380 5405 audacias
1416 5359 1520 5406 est.
1562 5350 1695 5407 Nam

104 5445 268 5503 neque
294 5435 608 5506 ingentibus
632 5438 796 5494 verba
817 5442 1165 5508 conveniunt,
1192 5451 1248 5496 et
1278 5457 1566 5512 personam
1597 5458 1696 5512 po-

106 5527 205 5592 puli
232 5527 470 5586 Romani
496 5530 658 5586 nulla.
685 5532 874 5603 impl‘et
916 5536 1119 5600 oratio,
1168 5535 1277 5590 DD.
1313 5536 1691 5606 imperatores.

105 5617 203 5676 Sed
223 5627 356 5693 quia
384 5627 438 5682 in
467 5627 663 5682 talibus
688 5629 918 5700 negotiis
947 5631 1056 5685 voti
1095 5633 1265 5700 magis
1293 5645 1454 5701 ᾳιιιιιιι
1485 5632 1692 5703 ingenii

103 5718 230 5770 ratio
261 5727 537 5784 versatur,
561 5734 670 5774 non
699 5730 883 5777 metuo
902 5721 1123 5792 imparis
1149 5725 1366 5793 fatuam,
1391 5724 1517 5782 dum
1551 5724 1693 5796 fugio

105 5821 293 5867 nomen
318 5813 515 5884 ingrati
537 5829 665 5886 erga
708 5816 908 5874 Urbem
946 5820 1086 5875 cmle
1126 5828 1182 5875 et
1221 5819 1496 5876 sideribus
1541 5835 1695 5876 acccc

103 5913 239 5972 ptam
270 5923 288 5961 :
322 5907 412 5962 cui
439 5907 578 5966 bona
601 5919 868 5970 terrarum
886 5914 1126 5970 omnium
1171 5923 1429 5988 congesta
1459 5925 1690 5986 praesta.

105 5997 186 6067 tis,
213 6012 384 6073 atque
407 6003 458 6062 id
504 6005 774 6078 pmcipue
806 6008 954 6067 vobis
1001 6010 1199 6079 putatis
1240 6009 1496 6069 accedere
1539 6010 1684 6080 quod

1814 3460 2090 3530 publicum
2121 3466 2232 3520 uati
2264 3478 2410 3524 sunt.
2443 3470 2515 3526 At
2538 3487 2668 3529 vero
2691 3475 2921 3546 populus
2958 3478 3255 3548 imperialis
3285 3499 3404 3539 mu-

1812 3555 2100 3614 nificentia:
2132 3559 2448 3632 pignoribus
2475 3566 2722 3635 expletus
2745 3609 2761 3635 ,
2793 3569 2849 3624 in
2885 3585 3128 3629 amorem
3162 3585 3402 3631 vestrum

1811 3661 2058 3721 prompta
2085 3653 2432 3713 inclinatione
2456 3661 2743 3716 concessit.
2759 3661 2858 3729 Qui
2878 3663 2969 3720 ubi
2995 3668 3259 3737 comperit
3282 3684 3403 3725 meo

1809 3742 2060 3813 praefatu,
2087 3745 2271 3803 adfore
2297 3748 2440 3805 dona
2487 3753 2821 3822 publicorum
2866 3757 3172 3828 parentum,
3230 3764 3403 3832 portis

1808 3837 2062 3895 omnibus
2091 3841 2144 3895 in
2167 3843 2458 3914 longinqua
2485 3844 2638 3902 fusus
2663 3849 2864 3918 erupit,
2896 3851 3186 3909 feliciorem
3231 3863 3400 3911 caete-

1806 3931 1884 3988 ris
1904 3933 2174 4004 judicans,
2198 3938 2288 4008 qui
2319 3940 2523 4008 primus
2578 3941 2720 3996 bona
2765 3952 2944 3998 vestra
2995 3944 3238 4002 vidisset.
3285 3948 3401 4018 Ego

1807 4043 1928 4084 cum
1957 4035 2257 4101 exspectari
2284 4049 2508 4091 munera
2533 4036 2838 4106 principum
2864 4038 3096 4108 soleant,
3137 4055 3280 4097 nunc
3320 4053 3400 4097 ta-

1806 4124 1910 4179 cita
1934 4135 2218 4182 venerunt.
2252 4126 2529 4184 Praetereo
2558 4129 2708 4186 illum
2738 4129 2906 4199 diem,
2947 4147 3054 4202 quo
3077 4132 3398 4202 elephantos

1804 4218 1984 4288 regios
2012 4234 2109 4289 per
2134 4220 2375 4276 conferta
2400 4223 2611 4292 agmina
2629 4239 2888 4294 equorum
2911 4225 3170 4281 nobilium
3201 4241 3395 4299 pompa

1806 4311 2106 4379 praecessit.
2142 4311 2278 4368 Man
2314 4312 2590 4368 fremitum
2629 4316 2847 4372 Murcia:
2886 4317 3040 4373 vallis
3086 4333 3389 4389 exponere,

1803 4414 1964 4475 atque
1987 4405 2131 4460 illam
2157 4408 2541 4478 quadrigarum
2565 4409 2998 4468 distributionem
3022 4457 3036 4482 ,
3075 4413 3129 4468 in
3159 4430 3264 4484 qua
3292 4416 3396 4471 sibi

1802 4513 1926 4554 cum
1954 4497 2282 4555 fortunatior
2306 4500 2604 4570 videretur,
2632 4504 2720 4559 cui
2743 4505 3067 4562 electionem
3098 4523 3222 4564 mox
3259 4525 3395 4565 urna

1803 4593 2106 4659 tribuebat,
2141 4611 2238 4665 par
2261 4597 2342 4652 vel
2368 4597 2546 4667 petior
2565 4610 2683 4654 erat
2713 4614 2873 4669 quem
2905 4615 3026 4657 sors
3056 4601 3274 4658 fecisset
3297 4619 3391 4658 ex-

1804 4696 2054 4745 tremum.
2079 4689 2304 4758 Quoties
2322 4694 2566 4762 sequenti
2593 4694 2798 4764 primus
2828 4695 3055 4752 invidit?
3101 4698 3269 4756 Dubia
3304 4711 3391 4756 est

1801 4781 1948 4839 enim
1974 4781 2145 4852 Optio,
2170 4799 2292 4838 cum
2321 4783 2390 4839 de
2420 4785 2691 4840 similibus
2715 4786 3010 4856 judicatur.
3055 4788 3166 4846 Nec
3190 4794 3390 4860 putetis

1802 4874 2109 4930 istiusmodi
2151 4876 2479 4948 voluptatem
2523 4877 2664 4945 plebi
2697 4880 2899 4936 Martia:
2928 4877 3144 4951 parvam
3185 4882 3384 4947 videri,

1802 4968 1888 5024 Cui
1918 4967 2273 5024 delinimenta
2302 4969 2626 5026 circensium
2668 4971 3020 5028 finitimorum
3061 4974 3387 5029 connubiutn

1800 5061 2168 5130 praestiterunt
2198 5081 2210 5116 ε
2236 5064 2323 5119 cui
2347 5080 2592 5121 summus
2621 5066 2794 5122 honor
2818 5067 2968 5125 visus
2992 5077 3102 5131 est,
3139 5075 3195 5121 ut
3223 5081 3390 5122 ovan-

1803 5163 1892 5213 tes
1915 5170 2178 5227 equorum
2201 5157 2360 5213 dorsa
2381 5168 2677 5229 gestarent,
2697 5168 2755 5215 ut
2781 5159 3176 5227 triumphantes
3199 5174 3389 5214 currus

1801 5248 2084 5306 inveberet
2114 5269 2125 5303 :
2156 5251 2373 5322 quando
2403 5251 2664 5318 Victoria,
2689 5254 2836 5323 genti
2858 5251 3135 5307 Romuleae
3167 5252 3389 5307 familia-

1799 5347 1898 5412 ris,
1925 5347 2264 5403 clementiam
2288 5357 2526 5404 vestram
2557 5363 2659 5418 pro
2691 5357 2816 5403 voto
2857 5347 3099 5402 omnium
3139 5362 3390 5402 muneres

1800 5440 1928 5510 tur?
1959 5439 2184 5497 Fecistis
2213 5450 2270 5496 ut
2302 5440 2440 5498 Urbs
2483 5456 2615 5497 cana
2655 5441 2890 5496 luxuriet
2928 5441 2981 5494 in
3023 5439 3249 5510 primam
3304 5457 3392 5496 rc-

1799 5535 1958 5592 ducta
1985 5535 2250 5602 laetitiam,
2272 5544 2327 5591 et
2353 5551 2447 5591 ver
2473 5535 2607 5591 illud
2632 5533 2902 5606 quondam
2934 5534 3164 5604 vigentis
3189 5535 3384 5592 aetatis.

1800 5631 1990 5688 Audeo
2013 5630 2126 5703 jam
2165 5645 2395 5702 sperare
2431 5630 2662 5701 petiora.
2704 5629 2927 5685 Hittetis
2973 5631 3136 5685 etiam
3185 5630 3387 5700 regiam

1798 5725 2052 5793 classem,
2080 5739 2202 5795 quae
2226 5721 2539 5779 aunonariis
2565 5721 2736 5792 copiis
2757 5730 2950 5795 augeat
2977 5720 3187 5778 devotae
3218 5722 3389 5793 plebis

1797 5819 2130 5874 alimoniam.
2155 5818 2306 5875 Hanc
2325 5831 2456 5886 ergo
2492 5816 2546 5870 in
2580 5814 2848 5869 Tiberinis
2875 5815 3027 5870 ostiis
3056 5815 3253 5870 mixtus
3287 5829 3385 5881 pu-

1796 5911 1925 5984 pulo
1949 5920 2167 5970 senatus
2192 5910 2446 5982 excipiet.
2480 5907 2892 5964 Venerabuntur
2923 5916 3173 5977 tanquam
3205 5917 3388 5958 sacras

1794 6021 2023 6080 puppes,
2053 6023 2174 6078 quae
2200 6005 2382 6066 felicia
2408 6017 2578 6065 onera
2634 6002 2904 6076 Egyptias
2952 5999 3120 6070 frugis
3151 5998 3386 6072 invexe-
