3932 6442
567 447 672 508 307

1753 443 1818 509 ρ.
1861 439 2203 498 AURELIUS
2243 439 2682 499 svuuscnus.
3685 442 3760 502 stt

569 569 700 624 rint.
729 563 844 622 Non
875 571 1008 620 sunt
1021 576 1181 618 avara
1211 569 1356 626 vota,
1391 575 1510 629 qua:
1537 558 1719 613 szeculi
1766 555 2021 611 excitavit
2060 555 2160 610 hu-
2185 558 2241 619 Α
2264 557 2489 612 Romani
2512 557 2824 612 inusitatum
2846 555 3112 621 dolorem,
3135 554 3296 613 etiam
3323 565 3523 613 senatus
3541 556 3760 628 impatiens

570 663 820 719 manitas.
855 659 930 712 De
959 657 1223 726 exemplis
1251 655 1396 710 venit
1442 656 1542 710 ista
1589 652 1804 708 fiducia.
1843 651 2030 721 Magna
2065 666 2156 705 su-

571 756 773 812 mendo
799 754 1002 824 majora
1040 735 1440 822 praesumimus.
1476 749 1625 804 Nunc
1662 746 1822 817 legite
1853 753 2070 800 senatus
2099 760 2160 796 ac

572 849 754 922 populi
791 846 1243 920 faustajsufl‘ragia
1273 863 1286 899 :
1321 847 1444 900 licet
1484 845 1648 899 sciam
1685 843 1800 912 plus
1836 841 2015 896 inesse
2045 839 2162 894 ani-

573 947 675 1001 mis
702 959 862 1015 quam
892 941 1112 998 vocibus
1143 941 1395 1010 explicari
1445 956 1456 991 :
1515 946 1568 993 et
1619 937 1864 1006 quaedam
1903 935 2160 989 libamina

573 1039 773 1109 publici
804 1039 856 1093 in
881 1051 975 1091 vos
1004 1034 1201 1091 amoris
1223 1032 1467 1101 accipite.
1515 1033 1570 1087 Si
1608 1045 1768 1101 parva
1818 1027 1994 1082 adhuc
2038 1033 2164 1080 sunt

571 1137 740 1203 dicta,
771 1145 1051 1188 munerum
1084 1135 1379 1183 vestrorum
1413 1127 1671 1195 imputate
1704 1121 2002 1178 miraculis.
2027 1119 2159 1175 Nam

572 1225 886 1298 magnitudo
922 1222 1152 1294 stuporis
1187 1220 1362 1276 locum
1395 1219 1579 1273 multis
1625 1215 1903 1287 plausibus
1935 1229 2040 1270 non
2072 1227 2160 1269 re-

578 1320 752 1390 liquit.

1147 1406 1361 1464 EPIST.
1404 1403 1573 1460 XXX.

571 1524 656 1564 DD.
701 1518 993 1562 THEODOSIO
1036 1518 1103 1558 ΕΤ
1152 1515 1378 1556 ΑἎΩΑΙῚΙΟ
1425 1513 1632 1554 SBIPER
1682 1511 1804 1551 AUG.
1855 1506 2164 1551 SYIIACIIUS

1096 1590 1148 1628 γ.
1191 1588 1242 1627 C.
1283 1588 1456 1627 PBSF.
1502 1586 1624 1625 CRB.

642 1699 912 1753 Lmtarum
946 1707 1126 1749 rerum
1160 1689 1321 1744 index
1353 1700 1473 1742 esse
1504 1686 1819 1750 malueram,
1849 1683 1959 1737 DD.
1991 1681 2164 1746 impe-

569 1801 816 1857 ratores;
860 1788 954 1844 sed
1000 1786 1139 1841 ratio
1181 1782 1343 1836 ofﬁcii
1378 1779 1573 1849 publici
1627 1778 1998 1834 necessitatem
2033 1773 2165 1828 mihi

571 1884 742 1940 nuntii
777 1883 944 1938 tristis
975 1875 1250 1948 imposuit.
1286 1875 1640 1930 Prwtextatus
1691 1867 1890 1937 vester,
1938 1877 2164 1940 prtutex-

571 1990 710 2034 tatus
759 1947 1065 2040 honorum,
1095 1970 1328 2038 antiqua:
1355 1966 1634 2038 probitatis
1665 1974 1934 2030 assertor,
1985 1960 2166 2017 invida
2193 1947 2243 2009 B

570 2083 747 2130 morte
773 2072 1077 2126 subtractus
1107 2075 1208 2130 est,
1245 2065 1326 2119 vir
1345 2064 1584 2119 omniurn
1613 2059 1757 2116 domi
1788 2060 2025 2128 forisque
2057 2057 2165 2111 vir-

572 2177 767 2222 tutum.
813 2165 868 2220 lu
907 2162 1058 2231 cujus
1099 2161 1273 2215 locum
1297 2198 1312 2223 ,
1359 2168 1552 2213 vestrze
1587 2170 1798 2227 quoque
1836 2152 2163 2219 aeternitati,

570 2275 693 2330 quae
717 2258 950 2327 optimos
980 2255 1129 2310 novit
1155 2253 1374 2324 eligere,
1401 2253 1559 2306 nimis
1583 2251 1806 2305 arduum
1833 2260 1916 2304 est
1936 2247 2166 2302 similem

571 2355 884 2423 subrogare.
898 2349 1084 2419 Itaque
1099 2362 1365 2402 summum
1387 2345 1468 2398 sui
1495 2345 1548 2399 in
1565 2343 1792 2412 Repuhl.
1811 2339 2164 2403 desiderium,

571 2461 932 2519 magnumque
957 2442 1164 2499 civibus
1187 2441 1352 2512 gratis
1384 2439 1598 2509 reliquit
1624 2436 1888 2492 dolorem.
1916 2434 2048 2489 Nam
2075 2432 2166 2487 ubi

571 2546 806 2614 primum
838 2540 1023 2594 Romae
1053 2552 1270 2592 amarus
1299 2536 1364 2589 de
1388 2550 1454 2588 eo
1480 2547 1663 2587 rumor
1685 2530 1984 2595 increbuit,
2011 2542 2170 2584 recu-

571 2637 716 2694 savit
755 2635 983 2707 populus
1010 2633 1283 2688 solemnes
1319 2629 1511 2685 theatri
1551 2628 1856 2707 voluptates
1897 2641 1912 2680 :
1957 2638 2167 2680 memo-

572 2732 817 2801 riamque
837 2728 956 2798 ejus
986 2727 1251 2782 illustrem
1281 2725 1448 2780 multa
1488 2705 1875 2780 acclamatione
1911 2729 2165 2786 testatus,

571 2823 805 2894 graviter
822 2821 930 2891 egit
954 2834 1078 2875 cum
1097 2818 1265 2872 livore
1283 2817 1530 2880 fortunae,
1554 2815 1694 2886 quod
1719 2813 1822 2869 sibi
1845 2811 2168 2884 inclytorum

569 2914 870 2984 principum
932 2908 1252 2966 beneficium
1305 2909 1627 2964 sustulisset.
1683 2907 1750 2960 Et
1805 2904 1898 2960 ille
1950 2903 2168 2972 quidem

568 3005 783 3062 functus
813 3013 898 3060 est
933 3005 1052 3074 lege
1083 3012 1291 3057 natura:
1326 3019 1337 3054 :
1375 3016 1473 3056 nos
1508 3015 1638 3056 vero
1666 2998 1844 3054 socios
1871 2995 2037 3051 animi
2085 2995 2167 3050 sui

569 3099 842 3170 vestrique
866 3097 1057 3168 iudicii
1091 3105 1241 3151 tanto
1271 3095 1459 3151 dolore
1489 3093 1757 3160 confudit,
1790 3100 1849 3146 ut
1871 3091 1964 3148 otii
1993 3104 2168 3147 reme-

567 3189 714 3246 dium
744 3191 1102 3260 postulemus.
1134 3187 1283 3244 Sileo
1306 3197 1501 3242 caetera
1544 3202 1663 3258 quae.
1711 3201 1796 3240 me
1835 3199 1941 3240 non
1985 3183 2169 3238 sinunt

571 3282 942 3354 praefecturam
978 3281 1120 3338 ferre
1162 3280 1448 3352 patienter.
1480 3279 1576 3333 Vel
1610 3279 1724 3333 haec
1754 3293 1859 3332 una
1897 3275 2166 3332 consortis

2264 653 2528 723 dispendii
2566 654 2647 708 sui
2689 652 2938 707 solatium
2972 652 3104 720 petit
3143 653 3211 706 de
3253 651 3445 708 honore
3470 653 3760 719 virtutis,re-

2265 759 2543 819 strumque
2593 764 2791 804 numen
2843 757 3125 819 precatur,
3173 757 3229 804 111
3273 749 3438 803 virum
3469 762 3623 804 nostra
3654 762 3762 808 atate

2266 842 2570 898 mirabilem
2616 853 2914 898 statuarum
2943 843 3267 899 diuturnitas
3289 844 3454 899 tradat
3477 844 3623 900 oculis
3639 857 3764 914 poste-

2265 953 2449 993 rorum
2481 956 2494 993 :
2524 953 2628 993 non
2658 937 2801 1008 quod
2832 937 2918 992 ille
2944 937 3164 1007 praemia
3200 946 3407 994 terrena
3434 937 3683 1003 desideret,
3704 938 3764 1008 qui

2266 1033 2458 1105 gaudia
2471 1033 2737 1103 corporis,
2755 1033 2914 1088 etiam
2929 1047 3049 1088 cum
3073 1032 3340 1086 hominem
3362 1039 3548 1102 ageret,
3570 1030 3766 1086 uteaduca

2267 1127 2526 1190 calcavit;
2550 1125 2643 1182 sed
2669 1125 2792 1197 quia
2811 1125 3148 1182 ornamentis
3179 1124 3435 1179 bonorum
3463 1124 3672 1179 incitatur
3688 1123 3768 1176 imi-

2267 1219 2419 1284 tatio,
2445 1228 2497 1275 et
2523 1219 2693 1274 virtus
2723 1217 2916 1273 aemula
2947 1218 3112 1272 alitur
3139 1216 3391 1288 exemplo
3423 1215 3620 1270 honoris
3639 1213 3768 1268 alieni.

2268 1311 2405 1367 Hinc
2459 1311 2653 1366 factum
2699 1321 2783 1366 est
2829 1321 2889 1366 ut
2937 1309 3154 1366 rusticis
3197 1310 3374 1365 adhuc
3416 1309 3606 1364 sacculis
3637 1306 3768 1377 Optimi

2169 1436 2178 1444 ι
2268 1405 2461 1476 quique
2494 1404 2686 1460 civium
2727 1418 2892 1458 manu
2927 1410 2985 1459 et
3004 1411 3120 1458 arte
3149 1401 3362 1458 formati
3401 1402 3454 1456 in
3493 1402 3673 1470 longam
3696 1416 3770 1454 iue-

2269 1500 2494 1554 moriam
2526 1497 2887 1553 mitterentur.
2926 1499 3099 1567 Atque
3131 1498 3332 1550 utinam
3363 1495 3488 1550 nihil
3516 1492 3623 1548 huic
3640 1493 3767 1548 decori

2271 1592 2495 1648 facilitas
2514 1592 2845 1647 adulantium
2870 1600 3052 1661 postea
3076 1590 3416 1660 derogasset!
3439 1589 3655 1659 quamvis
3674 1587 3774 1655 parit

2271 1701 2376 1741 non
2414 1686 2556 1749 sint,
2599 1700 2719 1754 quae
2756 1684 2960 1754 dispari
2991 1691 3106 1738 arte
3137 1691 3466 1752 quaeruntur.
3504 1681 3688 1750 Dignum
3722 1687 3774 1730 est

2270 1780 2431 1851 igitur
2462 1790 2516 1833 ut
2541 1779 2632 1849 qui
2657 1779 2707 1831 in
2738 1777 3048 1847 pectoribus
3073 1776 3314 1832 omnium
3345 1782 3536 1842 manet,
3575 1773 3634 1827 sit
3655 1771 3692 1825 iu
3715 1783 3775 1822 ore

2271 1874 2646 1944 plurimorum.
2666 1873 2759 1928 llle
2773 1888 2989 1944 semper
3010 1871 3406 1940 magistratibus
3428 1869 3532 1924 suis
3559 1863 3774 1926 celsior.iu

2271 1967 2409 2023 alios
2437 1975 2800 2034 temperatus,
2830 1966 2881 2020 in
2905 1981 2965 2020 se
2996 1978 3236 2030 severus,
3263 1965 3379 2018 sine
3407 1954 3676 2028 contemptu
3694 1955 3776 2010 laci-

2273 2062 2361 2128 lis,
2388 2061 2504 2118 sine
2546 2069 2753 2116 terrore
2781 2058 3129 2116 reverendus.
3153 2056 3250 2112 Cui
3279 2058 3324 2111 si
3355 2056 3489 2127 quod
3517 2048 3776 2109 commodum

2273 2157 2630 2212 successionis
2660 2155 2858 2224 evenit,
2893 2153 2957 2208 ad
2987 2161 3269 2209 tesratores
3300 2151 3562 2221 proximos
3594 2161 3690 2200 mur
3724 2157 3778 2196 re-

2278 2247 2464 2303 vertit.
2497 2246 2597 2314 Qui
2627 2247 2790 2301 nullis
2821 2244 3093 2316 prosperis
3124 2245 3322 2298 fractus
3367 2252 3477 2308 est,
3518 2237 3681 2295 nullius
3702 2233 3779 2290 risit

2273 2341 2525 2406 adversa,
2554 2340 2822 2396 indecoras
2854 2338 3066 2394 nescius
3089 2338 3351 2409 largitatis
3376 2355 3388 2390 :
3422 2335 3509 2392 ille
3535 2347 3666 2406 quem
3685 2345 3777 2384 seui-

2277 2449 2370 2504 per
2387 2435 2438 2488 in
2448 2434 2609 2489 vitum
2625 2441 2840 2489 secutus
2853 2443 2935 2486 est
2949 2432 3137 2496 honor,
3158 2432 3312 2500 cujus
3325 2428 3552 2502 arquitati
3569 2415 3781 2482 contermio

2275 2529 2626 2598 nus-quisque
2648 2527 2845 2581 limites
2870 2539 2996 2580 suos
3026 2525 3274 2580 credidit.
3297 2524 3450 2579 Plura
3473 2522 3534 2577 de
3553 2536 3610 2576 eo
3630 2517 3779 2576 vellera,

2276 2624 2428 2694 plura
2451 2622 2520 2678 de
2544 2638 2609 2677 eo
2632 2621 2884 2677 deberem
2910 2620 3004 2676 sed
3027 2618 3332 2676 clementiae
3352 2626 3534 2673 vestrm
3558 2606 3782 2670 testimonio

2275 2726 2464 2772 cuncta
2484 2715 2747 2771 servanda
2772 2723 2913 2769 sunt.
2950 2714 3212 2768 lllustrior
3238 2712 3384 2767 enim
3415 2711 3526 2765 lalIS
3540 2718 3629 2772 est,
3647 2705 3699 2760 de
3715 2716 3784 2754 cor

2276 2812 2393 2866 lesti
2413 2812 2648 2879 profecta
2669 2808 2896 2880 judicio.
2922 2807 3066 2878 Ergo
3093 2817 3148 2862 ut
3170 2806 3453 2877 probitatis
3477 2797 3784 2873 patroni,bom

2277 2912 2580 2974 temporum
2604 2912 2906 2958 vestrorum
2950 2900 3147 2955 futuris
3173 2914 3391 2970 quoque
3427 2895 3626 2952 visenda
3651 2903 3786 2962 prop.e

2275 2999 2406 3054 nite.
2437 2999 2597 3054 Certe
2627 2998 2718 3054 ille
2746 3007 2829 3052 est
2859 2996 3238 3058 Praetextatus,
3271 3008 3433 3065 quem
3458 2993 3570 3062 jure
3585 2982 3784 3043 consulem

2273 3091 2556 3158 feceratis,
2591 3100 2647 3146 ut
2678 3091 2794 3145 fasti
2828 3105 3094 3145 memores
3121 3087 3340 3143 celebre
3383 3102 3566 3142 nomen
3599 3075 3787 3137 extende-

2273 3194 2416 3242 rent.
2441 3185 2574 3240 Aliis
2598 3185 2781 3250 utiles,
2808 3184 2985 3238 fatalia
3007 3182 3202 3238 damna
3226 3190 3494 3250 reparate.
3512 3175 3690 3234 Abierit
3707 3183 3786 3226 cum

2277 3280 2492 3334 homine
2527 3280 2802 3348 praemium
2825 3319 2842 3347 ,
2876 3278 2970 3333 sed
2998 3277 3258 3347 judicium
3294 3287 3415 3347 post
3448 3275 3684 3330 hominem
3711 3280 3788 3336 pet-

569 3375 951 3445 amissiojusta
979 3383 1065 3430 est
1085 3373 1150 3428 ad
1175 3371 1566 3443 impetrandam
1590 3373 1946 3428 vacationem.
1974 3369 2171 3424 Ament
2197 3348 2242 3411 (ἶ
2277 3379 2512 3427 severet.
2546 3372 2776 3426 Proliatc
2815 3370 3028 3427 casibus
3057 3371 3315 3426 adversus
3355 3369 3573 3441 gloriam
3610 3362 3714 3420 nihil
3747 3359 3790 3411 li-

569 3465 662 3522 alii
705 3474 992 3538 perpetuas
1020 3473 1319 3535 potestates
1351 3483 1364 3518 :
1402 3465 1531 3518 mihi
1573 3477 1822 3518 summus
1848 3470 1932 3517 est
1967 3462 2169 3517 fructus

569 3559 878 3623 felicitatis,
912 3566 972 3612 ut
1011 3572 1194 3613 coram
1238 3566 1476 3611 vestrum
1503 3572 1702 3612 nunten
1725 3555 2045 3621 advenerer,
2091 3555 2171 3610 in-

572 3659 729 3706 tuear
759 3649 1106 3721 benignitatis
1128 3657 1322 3705 vestra:
1342 3649 1542 3704 sidera.
1573 3648 1684 3704 Hoc
1705 3664 1894 3714 unum,
1919 3663 2031 3717 pra:
2055 3662 2172 3703 om-

571 3744 754 3811 nibus,
775 3759 896 3814 qua:
928 3743 1252 3814 praestitistis
1281 3751 1498 3812 exopto.
1549 3743 1787 3812 Simplex
1827 3741 2014 3810 petitio
2053 3749 2168 3806 est,

569 3855 673 3896 nec
697 3840 837 3894 viam
865 3836 1186 3908 capessendi
1212 3836 1432 3891 honoris
1454 3834 1690 3891 affectat.
1714 3834 1858 3890 Satis
1885 3835 2030 3890 enim
2060 3832 2171 3888 cla-

571 3934 700 4001 ruit,
731 3933 862 3988 nihil
893 3931 1036 3987 aliud
1071 3945 1192 3987 esse
1218 3929 1360 4001 quod
1391 3928 1631 4000 cupiam,
1679 3942 1800 3983 cum
1829 3927 2052 3998 supplex
2081 3941 2169 3984 re-

567 4028 792 4100 fugerim
817 4026 1206 4098 magistratum.

1136 4115 1356 4172 EPIST.
1400 4113 1592 4170 XXXI.

667 4230 719 4268 ἰ).
758 4224 1148 4268 νΑιεΝτιωΑιηο
1177 4224 1224 4266 S.
1252 4222 1716 4265 AUG.‘SYII|IACHUS
1744 4221 1914 4262 PBEF.
1946 4222 2066 4262 υιξιι.

642 4307 791 4362 Licet
833 4307 1067 4362 arbitrer
1115 4319 1264 4360 meas
1313 4303 1520 4359 litteras
1565 4303 1767 4358 nuntiis
1810 4299 2168 4358 aut‘rumore

572 4408 874 4468 praeventas
911 4416 923 4451 :
969 4397 1095 4466 quid
1144 4398 1288 4452 enim
1319 4395 1458 4451 fama
1497 4404 1677 4466 potest
1715 4409 1838 4450 esse
1884 4395 2164 4460 velocius,

575 4493 639 4547 D.
674 4491 999 4560 imperator?
1044 4504 1144 4559 ego
1183 4499 1358 4543 tamen
1405 4488 1566 4542 oflicii
1608 4488 1804 4557 publici
1842 4487 2168 4544 necessitate

571 4592 796 4655 cogente
839 4596 1120 4638 excessum
1149 4582 1249 4635 viri
1301 4580 1523 4636 illustris
1552 4581 1730 4636 crudo.
1763 4581 1939 4636 adhuc
1979 4581 2166 4636 dolore

573 4694 678 4734 non
715 4678 871 4733 sileo.
912 4675 1145 4731 Vettium
1193 4675 1577 4730 Praetextatum
1629 4675 1901 4731 veteribus
1941 4691 2161 4746 parem,

2273 3481 2419 3520 cere.
2449 3467 2576 3521 Nam
2601 3466 2742 3536 quod
2772 3467 2970 3522 meruit
2996 3482 3025 3520 a
3051 3466 3256 3521 civibus
3287 3466 3555 3536 singulare
3577 3469 3649 3518 est
3675 3452 3791 3513 :iliud

2274 3559 2456 3614 multis
2486 3575 2773 3614 commune
2799 3559 2940 3629 quod
2975 3558 3226 3628 perdidit.

2725 3634 2734 3646 '
2817 3651 3035 3710 EPIST.
3077 3651 3323 3708 χχχιιι.

2348 3765 2395 3802 ll.
2430 3761 2724 3802 ’1118000810
2750 3760 2957 3801 8811³811
2984 3761 3110 3801 AUC.
3133 3759 3448 3801 SYIIIACIIUS
3474 3759 3630 3799 PIEF.
3659 3753 3747 3792 lilii.

2347 3842 2403 3897 Si
2431 3841 2626 3896 divinae
2657 3840 2958 3896 clementiae
2989 3849 3092 3893 ture
3124 3839 3316 3894 merita
3349 3839 3652 3910 cogitantur,
3685 3828 3794 3882 nulla:

2273 3949 2427 4005 opes,
2456 3947 2592 4004 quas
2612 3943 2704 3988 aut
2726 3941 2913 3988 natura
2938 3931 3156 3999 sufficit,
3182 3941 3274 3985 aut
3301 3932 3514 3986 fortuna
3535 3922 3791 3985 circumfert.

2271 4027 2502 4100 gratiam
2535 4027 2702 4084 nostri
2735 4043 2858 4096 erga
2891 4035 2942 4082 te
2972 4026 3170 4081 amoris
3191 4007 3508 4095 requabunt,
3540 4025 3597 4080 Ι).
3628 4024 3797 4089 impert-

2273 4129 2380 4176 tor.
2407 4119 2536 4187 Sed,
2569 4128 2628 4175 ut
2652 4135 2768 4174 mea
2798 4119 2899 4174 fert
2927 4118 3132 4190 Opinio,
3155 4118 3428 4187 publicum
3457 4117 3522 4173 de
3541 4113 3712 4186 optimo
3731 4107 3798 4160 im-

2274 4223 2524 4282 peratore
2549 4212 2810 4282 judicium
2842 4227 2947 4266 non
2984 4221 3068 4266 est
3096 4211 3410 4266 muneribus
3447 4203 3796 4264 aestimandum:

2273 4315 2492 4364 senatus
2522 4315 2699 4362 tamen
2735 4315 3012 4376 promptus
3051 4305 3304 4373 obsequi,
3349 4317 3537 4359 omnes
3563 4298 3798 4356 officiorum

2274 4409 2456 4470 partes
2485 4399 2627 4454 ultro
2656 4398 2865 4469 arripit,
2899 4395 3096 4467 quibus
3126 4395 3395 4451 indicatur
3424 4394 3656 4456 affectio,
3681 4395 3724 4442 et
3742 4397 3800 4437 sa-

2273 4495 2444 4550 lutarc
2470 4509 2668 4549 numen
2694 4501 2845 4548 tuum
2871 4499 3139 4562 precatur,
3165 4498 3226 4546 ut
3247 4492 3299 4546 in
3319 4488 3698 4548 hacnhlatione,
3715 4489 3801 4549 qua

2273 4587 2516 4644 nonnihil
2576 4585 2946 4656 superioribus
2987 4585 3231 4648 addidit,
3279 4584 3551 4655 intelligas
3599 4581 3685 4633 hoc
3714 4582 3801 4626 esse

2271 4690 2518 4736 curatum
2545 4695 2614 4736 ne
2635 4679 2737 4735 sub
2761 4688 2813 4736 te
2840 4681 3018 4734 minus
3046 4695 3206 4750 posse
3231 4678 3530 4735 videamur.
3570 4673 3683 4728 Nam
3706 4663 3801 4720 diris

571 4775 830 4828 virtutum
861 4771 1098 4825 omnium
1132 4771 1234 4824 fata
1266 4779 1582 4840 rapuerunt,
1613 4784 1826 4826 summo
1851 4743 2037 4840 patriae
2064 4785 2163 4841 ge-
2189 4743 2247 4806 Β
2272 4774 2585 4846 parentibus
2608 4773 2735 4840 tuis,
2764 4743 3180 4828 ob'decennium
3205 4771 3433 4842 singulis
3457 4770 3625 4824 minor
3647 4769 3801 4818 summa

571 4868 736 4932 rnitu,
764 4864 850 4922 cui
879 4863 1044 4919 decus
1074 4863 1280 4932 insigne
1313 4863 1620 4932 praestabat.
1651 4860 1818 4932 Cujus
1846 4877 1947 4932 ego
1979 4861 2165 4916 laudes

573 4971 625 5016 ct
674 4960 818 5030 justa
873 4955 1143 5030 praeconia
1185 4955 1351 5010 animi
1391 4957 1824 5010 consternatione
1871 4962 2159 5024 praetereo.

573 5054 753 5126 Neque
797 5053 942 5108 enim
982 5051 1134 5106 locus
1179 5059 1264 5106 est
1300 5051 1615 5120 cujusquam
1652 5050 1999 5117 testimonio,
2038 5064 2162 5104 cum

575 5149 692 5204 vita:
720 5147 838 5217 ejus
879 5146 1105 5216 gloriam
1148 5143 1450 5200 clementiae
1493 5154 1686 5199 vestra:
1723 5143 1920 5214 judicia
1963 5152 2165 5200 testen-

576 5249 677 5307 tur,
700 5249 929 5296 mortem
955 5237 1223 5295 celebrem
1245 5237 1399 5292 dolor
1425 5235 1665 5290 omnium
1689 5234 1899 5292 fecerit.

1121 5353 1340 5410 EPIST.
1384 5351 1599 5407 XXXII.
1665 5367 1668 5372 ·

570 5469 660 5512 DD.
711 5465 1003 5508 τεεοοοδιο
1041 5466 1109 5506 ΕΤ
1149 5463 1375 5506 ΔΒΕΑῺΙΟ
1415 5463 1618 5503 SEMPER
1672 5463 1794 5504 AUG.
1848 5460 2157 5504 εῖιιιιλσιιυε

1193 5536 1365 5577 1³1111⁸.
1409 5537 1526 5576 URB.

637 5610 786 5668 Licet
806 5613 1013 5670 Vettius
1035 5614 1387 5670 Prmtextatus
1408 5623 1615 5668 natura:
1638 5613 1755 5683 lege
1775 5614 2042 5669 resolutus
2064 5613 2157 5681 sit,

564 5706 698 5762 vivit
725 5716 900 5762 tamen
931 5709 984 5762 in
1015 5708 1272 5762 memoria
1305 5715 1362 5762 et
1388 5721 1572 5762 amore
1599 5716 1916 5762 cunctorum
1949 5723 1964 5760 :
1993 5717 2156 5778 atque

568 5801 672 5858 hoc
721 5819 827 5858 uno
867 5803 1012 5873 punit
1047 5801 1336 5867 invidiam,
1369 5801 1509 5872 quod
1555 5810 1758 5856 tantum
1804 5804 1852 5857 ei
1891 5817 2038 5858 mors
2084 5802 2152 5858 ad

565 5895 786 5968 gloriam
809 5895 1059 5962 contulit,
1085 5902 1143 5948 ut
1167 5893 1292 5950 huic
1313 5909 1528 5964 quoque
1544 5893 1774 5950 fortunae
1797 5895 1936 5951 livor
1957 5895 2153 5952 debeat

563 5987 827 6054 invidere,
856 5988 969 6043 DD.
1001 5988 1374 6062 imperatores.
1401 5986 1534 6042 Nam
1568 5997 1762 6058 praeter
1793 5988 1942 6066 illum
1966 5990 2153 6060 populi
2193 6067 2217 6077 ﬁ

2269 4870 2485 4925 decreta
2514 4877 2620 4923 est.
2638 4867 2812 4922 Etiam
2835 4866 2992 4922 divus
3015 4865 3178 4920 frater
3199 4862 3622 4920 mansuetudinis
3637 4864 3800 4912 vesuaa

2270 4977 2391 5017 cum
2411 4961 2629 5016 tertium
2652 4960 2880 5015 lustrum
2903 4960 3003 5013 aevi
3027 4957 3323 5027 imperialis
3342 4957 3599 5027 exigeret,
3619 4946 3805 5021 parciore

2269 5051 2637 5109 munificentia
2669 5051 2964 5107 honoratus
2995 5051 3274 5106 asseritur.
3320 5047 3474 5104 Nunc
3521 5046 3571 5101 in
3617 5045 3805 5096 amorem

2273 5155 2418 5201 tuum
2446 5145 2623 5200 studia
2673 5153 2855 5199 nostra
2885 5150 3195 5199 creverunt.
3228 5141 3358 5197 Nam
3401 5140 3550 5196 mille
3577 5138 3806 5192 sescentas

2271 5239 2389 5294 auri
2445 5239 2612 5296 libras
2639 5236 3025 5294 decennalibus
3059 5235 3271 5308 imperii
3323 5233 3402 5289 tui
3443 5232 3590 5287 fasris
3629 5227 3806 5308 devotus

2272 5333 2408 5389 ordo
2453 5332 2732 5403 promisit,
2780 5331 2997 5386 urbanis
3020 5307 3348 5400 ponderibus
3380 5320 3738 5384 conferendas,
3771 5307 3807 5364 id

2271 5435 2376 5494 est,
2419 5426 2636 5482 trutinae
2667 5426 2914 5498 largioris
2943 5425 3212 5480 examine.
3237 5421 3389 5490 Quod
3421 5421 3467 5477 si
3498 5432 3645 5490 pares
3669 5409 3808 5466 animo

2269 5519 2413 5576 vires
2442 5529 2660 5574 senatus
2688 5518 2988 5581 habuisset,
3021 5519 3191 5573 scires
3225 5518 3276 5570 in
3306 5514 3521 5586 publico
3548 5520 3713 5566 amore
3736 5514 3807 5572 pe-

2271 5614 2552 5670 rennitatis
2595 5623 2701 5668 tua:
2725 5627 2847 5669 esse
2897 5611 3132 5668 divitias.
3189 5609 3294 5668 Sed
3339 5608 3526 5664 maluit
3558 5594 3808 5661 clementia

2273 5717 2380 5763 tua:
2395 5707 2680 5762 solutionis
2703 5706 2808 5762 fide
2831 5706 3061 5776 placere,
3082 5719 3242 5774 quam
3258 5699 3619 5773 magnitudine
3633 5687 3806 5763 perfida

2264 5801 2594 5871 sponsionis.
2641 5801 2845 5857 Dehinc
2885 5799 2988 5854 sub
3031 5797 3359 5869 imperatore
3397 5796 3647 5863 primrevo
3680 5791 3807 5841 sanus

2263 5895 2506 5952 muneris
2536 5895 2730 5951 modus
2750 5933 2766 5958 ,
2798 5899 2982 5947 votum
3023 5899 3106 5946 est
3141 5905 3286 5960 sarpe
3326 5885 3575 5943 faciendi.
3605 5877 3738 5936 Absit
3769 5876 3810 5924 ut

2264 5991 2405 6048 bono
2420 5989 2644 6062 principi
2671 5987 2790 6059 plus
2807 6001 2965 6057 quam
2985 5998 3272 6056 possumus
3295 5982 3616 6054 ingeramus.
3640 5972 3809 6028 Aman:
