3932 6434
125 395 216 451 369
1198 369 1203 374 ⁷
1284 407 1286 409 ν
1346 371 1821 431 EPISTULARUM
1863 373 2061 432 LIBER
2103 378 2172 435 Χ.

126 511 247 564 tium
289 505 485 577 quippe
531 503 737 575 largitio
775 515 883 556 non
914 497 1110 555 deterit
1145 497 1287 550 vires
1334 493 1695 550 offerentium.
1727 495 1774 554 Α
1806 492 2056 552 lemniter
2094 513 2227 552 auro
2257 497 2415 554 dum.
2473 497 2783 552 munuscula
2819 515 2829 548 ε

127 604 259 672 Ergo
283 609 338 654 et
365 612 505 654 nunc
529 596 701 652 libens
729 609 881 651 sume
911 607 1067 648 sacro
1101 587 1542 646 :erario‘decreta
1572 585 1704 640 sub-

125 696 281 759 sidia,
307 703 364 749 et
393 691 585 747 futuris
614 686 956 760 processibus
977 684 1190 755 imperii
1215 683 1288 739 tui
1317 680 1700 752 obsequiorum

124 792 367 850 similium
394 803 545 859 spem
577 800 819 842 reserva.

660 874 873 932 EPIST.
912 871 1155 928 XXXIV.

181 997 232 1035 υ.
279 987 667 1032 γλιειετιωλκο
705 986 909 1026 εεωρειι
956 982 1077 1023 AUG.
1118 979 1424 1022 SYIIIACBUS
1471 979 1524 1019 ν.
1577 979 1628 1020 C.

739 1059 905 1098 PREF.
949 1057 1066 1097 UBB.

184 1167 401 1224 Habent
439 1164 541 1220 hoc
567 1161 795 1233 publicae
817 1157 1166 1214 necessitates
1192 1195 1208 1218 ,
1252 1161 1310 1208 ut
1353 1149 1703 1222 impossibilia

123 1265 433 1337 plerumque
483 1256 875 1329 persuadeant,
930 1253 993 1308 D.
1043 1251 1354 1319 imperator.
1389 1245 1496 1301 Sed
1545 1252 1705 1300 cauto

123 1371 245 1426 Opus
298 1362 416 1418 est,
463 1366 532 1407 ne
568 1351 830 1419 asperitas
877 1345 1076 1415 negotii
1123 1341 1316 1398 effectu
1361 1341 1515 1395 irrito
1557 1339 1704 1394 solas

127 1457 352 1504 arcessat
387 1445 650 1508 offensas,
691 1455 808 1510 qua:
847 1437 978 1493 nulli
1012 1435 1180 1505 magis
1223 1432 1491 1489 evitandae
1541 1439 1704 1498 sttnt,

123 1557 269 1614 quam
291 1537 478 1610 juveni
505 1546 560 1592 et
587 1534 836 1606 principi,
864 1530 1015 1600 cujus
1039 1527 1209 1599 gratia
1229 1542 1349 1582 cum
1371 1533 1530 1580 :etate
1550 1524 1710 1578 debet

123 1633 445 1689 adolescere.
477 1628 618 1700 Ergo
642 1624 871 1682 numinis
905 1622 1068 1677 vestri
1102 1621 1294 1675 famam
1326 1619 1594 1688 simulque
1621 1633 1710 1671 ar-

123 1729 275 1783 duum
304 1724 608 1794 recogitans
627 1763 642 1786 ,
682 1725 1000 1789 corporatos
1032 1715 1399 1785 negotiatores
1418 1753 1433 1777 ,
1464 1714 1709 1767 membra

123 1830 332 1877 aeterna
360 1818 552 1882 Urbis,
583 1815 650 1870 ad
683 1827 943 1881 equorum
971 1809 1309 1866 collationem
1333 1823 1490 1878 quam
1515 1805 1708 1860 litteris

2887 507 2994 549 non
3048 488 3168 567 quia
3214 493 3396 550 divitis

1808 594 2005 650 metalli
2039 593 2243 650 honore
2264 595 2540 663 gaudetis,
2571 592 2664 648 sed
2697 601 2752 645 ut
2774 604 2956 646 nostra
2977 591 3192 646 devozio
3223 587 3397 642 laticis

1806 687 1987 744 saeculi
2037 697 2261 743 testetur
2298 686 2650 758 opulentiam.
2695 685 2855 740 Bonis
2885 681 3216 755 principibus
3257 682 3394 735 bene

1806 791 1955 853 parta
1987 781 2234 836 libamus.
2267 780 2536 850 Suscipite
2563 795 2593 834 a
2612 778 2883 848 judicibus
2908 787 3093 847 aperta
3114 773 3394 843 obsequia,

1806 878 1894 947 qui
1934 875 2107 947 pretia
2141 877 2348 931 occulta
2378 873 2665 928 damnatis.
2711 871 2900 928 Merito
2928 871 3080 925 vobis
3120 869 3398 924 solemnes

1807 977 2044 1040 pateras,
2075 983 2193 1023 cum
2218 967 2395 1038 quinis
2419 965 2626 1033 solidis,
2651 973 2709 1020 ut
2737 963 3044 1018 numinibus
3074 960 3394 1030 integritatis

1808 1063 2086 1119 offerimus
2112 1082 2124 1114 :
2155 1063 2350 1134 quibus
2378 1077 2477 1116 nec
2506 1069 2688 1116 vester
2711 1057 2903 1128 pudor,
2936 1071 3034 1112 nec
3061 1064 3246 1110 noster
3267 1068 3400 1109 cen-

1808 1171 1902 1210 sus
1924 1164 2202 1210 oneratur.
2236 1155 2450 1209 Maneat
2479 1168 2653 1208 arvum
2688 1151 2812 1205 talis
2838 1150 2978 1204 circa
3014 1163 3113 1202 nos
3153 1161 3281 1201 usus
3313 1145 3398 1198 of-

1811 1250 1915 1305 ficii
1944 1269 1956 1304 :
1990 1258 2045 1304 et
2073 1249 2331 1303 honorem
2377 1247 2678 1303 clementiae
2713 1256 2907 1300 vestra:
2953 1244 3273 1298 iutcrminus
3305 1256 3399 1294 an«

1811 1359 2002 1397 norum
2023 1356 2270 1397 recursus
2284 1343 2562 1396 instauret.
2584 1339 2840 1395 Libenter
2853 1336 3049 1392 strenis
3063 1333 3398 1390 solemnibus

1813 1433 2128 1504 prtel‘ectura
2159 1432 2430 1504 fungetur,
2464 1433 2699 1486 strenuis
2726 1429 3050 1485 deferendis.

2111 1521 2116 1524 ’
2348 1527 2560 1582 EPIST.
2601 1524 2842 1581 XXXVI.

1884 1643 1937 1680 ι).
1969 1637 2261 1678 THEODOSIO
2288 1637 2491 1676 SEMPER
2521 1636 2638 1676 AUC.
2664 1632 2972 1673 SYMMACHUS
2999 1633 3168 1672 PR.£F‘.
3205 1631 3304 1670 UB8

1884 1716 2150 1773 Profiteor
2212 1715 2353 1769 ultro
2402 1713 2543 1783 quod
2599 1713 2714 1769 scio
2776 1711 3113 1766 clementiam
3165 1718 3398 1763 vestram

1818 1827 1975 1888 posse
2024 1810 2340 1867 rescribere.
2376 1808 2694 1864 Verecunde
2738 1807 2919 1877 potius
2957 1820 3114 1874 quam
3148 1805 3270 1874 jure
3311 1819 3403 1858 su-

121 1916 418 1988 ἱωρθηειῖε
440 1957 455 1981 ,
486 1925 680 1967 νοεπε
723 1907 962 1963 dubita“
1007 1923 1023 1962 ε
1053 1921 1122 1961 ne
1180 1903 1552 1960 Ιὶὒθηιὶοηθιιι
1598 1899 1705 1955 ειθο
1737 1883 1788 1946 Β
1815 1883 1958 1974 scepi
2012 1904 2453 1975 provocationem
2489 1945 2501 1966 .
2555 1916 2662 1956 non
2689 1908 2938 1956 exstante
2977 1899 3243 1953 sententia
3287 1913 3300 1950 :
3335 1913 3404 1951 ne

119 2011 328 2066 mcntias
356 2017 552 2063 vestra:
594 2002 810 2076 querela
849 1999 1059 2072 publica
1107 1998 1444 2068 praeveniret.
1494 1997 1705 2067 Integra

121 2118 194 2161 res
238 2111 332 2158 est
382 2118 396 2156 :
445 2100 620 2156 adhuc
667 2095 1039 2152 salubritatem
1087 2091 1295 2147 consilii
1354 2089 1706 2159 diligentioris

122 2206 409 2269 exspectat.
432 2192 659 2251 Justitiaa
700 2195 953 2261 praestate
983 2184 1126 2256 quod
1165 2183 1441 2240 remittitis
1471 2179 1705 2236 invidiae.

124 2294 186 2349 De
213 2291 475 2361 exemplo
510 2289 727 2344 veniunt
769 2301 888 2355 quae
926 2295 1179 2338 cavemus
1218 2295 1233 2335 :
1277 2276 1542 2348 siquidem
1585 2274 1708 2332 cteli

124 2389 382 2460 particeps
410 2399 609 2456 parens
644 2380 946 2437 clementiae
975 2384 1169 2432 vestrae
1190 2416 1202 2439 ,
1227 2388 1347 2428 cum
1371 2384 1565 2426 munus
1597 2368 1711 2424 exi-

121 2494 267 2552 guum
294 2479 422 2534 huic
449 2479 724 2548 hominum
750 2467 1208 2544 generimandare
1233 2473 1513 2529 tentasset,
1533 2470 1709 2516 motus

125 2577 364 2631 libertate
393 2570 564 2641 plebis
593 2563 974 2624 abstinuit.'Et
1009 2572 1155 2618 certe
1187 2572 1482 2632 paucorum
1523 2569 1708 2610 curam

125 2684 196 2724 res
234 2667 332 2723 illa
363 2664 654 2736 poscebat,
707 2660 981 2730 magisque
1017 2655 1257 2712 officium
1301 2649 1712 2706 desiderabatur

126 2760 416 2817 tractanda!
447 2761 690 2832 pecuniae
717 2753 961 2824 publicae,
979 2765 1139 2822 quam
1167 2745 1505 2816 dispendium
1529 2743 1715 2798 confe-

127 2854 317 2909 rcndze.
343 2850 566 2907 Consuli
590 2858 768 2903 tamen
798 2847 985 2916 gloriae
1009 2857 1141 2909 suae,
1163 2855 1229 2896 ne
1245 2839 1372 2911 quid
1391 2837 1604 2908 juberet
1641 2835 1715 2890 in-

127 2948 262 3013 vitis,
282 2956 342 3000 et
364 2941 810 3015 diligentissimus
825 2955 888 2994 ac
905 2937 1080 2993 serius
1099 2936 1413 3003 imperator,
1438 2937 1713 3001 speratum

127 3041 536 3097 emolumentum
588 3045 844 3102 tanquam
876 3029 1153 3102 popularis
1178 3027 1402 3096 ignovit.
1437 3022 1543 3078 Nec
1567 3029 1717 3092 putet

129 3135 397 3190 aeternitas
426 3141 606 3186 vestra
659 3129 728 3183 ab
774 3129 1008 3196 incmpto
1043 3134 1248 3177 temere
1291 3117 1563 3174 destitisse
1607 3116 1716 3170 Deo

129 3231 430 3300 proximum
457 3226 651 3280 virum.
677 3223 909 3276 Noverat
939 3220 1132 3272 borum
1157 3226 1444 3282 corporum
1467 3209 1715 3264 ministe-

132 3325 203 3379 rio
247 3333 411 3378 tanta
455 3319 606 3374 urbis
633 3331 798 3372 onera
826 3311 1105 3369 sustineri.
1149 3309 1251 3364 Hic
1290 3306 1454 3362 lanati
1503 3302 1712 3373 necat-is
1740 3285 1788 3351 C

134 3421 365 3475 invector
391 3427 474 3473 est
503 3433 516 3469 :
554 3415 644 3469 ille
673 3413 738 3466 ad
765 3411 959 3465 victum
986 3406 1164 3478 populi
1192 3404 1336 3471 cogit
1364 3409 1664 3456 armentum
1695 3415 1711 3453 :

135 3513 230 3567 bos
256 3493 433 3568 suillae.
447 3507 630 3564 carnis
648 3513 795 3562 tenet
824 3502 1027 3558 functio
1059 3517 1073 3555 :
1106 3515 1230 3570 pars
1260 3496 1459 3552 urenda
1486 3493 1715 3549 lavacris

143 3604 275 3675 ligna
309 3611 624 3672 comportat.
672 3600 808 3654 Sunt
846 3595 936 3666 qui
977 3594 1195 3648 fabriles
1240 3605 1432 3646 manus
1477 3588 1718 3657 angustis

139 3695 381 3766 cperibns
408 3691 824 3750 accommodant
863 3707 874 3742 :
909 3703 1006 3758 per
1031 3688 1166 3741 alios
1215 3685 1431 3739 fortuita
1463 3691 1718 3737 arcentur

135 3791 394 3846 incendia.
428 3788 545 3843 Jam
576 3799 850 3855 cauponas
876 3792 929 3836 ct
953 3779 1204 3851 obsequia
1249 3778 1466 3848 pistoria
1490 3817 1503 3839 ,
1550 3773 1717 3843 frugis

134 3893 183 3953 et
202 3884 301 3938 olei
327 3881 558 3950 bajulos,
587 3878 893 3946 multosque
917 3873 968 3929 id
991 3886 1158 3944 genus
1187 3870 1369 3941 patrias
1396 3867 1716 3932 servientes,

131 3990 450 4031 enumerare
482 3972 753 4028 fastidium
789 3976 894 4024 est.
925 3966 1003 4022 Ad
1027 3975 1323 4027 summam,
1359 3963 1527 4031 liquet
1560 3959 1720 4028 piivi-

133 4071 322 4140 legium
376 4079 535 4124 vetus
575 4080 770 4137 magno
815 4061 1088 4133 impendio
1137 4069 1386 4114 constare
1437 4055 1716 4109 Romanis.

131 4162 240 4233 logi
265 4163 532 4230 obsequio
573 4158 927 4214 immunitatis
954 4168 1148 4210 nomen
1179 4158 1447 4207 emerunt.
1483 4147 1634 4215 Quod
1676 4147 1722 4199 si

132 4255 450 4324 adjiciantur
506 4252 757 4316 insolita,
831 4249 1051 4303 forsitan
1104 4253 1358 4301 consueta
1411 4241 1718 4296 cessabunt.

134 4346 303 4415 Quare
351 4355 636 4415 paternum
681 4341 982 4398 clementize
1033 4350 1134 4393 tute
1193 4334 1488 4407 ingerimus
1530 4347 1722 4388 exem-

137 4441 299 4509 plum.
347 4439 567 4497 Praetuli
601 4436 898 4501 oraculum,
928 4433 1066 4504 quod
1102 4431 1218 4501 pius
1239 4442 1520 4484 successor
1545 4426 1724 4480 imite-

135 4534 224 4590 ris.
258 4535 369 4589 Oro
412 4542 573 4604 atque
611 4530 838 4586 obsecro
873 4543 940 4583 ne
997 4525 1250 4598 populum
1279 4566 1294 4590 ,
1330 4537 1489 4592 quem
1513 4521 1724 4573 ‘triutn-

136 4629 358 4696 pbantes
380 4639 530 4695 saepe
558 4622 908 4686 veneramini,
939 4619 1148 4677 caeteris
1164 4615 1386 4670 urbibus
1403 4611 1719 4668 conferatis.

1811 1998 2158 2056 existimarer
2186 1995 2423 2051 offensus
2469 1993 2652 2048 libera:-
2695 1993 2942 2063 quidem,
2976 1992 3068 2047 sed
3103 1992 3404 2045 immaturas

1813 2094 1963 2148 vocis
1988 2093 2224 2162 objectu,
2252 2091 2316 2146 D.
2335 2091 2651 2158 imperator.
2672 2087 2806 2142 Nam
2825 2101 2946 2142 cum
2970 2086 3110 2140 inter
3136 2104 3143 2149 ι
3166 2083 3406 2138 roximos

1815 2187 2092 2256 Emphasii
2147 2188 2207 2242 C.
2243 2186 2310 2240 M.
2335 2184 2402 2239 V.
2465 2186 2699 2255 itemque
2729 2183 2976 2238 barredes
3002 2180 3262 2249 scriptos,
3315 2177 3406 2244 qui

1815 2281 1944 2337 olim
1973 2280 2238 2336 beneﬁcio
2261 2279 2508 2350 praetoris
2538 2276 2856 2346 corporibus
2883 2273 3218 2333 defruuntur,
3243 2286 3408 2342 super

1814 2373 2125 2431 testamenti
2171 2373 2295 2443 jure
2325 2371 2467 2426 actio
2509 2379 2837 2431 verteretur,
2871 2377 2926 2422 et
2975 2367 3294 2421 sententiam
3339 2364 3409 2417 de

1804 2467 2159 2538 possessione
2191 2464 2534 2534 impatienter
2583 2461 2894 2528 exigerent,
2935 2458 3128 2530 quibus
3156 2456 3225 2510 ab
3274 2455 3408 2508 inte-

1818 2569 1958 2616 stato
1990 2560 2254 2613 bonorum
2302 2555 2574 2628 possessio
2603 2554 2825 2609 minime
2851 2551 3223 2622 competebat,
3267 2547 3411 2619 quod

1821 2654 2127 2710 haeredibus
2171 2653 2387 2722 scriptis
2434 2649 2727 2705 secundum
2760 2647 2969 2703 tabulas
2999 2645 3293 2701 docebatur
3321 2645 3409 2697 in-

1819 2749 1963 2804 dulta
1995 2765 2007 2800 :
2037 2746 2341 2802 Priscianus
2379 2755 2433 2800 et
2477 2742 2892 2798 Polemonianus
2935 2739 3000 2793 ad
3047 2736 3411 2793 denuntiatio-

1822 2857 1942 2896 nem
1965 2839 2130 2894 dilato
2155 2838 2369 2906 negotio
2401 2843 2780 2906 provocarunt.
2811 2833 2880 2887 Et
2907 2846 3025 2886 cum
3049 2834 3116 2884 ab
3147 2829 3230 2884 his
3275 2828 3414 2882 ratio

1821 2939 2174 3005 quaereretur,
2209 2931 2342 2985 alios
2371 2929 2516 2982 vocis
2548 2943 2658 2980 sua:
2688 2927 2994 2979 incentores
3031 2921 3195 2975 fuisse
3228 2919 3410 2973 testati

1823 3036 1968 3094 sunt,
2001 3037 2060 3080 ut
2089 3033 2238 3096 gesta
2267 3023 2462 3077 littcris
2491 3032 2732 3073 connexa
2761 3014 3152 3069 monstrabunt.
3183 3010 3292 3065 Nec
3329 3009 3411 3064 of-

1805 3121 2004 3178 ficium
2039 3118 2278 3190 partibus
2309 3115 2499 3182 defuit,
2532 3113 2598 3166 ad
2624 3112 2876 3166 mulctatn
2902 3103 3196 3179 praajudicii
3221 3117 3409 3173 sugge-

1824 3213 2068 3270 rendam.
2119 3211 2221 3267 Sed
2249 3209 2481 3279 judiccm
2512 3205 2674 3261 vestti
2727 3203 2904 3257 saeculi
2936 3200 3115 3254 decuit
3144 3197 3250 3251 vim
3283 3211 3418 3250 con-

1819 3305 2112 3362 stitutionis
2141 3319 2295 3359 sacro
2323 3300 2543 3356 oraculo
2585 3311 2889 3360 reservare,
2919 3309 3040 3349 cum
3068 3291 3419 3360 allegaverint

1820 3403 2099 3471 petitores,
2116 3398 2257 3468 quod
2281 3411 2340 3451 sc
2362 3396 2426 3450 ad
2452 3395 2717 3450 incautam
2744 3388 3180 3462 provocationem
3202 3384 3414 3439 alienus

1821 3495 2065 3550 hortatus
2097 3490 2393 3560 impulerit.

2352 3579 2570 3635 EPIST.
2612 3575 2881 3632 XXXVII.

1821 3701 1872 3738 ι).
1905 3694 2196 3736 THEODOSIO
2224 3692 2425 3732 SEMPEB
2460 3690 2578 3728 AUC.
2609 3685 2915 3727 SYMMACIIUS
2935 3684 2987 3723 ν.
3012 3683 3062 3723 C.
3090 3682 3260 3721 PREF.
3289 3680 3413 3731 UBE,

1806 3788 1810 3790 '
1893 3775 2078 3830 Fidem
2111 3787 2286 3827 meam
2310 3769 2562 3825 convenit
2589 3781 2742 3820 amor
2768 3763 2948 3819 saeculi
2981 3761 3170 3829 vestri,
3201 3771 3254 3814 et
3288 3772 3418 3812 cura

1822 3867 1958 3937 reip.
1999 3880 2065 3920 ne
2091 3861 2412 3933 corrigenda
2442 3858 2796 3923 dissimulem,
2836 3856 2896 3910 D.
2932 3857 3245 3924 imperator.
3281 3850 3415 3906 Cum

1822 3961 1888 4015 ad
1912 3961 2282 4030 przefecturam
2309 3955 2569 4008 urbanam
2595 3949 2828 4004 civilium
2855 3961 3032 4002 rerum
3057 3959 3264 3999 summa
3299 3957 3420 4012 per-

1825 4054 2007 4115 tineat,
2044 4047 2344 4103 minoribus
2371 4044 2561 4099 officiis
2582 4050 2730 4097 certa
2753 4038 2996 4108 quaedam
3031 4035 3271 4090 membra
3293 4048 3417 4088 cre-

1824 4145 2044 4210 duntur,
2071 4141 2266 4211 quibus
2289 4136 2536 4207 regendis
2559 4133 2848 4188 industrios
2870 4139 2925 4185 et
2946 4128 3182 4199 privatos
3204 4132 3423 4194 Oportet

1826 4239 2094 4304 adhiberi,
2118 4247 2177 4292 ut
2203 4251 2358 4290 suum
2381 4232 2608 4304 quisque
2628 4243 2829 4304 rnunus
2857 4226 3128 4296 inculpata
3150 4210 3420 4284 facilitate
3510 4260 3513 4263 -

1827 4341 2158 4404 promoveat.
2208 4331 2366 4386 Tales
2419 4343 2561 4383 nunc
2604 4326 2670 4381 de
2735 4321 2933 4394 judicio
2978 4318 3211 4374 numinis
3254 4317 3428 4372 vestri

1828 4428 2072 4499 publicus
2095 4415 2230 4479 usus
2246 4430 2542 4492 exspectat.
2569 4417 2675 4474 Sed
2701 4417 2824 4471 nolo
2845 4414 3066 4484 culpare
3091 4417 3390 4483 praesentes
3405 4449 3422 4474 ,

1827 4538 1946 4577 cum
1980 4520 2109 4575 satis
2151 4519 2222 4572 sit
2251 4513 2599 4570 sollicitudini
2644 4526 2800 4579 meae,
2847 4507 2894 4564 si
2941 4506 3250 4563 melioribus
3292 4503 3427 4558 viris

1829 4615 2006 4674 officia
2047 4614 2414 4668 intramurana
2458 4606 2741 4662 mandetis.
2776 4603 2907 4660 Meis
2947 4603 3145 4672 quippe
3184 4599 3426 4654 humeris

137 4677 287 4774 iiabit
332 4677 549 4775 forttina
583 4677 802 4784 melior,
845 4677 1104 4786 quidquid
1147 4709 1438 4766 castrensis
1474 4721 1601 4762 usus
1648 4707 1715 4762 ef-

1831 4726 2014 4768 rerum
2055 4707 2292 4764 omnium
2327 4703 2564 4774 pondera
2594 4699 2947 4762 sustinentur,
2989 4693 3312 4751 ct'dentibus
3338 4705 3430 4746 re-

137 4813 360 4884 ﬂagitat.
393 4813 750 4869 Humanitatis
781 4809 976 4866 merito
1008 4809 1300 4863 necessitas
1347 4812 1524 4859 vestra
1569 4801 1727 4857 seda-

136 4905 294 4969 bitur.

692 4997 904 5055 EPIST.
950 4995 1165 5051 XXXV.

141 5111 221 5151 DD.
253 5107 670 5156 VALENTINIANO,
710 5105 1006 5147 ἨΠ-2000510
1032 5105 1095 5144 ΕΤ
1117 5103 1268 5144 ARCA'
1291 5101 1343 5141 10
1368 5100 1573 5141 SEMPER
1600 5099 1725 5140 AUG.

505 5178 816 5221 SYIIACHUS
850 5179 900 5216 ν.
939 5177 989 5216 C.
1033 5176 1200 5216 PBEF.
1236 5174 1357 5213 UltB.

205 5283 291 5339 Ab
320 5290 514 5337 exortu
541 5295 678 5349 pene
706 5279 854 5334 urbis
880 5277 1087 5332 Martiae
1117 5285 1419 5329 strenarum
1450 5287 1578 5326 usus
1599 5269 1729 5324 ado-

141 5376 299 5441 levit,
359 5377 678 5430 auctoritate
716 5371 854 5426 Tatii
899 5371 1076 5442 regis,
1123 5368 1211 5438 qni
1255 5367 1514 5422 verbenas
1557 5361 1730 5418 felicis

141 5469 357 5525 arboris
375 5484 440 5524 ex
461 5470 581 5523 luco
600 5467 847 5521 Strenuae
870 5465 993 5519 anni
1014 5463 1138 5517 novi
1154 5461 1401 5530 auspices
1424 5459 1626 5528 primus
1640 5470 1731 5510 ac-

141 5565 315 5633 cepit,
374 5561 484 5617 DD.
535 5561 913 5632 imperatores.
962 5557 1166 5613 Nomen
1217 5554 1414 5609 indicio
1465 5559 1548 5607 est
1597 5549 1729 5604 viris

143 5656 383 5711 strenuis
426 5655 542 5711 haec
592 5654 888 5711 convenire
937 5653 1006 5708 ob
1033 5652 1283 5706 virtutem
1327 5667 1340 5701 :
1391 5657 1554 5717 atque
1607 5645 1728 5699 ideo

145 5748 296 5802 vobis
327 5747 632 5818 hujustnodi
661 5747 870 5817 insigne
890 5743 1101 5810 deberi;
1129 5757 1353 5815 quorum
1376 5740 1588 5796 divinus
1613 5740 1732 5794 ani-

148 5858 264 5898 mus
306 5845 474 5914 magis
513 5842 883 5899 testimonium
909 5840 1196 5912 vigilantia:
1237 5852 1396 5910 quam
1435 5849 1591 5890 omen
1631 5849 1729 5889 ex-

148 5947 378 6002 spectat.
409 5939 613 5998 Sumite
649 5939 807 6001 igitur
834 5935 1147 5994 defensores
1174 5932 1403 5996 publicae
1425 5927 1612 5988 salutis
1641 5942 1729 5986 σου

1834 4804 2016 4874 liquis,
2064 4813 2197 4871 quos
2235 4797 2533 4854 clementiae
2563 4799 2759 4849 vestrae
2803 4788 3086 4857 multiplex
3135 4785 3421 4855 occupatio

1832 4897 2062 4970 probare
2085 4910 2188 4949 non
2211 4892 2403 4964 potuit.
2433 4890 2607 4946 Habet
2627 4897 2930 4958 temporum
2962 4882 3184 4938 felicitas
3212 4877 3430 4948 dignio-
3508 4952 3512 4956 ι

1835 5006 1943 5046 res.
1969 4991 2235 5045 Bonorum
2260 4986 2498 5041 virorum
2523 4997 2656 5038 vena
2692 4978 2919 5035 fecunda
2947 4985 3048 5032 est.
3083 4971 3272 5028 Melius
3304 4967 3429 5023 urbi

1835 5091 2035 5138 nostrae
2061 5081 2114 5136 in
2147 5073 2758 5151 posterumconsuletis,
2782 5081 2838 5126 et
2867 5067 3074 5140 eligatis
3097 5066 3312 5120 invitos.

2348 5169 2572 5226 EPIST.
2618 5164 2907 5222 XXXVIII.

1836 5290 1889 5328 ι).
1914 5281 2210 5325 τηεοοοειο
2235 5280 2438 5320 SEMPER
2464 5278 2587 5318 AUC.
2620 5271 2926 5314 SYMMACHUS
2948 5271 2999 5311 ν.
3025 5269 3075 5309 C.
3102 5267 3274 5308 PBEF.
3303 5267 3431 5305 UBB.

1906 5366 2158 5422 Felicitas
2189 5362 2403 5434 quidem
2434 5369 2609 5414 vestra
2642 5365 2863 5410 :eterntc
2895 5350 3022 5407 Urbi
3046 5349 3304 5405 solemnis
3327 5346 3434 5400 ali-

1837 5459 2031 5516 monite
2060 5457 2268 5526 cOpiam
2297 5451 2602 5523 pollicetur,
2640 5449 2698 5500 ι).
2733 5447 3048 5514 imperator.
3081 5439 3187 5496 Sed
3217 5455 3278 5494 re
3308 5453 3429 5493 ma-

1837 5554 1919 5623 gis
1957 5564 2115 5622 quam
2145 5563 2242 5618 spe
2280 5548 2378 5601 tuti
2410 5558 2528 5599 esse
2563 5541 2826 5596 debemus
2864 5556 2877 5594 :
2911 5535 3052 5610 quod
3092 5533 3250 5590 facile
3291 5531 3436 5595 factu

1832 5654 1949 5707 est,
1990 5643 2034 5698 si
2067 5641 2207 5697 hanc
2233 5651 2446 5709 quoque
2477 5642 2682 5705 partem
2729 5630 3034 5685 clementiae
3073 5639 3272 5683 vestra:
3300 5639 3431 5687 cura

1833 5733 2152 5804 respexerit.
2198 5731 2331 5786 Nam
2371 5733 2558 5782 testate
2602 5732 2853 5794 provecta
2898 5735 3019 5776 cum
3047 5734 3110 5774 ex
3166 5716 3434 5780 Africanis

1834 5832 2075 5904 partibus
2105 5827 2383 5883 minimum
2429 5821 2763 5884 devehatur,
2816 5834 2920 5873 non
2970 5817 3115 5872 inani
3163 5811 3435 5882 tangimur

1836 5903 1985 5985 metu
2014 5937 2081 5980 ne
2111 5936 2200 5979 res
2232 5915 2524 5976 annonaria
2565 5917 2616 5972 in
2654 5927 2848 5989 graves
2880 5919 3100 5980 cogatur
3127 5903 3428 5975 angustias.
