3932 6470
457 364 554 425 571

1642 352 1708 421 ρ.
1749 343 2102 406 sunmus
2141 342 2581 405 svnmcnus.
3646 344 3745 397 πμ

458 482 531 539 Eg
567 479 691 538 ideo
735 497 834 540 οιοο
878 494 1169 554 quaesoque
1213 475 1568 550 perennitatis
1607 480 1803 529 vestrze
1846 473 2064 526 salubre
2091 473 2146 528 Δ
2171 487 2289 528 nes.
2320 472 2755 531 Tuneedtverso
2788 490 3011 534 vemens
3037 495 3104 536 ex
3127 479 3422 539 Plaeidiani
3453 482 3517 540 ϐ.
3560 485 3628 540 ν.
3663 499 3759 542 no-

462 579 800 653 praesidium,
825 585 883 634 ut
907 575 1115 649 judices
1144 573 1450 637 Africanos,
1479 578 1534 626 et
1559 566 1850 630 notarium,
1873 564 1960 620 cui
1986 579 2064 619 ae-

463 676 692 733 ternitas
736 683 912 729 vestra
951 670 1224 727 mandavit
1264 663 1648 724 frumentarios
1691 667 2063 724 commeatus,

468 767 743 829 severiora
787 764 984 836 scripta
1025 761 1396 827 dissimulent,
1440 756 1621 813 missis
1661 755 1716 810 in
1761 753 1868 809 hoc
1901 765 2065 821 nego-

468 864 603 920 tium
633 861 888 927 strenuis,
915 859 1006 929 qui
1055 872 1220 913 onera
1265 861 1555 918 consueta,
1593 849 1722 905 dum
1768 843 2068 902 tractabilis

468 954 744 1027 navigatio
760 963 868 1018 est,
890 951 1056 1007 victui
1085 949 1244 1006 Urbis
1269 946 1582 1004 exhibeant.
1611 941 1735 998 Haec
1756 938 1954 995 saeculo
1976 951 2072 991 ve-

470 1056 618 1115 stro,
652 1048 754 1102 hoc
779 1046 1071 1103 virtutibus
1100 1043 1294 1099 divinis
1323 1041 1541 1111 dignum
1571 1046 1677 1104 est,
1708 1044 1766 1090 ut
1810 1033 2072 1089 securita-

471 1151 583 1200 tem
612 1140 838 1196 Romani
864 1138 1048 1210 populi
1086 1136 1227 1191 inter
1263 1131 1532 1202 praecipua
1554 1137 1610 1185 et
1638 1127 1814 1198 prima
1845 1123 2068 1180 curetis.

473 1236 719 1295 Aderunt
744 1232 940 1304 optatis
966 1231 1213 1288 cursibus
1255 1228 1411 1298 plena
1444 1223 1682 1296 navigia,
1707 1229 1766 1277 et
1800 1220 2074 1276 Romanos

475 1339 666 1404 portus
695 1329 953 1398 frequens
987 1334 1148 1397 atque
1177 1331 1371 1379 onusta
1398 1321 1589 1376 classis
1631 1315 1873 1384 intrabit,
1906 1314 1952 1370 si
1983 1326 2076 1368 as-

476 1423 776 1498 piraverint
806 1418 1045 1477 numinis
1070 1419 1240 1474 vestri
1264 1414 1500 1471 secunda
1528 1409 1804 1484 sutl‘ragia.

1023 1510 1253 1569 EPIS’I‘.,
1283 1506 1530 1563 XXXIX.

549 1630 602 1668 Do
631 1623 925 1666 THEODOSIO
949 1620 1156 1663 εειιῐδειι
1184 1618 1304 1658 AUC.
1328 1613 1647 1656 SYﬂMACEUS
1676 1611 1844 1651 PBEP.
1881 1609 2006 1651 URB.

549 1703 799 1760 Difﬁcilis
826 1711 912 1757 est
938 1699 1118 1756 exitus
1148 1705 1395 1753 veterum
1424 1691 1750 1762 iurgiorum.
1783 1688 1890 1744 Res
1933 1685 2080 1743 enim

480 1799 664 1856 multis
702 1798 900 1868 agitata
940 1793 1186 1865 iudiciis,
1211 1799 1266 1846 et
1295 1788 1565 1845 actionum
1597 1783 1881 1849 varietate,
1912 1791 1967 1839 et
1991 1796 2084 1840 co-

2169 566 2339 634 mine,
2367 568 2460 638 qui
2503 577 2656 637 pater
2685 567 2884 627 adulta
2926 572 3025 627 fuit
3064 574 3473 632 immodicarum
3513 578 3761 636 donatio-

2172 677 2300 719 num
2332 677 2492 718 causa
2530 679 2778 720 manasse
2807 667 3108 734 respondit.
3142 668 3587 740 Supplemeutum
3637 689 3762 728 vero

2173 755 2451 811 unciarum
2493 757 2560 812 ab
2591 758 2806 813 baerede
2843 758 3126 828 Placidite,
3171 765 3255 818 cui
3299 777 3454 820 soror
3501 765 3761 820 Martiana

2175 849 2452 916 successit,
2498 850 2733 908 asseruit
2773 852 3052 919 postulari.
3093 852 3217 909 llam
3244 855 3584 910 adversarius
3618 869 3765 911 eate-

2177 961 2279 1002 nus
2303 944 2602 1009 refellebat,
2631 954 2690 1002 ut
2715 945 2918 1002 diceret
2937 946 2998 1000 C.
3027 948 3088 1002 F.
3115 949 3385 1017 juniorem
3418 951 3761 1014 Mareianam,

2179 1056 2284 1096 non
2312 1040 2600 1095 Placidiani
2626 1050 2826 1095 tantum
2851 1043 3017 1110 patris
3037 1044 3458 1107 successionem,
3485 1047 3578 1099 setl
3603 1048 3766 1100 etiam

2179 1135 2430 1192 Placidia:
2452 1150 2721 1206 germanae
2749 1151 2863 1193 sum
2888 1153 2986 1206 pre
3003 1138 3168 1194 certis
3199 1139 3374 1194 unciis
3398 1149 3766 1204 consecutam,

2181 1245 2283 1286 nec
2315 1237 2493 1285 tamen
2527 1230 2691 1286 ullam
2719 1230 2973 1285 Placidia:
3007 1231 3336 1287 mentionem
3365 1247 3584 1300 precum
3631 1235 3770 1288 serie

2181 1325 2469 1381 contineri.
2507 1324 2612 1380 Sed
2643 1339 2762 1380 cum
2798 1325 3048 1395 allegatio
3078 1325 3310 1382 diversa:
3353 1327 3526 1395 partis
3560 1336 3771 1382 astrue-

2184 1427 2290 1487 ret,
2333 1433 2449 1474 rem
2479 1433 2539 1474 se
2568 1418 2855 1474 obnoxiam
2891 1419 3140 1488 persequi
3169 1420 3463 1490 designatis
3489 1420 3664 1476 titulis
3690 1437 3772 1476 ac-

2187 1515 2418 1579 tionum,
2463 1521 2519 1567 et
2547 1512 2622 1580 id,
2652 1511 2794 1582 quod
2825 1513 2877 1568 in
2908 1513 3055 1569 litem
3083 1513 3252 1577 venit,
3306 1528 3404 1583 pro
3445 1523 3594 1568 certa
3627 1528 3774 1582 parte

2189 1605 2508 1660 Martianum
2544 1602 2605 1660 C.
2640 1603 2700 1660 F.
2744 1605 3058 1674 possidere:
3085 1605 3202 1675 ejus
3243 1619 3438 1662 nomen
3469 1620 3594 1661 cum
3632 1605 3772 1661 desi-

2185 1701 2442 1770 gnatione
2467 1713 2748 1755 causarum
2772 1700 2992 1756 doceret
3022 1700 3271 1770 precibus
3297 1701 3768 1772 comprehensum,

2194 1794 2345 1849 stetit
2370 1793 2556 1864 judicii
2596 1794 2702 1850 mei
2733 1793 3087 1850 deliberatio:
3113 1794 3216 1850 hoc
3244 1804 3548 1862 asserente,
3600 1809 3774 1866 perso-

481 1859 854 1967 gnoscentium
890 1859 1062 1954 mutu,
1089 1894 1144 1943 et
1169 1897 1524 1956 personarum
1552 1880 1936 1938 mutationibus
1977 1874 2081 1934 ini-
2113 1859 2164 1926 Β
2195 1901 2318 1942 nam
2356 1859 2606 1943 suam
2640 1888 3020 1958 supplicationi
3061 1887 3221 1958 adjici
3250 1888 3502 1944 debuisse
3532 1859 3545 1943 ξ
3575 1859 3667 1945 nio
3693 1905 3775 1945 ne.

484 1987 737 2058 plieatur,
763 1983 824 2037 Ι).
850 1982 1161 2050 imperatur.
1195 1977 1263 2033 Ut
1288 1976 1418 2033 mihi
1442 1989 1585 2030 nunc
1611 1975 1762 2030 venit
1785 1988 1939 2039 usus,
1961 1987 2086 2032 cum

485 2079 628 2134 inter
649 2073 1008 2132 Gaudentium
1032 2080 1336 2128 curatorem
1369 2069 1646 2123 Martianaa
1673 2068 1988 2122 clarissimae.
2017 2065 2089 2120 fe-

487 2169 686 2236 minae,
718 2169 956 2238 itemque
992 2165 1266 2221 Liberium
1298 2157 1705 2234 precuratorem
1746 2160 1927 2216 amita
1969 2159 2089 2228 ejus

489 2264 680 2321 eodem
713 2263 953 2328 nomine,
995 2261 1123 2317 dum
1163 2259 1392 2325 viveret,
1437 2267 1778 2327 nuncupatas,
1823 2267 2091 2311 annosum

490 2359 765 2415 luctamen
804 2357 1073 2413 audirem.
1116 2355 1249 2410 Nam
1283 2354 1338 2410 in
1368 2353 1492 2423 ipso
1520 2351 1706 2408 limine
1733 2350 2050 2421 quaestionis
2071 2389 2088 2414 ,

493 2467 616 2509 cum
655 2449 990 2522 procuratio,
1029 2463 1188 2520 quam
1233 2447 1296 2502 C.
1330 2446 1396 2502 F.
1425 2446 1608 2503 senior
1639 2443 1900 2499 Martiana
1942 2457 2094 2498 man-

494 2545 737 2610 daverat,
772 2540 1004 2598 invalida
1031 2539 1335 2605 diceretur,
1367 2538 1511 2608 quod
1548 2545 1674 2594 ante
1702 2535 1914 2592 cuidam
1947 2533 2096 2603 prin—

495 2635 607 2707 cipi
632 2644 779 2692 esset
807 2633 1078 2705 injuncta,
1113 2632 1205 2688 ubi
1231 2629 1444 2687 refusas
1472 2629 1526 2684 in
1560 2627 1833 2684 dominam
1878 2639 2098 2695 compe-

498 2731 668 2784 rimus
694 2729 957 2795 actiones,
987 2735 1151 2797 atque
1171 2726 1307 2781 actis
1335 2725 1606 2796 pmtoriis
1628 2723 1682 2778 in
1710 2721 1982 2777 Liberium
2003 2717 2100 2774 de-

499 2836 607 2876 nuo
627 2821 747 2891 jura
772 2819 1025 2875 translata
1048 2835 1066 2884 ;
1087 2817 1295 2888 objecta
1321 2832 1490 2874 cassae
1514 2814 1910 2886 procurationis
1932 2826 2099 2884 agno-

501 2914 712 2968 vimus:
746 2921 871 2966 tunc
900 2910 1144 2966 defensio
1187 2908 1356 2979 partis
1405 2906 1650 2963 adversae
1695 2904 1910 2976 negavit
1953 2911 2100 2959 stare

500 3019 810 3076 personam,
839 3004 994 3074 cujus
1021 3003 1455 3074 procurationem
1488 2999 1787 3070 superioris
1813 3005 1969 3068 gesta
2003 2995 2097 3066 ju-

502 3097 630 3155 dicii
666 3112 772 3152 non
807 3104 1076 3152 tenerent.
1116 3093 1317 3150 Contra
1345 3092 1464 3148 haec
1493 3101 1738 3147 exactam
1770 3091 1919 3160 prius
1949 3102 2102 3144 man-

519 3191 632 3242 dari
667 3187 1062 3252 recitationem,
1096 3197 1148 3241 et
1179 3187 1318 3239 inter
1350 3194 1528 3255 partes
1560 3184 1814 3238 tributum
1845 3195 2102 3251 procura-

2192 1989 2377 2051 gante,
2415 1988 2537 2050 post
2567 1979 2992 2051 designationem
3021 1983 3101 2037 rei
3137 1989 3194 2035 et
3221 1981 3344 2050 ejus
3369 1996 3639 2050 personae,
3671 1997 3775 2052 qua

2195 2075 2358 2134 hodie
2377 2091 2664 2144 corporum
2691 2077 3031 2146 possessione
3051 2075 3333 2143 defruitur,
3357 2077 3646 2148 quidquam
3671 2093 3776 2133 esse

2197 2167 2564 2238 quaerendum.
2599 2167 2844 2224 Accessit
2877 2167 3206 2224 cunctationi
3247 2182 3386 2223 mea:
3414 2183 3580 2223 causa
3625 2168 3775 2224 vehe-

2200 2263 2459 2327 mentior;
2491 2262 2631 2331 quod
2657 2261 2878 2332 jubente
2899 2263 3038 2332 lege,
3063 2271 3122 2318 ut
3153 2264 3290 2318 intra
3316 2271 3549 2330 quatuor
3580 2277 3776 2320 menses

2195 2357 2267 2412 ad
2310 2357 2719 2414 aestimationem
2763 2356 3026 2412 bonorum
3063 2370 3345 2425 possessor
3372 2357 3584 2427 petitori
3617 2366 3776 2414 tenea-

2199 2461 2322 2516 tur;
2362 2466 2504 2510 nunc
2530 2463 2583 2506 ut
2607 2460 2758 2521 gesta
2787 2451 3204 2529 monstrabuntn
3227 2461 3514 2521 angustum
3547 2453 3702 2509 nimis
3720 2469 3776 2508 cx

2199 2545 2558 2600 conventione
2599 2555 2808 2614 tempus
2835 2544 2999 2601 fuisse
3026 2546 3198 2600 visum
3229 2553 3312 2603 est
3347 2545 3655 2615 peregrinis
3680 2561 3776 2600 cor-

2202 2639 2422 2710 poribus
2445 2639 2796 2695 mstimandis.
2831 2639 2898 2694 Et
2922 2639 3041 2694 ideo
3072 2647 3248 2696 motus
3273 2639 3557 2710 ambiguis,
3583 2640 3778 2694 oraculo

2187 2733 2440 2790 numinis
2468 2735 2635 2789 vestri
2664 2732 3039 2804 distinguenda
3079 2743 3276 2814 cuncta.
3303 2734 3537 2788 servavi.
3590 2733 3711 2789 Nam
3733 2735 3777 2786 i

2203 2828 2367 2884 rebus
2396 2826 2574 2882 dubiis
2603 2842 2708 2884 una
2738 2838 2822 2884 est
2851 2827 3187 2883 salubritatis
3217 2829 3324 2892 via,
3355 2837 3412 2881 ut
3450 2826 3631 2881 divina
3659 2842 3780 2889 nute-

2202 2936 2307 2991 que
2329 2921 2415 2976 vel
2445 2920 2554 2976 Deo
2575 2921 2815 2989 proxima
2839 2919 3207 2974 consulantur.
3233 2919 3551 2987 Conjunctae
3573 2919 3775 2989 paginas,

2202 3013 2552 3083 allegationes
2595 3011 2847 3082 partium,
2895 3023 2952 3068 et
2992 3012 3360 3083 supplementa
3405 3021 3778 3079 sumpserunt:

2204 3119 2325 3174 qua:
2350 3119 2471 3160 cum
2505 3106 2802 3173 majestatis
2831 3115 3026 3161 vestrae
3054 3105 3258 3174 justitia
3289 3105 3656 3175 perpenderit,
3685 3119 3778 3174 pre~

2203 3212 2320 3265 eor,
2367 3209 2424 3255 ut
2466 3207 2640 3256 metas
2679 3199 2905 3256 curiosa
2948 3200 3027 3255 liti
3069 3200 3309 3256 absoluta
3358 3200 3668 3258 deﬁnitione
3699 3216 3779 3271 po-

527 3280 629 3335 ιοιὶ
660 3279 983 3336 beneficium
1015 3277 1374 3348 repatraionis
1405 3276 1653 3330 aiebant:
1679 3274 1800 3329 huic
1829 3276 1962 3344 parti
1990 3275 2108 3330 lon-
2129 3247 2177 3322 θ
2211 3247 2372 3348 “ads,

519 3370 668 3441 gius,
704 3385 863 3440 quam
903 3369 1176 3440 oportuit,
1219 3372 1500 3423 immorata
1539 3367 1814 3424 contentio
1857 3379 1959 3422 eSt.
2002 3368 2108 3426 Sed

519 3473 644 3538 quia
684 3467 832 3536 prior
876 3465 1154 3536 cognitor,
1209 3472 1264 3518 ut
1299 3465 1442 3534 justo
1489 3463 1762 3520 defensori
1804 3464 2112 3520 restituerat

521 3572 829 3629 temporum
859 3572 1080 3615 cursum
1102 3599 1116 3623 ,
1139 3557 1232 3630 qui
1263 3573 1358 3628 per
1395 3565 1608 3614 actores
1635 3572 1742 3612 non
1773 3567 1982 3628 poterat
2010 3559 2111 3614 im-

523 3654 752 3722 petrari,
801 3662 857 3710 et
902 3653 1212 3724 procuratio
1265 3652 1541 3722 legebatur
1592 3654 1839 3723 praetoris
1895 3654 2110 3725 alligata

521 3750 758 3818 judicio:
788 3750 900 3806 haec
928 3765 1140 3820 quoque
1168 3749 1503 3822 praescriptio
1526 3752 1852 3821 conquievit.
1886 3751 2111 3809 Succes-

521 3844 590 3897 sit
619 3842 786 3910 aliud,
819 3853 875 3899 ut
900 3843 1050 3899 obitu
1081 3843 1353 3900 lllartiame
1373 3841 1434 3898 C.
1464 3843 1528 3900 F.
1560 3844 1868 3902 mandatum
1894 3833 2110 3904 dicere-

525 3948 607 3992 tur
636 3937 980 3994 exstinctum.
1008 3935 1114 3996 Sed
1173 3947 1384 4002 contra,
1411 3937 1734 3992 venerabilis
1761 3937 1960 3994 Juliani
1988 3953 2112 3994 san-

523 4032 630 4086 ctio
660 4041 804 4088 stare
832 4040 1249 4102 procuratorum
1272 4033 1434 4101 jussit
1462 4030 1636 4088 officia
1657 4071 1674 4098 ,
1706 4047 1987 4100 causarum
2014 4035 2110 4089 do-

521 4122 678 4178 minis
709 4123 1013 4182 viventibus
1031 4124 1300 4182 inchoata.
1324 4123 1464 4194 Ergo
1486 4139 1609 4183 cum
1635 4131 1691 4180 et
1713 4123 2108 4193 reparationem

521 4221 811 4290 superstite
839 4219 1126 4284 Martiana,
1155 4228 1211 4275 et
1231 4218 1643 4278 conventionem
1673 4219 1839 4288 partis
1866 4219 2109 4274 adversae

523 4327 684 4381 super
700 4313 1030 4368 aestimandis
1055 4311 1209 4368 bonis
1225 4305 1466 4366 Liberius
1485 4310 1844 4384 impetrasset,
1870 4323 2106 4378 pronun-

529 4403 786 4460 tiavimus
836 4418 940 4458 non
986 4401 1207 4474 periisse
1252 4401 1579 4460 mandatum.
1640 4401 1844 4458 Dehinc
1880 4403 2110 4474 petitore

524 4507 880 4566 properante,
909 4507 970 4554 ut
997 4513 1062 4553 ex
1097 4499 1478 4558 constitutione
1507 4499 1740 4554 numinis
1767 4500 1957 4563 vestri,
1990 4514 2107 4555 ser-

535 4591 696 4646 vandi
732 4591 898 4647 debiti
929 4606 1088 4648 causa
1125 4592 1178 4646 in
1217 4603 1459 4654 materna
1498 4608 1723 4663 corpora
1762 4595 2103 4663 mitteretur,

2817 3365 3035 3424 EPIST.
3077 3366 3188 3425 XL.

2283 3476 2334 3514 υ.
2365 3472 2658 3520 τηεοοοειο
2687 3473 2890 3517 SBNPER
2920 3475 3043 3518 AUC.
3075 3472 3388 3520 SYMIIACHUS
3408 3475 3580 3544 Νι.ιῆ
3606 3475 3712 3518 CRB.

2284 3575 2418 3632 Cum
2440 3575 2723 3632 clementia
2741 3586 2917 3630 vestra
2941 3575 3271 3632 meminisset
3289 3575 3550 3632 facienda
3567 3587 3779 3631 ωτι-ηοω

2215 3670 2545 3740 impendium
2575 3668 2642 3725 de
2665 3683 2821 3724 sacro
2849 3669 3044 3726 mrario
3071 3683 3192 3724 esse
3221 3670 3521 3737 decretum,
3553 3671 3776 3735 censuit,

2216 3772 2276 3820 ut
2316 3761 2432 3831 ejus
2477 3774 2753 3831 argentum
2800 3761 3028 3832 publicis
3065 3760 3300 3816 conditis
3345 3762 3680 3824 redderetur.
3720 3761 3776 3814 D.

2215 3856 2510 3926 imperator
2535 3855 2660 3910 :sed
2688 3855 2951 3912 examinis
2983 3856 3183 3924 reperit
3211 3855 3365 3919 fides,
3394 3871 3460 3911 ex
3487 3857 3606 3922 aliis
3634 3854 3778 3910 titulis

2217 3957 2543 4020 aISttmptam
2571 3949 2838 4018 speciem,
2869 3965 3029 4018 quam
3062 3949 3289 4004 vehiculi
3319 3960 3542 4005 ornatus
3573 3949 3776 4017 accepit.

2217 4040 2383 4111 Cujus
2407 4041 2508 4103 rei,
2539 4041 2697 4096 etiam
2723 4041 2800 4095 vir
2827 4041 3049 4096 illustris
3082 4042 3446 4109 prtcdecessor
3477 4058 3650 4108 meus,
3683 4043 3776 4100 An-

2218 4132 2452 4190 themius
2479 4132 2705 4198 Bassus,
2744 4134 3064 4202 perennitati
3102 4143 3292 4190 vestrm
3323 4139 3584 4192 rationem
3612 4136 3777 4189 dicitur

2219 4228 2514 4284 intimasse.
2551 4227 2617 4281 Et
2644 4227 2764 4282 ideo
2795 4228 2975 4282 szeculi
3017 4230 3179 4287 vestri
3221 4231 3445 4299 aequitas
3493 4229 3775 4299 imperavit,

2223 4331 2280 4376 ut
2307 4323 2646 4387 examinata,
2676 4329 2730 4376 et
2754 4333 3024 4391 comperta
3068 4339 3431 4394 suggererem.
3476 4327 3607 4380 Cum
3644 4325 3777 4379 ﬁscus

2222 4414 2277 4470 in
2309 4421 2584 4484 tempore,
2616 4414 2758 4483 quod
2805 4415 3105 4472 habendum
3148 4417 3342 4484 fuerat,
3389 4433 3498 4473 non
3542 4418 3775 4480 haberet,

2222 4524 2286 4564 ex
2311 4524 2433 4564 arca
2461 4511 2754 4578 queatoria,
2776 4511 3009 4579 itemque
3032 4527 3096 4565 ex
3127 4511 3414 4567 formarum
3445 4514 3777 4582 condis,pra2~

2226 4611 2370 4659 terea
2402 4619 2466 4658 ex
2503 4604 2930 4674 argentariorum
2961 4605 3310 4674 parcimonia,
3348 4616 3622 4676 argentum
3652 4607 3777 4675 jussu

523 4683 666 4752 quod
712 4683 1026 4739 adversaria
1075 4685 1486 4742 aestimationem
1528 4684 1796 4740 bonorum
1844 4693 2097 4742 conventa

2227 4645 2368 4659 ..ην-
2403 4645 2466 4658 υ..
2503 4645 2930 4674 ...,,.................
2961 4645 3310 4674 ,.................,
3348 4645 3622 4676 ...διπηωη
3652 4645 3776 4675 ,νην

2221 4697 2368 4765 operi
2393 4696 2750 4752 ministratnm
2773 4708 2876 4750 est.
2901 4695 3064 4767 Cujus
3094 4698 3310 4765 solutio,
3341 4700 3383 4751 si
3423 4715 3654 4754 carruca
3672 4711 3776 4752 usus

523 4773 702 4832 facere
746 4775 1044 4844 noluisset,
1082 4787 1399 4848 responsum
1437 4785 1557 4842 est,
1599 4776 1667 4836 de
1703 4777 2108 4846 supplicationis

524 4867 632 4921 ﬁde
667 4867 813 4938 prius
842 4882 964 4924 esse
997 4869 1354 4924 tractandum.
1389 4868 1445 4923 1d
1478 4868 1618 4936 quod
1649 4868 1926 4940 probabile
1953 4869 2105 4926 vide.-

523 4962 711 5032 batur,
747 4962 958 5018 admisi.
984 4961 1148 5018 Facto
1181 4962 1340 5031 igitur
1371 4961 1519 5020 aditu
1544 4960 1611 5017 de
1636 4961 1881 5029 precibus
1911 4961 2107 5031 dispu-

525 5055 689 5119 tandi,
716 5055 965 5110 defensor
992 5053 1055 5109 C.
1097 5053 1162 5106 F.
1196 5054 1467 5110 Martianac
1500 5062 1687 5111 notare
1725 5055 1826 5109 sibi
1858 5056 2003 5116 visus
2023 5066 2108 5114 est

524 5147 857 5200 mendacium
905 5145 1296 5213 supplicantis:
1341 5145 1481 5213 quod
1522 5161 1641 5204 eum
1681 5148 2104 5210 Priscmmalris

522 5254 633 5319 qua:
681 5246 1005 5292 testamento
1054 5247 1240 5306 neptes
1286 5238 1402 5308 ejus
1440 5253 1505 5294 ex
1547 5225 2105 5316 Placidiano‘genitas

525 5335 887 5389 ltznt-editatem
927 5334 1134 5403 cepisse
1165 5333 1413 5400 dixisset,
1448 5350 1551 5390 non
1593 5351 1782 5394 omnes
1812 5349 1996 5406 neptes
2037 5338 2103 5393 ab

529 5442 578 5479 ea
613 5427 838 5493 scriptas
867 5426 1121 5494 probaret
1150 5425 1414 5484 haeredes.
1442 5427 1776 5495 Responsum
1803 5440 1907 5495 est,
1931 5431 1999 5486 de
2021 5429 2106 5490 his

525 5511 769 5572 tantum,
811 5521 943 5606 quas
983 5512 1099 5566 avia
1132 5511 1376 5582 haeredes
1414 5524 1678 5598 instituit,
1711 5534 2069 5604 supplicatum
2095 5578 2113 5606 ,

525 5606 636 5697 nec.
659 5611 888 5697 unquam
919 5601 1109 5662 factam
1139 5615 1376 5672 omnium
1407 5601 1900 5692 mentionemasw
1931 5601 2116 5693 earum

525 5686 722 5792 quibus
752 5688 925 5792 fuerat
954 5697 1132 5756 delata
1157 5711 1452 5768 successio.
1485 5715 1580 5774 His
1604 5686 1872 5780 delectum
1903 5686 2119 5785 curam:

525 5787 605 5836 ris
653 5787 1011 5889 patrocinium
1061 5798 1225 5867 coepit
1263 5801 1476 5876 exigere
1512 5817 1569 5864 ut
1610 5813 1808 5881 petitor
1856 5818 2115 5889 ediceret,

521 5890 593 5939 ex
625 5879 820 5949 quibus
847 5887 1153 5947 nominibus
1182 5899 1470 5964 proposita:
1511 5879 1904 5968 descenderent
1947 5879 2118 5972 actio;

2221 4799 2494 4856 maneret,
2527 4791 2593 4844 de
2641 4789 2906 4846 thesauris
2953 4792 3320 4860 imperialibus
3357 4793 3480 4860 jure
3511 4803 3774 4863 peteretur.

2221 4887 2326 4942 Sed
2361 4900 2499 4939 nunc
2525 4885 2765 4953 carpenti
2797 4888 3034 4940 novitate
3077 4888 3348 4953 submota,
3384 4903 3541 4942 suum
3582 4888 3777 4961 quisque

2221 4980 2462 5050 deposcit
2486 4994 2502 5033 :
2527 4993 2626 5034 nec
2655 4978 2874 5034 difﬁcile
2897 4979 3166 5035 credimus
3193 4981 3486 5050 impetrari,
3515 4980 3651 5050 quod
3675 4996 3697 5028 :t
3719 4977 3777 5029 le-

2221 5088 2344 5144 gum
2377 5071 2690 5142 parentibus
2721 5071 3037 5140 postulatur.
3069 5071 3262 5139 Qumso
3311 5082 3369 5124 ut
3407 5071 3566 5142 digna
3603 5082 3779 5139 tempo-

2223 5166 2372 5221 ribus
2397 5180 2650 5233 responsa
2683 5164 2938 5233 reddatis,
2985 5180 3089 5234 quo
3119 5166 3198 5219 vir
3228 5165 3562 5220 clarissimus
3599 5164 3650 5220 et
3675 5163 3777 5216 illu-

2224 5263 2352 5319 stris
2386 5276 2596 5316 sacrum
2630 5261 2969 5332 largitionum
3014 5274 3233 5325 eomes,
3268 5259 3652 5315 refundendum
3681 5271 3780 5312 esse

2222 5363 2513 5425 cognoscat
2552 5354 2774 5424 publicis
2809 5355 2977 5412 titulis
3011 5353 3339 5423 privatisque
3363 5353 3631 5424 personis.
3659 5347 3778 5420 quod

2223 5448 2344 5505 sine
2373 5449 2561 5506 lacuna
2591 5448 2884 5519 imperialis
2919 5448 3097 5504 aerarii
3127 5448 3460 5522 deprompsit
3489 5449 3658 5506 aliena
3685 5445 3778 5500 col-

2225 5543 2375 5600 latio.

2821 5639 3037 5696 EPIST.
3080 5639 3215 5696 XLI.

2200 5721 2313 5786 'nn.
2365 5744 2661 5788 τιιουοειο
2705 5741 2760 5789 et
2800 5750 3029 5790 ARCADIO
3073 5751 3277 5794 saneea
3325 5753 3449 5797 aee.
3495 5750 3778 5798 svnutcass

2852 5823 3026 5873 PBBF.
3058 5825 3175 5866 URB.

2295 5917 2419 5974 Scio
2465 5917 2681 5985 quidem
2755 5930 2962 5978 natura)
3009 5924 3255 5983 humanm
3303 5927 3436 5999 vitio
3487 5928 3777 5999 probitatem
