3932 6462
229 353 346 412 873

1465 340 1950 411 ΕΡΙεΤοιΑῐιωι
1989 341 2197 399 LIBER
2237 342 2303 398 Χ.

3416 355 3526 415 876

220 469 519 547 subiacere
547 470 725 527 livori.
754 466 863 527 Sed
892 467 1060 529 mircr
1085 478 1151 522 eo
1172 477 1486 536 progressas
1512 462 1736 519 insidias
1756 475 1826 517 ωε
1855 459 1913 529 Α
1940 459 2116 517 denuo
2138 460 2562 543 ‘obtrectantium
2593 479 2837 524 murmur
2868 469 3179 541 ingesserit,
3219 482 3346 543 Opto
3380 475 3525 555 indl-

226 565 530 633 mulorum,
548 564 785 624 utcrudo
807 561 1089 620 mendacio
1110 559 1338 617 insontis
1363 558 1501 613 fama
1526 565 1818 628 peteretur,

228 660 345 719 DD.
371 660 749 735 imperatores.
771 658 911 729 Quid
934 656 1079 716 enim
1105 669 1211 715 non
1237 653 1490 725 audeant,
1514 652 1711 725 quidve
1740 652 1822 708 in-

227 763 493 814 tentatum
523 756 849 827 relinquant,
875 752 966 831 qtti
995 754 1048 809 in
1076 766 1201 808 arce
1232 760 1499 809 terrarum
1519 790 1535 811 .
1563 748 1823 809 Christia-

222 866 319 909 na:
361 852 497 924 legis
537 852 747 925 iniuriis
780 850 1048 907 vindicata
1095 846 1217 907 fana
1271 847 1579 905 ﬁnxerunt?
1625 845 1819 913 Flevit,

223 944 415 1012 credo,
444 959 625 1003 scenae
654 943 809 1003 isﬁus
840 942 1152 1009 fabricator,
1183 955 1305 998 cum
1346 940 1414 999 de
1443 939 1697 999 Ecclesiae
1726 954 1821 1013 pe—

219 1037 530 1097 netralibus
552 1046 736 1109 raptos
755 1036 821 1094 ad
846 1044 1107 1095 tormenta
1138 1033 1439 1100 simularet,
1466 1046 1589 1091 eum
1612 1032 1679 1088 de
1699 1032 1817 1088 lon-

219 1131 443 1203 ginquis
463 1145 527 1187 ac
554 1130 622 1187 de
643 1130 885 1191 ﬁnitimis
913 1127 1136 1187 urbibus
1166 1125 1288 1185 duci
1319 1126 1590 1183 antistites
1619 1124 1672 1181 in
1696 1125 1817 1181 vin-

218 1223 349 1281 cola
393 1222 742 1280 describeret.
794 1221 977 1296 Neque
1020 1220 1165 1279 enim
1208 1234 1461 1277 serenum
1514 1218 1818 1275 clementiae

216 1327 421 1375 vestrae
457 1316 693 1375 animum
722 1316 842 1377 sine
881 1316 965 1373 his
1007 1314 1233 1389 argutiis
1268 1313 1621 1391 compulisset
1662 1328 1817 1371 sacro

220 1394 401 1466 edicto
438 1410 692 1482 populum
737 1409 1065 1477 convenire,
1112 1418 1169 1466 ut
1213 1406 1607 1480 asperioribus.
1655 1422 1814 1479 quam

213 1502 407 1577 pietati
431 1513 624 1563 vestra:
650 1517 769 1563 mos
789 1512 893 1572 est,
916 1502 1135 1571 litteris,
1160 1500 1495 1573 prazfectum,
1515 1515 1674 1572 quem
1697 1500 1816 1556 sine

213 1594 426 1651 ambitu
452 1595 675 1669 legistis,
705 1604 975 1669 argueret.
1008 1593 1219 1653 Reddat
1249 1607 1410 1661 nunc,
1440 1592 1685 1665 quisquis
1722 1593 1814 1651 ille

213 1700 325 1757 est,
354 1703 544 1747 causas
573 1689 799 1747 fallacia:
827 1703 940 1746 suae
962 1733 979 1761 ,
1003 1686 1094 1761 qui
1116 1686 1218 1745 sub
1240 1685 1524 1744 occasione
1547 1686 1708 1757 iustae
1731 1685 1814 1741 in-

212 1781 547 1852 quisitionis,
573 1796 678 1854 qua
710 1781 1021 1851 mecultum
1061 1779 1411 1855 spoliatorum
1440 1780 1698 1839 mcenium
1725 1782 1809 1837 in-

1922 554 2082 613 cium.
2138 554 2496 629 Experientur
2548 572 2636 615 me
2678 561 2780 618 sub
2826 562 3089 634 imperiali
3133 554 3523 638 disceptatione

1922 657 2255 708 constantem
2278 649 2371 723 qui
2392 660 2678 711 nocentem
2705 655 2938 727 probare
2966 673 3073 715 non
3101 671 3349 730 possunt.

2506 766 2724 827 EPIST.
2766 768 2929 827 XLII.

1920 874 2009 917 DD.
2048 873 2347 919 τιιουωιο
2390 874 2460 920 ιι·
2508 878 2735 922 AICADIO
2779 880 2963 923 SEII'B'
3033 883 3162 927 Δυϐ.
3202 883 3519 930 ιγωιλωιυε

2553 951 2723 992 Plu-2F.
2764 952 2887 995 ΗΠΒ.

1993 1023 2070 1080 De
2116 1024 2387 1083 tribunatu
2430 1025 2625 1085 vinarii
2683 1028 2786 1084 fori
2837 1045 3011 1101 nuper
3076 1043 3192 1089 orta
3241 1037 3517 1095 contentio

1920 1132 2133 1174 causam
2159 1119 2288 1177 mihi
2310 1120 2488 1177 attulit
2513 1121 2690 1193 legum
2713 1124 2947 1185 arbitros
2968 1128 3305 1199 consulendi,
3330 1132 3394 1191 D.
3420 1134 3512 1190 im.

1920 1220 2157 1283 perator.
2201 1213 2495 1272 Praefectus
2537 1215 2770 1277 instabat
2808 1227 2866 1274 ut
2895 1218 3131 1276 delatum
3162 1222 3263 1281 sibi
3290 1224 3517 1282 sortire-

1921 1315 2006 1364 tur
2033 1306 2289 1365 ofﬁcium.
2330 1307 2499 1366 Vetus
2526 1327 2558 1369 e
2586 1311 2727 1387 lege,
2767 1329 2889 1384 qua:
2926 1324 3171 1391 tempora
3209 1317 3514 1376 istiusmodi

1917 1405 2125 1462 actibus
2152 1415 2298 1462 certa
2339 1406 2608 1477 decrevit,
2647 1410 2936 1468 excusabat
2976 1410 3182 1470 honore
3226 1412 3512 1475 decedere.

1918 1497 2146 1556 Secutus
2177 1514 2385 1557 morem
2412 1501 2572 1572 longa
2602 1511 2759 1558 :etate
2808 1515 3113 1569 servatum,
3152 1521 3274 1563 eum
3306 1508 3395 1580 qui
3427 1522 3516 1567 re-

1917 1607 2043 1649 cens
2064 1593 2358 1665 maiestatis
2379 1604 2571 1653 vestra:
2589 1595 2912 1655 beneficium
2936 1599 3278 1669 praeferebat,
3296 1603 3510 1660 admisi.

1916 1685 2024 1745 Sed
2056 1697 2114 1744 ut
2142 1688 2423 1760 deinceps,
2466 1690 2513 1747 si
2544 1692 2679 1748 forte
2708 1707 2835 1748 usus
2865 1693 3081 1765 tulerit,
3115 1696 3511 1755 cunctationem

1910 1778 2095 1850 iudicii
2121 1781 2369 1839 absoluta
2398 1783 2567 1840 forma
2596 1784 2935 1855 submoveat,
2983 1788 3143 1845 statui
3171 1803 3384 1847 sacrum
3414 1805 3515 1847 uu-
3620 1768 3626 1774 Δ

210 1874 484 1945 vestigare
508 1873 774 1944 iussistis,
806 1875 1035 1951 tragicas
1076 1871 1405 1944 quaestiones
1455 1871 1522 1949 de
1552 1866 1815 1929 ministris
1842 1855 1893 1920 Β
1917 1876 2079 1933 minis
2103 1877 2268 1937 vestri
2298 1877 2572 1937 oraculum
2602 1879 2890 1949 sciscitari,
2920 1890 3100 1939 utrum
3134 1881 3211 1938 fas
3243 1884 3312 1939 sit
3343 1898 3512 1950 novos

209 1968 498 2025 catholica:
536 1968 810 2041 religionis
851 1968 1019 2041 iactat
1052 1968 1298 2039 agitatas.
1339 1965 1685 2037 Respondeat
1727 1966 1814 2024 lit-

210 2063 350 2119 teris
379 2062 612 2137 episcopi
655 2063 902 2133 Damasi,
943 2062 1139 2141 quibus
1178 2070 1538 2121 assectatores
1565 2061 1810 2134 eiusdem

210 2156 511 2229 religionis,
535 2157 747 2229 negavit
768 2156 929 2215 ullam
954 2154 1335 2215 contumeliam
1360 2155 1669 2228 pertulisse.
1695 2154 1809 2211 Non

209 2265 542 2321 magnopere
570 2248 734 2308 ofﬁcii
756 2250 861 2311 mei
886 2250 1165 2319 praetende
1191 2263 1483 2319 responsa:
1508 2264 1538 2305 a
1559 2264 1666 2323 quo
1689 2247 1812 2305 ideo

208 2344 441 2417 quaesita
469 2352 551 2401 est
574 2359 754 2403 rerum
786 2342 942 2415 ﬁdes,
976 2358 1043 2400 ne
1072 2343 1267 2399 factum
1298 2340 1514 2415 aliquod
1557 2341 1812 2398 recorda-

209 2437 418 2492 tionem
454 2434 754 2508 quarsitoris
783 2432 1062 2507 ell‘ugeret.
1096 2432 1357 2491 Credetur
1384 2432 1502 2506 eius
1538 2435 1672 2511 legis
1710 2453 1810 2494 an-

210 2529 400 2598 tistiti,
441 2545 560 2601 qua:
590 2529 717 2589 laesa
759 2518 1068 2586 simulatur.
1099 2527 1358 2587 Credatur
1390 2527 1643 2603 praefecto
1656 2572 1675 2603 ,
1722 2532 1810 2604 qui

207 2624 772 2696 perennitatisveStrte
796 2624 1103 2683 admonitus
1129 2624 1328 2693 edicto,
1352 2626 1580 2681 miratur
1609 2625 1660 2682 in
1687 2641 1811 2703 pro-

210 2718 397 2779 cinctu
418 2717 682 2775 creditum
706 2717 847 2793 quod
879 2718 1047 2779 Roma
1069 2716 1243 2777 nescit
1267 2712 1583 2777 admissum.
1607 2718 1811 2775 Omitto

206 2811 470 2883 iniuriam
513 2810 845 2884 prafectura‘.
885 2819 940 2867 et
990 2809 1334 2873 conscientias
1376 2823 1514 2871 ntere
1546 2827 1561 2864 :
1595 2811 1810 2885 quando

206 2919 277 2961 eo
306 2905 575 2981 processit
604 2903 930 2967 insimulatio
962 2915 1019 2961 ut
1045 2919 1141 2963 vos
1162 2919 1376 2983 quoque
1402 2904 1574 2976 ipsos,
1620 2915 1810 2965 aucto-

207 3013 302 3075 res
328 2998 554 3061 honoris
588 2998 719 3079 mei,
745 2997 977 3072 quadam
1007 2997 1432 3073 reprehensione
1461 2996 1805 3074 perstringat.

205 3090 348 3149 Nam
377 3092 467 3164 qui
492 3091 685 3155 summi
720 3092 820 3148 loci
857 3091 1069 3164 iudices
1098 3090 1450 3159 decoloraut,
1480 3088 1622 3147 sacri
1654 3090 1806 3151 testi-

204 3186 380 3247 monii
411 3186 719 3247 facilitatem
750 3185 997 3249 videntur
1023 3186 1318 3253 incessere.
1350 3185 1470 3249 iam
1493 3186 1693 3247 dudum
1721 3202 1806 3244 me

204 3279 370 3337 divus
394 3280 607 3353 genitor
636 3280 869 3348 numinis
897 3279 973 3337 tui
1004 3279 1272 3355 praecipuo
1314 3278 1525 3341 honore
1557 3280 1807 3363 dignatus

206 3382 335 3433 est:
364 3373 459 3435 ille
486 3375 801 3435 meritorum
846 3372 1050 3455 arbiter
1092 3372 1403 3455 singularis,
1446 3374 1599 3447 Cuius
1630 3374 1804 3452 impe-

208 3466 352 3527 rium
374 3479 495 3528 cum
516 3465 756 3527 moribus
776 3464 1048 3543 recepisti.
1072 3464 1359 3525 Paternum
1381 3480 1631 3539 sequere,
1657 3476 1807 3523 tuum

215 3569 372 3621 tuere
392 3559 668 3633 iudicium.
696 3561 795 3639 Qui
826 3559 1199 3641 praefecturam
1223 3561 1343 3641 sine
1366 3561 1570 3625 ambitu
1601 3559 1809 3617 merui-

214 3667 370 3725 mus,
397 3655 516 3717 sine
542 3653 842 3717 olfensione
884 3667 1168 3727 ponamus.
1217 3650 1662 3731 Suggestionibus
1705 3654 1804 3711 viri

209 3747 529 3809 excellentis
565 3755 622 3804 et
662 3746 731 3804 de
763 3762 879 3825 rep,
916 3746 1055 3807 bene
1092 3746 1270 3807 meriti
1298 3732 1618 3827 Praetextati
1664 3760 1803 3817 prae-

204 3840 339 3901 fecti
382 3840 665 3913 praetorio,
694 3839 891 3901 abusus
931 3839 1229 3917 existimor.
1264 3837 1401 3914 Quid
1427 3838 1474 3897 si
1496 3854 1562 3895 ex
1587 3838 1679 3896 illo
1706 3838 1802 3896 de-

204 3944 386 4003 creto,
402 3933 547 4008 quod
562 3932 911 4013 probabiliter
927 3932 1255 4009 impetravit,
1273 3931 1500 3990 necdum
1522 3946 1549 3987 a
1565 3947 1650 3988 me
1662 3947 1806 4005 qum-

202 4029 316 4091 stio
364 4026 471 4084 ulla
511 4035 710 4093 tentata
755 4027 875 4089 est?
924 4025 1153 4085 Ρηνίᾶί
1199 4026 1343 4103 enim
1392 4025 1519 4097 quid
1582 4033 1806 4097 possent

201 4120 393 4181 aemuli
419 4120 705 4193 suspicari,
746 4129 907 4199 atque
934 4119 1054 4183 ideo
1093 4119 1375 4203 obsignata
1406 4117 1585 4173 otﬁcio
1612 4117 1805 4191 praefe-

200 4224 383 4273 ctur:e
425 4228 577 4280 sacra
611 4213 763 4286 iussa
804 4211 1205 4275 commiseram.
1240 4210 1352 4269 Nec
1382 4225 1468 4266 me
1495 4207 1803 4287 huiusmodi

202 4307 524 4379 coniectura
566 4307 780 4379 decepit
807 4325 820 4363 :
845 4306 1108 4389 siquidem
1133 4320 1325 4367 severe
1352 4314 1638 4389 exsecutus
1667 4303 1800 4361 insi-

201 4400 410 4467 mulor,
428 4398 571 4471 quod
595 4415 699 4459 non
721 4380 1013 4461 convineor
1032 4380 1332 4477 aggressus.
1352 4380 1477 4454 llaec
1497 4396 1673 4453 omnia
1702 4390 1803 4454 fide

201 4506 455 4559 actorum
483 4495 873 4566 comprehensa
898 4482 1103 4565 subieci
1128 4511 1143 4549 :
1169 4478 1334 4550 unum
1360 4491 1493 4548 illud
1515 4492 1797 4563 adjiciens,

201 4599 264 4646 ut
292 4604 382 4646 me
408 4589 720 4660 perennitas
747 4597 923 4653 vestra
951 4591 1275 4649 necessitate
1301 4587 1663 4659 inquisitionis
1682 4588 1798 4659 ejus

1920 1969 2162 2027 tribunos
2187 1980 2399 2026 servata
2426 1971 2546 2042 lege
2575 1968 2801 2039 diﬁ'erri,
2829 1988 2898 2029 an
2927 1973 3098 2045 magis
3121 1983 3333 2033 veteres
3360 1990 3516 2048 opor-

1915 2070 2027 2121 teat
2051 2056 2338 2121 devotione
2364 2065 2654 2123 removeri.

2496 2157 2714 2216 EPIST.
2757 2158 2940 2214 XLIII.

1987 2268 2039 2308 Β.
2063 2265 2357 2308 τηεουοςιο
2385 2264 2592 2308 δεηθείη
2624 2268 2745 2311 ABG.
2772 2266 3085 2311 SYIIMACIIUS
3114 2268 3287 2311 PREF.
3312 2272 3433 2315 Ulli.

1988 2344 2163 2403 Unum
2204 2345 2452 2405 levamen
2483 2345 2699 2419 iniuriis
2744 2347 2879 2402 meis
2921 2346 3114 2405 tribuit
3141 2357 3395 2417 eventus,
3444 2352 3509 2406 D.
3556 2408 3559 2412 .

1912 2438 2231 2510 imperator,
2262 2447 2323 2499 ut
2349 2438 2575 2495 Romam
2616 2439 2847 2509 publica:
2886 2439 3137 2497 utilitatis
3167 2439 3334 2512 gratia
3358 2441 3422 2500 γ.
3446 2442 3510 2499 C.

1911 2542 1967 2589 et
2018 2530 2270 2596 illustris,
2319 2531 2729 2603 clementimqne
2774 2540 2971 2615 vestrae
3018 2547 3234 2604 semper
3277 2532 3510 2605 dicatus,

1913 2638 2098 2683 comes
2145 2624 2438 2697 Hesperius
2486 2624 2813 2683 mitteretur.
2862 2625 2996 2683 Nam
3045 2626 3091 2685 si
3141 2641 3267 2689 eum
3318 2635 3510 2687 testem

1913 2718 2395 2787 contumeliarum,
2447 2734 2600 2792 quas
2628 2720 2856 2794 pertuli,
2902 2736 3009 2779 non
3054 2720 3345 2797 haberem,
3388 2720 3512 2795 quis

1913 2814 2184 2875 dubitaret
2228 2828 2350 2871 eam
2398 2814 2807 2887 praefecturam,
2862 2830 2979 2884 qua)
3028 2815 3214 2873 Romae
3263 2815 3511 2895 superior

1913 2916 1992 2965 est
2026 2906 2262 2976 caeteris,
2302 2906 2572 2963 turbidum
2611 2906 2810 2979 aliquid
2841 2922 2942 2983 pro
2975 2914 3244 2978 potestate
3275 2907 3511 2969 iecisse!

1912 2998 1994 3069 ls,
2037 2999 2291 3070 quoniam
2331 3014 2549 3073 semper
2578 2999 2784 3059 amicus
2810 3007 2895 3057 est
2923 2998 3168 3068 veritati,
3211 3009 3267 3056 et
3309 2998 3510 3057 famam

1911 3093 2177 3151 bonorum
2207 3102 2506 3165 temporum
2537 3093 2686 3163 colit,
2714 3092 2764 3151 si
2788 3092 3002 3155 dederit
3028 3092 3300 3153 aeternitas
3324 3103 3507 3153 vestra

1910 3184 2154 3259 cupiam,
2203 3191 2570 3259 contemptum
2618 3186 2795 3258 legum
2844 3195 2898 3244 ct
2940 3186 3126 3245 saeculi
3164 3202 3271 3244 non
3302 3184 3505 3247 silebit.

1832 3249 1883 3321 δ
1912 3249 2053 3351 Ego,
2099 3249 2156 3337 ut
2184 3287 2398 3351 potero,
2422 3249 2507 3335 -de
2534 3249 2717 3336 multis
2746 3292 2913 3351 pauci
2956 3277 3221 3352 narrabo,
3263 3277 3508 3351 repetitis

1911 3370 2183 3445 paululum
2214 3371 2392 3429 causis
2421 3385 2543 3441 qua:
2569 3370 2734 3440 mihi,
2780 3379 2838 3427 ut
2876 3370 3126 3439 arbitror,
3159 3368 3256 3427 has
3286 3369 3509 3429 insidias

1910 3463 2238 3535 excitarunt,
2276 3461 2413 3523 Cum
2444 3478 2541 3533 pro
2569 3462 2877 3535 diligentia,
2917 3460 3225 3545 quedebet
3253 3463 3507 3521 omnibus

1909 3557 2087 3616 inesse
2110 3557 2405 3629 iudicibus,
2449 3557 2660 3629 argenti
2710 3554 2910 3630 publici
2958 3557 3102 3613 ratio
3147 3567 3502 3630 quaereretur,

1909 3653 2052 3723 quod
2098 3653 2441 3710 censualibus
2490 3652 2727 3709 editores
2780 3668 3062 3713 munerum
3110 3653 3502 3720 contulerunt;

1912 3747 2057 3803 inter
2087 3757 2311 3804 caeteras
2352 3747 2569 3803 fraudes
2612 3758 2887 3821 repertum
2918 3757 3035 3821 est,
3079 3747 3341 3819 quosdam
3382 3747 3509 3804 fun-

1908 3840 2179 3897 ctionibus
2229 3841 2539 3908 absolutos,
2587 3851 2859 3912 sumptum
2903 3835 3143 3897 debit'um
3191 3842 3330 3914 reip.
3392 3855 3502 3897 non

1909 3934 2143 3997 dedisse.
2177 3934 2245 3990 Et
2264 3920 2324 3990 ut
2347 3933 2552 3989 fallacia
2579 3934 2650 3989 ita
2675 3942 2966 4007 tegeretur,
2991 3950 3056 3990 ex
3081 3916 3259 3990 alieno
3280 3940 3504 4007 argento

1909 4028 2242 4087 tantumdem
2303 4027 2687 4101 censualibus,
2746 4025 2894 4083 falsis
2954 4026 3123 4093 titulis
3184 4024 3501 4099 imputatis,

1908 4130 2163 4195 quantum
2191 4121 2300 4178 duo
2323 4119 2573 4179 conferre
2604 4119 2936 4184 debuerant,
2978 4116 3340 4173 contulerunt.
3388 4117 3502 4173 Iloc

1908 4231 2030 4275 cum
2061 4214 2475 4288 clarissimiyiri
2506 4220 2698 4291 sponte
2742 4211 2859 4267 sine
2898 4209 3203 4281 adiectione
3230 4209 3505 4282 dispendii

1907 4305 2295 4373 reddidissent,
2327 4312 2570 4360 senatum
2602 4304 2779 4372 prisco
2810 4315 2960 4357 more
2986 4299 3252 4368 consului,
3284 4302 3410 4373 quid
3442 4302 3498 4358 in

1906 4401 2181 4467 communi
2227 4415 2387 4457 causa
2437 4408 2646 4470 patrum
2689 4399 2938 4454 innueret
2964 4397 3278 4454 auctoritas.
3332 4396 3501 4454 Dictis

1907 4496 2113 4571 aliquot
2157 4492 2461 4557 sententiis,
2508 4490 2705 4547 factum
2758 4506 2934 4551 meum
2967 4489 3249 4563 revereudi
3296 4488 3501 4547 ordinis
3592 4496 3595 4497 ⁷

1905 4587 2154 4661 probavit
2198 4585 2460 4641 assensio.
2517 4582 2814 4657 Interiectis
2864 4581 3054 4639 diebus
3101 4596 3223 4637 cum
3269 4581 3498 4666 Romam

199 4650 487 4750 absolvat.
513 4650 670 4757 cuius
695 4650 1068 4741 auctoritatem
1113 4683 1302 4740 referri
1334 4650 1399 4739 ad
1431 4684 1625 4739 scrinia
1657 4650 1801 4753 pa'la-
1825 4650 1884 4721 υ
2005 4683 2063 4737 C.
2096 4690 2148 4739 et
2181 4678 2489 4752 Spectabilis
2512 4650 2743 4733 vicarius
2768 4682 3152 4743 commeasset,
3184 4674 3250 4730 ν.
3279 4673 3341 4732 C.
3369 4657 3497 4731 can--

201 4779 319 4835 tina
341 4776 605 4849 iuSSiStis.
633 4776 767 4837 Nam
796 4777 843 4841 si
870 4785 1076 4839 tantum
1108 4777 1175 4834 de
1211 4792 1298 4841 me
1327 4776 1586 4847 improbis
1614 4776 1798 4845 licuit,

198 4879 455 4949 exstante
485 4881 755 4943 praecepto
779 4886 796 4926 :
818 4869 945 4942 quid
971 4870 1278 4927 retractatis
1310 4869 1504 4925 litteris
1532 4883 1637 4924 non
1664 4868 1798 4925 lice-

200 4962 319 5019 bit?
349 4963 496 5031 sane
546 4962 800 5033 laudabili
847 4964 961 5029 viro
998 4964 1254 5041 episcOpo
1292 4963 1590 5037 denegante
1628 4961 1798 5017 ullum

197 5074 230 5115 e
262 5058 383 5123 suis
401 5066 493 5121 aut
515 5070 735 5136 carcere
762 5065 858 5123 aut
882 5058 1112 5117 vinculis
1143 5056 1382 5121 attineri,
1412 5064 1466 5112 et
1494 5053 1672 5110 officio
1702 5068 1797 5109 ea-

194 5150 321 5215 dem
362 5158 684 5227 suggerente
705 5190 721 5223 ,
755 5136 945 5222 ignoro
990 5164 1125 5223 quos
1160 5149 1496 5222 potissimum
1529 5161 1801 5218 praecepe-

197 5244 318 5301 ritis
342 5243 575 5307 absolvi.
598 5244 808 5309 Tenent
827 5244 1041 5316 quidem
1059 5245 1206 5317 leges
1221 5244 1491 5318 variorum
1515 5241 1798 5325 criminum

194 5352 321 5394 reos
348 5377 369 5404 ,
389 5337 511 5407 sed,
543 5346 600 5411 ut
637 5339 908 5409 comperi,
938 5353 967 5394 a
1010 5338 1273 5415 mySIerio
1316 5336 1637 5393 Christianae
1667 5334 1800 5406 legis

193 5436 436 5492 alienos.
460 5435 597 5505 Quid
632 5436 795 5507 igitur
833 5438 1112 5493 aeternitas
1140 5446 1318 5507 vestra
1350 5435 1607 5499 decernat
1634 5420 1800 5505 devo'o

197 5535 285 5585 tus
316 5530 592 5601 opperior,
636 5539 690 5587 et
718 5545 902 5605 qupso
928 5538 989 5587 ut
1016 5529 1279 5593 fallaciam
1315 5528 1631 5592 retundatis,
1674 5542 1794 5598 quae

191 5618 366 5678 divini
389 5625 622 5699 pectoris
642 5624 805 5691 vestri
823 5624 1130 5695 sollicitavit
1148 5622 1406 5705 quietem,
1435 5637 1555 5695 qua:
1579 5621 1646 5677 ad
1677 5620 1792 5705 edi.

198 5718 272 5775 cti
294 5718 669 5785 necessitatem
690 5720 981 5787 venerandi
1008 5704 1264 5795 principis
1285 5732 1470 5775 curam
1491 5717 1687 5795 coegit.
1711 5704 1794 5772 Me

198 5817 432 5877 munivit
465 5816 667 5885 invidia
696 5834 710 5871 :
735 5814 875 5888 apud
908 5828 1067 5881 aures,
1103 5813 1249 5889 enim
1282 5825 1463 5875 sacras
1489 5809 1666 5873 locum
1697 5822 1790 5880 po-

196 5918 319 5972 stea
347 5925 454 5977 non
492 5910 712 5979 habebit
742 5909 984 5971 convicta
1024 5906 1310 5973 mendacii,
1351 5904 1409 5961 Si
1444 5902 1571 5975 quid
1612 5910 1792 5963 tamen

1908 4772 2109 4831 sidicus
2154 4771 2254 4827 fori
2308 4768 2413 4826 mei
2439 4769 2657 4836 Cessus,
2704 4769 2881 4825 socius
2927 4768 3064 4839 eius,
3117 4767 3206 4839 qui
3257 4767 3496 4824 debitum

1907 4867 2106 4925 refudit
2131 4865 2490 4940 impendium,
2522 4864 2802 4921 tuitionem
2834 4873 3023 4919 contra
3053 4866 3160 4932 me,
3188 4870 3244 4917 et
3267 4876 3498 4917 annonae

1909 4962 2218 5035 praefectum
2261 4960 2617 5015 clarissimum
2658 4959 2829 5012 virum
2874 4957 2943 5012 de
2984 4956 3112 5015 sede
3155 4955 3348 5011 vicaria
3394 4971 3496 5026 po-

1908 5055 2160 5124 stulavit,
2210 5069 2333 5110 cum
2363 5067 2463 5125 ego
2506 5051 2683 5107 aditus
2713 5052 2764 5105 in
2795 5063 2954 5105 causa
2988 5047 3230 5118 publica,
3280 5047 3497 5103 civilem

1906 5150 2313 5207 conventionem
2357 5146 2515 5203 matri
2546 5144 2661 5216 eius
2692 5159 2853 5215 super
2884 5142 3095 5211 nepotis
3139 5141 3221 5195 sui
3268 5156 3495 5198 munere

1907 5244 2248 5311 detulissem,
2283 5239 2635 5313 responsione
2667 5245 2911 5305 servata,
2942 5250 3045 5307 qua
3073 5235 3311 5291 retinere
3339 5250 3494 5290 asse-

1903 5341 2039 5399 ritur
2068 5338 2447 5410 patrimonium
2467 5332 2777 5399 Candidati;
2807 5326 3089 5405 praefectus
3111 5344 3239 5385 vero
3265 5318 3509 5386 annonae

1906 5431 1970 5487 V.
2002 5432 2063 5487 C.
2099 5430 2354 5509 pistorem
2384 5427 2613 5500 publicae
2644 5439 2871 5481 annona:
2903 5421 3066 5477 verbo
3098 5427 3301 5476 tantum
3333 5414 3517 5492 repo‘l

1904 5539 2059 5581 scere
2103 5523 2395 5592 diceretur,
2445 5534 2603 5591 quem
2656 5514 2902 5572 manibus
2950 5512 3260 5570 officialium
3304 5511 3497 5570 Celsus

1902 5630 2139 5685 eruerat.
2191 5619 2286 5675 llic
2313 5617 2422 5691 iam
2465 5624 2657 5669 vestrae
2697 5608 3051 5689 perennitatis
3094 5615 3179 5679 est
3223 5607 3495 5663 aestimare

1900 5702 2280 5773 contumeliam
2339 5706 2674 5781 praefectura:
2722 5722 2736 5759 :
2796 5704 2947 5773 cuius
3001 5698 3305 5771 causidicus
3358 5699 3494 5757 nihil

1902 5822 2114 5880 passus,
2139 5804 2391 5862 auxilium
2426 5800 2647 5859 secundi
2673 5797 2858 5870 iudicii
2886 5795 3213 5868 impetravit.
3248 5795 3350 5851 Per
3375 5794 3493 5851 haec

1900 5899 2151 5975 quoniam
2182 5895 2493 5969 patientiam
2527 5907 2700 5949 meam
2745 5888 2966 5947 tninime
2994 5888 3363 5963 perculerunt,
3392 5886 3493 5951 adn
3546 5888 3557 5901 '
