3932 6452
505 357 612 417 575

1686 355 1752 421 ρ.
1794 352 2136 412 AURELIUS
2174 354 2256 412 ΞΥ
2269 355 2619 416 MMACHUS.
3676 368 3752 423 376

500 473 704 545 jectum
733 458 1002 544 est,un
1031 450 1372 530 dissimulare
1403 485 1510 527 non
1538 484 1777 542 possum.
1810 469 1941 526 Nam
1971 486 2095 527 cum
2123 475 2176 534 Α
2202 472 2320 543 ejus
2351 476 2494 533 aedes
2531 477 2698 534 semel
2730 489 2888 552 atque
2931 490 3121 537 iterum
3166 481 3428 552 princeps
3466 481 3616 538 officii
3642 499 3755 539 coui-

504 567 570 622 ad
599 565 984 622 examinandos
1022 575 1175 622 actus
1207 565 1357 622 Bassi
1385 563 1621 636 prmfecti
1664 561 1822 621 Urbis
1855 573 2093 634 potestas

502 661 704 716 vicaria
733 660 798 715 ad
837 659 1186 716 secretarium
1217 673 1504 714 commune
1538 657 1862 729 prodiisset;
1909 658 2093 714 nescio

441 747 446 750 ’
501 755 647 825 quis,
676 753 876 809 vicario
905 753 1084 809 libello
1110 753 1258 819 dato,
1287 751 1357 808 de
1387 751 1546 808 officii
1579 751 1685 808 mei
1717 749 1976 818 colludio,
2003 751 2090 807 vel

503 849 786 919 iniquitate
814 858 1142 918 conquestus
1169 856 1279 912 est;
1325 846 1466 916 quod
1509 843 1797 901 Memorius
1829 842 2090 913 litigator,

497 943 682 1012 jussus
710 957 738 995 a
769 941 934 996 Basso
963 939 1204 994 solvendi
1234 938 1397 995 debiti
1427 940 1594 1008 gratia
1621 936 1688 992 ad
1715 935 1916 1006 judicia
1947 935 2092 992 Afri-

501 1052 634 1091 cana
665 1036 886 1103 deduci,
936 1051 1057 1092 cum
1102 1046 1158 1091 et
1199 1050 1228 1088 a
1263 1035 1380 1089 viro
1416 1032 1608 1088 illustr‘i
1639 1031 1927 1087 decessore
1971 1045 2094 1086 meo

500 1133 755 1202 Aventio,
787 1141 843 1188 et
867 1148 899 1187 a
926 1147 1014 1188 me
1041 1147 1136 1203 per
1163 1130 1394 1199 libellos,
1425 1145 1492 1185 ne
1532 1144 1601 1184 eo
1630 1137 1878 1199 pergeret
1910 1137 2095 1196 postn-

519 1235 696 1292 asset,
746 1226 868 1280 navi
908 1236 1050 1281 esset
1091 1224 1370 1279 abductus.
1429 1222 1581 1277 Hunc
1603 1220 1772 1299 ‘illico
1813 1219 1880 1275 V.
1927 1219 1988 1273 C.
2038 1227 2095 1276 et

503 1321 810 1390 fpectabilis
836 1320 1099 1383 vicarius,
1153 1327 1211 1374 ut
1253 1316 1581 1386 subscriptio
1631 1315 1799 1371 libelli
1851 1314 2087 1382 indicat,

477 1418 690 1472 'adesse
722 1417 992 1488 praecepit.
1040 1414 1139 1470 Ubi
1181 1413 1382 1485 pariter
1411 1412 1570 1467 ambo
1614 1409 1988 1474 consedimus,
2037 1419 2093 1464 et

498 1513 693 1566 seriem
749 1511 1084 1580 querelarum
1141 1507 1456 1564 recitatione
1506 1505 1776 1574 cognovi,
1831 1502 2090 1558 admonui

476 1613 557 1659 “ut
584 1605 627 1658 is
659 1603 748 1674 qui
778 1604 963 1658 aderat
988 1601 1240 1656 vicariam
1268 1598 1451 1655 sedem
1486 1597 1811 1668 probaturus
1844 1595 2088 1649 intraret.

497 1697 647 1752 Tunc
675 1696 910 1752 officium
952 1696 1070 1766 ejus
1111 1693 1383 1748 hominem
1425 1692 1615 1747 deesse
1645 1687 1953 1758 respondit,
2001 1687 2093 1757 qui

497 1798 770 1858 praecepto
794 1787 990 1858 jndicis
1012 1786 1094 1842 sui
1124 1787 1178 1840 in
1203 1798 1427 1840 examen
1452 1782 1615 1838 acciri
1639 1781 1916 1836 debuerat.
1951 1778 2092 1846 Quid

2200 582 2452 639 measset,
2497 583 2553 629 et
2595 574 2920 630 obstinatam
2967 575 3204 633 hominis
3253 578 3636 632 contumaciam
3675 594 3754 635 non

2198 676 2378 736 posset
2401 665 2698 732 inﬂectere,
2723 667 2935 723 inanem
2963 669 3334 740 syngrapham
3361 671 3658 741 reportavit,
3680 686 3756 740 qua

2196 758 2616 816 redhibitionem
2669 759 2857 816 Felicis
2916 762 2968 816 in
3024 763 3261 818 alterum
3315 761 3462 817 diem
3513 764 3757 834 sponsione

2199 851 2501 908 distulerat.
2547 853 2716 909 Tenet
2745 855 2892 910 domi
2926 865 3116 910 testem
3138 898 3153 922 ,
3194 871 3366 927 quem
3396 856 3467 912 de
3497 871 3553 911 se
3581 867 3760 914 noverat

2198 948 2546 1006 audiendum.
2579 950 2750 1006 Etiam
2782 950 2940 1020 hujus
2971 951 3180 1020 injuria:
3210 966 3443 1006 assumo
3469 951 3758 1020 patientiam.

2196 1042 2420 1114 Culpate
2464 1045 2537 1099 uti
2583 1044 2764 1111 vultis,
2815 1054 2876 1099 ut
2913 1044 3132 1117 dignum
3173 1054 3289 1102 est.
3348 1045 3493 1101 Scivi
3527 1045 3760 1101 meliorem

2197 1154 2318 1195 esse
2339 1139 2578 1208 judicum
2595 1154 2809 1195 causam
2841 1155 2962 1210 quae
2993 1157 3173 1197 rerum
3203 1141 3453 1196 dominis
3475 1152 3760 1196 reservatur.

2197 1232 2593 1302 Exspectamus
2627 1241 2688 1286 ut
2723 1231 2898 1288 altero
2927 1234 3016 1289 die
3057 1235 3366 1289 instructus
3397 1234 3578 1290 officio
3605 1232 3760 1289 redde-

2198 1334 2365 1379 retur.
2419 1327 2487 1379 At
2517 1324 2606 1380 ille
2634 1326 2865 1382 crastina
2900 1327 3047 1393 luce,
3087 1338 3149 1382 ut
3190 1337 3352 1399 gesta
3386 1329 3761 1385 monstrabunt.

2198 1419 2484 1474 adversum
2508 1422 2775 1475 cautionis
2799 1420 2956 1475 fidem
2980 1422 3198 1476 vicariae
3227 1422 3494 1490 potestati
3522 1421 3766 1477 tradendus

2200 1511 2502 1566 abducitur.
2557 1513 2668 1567 lloc
2699 1511 2787 1566 ubi
2819 1515 3067 1583 princeps
3093 1513 3260 1568 officii
3297 1515 3590 1583 comperit,
3619 1514 3765 1584 paucis

2200 1604 2488 1661 comitatus
2527 1607 2809 1664 excurrit;
2861 1607 3058 1662 retinet
3103 1607 3354 1662 Felicem
3403 1605 3601 1662 celebri
3643 1606 3766 1660 Urbis

2201 1699 2342 1763 loco,
2386 1714 2486 1754 nec
2525 1708 2699 1754 tamen
2742 1700 2926 1770 eripit.
2981 1701 3163 1771 Itaque
3203 1701 3563 1771 Fulgentius,
3610 1699 3688 1769 qui
3723 1715 3766 1753 se

2200 1794 2420 1849 sinmlat
2445 1794 2812 1862 verberatum,
2869 1809 3029 1848 manu
3076 1795 3350 1850 validiore
3399 1795 3607 1864 legibus
3641 1809 3766 1863 repu-

497 1881 588 1937 hic
613 1879 986 1936 aestimandum
1013 1879 1105 1947 sit,
1137 1877 1385 1948 relinquo
1415 1875 1766 1945 sapientibus.
1802 1873 2093 1928 Semel'at-

2203 1890 2404 1957 gnavit.
2456 1886 2664 1941 interea
2693 1885 2844 1942 Felix
2885 1900 2914 1940 a
2959 1887 3219 1943 militibus
3261 1889 3493 1942 vicariae
3533 1877 3768 1957 potestatis

499 1994 606 2050 que
637 1979 832 2032 iterum
866 1975 1129 2048 praeconis
1158 1973 1380 2029 vocibus
1411 1973 1706 2028 advocatur
1730 2013 1744 2037 ,
1781 1984 1882 2026 nec
1915 1979 2094 2024 tamen

500 2070 822 2126 inclamatus
846 2069 1098 2124 accurrit.
1131 2067 1281 2124 Tune
1309 2068 1457 2122 nullo
1487 2065 1796 2129 assistente,
1829 2063 2095 2134 apparitio

501 2164 706 2220 urbana
745 2165 908 2236 ccepit
945 2179 1164 2235 urgere,
1213 2163 1352 2234 quod
1388 2161 1452 2217 ad
1487 2161 1722 2217 Africam
1754 2169 2094 2215 transvectus

502 2270 674 2320 esset,
719 2274 824 2328 quo
853 2258 1071 2313 Bassum
1101 2257 1462 2312 clarissimum
1493 2255 1668 2310 virum
1697 2253 1939 2310 criminis
1967 2268 2094 2324 pos-

502 2360 589 2406 set
617 2367 860 2423 arguere.
894 2351 1210 2422 Suggestum
1239 2359 1324 2405 est
1371 2351 1599 2419 par-itum
1627 2363 1748 2404 esse
1772 2347 2092 2403 sententiae:

474 2459 661 2515 quam
685 2459 808 2499 cum
832 2445 1030 2499 Bassus
1053 2453 1172 2514 post
1201 2446 1468 2500 luctamen
1499 2441 1732 2511 partium
1760 2440 2094 2511 protulisset,

475 2540 815 2610 provocatio
855 2554 961 2594 non
999 2538 1250 2594 removit.
1301 2536 1382 2592 Ad
1429 2537 1546 2591 haec
1589 2535 1906 2605 Fulgentius
1929 2534 1999 2588 V.
2030 2530 2093 2587 ϐ.

501 2632 749 2687 tribunus
793 2641 847 2687 et
892 2633 1150 2697 notarius,
1204 2640 1500 2686 conventos
1549 2629 1825 2699 adjutores
1875 2627 2097 2681 urbanas

500 2727 648 2783 sedis
677 2726 907 2781 asseruit
948 2743 1014 2781 ne
1057 2725 1347 2781 nemori-us
1377 2725 1684 2794 navigaret,
1738 2737 1767 2776 a
1811 2737 1921 2792 quo
1970 2734 2094 2775 cum

501 2819 870 2889 requireretur
907 2835 974 2874 an
1025 2819 1092 2873 ad
1132 2834 1255 2874 eum
1297 2817 1498 2888 aliquid
1537 2831 1699 2886 super
1726 2816 1874 2872 hisce
1912 2814 2098 2870 crimi-

499 2914 664 2970 nibus
695 2915 984 2970 Memorius
1010 2913 1291 2969 detulisset
1314 2955 1330 2979 ,
1377 2913 1452 2967 ait
1490 2911 1739 2982 querelas
1779 2911 1896 2981 ejus
1930 2909 2097 2965 libel-

500 3009 674 3065 lorum
707 3009 914 3079 paginis
950 3009 1213 3064 contineri
1241 3027 1254 3062 :
1300 3007 1462 3063 credo
1492 3006 1754 3062 simulare
1785 3021 1890 3061 non
1931 3021 2097 3061 ausus

475 3103 641 3176 'quod
667 3111 946 3158 accusator
967 3118 1087 3159 esse
1113 3103 1388 3157 voluisset.
1417 3102 1493 3156 Ad
1522 3101 1640 3159 haec
1668 3102 1856 3157 urbani
1881 3100 2098 3170 adjutor

477 3195 665 3252 ‘officii
711 3210 806 3264 per
839 3195 1067 3250 Felicem
1100 3196 1199 3250 sibi
1239 3211 1270 3250 a
1320 3195 1619 3249 clarissimo
1659 3195 1773 3248 viro
1809 3193 2096 3261 Fulgentio

503 3291 814 3346 mandatum
833 3306 969 3345 esse
999 3289 1310 3360 respondit,
1360 3298 1415 3343 ut
1445 3287 1739 3342 secundum
1769 3287 2094 3342 sententiam
2125 3264 2172 3330 ε

504 3383 799 3439 Memorius
827 3383 892 3437 ad
925 3382 1163 3439 Africam
1191 3383 1503 3437 duceretur.
1553 3381 1675 3436 Mox
1705 3381 1936 3437 Felicem
1969 3397 2098 3437 cen-

501 3477 710 3533 suimus
751 3476 1085 3554 attineudum
1114 3517 1129 3542 ,
1180 3492 1287 3546 quo
1335 3485 1512 3544 posset
1557 3476 1764 3546 liquere
1821 3492 1887 3529 an
1938 3475 2098 3545 hujus

502 3572 741 3627 mandati
783 3570 1148 3626 internuntius
1185 3570 1472 3624 etttitisset.
1525 3569 1734 3624 interea
1765 3569 1846 3622 vir
1882 3578 2096 3639 specta-

502 3667 627 3724 bilis
657 3667 911 3735 vicarius,
936 3682 1056 3722 cum
1087 3665 1340 3720 adessent
1365 3664 1478 3732 alii,
1503 3682 1637 3736 quos
1668 3667 1718 3720 in
1745 3666 1893 3720 Bassi
1919 3665 2098 3720 causis

502 3778 785 3832 possemus
812 3761 1018 3829 audire,
1046 3762 1116 3816 ob
1143 3761 1261 3831 ejus
1287 3759 1605 3827 absentiam,
1636 3776 1797 3832 quam
1831 3758 1988 3816 facile
2014 3769 2099 3816 est

508 3871 576 3910 ex
599 3855 867 3910 Africanis
897 3868 1154 3910 revocare
1182 3853 1489 3921 provinciis,
1519 3853 1778 3924 judicium
1808 3867 1968 3908 omne
1996 3853 2094 3908 de-

504 3952 675 4007 seruit
707 3967 720 4004 :
757 3951 939 4005 nescio
961 3965 1028 4003 an
1051 3964 1116 4004 ex
1142 3949 1292 4018 jussu
1319 3962 1507 4002 eorum
1533 3948 1642 4017 qui,
1674 3957 1732 4001 ut
1758 3946 2093 4010 audirentur,

501 4044 844 4101 aflluxerad.
896 4030 1164 4097 Promissa
1196 4041 1455 4096 relatione
1485 4040 1724 4094 discedo.
1774 4039 1958 4106 Felix,
2003 4039 2094 4108 qui

501 4138 558 4192 in
598 4134 871 4190 communi
913 4135 1096 4204 jussus
1126 4145 1207 4189 est
1241 4131 1489 4198 attineri,
1536 4130 1698 4186 officii
1744 4133 2096 4186 exsecutione

502 4230 810 4299 corripitur.
865 4229 946 4296 is,
980 4243 1100 4283 cum
1133 4244 1162 4282 a
1209 4242 1295 4282 me
1336 4225 1636 4296 insequenti
1670 4225 1908 4279 tnitionis
1940 4225 2096 4279 auxi-

501 4323 633 4378 lium
667 4323 1023 4392 poposcisset,
1048 4331 1103 4376 et
1132 4321 1288 4377 unius
1313 4318 1749 4382 nomenclatoris,
1779 4326 1838 4372 ut
1874 4320 1926 4372 in
1965 4317 2098 4372 urbe

503 4426 688 4488 pacata
727 4416 1053 4470 adminiculo
1085 4417 1252 4470 fretus
1286 4413 1591 4477 incederet,
1640 4421 1758 4481 post
1789 4411 2092 4465 vehiculum

502 4508 860 4583 praefectum,
891 4510 1043 4576 jussu
1073 4507 1367 4577 Fulgentii,
1409 4521 1502 4575 per
1531 4504 1888 4560 Gaudentium
1920 4511 1976 4556 et
2006 4500 2096 4555 Vi-

503 4614 709 4658 ctorem
741 4611 961 4672 agentes
993 4603 1044 4656 in
1075 4601 1253 4666 rebus,
1302 4611 1357 4655 et
1401 4599 1732 4652 Bonifacium
1772 4598 2094 4667 palatinum,

500 4701 592 4770 qui
646 4702 902 4753 hactenus
950 4698 1004 4752 in
1050 4695 1230 4751 officio
1271 4698 1478 4750 urbano
1521 4693 1799 4758 militavit,
1830 4694 2097 4749 violenter
2127 4664 2177 4726 υ

505 4803 754 4864 arreptus
784 4791 1064 4847 deducitur
1102 4791 1154 4845 in
1206 4791 1323 4859 ejus
1353 4790 1518 4857 aedes,
1553 4789 1618 4845 de
1649 4789 1802 4858 cujus
1833 4790 2096 4843 mandatis

498 4889 678 4944 fuerat
720 4885 1038 4940 audiendus.
1091 4883 1243 4952 Quod
1285 4899 1404 4938 cum
1448 4883 1548 4938 sibi
1597 4881 1906 4950 Fulgentius
1939 4880 1999 4934 V.
2031 4879 2093 4936 C.

503 4991 690 5037 auctor
721 4977 1062 5034 contumeliae
1093 4991 1228 5032 mea:
1257 4975 1577 5030 invidiosum
1608 4984 1839 5044 putaret,
1873 4974 1939 5029 ad
1965 4975 2094 5030 cirCi

505 5073 853 5130 secretarium
881 5070 1223 5138 convolavit,
1259 5068 1384 5128 facti
1427 5069 1593 5123 illiciti
1627 5069 1814 5123 volens
1843 5080 2098 5140 praestare

504 5169 792 5230 rationem,
821 5163 963 5236 quod
991 5163 1090 5218 sibi
1125 5172 1324 5218 metum
1371 5162 1534 5218 fuisse
1561 5163 1792 5226 dicebat,
1839 5178 1906 5217 ne
1936 5163 2096 5216 officii

501 5262 885 5314 subornaretnr
912 5256 1173 5327 impulsu.
1211 5237 1565 5326 Exspec'tatis,
1597 5259 1784 5323 credo,
1821 5257 2096 5324 augustis-

500 5354 623 5408 simi
654 5352 944 5420 principes,
973 5361 1028 5404 ut
1055 5349 1339 5421 praefectus
1369 5359 1422 5404 et
1449 5349 1636 5418 judicii
1661 5349 1823 5402 vestri
1848 5362 2092 5413 securus,

502 5463 556 5499 et
588 5446 904 5500 inuocentue
925 5459 1038 5500 sua:
1061 5445 1260 5516 aliquid
1282 5459 1528 5500 severum
1558 5447 1836 5500 censuisse
1861 5444 2091 5498 dicatur.

499 5539 712 5603 Fateor,
767 5555 941 5610 neque
993 5542 1241 5611 paenitet,
1294 5541 1529 5594 animum
1581 5538 1910 5608 temperavi,
1964 5538 2091 5593 dum

499 5640 700 5685 certam
751 5630 818 5686 de
867 5632 1020 5688 vobis
1063 5647 1223 5703 spero
1253 5633 1563 5688 vindictam.
1617 5632 1790 5688 Statui
1834 5640 1893 5687 ut
1935 5631 2086 5687 Felix

497 5725 742 5789 vadibus,
785 5726 874 5794 qui
905 5724 1184 5794 Fulgentio
1216 5744 1322 5782 non
1355 5741 1535 5782 essent
1562 5727 1798 5796 cogniti,
1845 5726 2090 5782 tradere-

496 5828 603 5876 tur.
657 5818 796 5895 Quid
847 5818 1029 5873 mitius
1075 5819 1313 5886 decerni,
1361 5821 1485 5892 quid
1537 5820 1813 5876 remissius
1868 5819 2090 5891 potuit?

497 5909 649 5967 Tunc
677 5914 789 5974 ille,
827 5921 1076 5980 tanquam
1106 5927 1354 5970 cessurus
1382 5897 1670 5980 egreditur.
1725 5912 1831 5970 Sed
1859 5929 1980 5969 eum
2013 5913 2076 5967 ad

2200 1981 2505 2037 abducitur.
2538 1981 2748 2036 Etcum
2778 1981 3030 2052 princeps
3052 1981 3214 2037 officii
3248 1983 3361 2037 mei
3396 1981 3501 2037 sub
3523 1978 3767 2049 censpectu

2202 2075 2462 2129 Romam:
2503 2075 2673 2145 plebis
2713 2075 2948 2146 auditur,
2998 2076 3155 2131 video
3197 2075 3335 2142 quid
3387 2074 3458 2131 de
3511 2075 3608 2128 hoc
3659 2072 3767 2127 facto

2203 2172 2515 2242 perennitas
2543 2180 2721 2226 vestra
2750 2170 2940 2227 debuit
2970 2170 3235 2242 judicare.
3297 2172 3416 2241 Ego
3453 2168 3681 2224 ordinem
3713 2177 3769 2219 te-

2204 2272 2345 2326 nebo
2374 2279 2671 2340 gestorum.
2721 2267 2944 2323 Fatetur
2968 2267 3069 2322 sub
3099 2269 3330 2323 alterius
3362 2266 3649 2334 cognitoris
3673 2275 3768 2316 exa-

2203 2365 2349 2420 mine
2390 2363 2649 2435 litigator,
2695 2362 2826 2417 nihil
2855 2361 2959 2419 sibi
2990 2362 3058 2416 ab
3088 2361 3500 2431 apparitoribus
3543 2357 3664 2412 meis
3698 2353 3767 2408 ad-

2203 2470 2421 2512 versum
2458 2455 2797 2525 Fulgentium
2830 2467 2952 2510 esse
2982 2452 3318 2508 mandatum.
3374 2451 3476 2506 llic
3506 2462 3648 2519 jussu
3679 2447 3767 2514 ejus

2204 2549 2270 2604 ad
2300 2562 2644 2605 communem
2675 2547 3046 2612 secretarium,
3090 2560 3198 2615 quo
3226 2544 3504 2601 faciendae
3532 2539 3768 2597 oblationis

2203 2642 2374 2712 gratia
2399 2649 2696 2696 summates
2719 2653 2964 2710 quosque
2988 2638 3390 2705 condnxeram,
3425 2652 3455 2691 a
3482 2632 3767 2706 principibus

2203 2733 2369 2788 officii
2420 2733 2700 2800 utriusque
2749 2731 3082 2801 perducitur.
3137 2731 3280 2786 Nihil
3336 2731 3489 2786 enim
3540 2734 3767 2795 repertum

2204 2829 2382 2884 fuerat
2446 2825 2588 2898 quod
2645 2824 3020 2895 praefecturam
3079 2835 3260 2896 posset
3308 2823 3604 2879 involvere.
3653 2818 3766 2873 'l'nnc

2203 2921 2522 2984 Fulgentius
2563 2919 2686 2975 facti
2728 2919 2811 2973 sui
2849 2917 3179 2972 conscientia
3210 2917 3460 2987 percitus
3500 2926 3683 2968 czesum
3719 2922 3762 2960 se

2203 3029 2323 3070 esse
2347 3014 2718 3086 conqueritur.
2753 3011 2860 3068 Sed
2892 3026 3013 3067 mox
3043 3010 3286 3080 ejusdem
3316 3008 3520 3064 Felicis
3548 3020 3608 3060 ac
3633 3003 3765 3057 devo-

2205 3109 2399 3166 tissimi
2427 3108 2528 3163 viri
2571 3106 2829 3177 principis
2871 3105 3229 3174 responsione
3270 3118 3404 3175 pars
3448 3101 3550 3156 ista
3589 3104 3767 3168 purgata

2202 3210 2305 3257 est.
2356 3201 2423 3256 Et
2461 3209 2643 3255 tamen
2672 3198 2908 3267 querelae
2937 3197 3054 3266 ejus
3088 3196 3424 3252 audientiam
3457 3209 3562 3249 non
3592 3185 3762 3258 negavi.

2203 3294 2505 3351 clarissimo
2551 3302 2606 3348 et
2652 3291 2933 3362 spectabili
2973 3291 3092 3345 viro
3135 3289 3341 3345 vicario
3392 3290 3446 3342 in
3496 3286 3765 3340 societatem

2203 3387 2532 3460 cognitionis
2560 3385 2762 3451 ascito,
2804 3385 2850 3441 si
2881 3385 3039 3440 vellet
3069 3395 3279 3440 struere
3322 3382 3543 3439 nomina
3588 3373 3764 3431 testium

2205 3483 2541 3555 plebeiorum
2584 3479 2780 3535 danda.
2832 3477 3084 3535 Promisit
3113 3497 3124 3530 :
3151 3476 3342 3544 credo,
3371 3483 3430 3531 ut
3471 3488 3567 3545 per
3600 3478 3767 3555 morant

2204 3553 2357 3634 ruens
2387 3577 2562 3641 dolor,
2599 3572 2686 3629 vei
2733 3587 2830 3644 per
2869 3570 3293 3627 satisfactionem
3339 3569 3669 3625 mitesceret,
3702 3553 3764 3609 vel

2204 3672 2322 3745 ipse
2351 3683 2538 3726 rursus
2567 3667 2704 3721 alias
2734 3665 3015 3720 moliretur
3045 3661 3287 3718 insidias.
3331 3663 3436 3729 Qui
3467 3667 3524 3714 ut
3554 3669 3635 3712 res
3658 3645 3766 3706 indi-

2203 3743 2320 3830 cat,
2368 3760 2699 3818 conscientia
2733 3757 2968 3813 hominis
2996 3755 3307 3822 subornati,
3358 3771 3386 3808 a
3435 3766 3544 3824 quo
3587 3743 3764 3802 vicaria

2204 3857 2456 3930 potestati
2500 3853 2714 3911 libellus
2759 3851 2971 3906 oblatus
3015 3859 3128 3916 est,
3179 3848 3484 3904 domestice
3525 3837 3766 3898 confessus

2203 3951 2344 4022 apud
2376 3949 2608 4006 eundem
2641 3946 2838 4002 factum
2868 3959 3034 4000 ausus
3067 3953 3149 3998 est
3179 3942 3480 4012 postulare,
3529 3954 3592 3992 ne
3631 3941 3761 4022 appa-

2202 4020 2398 4100 ritores
2434 4044 2584 4113 ejus,
2629 4055 2763 4111 quos
2795 4042 2864 4095 ob
2893 4038 3195 4093 discessum
3244 4035 3529 4107 litigatoris
3557 4020 3763 4084 custodia

2202 4138 2436 4194 carceris
2468 4136 2706 4207 jusserat
2731 4133 2983 4200 attineri,
3020 4132 3231 4202 injuriae
3257 4131 3616 4202 subjacerent.
3659 4118 3758 4203 P95!

2203 4233 2321 4287 haec
2361 4239 2619 4298 usurpato
2663 4242 2874 4284 rursum
2920 4226 3138 4296 publico
3179 4225 3534 4295 neglectaque
3573 4208 3760 4286 judicio.

2203 4325 2422 4381 audacis
2448 4322 2572 4378 facti
2605 4323 2858 4379 conscius
2885 4319 3120 4378 evolavit
3154 4329 3214 4374 ut
3264 4319 3597 4389 praefecturae
3618 4307 3758 4374 1⁸³⁸⁸³⁵

2201 4419 2571 4489 querimonias
2611 4417 2972 4487 praeveniret,
3027 4414 3278 4484 ignarus,
3322 4424 3383 4467 ut
3426 4427 3512 4468 res
3550 4412 3653 4465 est.

2203 4523 2385 4568 rentes
2412 4512 2630 4580 generis
2673 4510 2892 4564 humani
2933 4509 3101 4578 magis
3136 4506 3344 4575 justitia
3397 4516 3556 4582 quam
3596 4486 3757 4582 invidia

2203 4605 2556 4660 commoveri.
2604 4604 2727 4658 llaac
2759 4603 2832 4657 ita
2859 4617 2982 4657 esse
3007 4609 3187 4671 gesta,
3227 4614 3326 4654 nec
3363 4580 3472 4653 ulla
3497 4603 3608 4649 arte
3634 4580 3758 4650 fingi,

2205 4700 2490 4755 instructio
2519 4699 2758 4767 subjecta
2789 4696 3090 4751 testabitur.
3146 4694 3202 4748 in
3240 4708 3344 4764 qua
3377 4687 3604 4760 reperiet
3632 4685 3756 4772 mile.”

2206 4797 2346 4848 nitas
2376 4801 2552 4846 vestra
2595 4792 3000 4860 praefecturam,
3032 4801 3190 4856 quam
3227 4787 3281 4840 in
3321 4801 3410 4840 me
3437 4794 3568 4854 puro
3590 4766 3757 4867 judicio

2205 4888 2537 4953 rontttlistis,
2585 4886 2718 4942 nihil
2751 4885 2926 4940 saltim
2957 4883 3022 4936 ad
3055 4881 3343 4936 vindictam
3380 4876 3600 4950 publica:
3627 4865 3756 4919 disci-

2207 4985 2364 5053 pfina:
2385 4997 2505 5037 esse
2527 4980 2769 5036 molitam
2791 4995 2806 5032 :
2834 4993 2956 5032 cum
2985 4975 3235 5030 omnibus
3258 4972 3471 5042 injuriis
3492 4962 3752 5054 cederetur.

2205 5091 2337 5146 quas
2371 5075 2495 5130 boni
2526 5075 2723 5142 quique
2755 5078 3085 5140 prmsumunt
3124 5081 3222 5138 pro
3247 5068 3434 5138 vigore
3463 5053 3636 5116 saeculi
3665 5053 3756 5146 Viti:

2207 5135 2483 5222 dicandas.
2519 5135 2651 5220 llaec.
2669 5135 2811 5220 enim
2841 5177 2966 5232 spes
2996 5171 3049 5216 ct
3078 5135 3269 5216 ﬁducia
3296 5135 3386 5229 jus
3415 5153 3624 5214 creditae
3649 5135 3746 5198 mihi

2203 5260 2484 5330 potestatis
2523 5256 2770 5326 infregit,
2819 5263 2878 5309 ut
2903 5263 3153 5308 auctores
3183 5252 3406 5308 honoris
3432 5245 3563 5307 mei,
3603 5243 3650 5291 οι
3674 5241 3728 5298 l’"

2203 5356 2353 5410 blic:e
2401 5354 2704 5424 dignitatis,
2757 5362 2808 5407 et
2856 5351 3043 5422 judicii
3094 5352 3176 5405 sui
3222 5344 3596 5405 contumeliem
3636 5330 3750 5402 ius"

2202 5445 2490 5503 severitate
2519 5443 2832 5500 defendant.

2776 5536 2991 5593 EPIST.
3034 5535 3217 5591 XLIV.

2200 5648 2395 5690 DOMINO
2424 5645 2714 5688 Tur-2000510
2742 5646 2947 5688 saneea
2977 5648 3098 5688 auc.
3124 5646 3436 5687 SYIHACHUS
3465 5637 3618 5683 mar.
3649 5622 3744 5667 CRB-

2277 5727 2377 5782 Per
2424 5727 2573 5781 vices
2627 5726 2890 5782 mensium
2939 5726 3272 5795 singulorum
3321 5726 3385 5780 ad
3432 5712 3745 5795 perennitates

2198 5829 2406 5875 vestras
2461 5820 2664 5891 scripta
2703 5827 2922 5874 senatus
2975 5827 3030 5873 et
3074 5818 3255 5889 populi
3305 5827 3420 5873 acta
3462 5809 3742 5870 mittuntur,

2201 5930 2318 5983 qua-
2345 5919 2594 5982 poterunt
2620 5910 2857 5968 indicare
2885 5909 3016 5983 quid
3040 5911 3121 5967 vir
3151 5911 3425 5982 praecelsa
3451 5893 3742 5964 illustrisfl‘“
