3932 6450
123 405 222 463 577

1341 357 1823 450 EPlSTOl.ARUM
1863 390 2066 448 LIBER
2107 390 2173 446 χ.

3280 385 3388 443 375's

125 520 386 581 memoria:
408 517 779 581 Pmtextatus,
802 512 891 569 vel
914 511 980 566 ad
1003 509 1392 582 amplissimum
1417 482 1681 577 ordinem,
1714 512 1763 571 Α
1792 515 1952 577 atque
1981 497 2209 561 obsecro
2238 512 2296 558 ut
2326 505 2590 561 incertum
2632 503 2799 558 animi
2836 502 2943 558 mei
2973 501 3248 573 responsis
3280 500 3388 556 im;

123 618 200 672 vel
240 613 306 670 ad
351 612 600 667 devotum
630 607 786 664 vobis
828 606 1115 678 populum,
1161 618 1260 674 pro
1303 602 1486 658 saeculi
1527 600 1693 657 veStri

122 705 574 769 commendatione
610 702 920 774 pertulerit,
965 699 1028 753 D.
1070 699 1382 768 imperator.
1434 695 1541 751 Sed
1572 696 1689 765 quia

121 801 387 874 Speeiatim
415 797 582 853 sacris
610 794 802 850 litteris
827 791 1164 860 imperastis,
1202 798 1261 842 ut
1299 788 1342 842 si
1383 803 1485 858 qua
1523 786 1592 840 ab
1629 800 1695 840 eo

124 897 292 954 Romae
324 895 376 950 in
407 892 492 946 his
533 889 764 946 ctetibns
809 895 958 957 gesta
1001 894 1157 950 sunt,
1207 882 1386 953 agenti
1434 883 1497 935 in-
1533 879 1694 935 rebus

121 997 355 1060 excerpta
401 985 717 1040 tradantur:
768 980 890 1035 misi
940 977 1118 1032 omnia
1163 975 1330 1046 jussis
1378 972 1692 1029 coelestibus

122 1087 426 1147 obsecutus,
471 1093 591 1148 qua:
638 1076 754 1146 ipso
795 1081 1060 1138 praesente
1100 1068 1485 1124 venerabilium
1529 1065 1695 1120 ratio-

124 1194 234 1232 num
261 1184 562 1229 vestrarum
591 1168 798 1225 sanctio
828 1165 1096 1231 definivit,
1127 1174 1179 1218 et
1207 1171 1413 1233 patrum
1447 1159 1693 1230 probavit

123 1272 436 1339 auctoritas”
465 1268 758 1330 Praeterea,
791 1277 909 1332 quae
959 1259 1100 1328 apud
1134 1257 1340 1329 plebem
1375 1256 1580 1309 loeutus
1609 1262 1693 1307 est

124 1379 173 1423 ut
204 1373 419 1422 cunctos
450 1363 502 1418 in
536 1375 774 1416 amorem
803 1357 1064 1411 bonorum
1093 1365 1395 1422 temporum
1429 1363 1693 1418 provoca-

125 1471 220 1522 ret.
253 1455 496 1528 adjunxi.
549 1454 815 1509 Judicium
846 1463 973 1503 vero
1000 1446 1230 1513 civium,
1253 1441 1408 1514 ‘quod
1439 1455 1694 1510 supremo

125 1556 200 1610 die
225 1555 288 1609 de
315 1531 514 1607 virtute
544 1557 706 1616 atque
735 1541 1038 1599 innocentia
1070 1539 1186 1609 ejus
1217 1537 1542 1599 habuerunt,
1574 1547 1693 1602 spe-

124 1649 280 1704 ciatim
306 1647 427 1699 viro
449 1641 750 1698 clarissimo
777 1647 832 1692 et
859 1635 1050 1690 illustri
1083 1632 1382 1688 officiorum
1409 1629 1689 1698 magistro,

122 1744 327 1800 Subditis
351 1748 629 1812 gestorum
650 1732 1067 1803 exemplaribus,
1087 1727 1326 1782 intimavi
1355 1744 1366 1778 :
1395 1725 1516 1779 licet
1542 1721 1694 1777 vehi-

121 1841 225 1895 culo
249 1836 464 1908 publico
491 1849 613 1888 cum
642 1829 886 1896 caeteris,
926 1843 1046 1898 qua:
1087 1839 1153 1878 ex
1193 1837 1344 1878 more
1383 1821 1690 1882 mittuntur,

1799 599 2090 671 perialibus
2115 598 2426 654 instruatur.

2362 689 2576 747 EPIST.
2619 687 2803 746 XLVI.

1798 803 1883 842 DD.
1916 799 2208 841 τπεουοειο
2248 802 2315 840 ΕΤ
2349 801 2573 842 ABCAIHO
2603 800 2809 840 SEHPER
2840 798 2961 838 AUC.
2993 797 3298 838 SYIHIACHUS
3329 797 3384 837 ν..

2394 873 2446 912 C.
2474 873 2641 918 PBEF,
2677 873 2798 911 UBB.

1865 972 2083 1030 Certum
2138 982 2221 1030 est
2298 972 2512 1042 quidem
2569 973 2909 1030 clementiam
2969 979 3202 1026 vestram
3263 967 3386 1023 fidet

1796 1084 2011 1134 amore,
2059 1079 2113 1125 et
2160 1067 2336 1123 studio
2383 1067 2662 1132 veritatis,
2725 1066 2778 1120 in
2832 1080 3058 1120 examen
3108 1063 3384 1118 assiduum

1797 1178 1938 1232 saepe
1969 1162 2242 1231 explorata
2277 1175 2550 1227 revocare,
2587 1159 2694 1214 DD.
2724 1160 3095 1229 imperatores.
3124 1155 3230 1211 Sed
3260 1170 3380 1213 eum

1801 1259 2097 1311 Auxentius
2140 1254 2202 1309 V.
2235 1254 2298 1310 C.
2352 1265 2406 1310 et
2433 1253 2687 1326 Cyriades
2730 1266 2910 1310 comes
2939 1267 3003 1305 ac
3043 1247 3388 1304 mechanicns

1797 1352 1978 1422 parilis
2005 1350 2295 1418 dignitatis,
2329 1349 2554 1419 quadam
2592 1348 2732 1414 inter
2767 1363 2824 1402 se
2850 1344 3244 1402 concertatione
3275 1342 3386 1398 dis-

1796 1444 2036 1500 sentiunt
2064 1485 2078 1509 ,
2112 1443 2357 1497 nonnihil
2385 1442 2755 1512 superioribus
2781 1439 3049 1509 judieibus
3073 1439 3381 1506 derogatur.

1796 1536 1912 1592 1am
1944 1536 2142 1590 dudum
2173 1537 2316 1591 enim
2344 1535 2477 1590 v.0.
2511 1545 2564 1590 et
2597 1536 2816 1591 illustris
2843 1533 3162 1590 Anthemius
3194 1533 3386 1586 Bassus

1796 1630 1974 1701 pontis
2001 1630 2120 1684 novi
2147 1645 2311 1700 opere
2337 1637 2636 1700 perspecto,
2661 1629 2758 1683 sub
2787 1638 3026 1684 actorum
3052 1626 3386 1682 confectione

1799 1724 2028 1794 signavit
2053 1723 2264 1794 culpam
2295 1725 2376 1778 vel
2407 1724 2782 1795 negligentiam
2811 1720 3385 1792 singulorum;.denuo

1797 1829 2082 1872 successor
2109 1819 2225 1888 ejus
2255 1818 2442 1874 eadem
2476 1817 2593 1872 loca
2624 1818 2845 1872 rimatus
2875 1814 3152 1870 asseritur.
3186 1798 3386 1866 Dehinc

123 1901 280 1986 omnia
305 1943 534 1984 necesse
556 1928 849 1991 sit,rursus
879 1921 942 1976 ad
975 1918 1283 1976 serenitatis
1321 1926 1518 1972 vestra:
1557 1915 1696 1969 noti-
1723 1905 1772 1966 Β
1799 1923 1918 1963 cum
1961 1909 2101 1979 apud
2145 1925 2259 1975 me,
2292 1927 2358 1965 ex
2405 1910 2689 1978 rescripto,
2738 1909 2877 1979 quod
2929 1905 3185 1977 Cyriades
3227 1903 3296 1959 ν.
3321 1901 3384 1958 C.

123 2029 232 2083 tiam
259 2016 562 2097 pervenire.

681 2091 899 2147 EPIST.
949 2087 1110 2144 XLV.

186 2209 228 2247 υ.
256 2203 556 2244 τειουοειο
585 2201 789 2242 SEMPBB
819 2198 938 2238 ΔΒΕ.
969 2193 1274 2235 εγωίιοιιυε
1303 2193 1470 2232 Ριιιεῖ.
1500 2191 1620 2230 υιω.

183 2307 287 2361 Jam
332 2305 556 2376 quidem
600 2300 920 2371 rescriptum
970 2297 1203 2352 numinis
1241 2293 1408 2348 vestri
1437 2289 1695 2363 Cyriades

123 2401 178 2453 Υ.
216 2397 272 2454 C.
310 2413 501 2452 comes
551 2407 604 2450 et
647 2393 972 2448 mechanica.-
1004 2389 1278 2459 professor
1306 2383 1581 2448 exhibuit,
1627 2382 1690 2436 D.

124 2494 445 2562 imperator:
493 2502 597 2556 quo
647 2492 906 2540 statuerat
953 2481 1229 2536 aeternitas
1274 2486 1483 2538 vestra,
1535 2484 1593 2528 ut
1636 2488 1695 2529 se

123 2589 220 2657 ipse
245 2604 271 2640 a
302 2583 662 2657 quorumdam
694 2577 1072 2635 criminatione
1094 2581 1387 2646 purgaret,
1420 2587 1483 2625 ac
1506 2582 1695 2624 rursus

124 2689 312 2750 urgeret
343 2676 598 2747 objectis,
629 2675 673 2730 si
705 2687 838 2743 quos
863 2667 1067 2724 fraudis
1095 2668 1410 2721 incesseret.
1445 2662 1544 2729 Qui
1573 2675 1694 2715 cum

123 2774 438 2828 Auxentium
470 2769 530 2824 γ.
559 2767 622 2823 C.
669 2766 769 2821 sub
811 2763 1057 2818 examine
1098 2757 1402 2814 decessoris
1442 2755 1544 2809 mei
1586 2768 1697 2808 cte-

124 2868 272 2937 pisset
315 2877 585 2935 arguere,
653 2872 936 2931 postquam
987 2855 1052 2909 ad
1102 2852 1465 2923 cognitionem
1519 2863 1694 2903 meam

123 2971 313 3015 ventum
357 2965 476 3019 est,
523 2969 684 3025 super
715 2951 952 3007 basilicae
992 2959 1151 3019 atque
1189 2947 1367 3016 pontis
1407 2943 1695 2996 immodico

125 3064 343 3123 sumptu,
381 3048 642 3105 Auxentii
673 3046 736 3100 V.
765 3046 826 3100 C.
860 3059 992 3098 voce
1026 3041 1343 3112 perstrictus
1372 3047 1473 3092 est.
1523 3035 1694 3102 Quem

125 3145 378 3218 Cyriades,
431 3144 514 3196 vir
560 3140 744 3209 parilis
788 3135 1084 3206 dignitatis,
1135 3143 1316 3189 mutua
1349 3128 1695 3185 accusatione

125 3240 326 3296 credidit
354 3235 796 3293 remordendum.
829 3231 1016 3302 Visum
1061 3240 1142 3285 est
1187 3230 1344 3298 igitur
1383 3237 1692 3278 accommo-

1798 2007 2135 2078 impetravit,
2192 2005 2421 2061 recidiva
2475 2004 2778 2075 cognitione
2831 2001 3175 2071 refugerent,
3230 2007 3387 2066 atque

1797 2100 1928 2171 ipsis
1973 2099 2388 2156 consistentibus
2437 2098 2800 2161 eensuissem,
2847 2105 2904 2150 ut
2945 2094 3221 2162 utriusque
3277 2102 3384 2145 tam

1797 2202 2064 2265 sumptus,
2098 2207 2256 2263 quam
2288 2191 2696 2247 aedificationem
2728 2187 3066 2257 investigatio
3093 2182 3386 2239 discussio-

1799 2288 1882 2342 nis
1929 2287 2270 2357 inquireret,
2333 2285 2391 2337 V.
2426 2285 2486 2340 C.
2535 2283 2840 2339 Auxentius
2883 2289 3109 2350 repente
3152 2275 3390 2333 deseruit

1795 2380 2111 2450 judicatum.
2137 2379 2213 2433 De
2237 2378 2389 2447 cujus
2415 2377 2553 2433 facto
2577 2378 2838 2432 missurus
2868 2375 3200 2435 relationem,
3225 2383 3384 2440 quam

1799 2475 2106 2530 sollicitudo
2153 2473 2444 2528 intermissi
2488 2473 2668 2542 operis
2710 2470 2975 2540 exigebat,
3009 2467 3110 2522 alia
3152 2464 3386 2520 numinis

1798 2569 1966 2626 vestri
1990 2569 2204 2624 decreta
2236 2583 2422 2623 rursus
2453 2567 2655 2638 accepi.
2685 2568 2873 2637 quibus
2904 2563 3134 2620 examini
3168 2575 3291 2617 meo
3321 2559 3384 2615 V.

1796 2667 1858 2720 (Σ.
1888 2676 1944 2720 et
1979 2663 2327 2734 spectabilem
2377 2663 2633 2720 vicarium
2689 2659 3018 2730 copulastis,
3065 2665 3118 2711 ut
3163 2665 3387 2724 utroque

1797 2758 2088 2823 residente,
2142 2765 2384 2812 accusata
2440 2755 2613 2823 pontis
2656 2753 2780 2808 vitia
2826 2760 3217 2824 quaererentur.
3279 2747 3389 2803 Nec

1799 2852 2114 2922 obsequium
2166 2850 2333 2904 defuit
2382 2848 2674 2919 imperatis.
2729 2847 2910 2915 itaque
2947 2843 3190 2898 adhibito
3231 2841 3295 2897 V.
3325 2838 3386 2894 C.

1799 2945 2037 3009 tribuno,
2080 2953 2134 2998 et
2177 2942 2387 2996 notario
2417 2939 2756 3009 Aphrodisio,
2798 2937 2880 2992 cui
2917 2943 3038 3007 post
3065 2932 3386 2989 Auxentium

1800 3037 1862 3092 V.
1891 3034 1954 3091 C.
1985 3049 2239 3089 novarum
2286 3032 2620 3088 molitionum
2673 3045 2802 3084 cura
2855 3029 3022 3096 legata
3069 3035 3170 3089 est,
3213 3023 3390 3078 habita

1799 3136 1881 3183 est
1923 3127 1991 3182 de
2023 3127 2102 3180 his
2137 3128 2362 3197 quaestio
2400 3125 2491 3194 qui
2531 3123 2710 3194 pontis
2756 3121 2995 3190 ejusdem
3046 3117 3386 3172 fundamenta

1801 3228 2116 3291 posuerunt.
2153 3221 2326 3288 Atque
2357 3218 2426 3272 ita
2456 3215 2698 3272 constitit
2730 3225 2930 3284 partem
2973 3215 3186 3269 brevem
3229 3220 3390 3281 atque

129 3332 237 3386 dum
277 3345 331 3388 ut
369 3332 650 3398 utriusque
705 3325 1113 3381 aedificationem
1156 3322 1257 3376 fida
1291 3321 1582 3375 mstimaret
1618 3317 1698 3371 in-
1726 3303 1772 3366 C
1804 3316 2090 3370 discretam
2123 3315 2222 3368 sub
2251 3313 2474 3369 exordio
2502 3311 2711 3382 hyemis
2741 3310 3042 3365 inchoatam
3076 3307 3123 3359 vi
3154 3304 3391 3360 fluminis

126 3427 327 3494 spectio.
381 3423 516 3477 Dedi
549 3421 817 3491 negotium
852 3415 1117 3479 sollicitis,
1146 3422 1403 3484 quantum
1442 3410 1694 3475 arbitror,

127 3519 274 3584 viris,
315 3526 367 3573 et
407 3513 641 3587 Cyriade
687 3527 822 3580 pene
862 3517 1180 3574 recusante,
1233 3504 1446 3561 decrevi
1492 3503 1698 3557 fabrilis

134 3610 251 3664 artis
289 3609 597 3678 magistros,
638 3621 772 3675 quos
805 3602 1118 3656 adversario
1147 3600 1411 3668 aequiores
1445 3596 1696 3666 putabat,

131 3701 447 3756 testimationi
480 3698 661 3764 cperis
689 3693 1055 3750 admovendos
1082 3709 1096 3747 :
1144 3700 1395 3745 manente
1425 3686 1699 3742 nihilomi-

128 3811 418 3868 nus.penes
465 3792 788 3850 Auxentium
842 3805 969 3844 cura
1023 3797 1183 3858 atque
1230 3784 1700 3838 administratione

129 3899 435 3961 ereptorum,
484 3887 626 3958 quod
671 3884 897 3940 necdum
942 3882 1215 3937 teteruitas
1255 3889 1429 3934 vestra
1463 3875 1698 3930 officium

128 3984 229 4052 ejus
274 3983 620 4038 successione
674 3985 952 4032 mutasset.
1015 3974 1197 4042 Itaque
1247 3956 1450 4026 exactis
1498 3969 1703 4037 aliquot

129 4077 314 4144 diebus,
343 4085 399 4132 et
423 4066 601 4130 adhuc
622 4071 889 4141 pendente
914 4069 1092 4138 operis
1117 4064 1384 4129 examine,
1411 4062 1698 4132 apparitio,

128 4187 231 4240 qua:
264 4169 531 4226 Anxentio
570 4167 746 4221 fuerat
788 4164 1062 4233 deputata,
1115 4175 1210 4230 per
1255 4158 1523 4213 notarium
1567 4155 1701 4210 mihi

129 4264 239 4320 fecit
271 4263 562 4327 indicium,
594 4257 900 4314 deseruisse
926 4255 1283 4310 clarissimum
1314 4251 1486 4304 virum
1516 4263 1704 4304 susce-

128 4368 319 4429 ptorum
352 4371 536 4413 curam
565 4354 831 4416 locorum,
861 4357 917 4404 et
945 4349 1045 4402 sub
1072 4347 1192 4415 ipso
1226 4344 1424 4398 aestatis
1455 4342 1699 4407 exordio,

129 4470 219 4525 quo
243 4454 411 4524 possit
437 4447 710 4522 profectus
738 4441 1108 4499 acdificationis
1135 4453 1444 4508 assurgere,
1475 4435 1702 4489 nihilum

129 4546 434 4616 promoveri.
488 4537 594 4598 Sed
627 4539 750 4611 quia
795 4535 1060 4593 senatoris
1107 4531 1228 4602 fuga
1275 4545 1382 4584 non
1419 4527 1704 4582 videbatur

78 4708 80 4710 ν
133 4648 315 4693 temere
341 4634 649 4698 credenda,
697 4640 753 4685 ut
792 4629 1082 4700 impensius
1123 4624 1489 4694 requireretur
1516 4620 1703 4676 admoe

1802 3414 2090 3475 corruisse,
2121 3411 2273 3479 cujus
2301 3409 2627 3479 impendium
2659 3407 2844 3478 viginti
2871 3405 3164 3460 solidorum
3191 3401 3388 3457 deﬁni-

1801 3505 1948 3560 ti0ne
1993 3504 2225 3560 artifices
2273 3495 2625 3558 mstir‘narunl.
2671 3500 2776 3556 Sed
2821 3513 2976 3554 casus
3005 3497 3170 3566 partis
3215 3495 3386 3559 istius,

1804 3607 1987 3668 utpote
2026 3599 2199 3652 adhuc
2229 3611 2256 3649 a
2287 3605 2486 3651 caetero
2529 3609 2757 3664 corpore
2795 3602 3111 3662 segregatte,
3144 3588 3275 3644 nihil
3310 3588 3392 3643 vi-

1802 3690 1960 3745 detur
1990 3690 2198 3759 injuriae
2221 3689 2353 3743 locis
2384 3688 2704 3742 distantibus
2743 3685 2989 3740 attulisse
3017 3701 3031 3736 :
3061 3699 3218 3754 quam
3250 3679 3390 3736 facili

1804 3781 2157 3837 a~dilicatione
2202 3781 2551 3848 reparandam
2576 3764 2852 3850 Cyriades
2895 3777 2956 3832 V.
2991 3776 3052 3831 C.
3087 3775 3388 3846 pollicetur.

1804 3869 2083 3930 Postth
2108 3875 2329 3930 alterius
2359 3874 2459 3928 loci
2487 3873 2788 3943 exploratio
2820 3871 3049 3926 hiulcam
3077 3883 3390 3940 compagem

1803 3967 2038 4037 lapidum
2108 3968 2498 4038 deprehendit,
2567 3982 2726 4036 quam
2781 3961 3039 4036 Cyriades
3092 3977 3275 4017 comes
3340 3970 3395 4016 et

1805 4063 2148 4118 mechanicas
2176 4063 2401 4118 consilio
2431 4078 2530 4117 suo
2560 4072 2612 4117 et
2652 4062 2857 4116 ratione
2892 4062 3024 4114 artis
3055 4061 3121 4112 ita
3166 4059 3392 4129 positam

1806 4157 2163 4224 suggerebat,
2219 4167 2273 4209 ut
2321 4156 2494 4209 infuso
2546 4163 2727 4224 postea
2779 4154 3141 4221 impensarum
3189 4150 3396 4219 liquore

1807 4250 2005 4304 hiantia
2047 4250 2464 4317 stringerentur.
2507 4247 2661 4314 Quod
2708 4261 2828 4300 cum
2877 4244 3057 4299 facere
3096 4243 3392 4310 debuisset,

1809 4344 2148 4398 succedentis
2200 4343 2513 4396 industriam
2547 4341 2827 4396 affectasse
2870 4341 3048 4412 potius
3080 4339 3304 4406 dicitur,
3337 4347 3397 4393 ut

1806 4441 1859 4493 in
1889 4440 2122 4496 auctoris
2153 4437 2402 4492 invidiam
2433 4437 2537 4492 feni
2568 4445 2619 4492 et
2650 4438 2815 4506 sparti
2861 4437 3146 4507 manipulis
3177 4435 3394 4490 claude-

1806 4543 2014 4585 rentur.
2057 4531 2206 4598 Quod
2259 4545 2378 4585 eum
2430 4539 2698 4586 astrueret
2743 4530 3056 4585 recitatione
3099 4539 3392 4601 gestorum,

1809 4626 2003 4680 factum
2033 4625 2246 4696 quidem
2277 4626 2520 4680 urinandt
2551 4625 2743 4681 artifex
2776 4641 2882 4680 non
2912 4626 3162 4693 negavit,
3195 4625 3288 4679 sed
3329 4642 3394 4680 cx

134 4735 228 4785 nui.
274 4731 370 4785 Diu
402 4741 668 4796 nusquam
701 4723 937 4795 gentium
968 4720 1336 4788 deprehensus
1361 4763 1374 4785 ,
1411 4715 1502 4770 ubi
1533 4715 1700 4770 comi-
1729 4697 1784 4757 Ῑ)
1810 4734 1910 4775 usu
1936 4719 2135 4788 operis,
2166 4733 2270 4773 non
2300 4721 2351 4773 in
2383 4719 2916 4775 dehonestamentum
2946 4717 3188 4790 Cyriadis
3237 4717 3300 4773 V.
3332 4717 3393 4773 C.

135 4836 282 4879 latum
310 4839 522 4881 sacrum
555 4819 788 4875 numinis
817 4816 981 4872 vestri
1009 4815 1158 4868 adire
1180 4813 1366 4882 jussus
1395 4821 1496 4877 est,
1521 4811 1703 4866 evola-

133 4923 214 4974 vit.
260 4921 464 4974 Interea
506 4914 792 4987 Cyriades,
822 4911 887 4966 ν.
919 4908 980 4963 C.
1014 4923 1196 4963 comes
1239 4916 1292 4960 et
1331 4904 1697 4968 mechanicus,

133 5027 237 5066 cum
277 5020 534 5068 statutum
582 5023 759 5061 meum
789 5005 1034 5060 discessu
1066 5001 1180 5070 ejus
1213 4998 1420 5053 videret
1459 4999 1700 5066 elusum,

136 5105 340 5158 multum
395 5103 594 5158 anxius
643 5116 710 5154 ne
760 5098 887 5168 quid
937 5096 989 5150 in
1037 5094 1314 5148 absentem
1361 5092 1705 5146 adversarius

135 5197 389 5263 moliatur,
434 5177 494 5250 ut
533 5190 818 5249 aeternitati
845 5197 1037 5245 vestrae
1084 5196 1138 5241 et
1185 5185 1504 5240 relationem
1538 5183 1599 5238 V.
1634 5184 1696 5238 C.

137 5289 529 5358 prmdecessoris
559 5287 686 5351 mei,
718 5295 773 5340 et
802 5297 944 5338 nunc
973 5290 1088 5336 aeta
1117 5294 1488 5349 suggerercm,
1537 5279 1703 5348 depo-

135 5387 323 5452 poscit:
355 5383 437 5438 cui
465 5381 791 5437 audientiam
819 5391 1016 5446 negare
1055 5390 1159 5428 non
1191 5374 1370 5444 potui;
1403 5374 1590 5427 eadem
1619 5374 1706 5426 via

135 5489 385 5550 przecepto
425 5477 660 5531 numinis
693 5471 856 5529 vestri
886 5471 1107 5539 cupiens
1155 5467 1371 5523 edoceri
1408 5467 1534 5537 quid
1567 5467 1707 5522 facto

136 5585 251 5626 usus
277 5573 346 5627 sit
392 5571 460 5627 de
498 5568 856 5624 :estimatione
890 5573 1220 5632 sumptuum,
1253 5575 1386 5631 quos
1426 5560 1706 5632 utriusque

139 5663 405 5736 insumpsit
451 5661 750 5732 expensio:
801 5657 1067 5728 siquidem
1115 5669 1292 5710 meum
1337 5663 1544 5723 spectat
1588 5653 1706 5708 offi-

140 5756 262 5810 cium
287 5758 546 5826 jacturam
582 5756 818 5825 pecuniae
869 5750 1095 5822 publica:
1130 5765 1233 5803 non
1268 5735 1464 5802 tacere.
1525 5747 1708 5804 Fidem

141 5844 314 5904 litteris
342 5851 536 5904 sociata
565 5856 714 5918 gesta
746 5845 1096 5914 praestabunt.
1146 5841 1277 5909 Quae
1310 5841 1400 5895 ubi
1432 5843 1496 5896 ad
1529 5857 1711 5898 sacras

139 5951 285 5995 aures
321 5941 664 6012 percnnitatis
693 5948 884 5996 vestrze
923 5937 1140 5993 recitata
1186 5935 1525 6004 pervenerint
1552 5979 1565 6002 ,
1611 5951 1708 5992 oro

1807 4815 2109 4880 asserebat,
2183 4814 2478 4870 remedium
2549 4815 2853 4885 hujusmodi
2916 4831 3036 4871 esse
3100 4815 3394 4886 provisum.
3452 4870 3454 4872 ,

1807 4908 1959 4962 Tunc
2003 4909 2412 4977 responsionum
2459 4909 2713 4964 varietate
2756 4911 3031 4978 commoti,
3065 4909 3396 4962 coercuimus

1809 5019 1838 5056 a
1870 5002 2156 5071 pr.rteritis
2188 5002 2598 5071 discrepantem.
2645 5004 2713 5056 At
2746 5003 2831 5056 ille
2861 5003 3143 5074 Cyriadem
3181 5002 3280 5056 sibi
3323 5003 3397 5056 ait

1808 5095 2009 5149 dudum
2061 5095 2223 5149 fuisse
2261 5096 2472 5150 terrori.
2518 5095 2671 5163 Quod
2703 5095 2958 5150 credibile
2987 5110 3093 5149 non
3141 5094 3352 5148 videtur
3380 5137 3396 5162 ,

1811 5204 1931 5243 eum
1967 5188 2107 5243 illius
2139 5189 2394 5257 temporis
2425 5189 2671 5257 cognitor
2707 5189 2773 5242 ad
2815 5187 2969 5241 fidem
3003 5187 3112 5241 veri
3142 5186 3397 5242 destricta

1811 5285 2107 5352 quaestione
2137 5283 2462 5351 pervenerit.
2498 5283 2701 5337 Interea
2725 5283 2981 5354 Cyriades
3008 5281 3072 5344 ν.
3097 5280 3158 5337 C.
3191 5280 3398 5336 facilem

1814 5384 2156 5444 prospectum
2201 5389 2321 5429 esse
2361 5375 2629 5444 suggessit
2674 5376 2851 5445 operis
2892 5374 3195 5440 sarciendi,
3247 5373 3400 5443 cujus

1815 5469 2184 5535 stabilitatem,
2229 5470 2365 5524 sicut
2407 5478 2669 5524 assertum
2711 5479 2812 5535 est,
2857 5471 3044 5540 hyems
3090 5471 3245 5524 tertia
3292 5484 3398 5524 non

1815 5563 2053 5617 resolvit.
2107 5561 2225 5632 Ipse
2266 5571 2442 5616 autem
2473 5560 2538 5616 de
2570 5559 3011 5616 aedificationibus
3039 5563 3288 5616 Auxentii
3336 5561 3399 5616 V.

1817 5652 1877 5708 C.
1909 5665 1961 5709 et
1990 5654 2055 5708 de
2083 5655 2430 5724 usurpatione
2460 5653 2730 5708 immodici
2763 5653 2876 5708 auri
2909 5655 3160 5709 nomiuHa
3194 5655 3404 5710 indiciis

1816 5749 2100 5803 intimavit.
2161 5747 2289 5814 Qute
2355 5747 2476 5801 ideo
2540 5745 2825 5803 Gestorum
2894 5747 3097 5818 paginis
3151 5749 3404 5819 applicari

1817 5843 2011 5910 placuit
2044 5851 2094 5894 nt
2128 5839 2399 5894 :rternitas
2440 5852 2636 5906 vestra,
2671 5841 2876 5896 cunctis
2905 5857 2998 5912 per
3026 5844 3269 5897 ordinem
3318 5854 3409 5908 pa-

1821 5939 2016 5992 lit'nlcr
2065 5935 2280 6002 auditis,
2320 5935 2610 6004 providere
2648 5935 2899 6009 dignetur
2957 5933 3408 6008 quemadmodum
