3898 6442
551 362 657 422 379

1731 349 1798 420 ρ.
1839 345 2145 407 Αυκειιυῖ

2251 343 2655 405 LYMMACHUS.
3661 349 3731 413 580

552 474 974 537 concertantium
1014 471 1354 528 inmutatione
1388 482 1724 538 compressa,
1759 461 2146 536 et'jntegritati
2173 461 2522 528 Aevocaret.
2591 463 2739 517 Tunc
2784 459 3118 517 cessantibus
3162 457 3452 513 auctoribus
3491 437 3732 520 clarissime

553 581 859 644 sumptuum
890 577 944 626 et
971 566 1206 622 ﬁrmitati
1233 565 1411 635 operis
1445 563 1776 620 consulatur.

1018 672 1025 680 ‘
1119 659 1335 716 EPIST.
1376 656 1584 714 XLVII.

627 777 676 816 ι).
703 770 1000 815 τηεουοειο
1029 769 1236 811 ΒΕἋΡΕΩ
1262 768 1384 808 AUG.
1407 765 1714 807 SYIIACIIUS
1741 764 1913 806 PREF.
1943 761 2064 802 URB.

626 851 691 907 Ut
733 849 894 905 vestri
939 847 1173 902 numinis
1211 859 1439 901 veneror
1473 844 1799 906 sanctiones,
1840 839 1912 894 ita
1947 839 2140 894 obser-

554 947 794 1002 vantiam
847 945 1029 1015 jugem
1087 941 1454 1000 saluberrimis
1504 939 1611 994 divi
1667 936 1926 1008 genitoris
1977 935 2140 992 vestri

555 1040 807 1111 impendo
850 1036 1082 1093 decretis
1119 1053 1134 1089 :
1176 1034 1312 1104 Quid
1359 1034 1501 1093 enim
1551 1032 1637 1089 ille
1674 1029 1973 1100 constituit,
2001 1027 2144 1100 quod

554 1137 728 1208 possit
767 1134 975 1204 publica
1015 1148 1142 1188 cura
1171 1129 1460 1186 deserere?
1507 1130 1553 1184 Is
1590 1128 1732 1184 inter
1771 1125 1897 1192 alia,
1926 1140 2044 1198 quae
2090 1123 2143 1182 in

556 1231 756 1286 bonum
784 1229 1052 1298 publicum
1083 1225 1328 1290 contulit,
1356 1225 1516 1280 etiam
1545 1221 1795 1280 medendi
1824 1217 2144 1290 professori-

557 1324 658 1379 bus
697 1322 845 1378 dedit
870 1321 1114 1377 ordinem
1141 1317 1519 1396 successionis,
1551 1317 1598 1372 si
1630 1316 1805 1370 Iocum
1835 1313 2142 1386 quempiam

555 1417 865 1474 decedentis
893 1415 1100 1471 fortuna
1138 1415 1407 1470 nudasset.
1442 1412 1554 1480 Qua
1585 1412 1700 1479 lege
1735 1419 1949 1466 cautum
1981 1416 2146 1468 estut

558 1511 714 1582 primi
745 1510 875 1565 artis
901 1509 1141 1579 ejusdem
1172 1508 1241 1563 de
1268 1521 1526 1561 novorum
1558 1503 1780 1562 scientia
1823 1501 2140 1571 iudicarent.

556 1604 706 1659 Hanc
739 1605 986 1668 formam,
1028 1610 1285 1672 quantum
1323 1608 1598 1662 asserunt,
1632 1606 1764 1654 aetas
1803 1604 1985 1652 secuta
2029 1609 2146 1652 ser-

551 1700 715 1761 vavit,
765 1696 824 1751 D.
862 1695 1174 1766 imperator.
1222 1693 1374 1749 Nunc
1410 1692 1646 1747 Joannes
1689 1689 1749 1746 V.
1791 1688 1849 1742 Ρ.
1883 1704 1989 1746 non
2021 1702 2142 1745 eum

551 1790 794 1860 gradum,
828 1803 985 1858 quem
1016 1787 1368 1856 subrogandis
1397 1784 1659 1842 dederunt
1697 1781 1889 1844 divalia
1921 1781 2142 1850 scripta,

2245 557 2457 628 domus,
2505 555 2822 627 cmterisque
2874 549 3193 620 subtractis,
3239 551 3305 609 ad
3351 554 3731 616 contradiceudum

2247 651 2442 711 Thesei
2481 650 2838 726 subrogantur
2870 645 3108 706 baeredes
3143 666 3154 701 :
3187 661 3293 702 uno
3331 656 3518 703 tantum
3542 648 3719 708 exhibito

2249 744 2338 818 qui
2375 760 2435 801 se
2475 749 2745 800 assereret
2774 740 3024 797 libertum
3064 754 3184 797 esse
3225 737 3469 796 defuncti.
3509 740 3550 798 Is
3571 741 3755 801 interro»

2244 848 2401 908 gatus
2461 853 2568 908 quo
2614 836 2873 892 abiissent
2918 835 3109 892 incolae
3155 833 3488 904 prrediorum,
3535 836 3736 897 delituisse

2247 932 2562 1000 nonnullos,
2595 931 2775 988 Scirtii
2804 945 2932 987 vero
2956 930 3220 1000 mancipia
3249 928 3314 985 ad
3342 929 3575 986 urbanam
3592 931 3736 997 villam,

2247 1043 2368 1098 quae
2413 1035 2494 1082 est
2538 1024 2821 1082 clarissimi
2860 1033 2915 1079 et
2946 1023 3170 1080 illustris
3207 1023 3304 1078 viri
3333 1022 3528 1092 Olibrii,
3557 1025 3739 1079 translata

2250 1119 2547 1190 respondit.
2576 1119 2810 1185 Czctera,
2840 1127 2901 1172 ut
2937 1133 2968 1173 a
3004 1117 3196 1174 liberto
3219 1115 3408 1174 Thesei
3442 1117 3583 1186 dicta,
3607 1130 3741 1190 prsic.

2249 1227 2417 1278 ream,
2459 1211 2583 1266 licet
2625 1213 2678 1264 in
2720 1225 2843 1265 eum
2875 1209 3212 1282 praescriptio
3252 1210 3350 1264 ista
3393 1225 3490 1266 non
3527 1218 3740 1280 competat,

2247 1322 2371 1362 cum
2395 1320 2425 1362 a
2450 1314 2601 1375 patre
2629 1306 2896 1362 minorum
2921 1304 3240 1363 beneﬁcium
3263 1305 3510 1361 libertatis
3531 1307 3741 1380 acceperit.

2249 1401 2343 1460 His
2382 1403 2454 1460 ita
2497 1402 2706 1474 positis,
2743 1403 3058 1462 Praenestini
3089 1402 3144 1457 in
3173 1417 3398 1474 quorum
3431 1402 3600 1458 finibus
3621 1403 3742 1457 Caesa-

2248 1499 2398 1554 riana
2440 1497 2712 1568 possessio
2747 1498 2908 1568 jacet,
2942 1497 3121 1556 missis
3152 1496 3531 1568 apparitoribus
3561 1497 3745 1553 exhiben-

2249 1601 2355 1646 tur.
2387 1591 2537 1648 Tunc
2559 1591 2773 1647 demum
2815 1587 2882 1647 ν.
2906 1589 2965 1648 C.
2994 1597 3046 1646 et
3090 1590 3399 1660 spectabilis
3419 1588 3584 1645 Olibrii
3617 1605 3746 1661 procu-

2247 1692 2396 1744 rator
2423 1685 2671 1754 emergit.
2703 1683 2870 1740 Adest
2903 1683 3064 1740 etiam
3090 1683 3343 1738 defensor
3369 1683 3625 1738 minorum.
3656 1681 3747 1738 Tan-

2249 1778 2370 1834 dem
2401 1778 2714 1850 cogentibus
2739 1777 2958 1850 judiciis
2987 1777 3308 1850 postulatus,
3335 1777 3520 1834 Scirtio
3539 1778 3746 1834 adversum

555 1850 651 1936 sed
683 1850 893 1935 sumine
925 1850 1221 1949 proximum
1257 1888 1482 1934 conatur
1509 1876 1752 1946 adipisci,
1796 1874 1955 1930 fultus
1989 1873 2144 1930 Pala-
2174 1850 2220 1920 Β
2249 1871 2387 1932 duos
2416 1887 2592 1942 pugna
2632 1870 2951 1946 proponitur
2984 1887 2998 1926 :
3038 1871 3286 1941 quamvis
3330 1869 3596 1944 patrocinia
3622 1869 3748 1925 claris

555 1975 683 2029 tium
740 1973 942 2027 militia:
991 1972 1299 2041 privilegio,
1355 1981 1408 2026 et
1461 1969 1835 2040 impetratione
1897 1967 2146 2038 specialis

554 2065 787 2129 oraculi,
839 2079 946 2134 quo
995 2064 1225 2132 Epicteti
1269 2063 1521 2120 arcliiatri
1571 2064 1747 2120 locum
1797 2072 1922 2120 tunc
1969 2060 2146 2120 adhuc

558 2158 868 2229 superstitis
901 2159 1223 2228 impetravit.
1255 2158 1361 2214 Sed
1393 2159 1516 2228 quia
1552 2159 1665 2228 lege
1691 2166 1745 2218 et
1772 2172 1919 2216 more
1949 2171 2148 2226 cogen-

554 2253 733 2319 tibus,
779 2261 1074 2308 summates
1117 2251 1358 2320 ejusdem
1410 2250 1759 2320 professionis
1811 2264 1906 2320 par
1941 2249 2040 2310 fuit
2091 2249 2147 2310 in

555 2363 788 2405 examen
813 2349 996 2413 acciri,
1025 2347 1319 2403 adhibitum
1346 2357 1424 2403 est
1451 2346 1653 2416 judicio
1676 2345 1960 2415 collegium
1986 2359 2147 2402 omne

554 2441 890 2499 medicorum
926 2459 940 2496 :
983 2455 1208 2511 quorum
1255 2439 1517 2510 potissimi
1563 2439 1698 2496 inter
1745 2437 2145 2500 venerationem

557 2535 694 2603 legis
743 2542 798 2588 et
851 2533 974 2590 novi
1023 2532 1266 2591 beneﬁcii
1334 2531 1690 2590 reverentiam
1744 2530 1986 2599 judicare
2039 2545 2145 2588 non

554 2628 696 2692 ausi,
745 2642 865 2700 eum
914 2626 1089 2682 locum
1139 2626 1368 2684 Joannni
1406 2625 1463 2682 V.
1500 2625 1558 2684 P.
1596 2633 1889 2686 statuerant
1934 2623 2147 2686 deferre

554 2724 781 2785 nudum,
823 2737 982 2790 quem
1030 2731 1213 2777 tenere
1245 2722 1525 2790 potuisset,
1560 2722 1603 2780 si
1642 2736 1707 2778 eo
1746 2731 2010 2792 tempore,
2038 2737 2145 2793 quo

557 2814 694 2869 aulai
738 2815 1007 2884 obsequiis
1035 2814 1324 2884 deputatus
1353 2823 1457 2876 est.
1487 2815 1875 2876 arcliiatrorum
1922 2830 2146 2878 numero

553 2907 746 2964 fuisset
792 2908 1092 2977 adjunctus.
1149 2907 1217 2962 Et
1256 2921 1376 2964 cum
1426 2908 1494 2962 ab
1539 2923 1603 2968 eo
1661 2907 1879 2976 palatini
1927 2908 2146 2968 honoris

553 3000 730 3055 ofﬁcia
783 3011 1170 3071 poscerentur,
1243 3009 1300 3054 ut
1365 3001 1735 3060 codicillorum
1793 3003 2145 3072 praerogativa

553 3104 900 3159 monstraret,
948 3096 1068 3163 quis
1110 3096 1187 3150 illi
1234 3096 1374 3152 inter
1415 3096 1714 3154 archiatros
1757 3098 1890 3156 ordo
1931 3113 2147 3169 compe-

555 3197 738 3256 teret,
794 3187 1025 3246 asseruit
1065 3189 1359 3245 domestica
1409 3190 1734 3258 expilatione
1779 3193 1938 3252 etiam
1975 3193 2143 3249 docu-

555 3290 737 3335 menta
789 3279 887 3333 sibi
935 3280 1208 3350 dignitatis
1254 3282 1450 3336 ablata.
1509 3283 1578 3342 At
1617 3297 1745 3337 vero
1789 3298 1913 3351 pars
1955 3300 2148 3354 magna

555 3373 904 3440 medicorum,
948 3375 1150 3430 munita
1198 3376 1316 3445 lege
1345 3375 1540 3441 divali,
1567 3391 1751 3436 eorum
1785 3379 2029 3448 exempla
2057 3379 2152 3436 de-

556 3467 848 3536 prompsit,
899 3467 990 3536 qui
1038 3482 1069 3521 e
1109 3468 1312 3528 Palatio
1363 3469 1413 3526 iu
1465 3467 1606 3526 hunc
1657 3468 1880 3539 gradum
1939 3482 2150 3527 servato

555 3556 747 3612 ordine
777 3558 1126 3614 transierunt.
1160 3558 1336 3626 Quare
1369 3567 1543 3620 motus
1573 3560 1857 3631 ambiguis.
1891 3571 1948 3618 et
1973 3577 2146 3638 neque

555 3646 663 3702 divi
718 3649 977 3717 genitoris
1037 3649 1200 3710 vestri
1253 3665 1416 3706 ausus
1475 3667 1726 3722 rumpere
1783 3654 2148 3722 sanctionem.

557 3755 735 3810 neque
774 3741 988 3798 obviam
1033 3743 1366 3812 specialibus
1401 3745 1587 3806 venire
1629 3748 1934 3817 praeceptis;
1967 3747 2150 3810 divino

558 3834 781 3892 arbitrio
823 3835 1058 3894 numinis
1084 3839 1268 3905 vestri,
1301 3839 1527 3897 subditis
1577 3840 1986 3910 allegationibus
2028 3858 2152 3912 par-

559 3929 712 3996 tium,
761 3945 1024 3988 summam
1062 3933 1259 4002 negotii
1311 3935 1578 3994 reservavi
1625 3951 1638 3988 :
1685 3936 1972 4004 opperiens
2020 3935 2149 4005 quid

557 4023 872 4082 deliberatio
921 4029 1158 4094 Augusta
1205 4028 1516 4093 constituat,
1564 4026 1648 4082 cui
1693 4027 1790 4082 soli
1842 4027 1919 4089 las
1968 4027 2148 4090 estde

556 4116 706 4174 scitis
734 4116 997 4172 divalibus
1024 4116 1290 4187 judicare.

1106 4208 1323 4268 EPIST.
1367 4209 1598 4266 XLVIII.

628 4317 679 4356 Ῑο.
709 4315 1004 4358 τηεουοειο
1033 4317 1238 4357 SEIPEB
1267 4317 1390 4357 AUG.
1419 4315 1730 4360 εγιιιΑοιωε
1757 4317 1927 4358 PREF.
1952 4317 2074 4358 URB.

625 4393 762 4461 Quid
806 4396 1009 4464 possint
1052 4394 1181 4465 justi
1227 4395 1498 4466 principes
1552 4397 1771 4468 culpare
1834 4399 2146 4468 praesentio.

557 4486 616 4542 In
642 4489 820 4542 causis
858 4489 1079 4556 etenim,
1110 4489 1302 4558 quibus
1333 4490 1589 4550 momenti
1622 4467 1932 4556 reformatio
1965 4467 2149 4562 postu-

557 4580 721 4647 latur,
753 4581 1140 4651 appellationes
1174 4581 1336 4653 recipi
1362 4599 1467 4638 non
1500 4591 1729 4652 Oportet.
1766 4585 1868 4640 Sed
1901 4587 2148 4648 consulto

558 4692 700 4734 nunc
731 4677 995 4748 obiectum
1028 4677 1418 4748 provocationis
1460 4677 1674 4744 admisi,
1717 4687 1772 4734 ut
1816 4681 1868 4736 in
1913 4695 2145 4744 examen
2171 4636 2230 4710 Β

557 4769 858 4825 clementiae
888 4780 1101 4836 vestrae,
1131 4779 1186 4826 et
1216 4770 1507 4832 invasionis
1537 4771 1844 4844 indignitas.
1876 4783 1929 4832 et
1955 4775 2146 4839 modus

553 4862 738 4936 iudicii
767 4865 1092 4934 perveniret,
1124 4864 1188 4918 D.
1216 4864 1527 4933 imperator.
1566 4864 1696 4921 Nam
1729 4866 1955 4930 Scirtius
1985 4867 2046 4924 V.
2084 4868 2141 4922 P.

555 4966 796 5026 ereptam
839 4956 936 5012 sibi
976 4967 1183 5030 partem
1216 4958 1532 5013 Caesarianae
1574 4974 1764 5015 massae
1799 4960 1987 5016 crebra
2027 4960 2145 5022 adi-

560 5049 705 5104 tione
734 5057 1058 5120 conquestus
1083 5092 1096 5116 ,
1131 5065 1253 5104 cum
1297 5050 1703 5120 integrationem
1748 5061 1952 5118 status,
1986 5067 2143 5122 quem

559 5143 832 5216 amiserat,
870 5143 1233 5211 impetrasset,
1277 5143 1518 5204 liairedes
1548 5143 1766 5210 Thesei,
1797 5147 1885 5215 qui
1918 5145 2149 5200 relucta-

559 5244 745 5298 rentur
791 5233 984 5302 objecti
1033 5244 1178 5290 sunt.
1229 5235 1361 5289 Tum
1407 5251 1533 5290 vero
1572 5235 1913 5306 Artemisius,
1959 5237 2145 5294 Olibrii

556 5328 840 5384 clarissimi
873 5324 1030 5399 atque
1055 5330 1276 5386 illustris
1301 5329 1396 5386 viri
1427 5341 1594 5400 actor,
1621 5333 1919 5389 exsecutori
1948 5340 2008 5385 ut
2032 5333 2148 5400 ipse

562 5421 834 5492 professus
879 5433 981 5488 est,
1029 5425 1284 5480 obviavit.
1332 5425 1400 5490 Et
1440 5441 1560 5480 cum
1609 5426 1672 5484 ad
1718 5426 2145 5496 pernoscendum

560 5513 915 5584 possessionis
935 5526 1129 5574 statum
1157 5517 1256 5572 loci
1281 5517 1604 5574 habitatores
1627 5520 1817 5580 adesse
1833 5520 2113 5588 iussissem
2130 5562 2145 5587 ,

561 5605 616 5661 in
665 5607 912 5680 iniuriam
959 5609 1169 5680 legum,
1202 5610 1418 5672 Rufﬁno
1458 5611 1672 5670 ofﬁciali
1714 5614 1864 5682 Iussa
1913 5615 2144 5682 curanti,

559 5701 651 5772 qui
671 5700 1070 5757 deducebantur
1090 5704 1295 5774 abrepti
1325 5714 1470 5770 sunt.
1495 5705 1656 5761 Gesta
1688 5705 1998 5764 indicabunt
2025 5705 2148 5763 facti

561 5792 789 5850 incivilis
825 5802 1096 5850 auctores.
1139 5796 1347 5852 Interea
1379 5793 1556 5853 distuli
1599 5798 1888 5854 vindictam
1914 5799 2148 5869 judicio-

563 5905 714 5954 rutu,
754 5900 807 5946 et
839 5904 1023 5950 rursus
1054 5889 1234 5948 ofﬁcio
1268 5893 1535 5958 negotium
1566 5894 1685 5952 dedi
1719 5904 1774 5950 ut
1805 5896 2144 5953 necessarios

2175 3237 2222 3310 Ε

2249 1967 2400 2022 simae
2424 1967 2641 2036 domus,
2671 1975 2726 2022 et
2763 1980 3140 2022 successorum
3164 1965 3359 2022 Thesei
3401 1965 3602 2039 quadam
3629 1964 3748 2034 specie

2249 2060 2597 2116 dissiderent.
2648 2059 2760 2115 ltur
2808 2061 2858 2115 in
2898 2061 3251 2132 qumstionem
3293 2059 3635 2131 possessionis,
3671 2071 3748 2127 qua)

2251 2156 2483 2227 partium
2530 2156 2695 2213 variis
2735 2156 2932 2225 agitata
2973 2155 3340 2225 conﬂictibus,
3371 2154 3436 2216 ad
3465 2153 3748 2222 interrogatio-

2249 2263 2374 2307 nem
2414 2248 2630 2307 testium
2665 2247 2784 2318 jure
2813 2247 3077 2303 transivit.
3113 2247 3405 2303 Admoneri
3435 2247 3690 2318 singulatim
3715 2253 3750 2299 ut

2251 2358 2370 2404 mos
2398 2352 2503 2410 est,
2544 2343 2709 2416 jubeo
2748 2343 2981 2398 curiales
3021 2341 3298 2404 nominum
3333 2352 3386 2399 et
3421 2341 3668 2414 dignitatis.
3701 2339 3750 2394 Ab

2251 2453 2578 2511 lutoquoque
2607 2452 2772 2510 posco
2804 2451 3082 2508 responsa,
3112 2445 3222 2494 tum
3256 2439 3486 2494 locorum
3510 2434 3653 2507 justos
3674 2447 3752 2504 pos-

2251 2547 2496 2596 sessores
2555 2531 2771 2602 requiro
2813 2548 2826 2585 :
2868 2530 3064 2588 dehinc
3108 2541 3431 2602 percunctor
3471 2530 3575 2602 quis
3613 2539 3751 2581 annuas

2251 2625 2579 2693 functiones,
2611 2634 2703 2682 aut
2745 2624 2941 2682 indicta
2995 2624 3334 2698 persolverit.
3377 2623 3504 2681 Cum
3541 2620 3752 2678 secundum

2248 2719 2502 2778 Scirtium
2547 2719 2846 2780 testimonia
2886 2727 3078 2780 cuncta
3118 2718 3490 2792 procederent,
3520 2727 3650 2790 atque
3677 2726 3752 2767 eam

2251 2811 2646 2882 possessionem
2670 2826 2789 2868 eum
2814 2810 3024 2870 Theseo
3053 2811 3292 2868 tenuisse
3318 2817 3587 2875 constaret,
3607 2801 3754 2877 quando

2250 2915 2344 2962 aut
2371 2920 2466 2977 per
2487 2920 2621 2978 quos
2644 2904 2884 2976 dejectus
2909 2914 3074 2970 esset,
3097 2906 3373 2962 examino.
3401 2900 3665 2960 Secundum
3686 2897 3754 2950 fere

2250 2998 2336 3058 vel
2386 2998 2601 3054 tertium
2649 3011 2889 3056 mensem
2941 3011 3162 3054 manare
3209 2996 3562 3058 consentiunt,
3596 3001 3643 3047 ut
3676 3002 3755 3043 eum

2250 3090 2566 3151 clarissimae
2595 3097 2754 3160 atque
2781 3089 3005 3146 illustris
3028 3089 3221 3148 domus
3246 3089 3488 3145 homines
3513 3082 3753 3157 expulerint.

2253 3184 2462 3248 Auditis
2521 3185 2838 3254 optimatum
2899 3183 3242 3258 testimoniis,
3303 3186 3477 3242 denuo
3527 3181 3757 3238 defensores

2254 3278 2480 3338 admitto
2523 3277 2823 3350 jurgantes.
2879 3275 3114 3346 Quaesita
3171 3285 3227 3332 et
3292 3291 3539 3348 reSponsa
3591 3270 3758 3344 partibus

2256 3373 2591 3436 intimantur.
2643 3372 2718 3427 lbi
2749 3370 3008 3442 Tarpeius
3053 3370 3116 3426 V.
3151 3371 3213 3425 C.
3258 3380 3564 3444 procurator
3605 3361 3759 3421 illustris

2254 3465 2356 3532 viri
2385 3465 2573 3522 Olibrii
2605 3463 2855 3532 asseruit,
2883 3465 2932 3520 ei
2958 3478 3054 3524 sex
3082 3444 3270 3520 uncias
3298 3463 3604 3536 praediorum
3627 3451 3761 3513 Thesei

2256 3565 2431 3620 morte
2459 3557 2733 3634 quaesitas.
2767 3556 2965 3612 Contra
2998 3556 3224 3612 Scirtius
3261 3556 3331 3612 de
3371 3572 3462 3612 sex
3491 3552 3658 3615 unciis,
3678 3560 3763 3620 quas

2253 3651 2493 3710 minores
2523 3651 2680 3712 etiam
2722 3666 2781 3708 se
2819 3651 3193 3714 consentiente
3223 3650 3542 3720 retinebant,
3577 3663 3661 3708 non
3694 3645 3764 3700 ibat

2255 3744 2463 3806 inﬁcias
2485 3785 2499 3810 ,
2533 3759 2632 3822 nec
2654 3759 2746 3799 Sua
2773 3745 3037 3804 interesse
3059 3742 3273 3804 dicebat
3294 3753 3500 3802 actores
3527 3738 3764 3798 claris~itna

2253 3837 2445 3900 donius
2493 3853 2560 3898 an
2608 3837 2848 3902 haeretica
2879 3837 3072 3894 Thesei
3113 3839 3304 3902 eadem
3339 3846 3489 3910 parte
3515 3835 3764 3890 fruerentur.

2253 3933 2406 3994 Tunc
2427 3933 2729 3993 actionibus
2753 3933 3036 4004 cepulatis,
3057 3933 3310 3994 Scirtium
3334 3945 3519 4005 urgere
3537 3929 3766 3998 cmperunl.

2253 4026 2398 4096 quod
2427 4026 2722 4084 secundum
2749 4025 3058 4084 mandatum
3090 4024 3152 4084 C.
3179 4025 3240 4084 F.
3269 4027 3512 4082 Faciana:
3535 4037 3614 4080 sex
3639 4014 3767 4070 uncias

2253 4119 2466 4184 Theseo
2500 4135 2590 4187 De!
2635 4119 2916 4194 epistolam
2945 4119 3295 4186 reddidisset,
3329 4136 3421 4180 sex
3451 4131 3568 4172 vero
3602 4111 3703 4166 alias
3733 4104 3767 4156 in

2253 4229 2348 4272 eos
2390 4214 2588 4276 liberos
2631 4213 2949 4276 contulisset
2984 4221 3282 4283 spontanea
3327 4214 3578 4290 largitate.
3605 4203 3670 4260 Ad
3694 4199 3769 4290 hac

2256 4307 2484 4364 Scirtius
2513 4308 2651 4366 idem
2680 4306 2874 4366 litteris
2900 4305 3270 4372 familiaribus,
3301 4289 3441 4376 quod
3467 4289 3768 4357 donationibus
3803 4303 3806 4308 -

2256 4400 2308 4468 Ῑη
2339 4400 2629 4467 Theseum.
2661 4399 2747 4460 vel
2792 4399 3043 4470 parvulos
3084 4398 3412 4459 transfusum
3451 4409 3565 4451 esse
3599 4381 3769 4444 dicebat.

2256 4493 2423 4563 ipsius
2451 4494 2642 4563 petitu,
2674 4501 2732 4550 ut
2753 4500 2994 4548 actorum
3034 4491 3164 4552 ﬁdes
3193 4490 3511 4546 beneﬁcium
3538 4479 3768 4541 roboraret.

2259 4584 2325 4642 Et
2367 4600 2575 4650 revera,
2622 4599 2741 4640 cum
2789 4585 3084 4654 posteriora
3140 4594 3289 4654 gesta
3337 4598 3434 4652 pro
3475 4577 3676 4638 indiviso
3710 4579 3770 4622 εει

2257 4676 2444 4738 uncias
2477 4691 2664 4730 massm
2702 4677 2753 4734 in
2785 4690 2879 4732 eos
2911 4675 3133 4732 collatas
3159 4689 3282 4732 esse
3315 4657 3595 4736 testentur,
3624 4660 3772 4722 intelle-

2258 4771 2436 4832 ximus
2488 4779 2690 4840 partem
2736 4770 3013 4830 donatoris
3057 4778 3358 4839 exceptam.
3411 4767 3515 4823 Cur
3555 4762 3672 4818 enim
3709 4766 3773 4824 ντο

2256 4865 2482 4930 indiviso
2535 4865 2719 4927 daret,
2771 4863 2816 4916 si
2873 4862 3004 4918 nihil
3054 4861 3316 4918 resideret
3366 4857 3502 4932 quod
3551 4840 3772 4911 retineret?

2255 4957 2361 5016 Sed
2404 4957 2504 5012 hoc
2531 4971 2650 5018 cum
2683 4955 2748 5011 ad
2784 4957 3122 5030 proiirietatis
3166 4970 3384 5010 causam
3417 4954 3632 5008 dicerem
3660 4936 3774 5013 peﬂi'

2255 5067 2419 5117 nere,
2464 5053 2682 5107 recitata
2729 5060 2810 5112 est
2852 5067 2882 5116 a
2935 5051 3310 5110 defensoribus
3350 5043 3659 5104 constitutio,
3693 5044 3775 5104 qua!

2248 5147 2520 5218 judicibus
2547 5146 2735 5206 tribuit
2764 5146 2995 5220 copiam,
3030 5160 3133 5210 non
3177 5144 3399 5224 imponit
3443 5136 3776 5198 necessitatem.

2252 5248 2313 5295 ut
2338 5239 2546 5310 quoties
2571 5238 2638 5294 de
2661 5238 3001 5309 possessione
3031 5232 3390 5298 successionis
3412 5235 3659 5316 judicent,
3683 5234 3777 5276 εοη·

2253 5329 2432 5400 ιίηυό,
2485 5333 2529 5388 si
2579 5347 2734 5389 casus
2787 5332 3003 5397 tulerit,
3054 5333 3214 5388 etiam
3267 5330 3332 5386 de
3374 5329 3502 5410 jure
3558 5319 3776 5410 censeant.

2252 5427 2366 5495 Qua
2395 5426 2603 5482 actione
2631 5423 2860 5488 confessi
2891 5431 3018 5480 sttnt
3056 5423 3118 5478 ad
3147 5411 3309 5478 aliam
3339 5404 3552 5476 causam
3583 5431 3635 5470 se
3659 5404 3776 5465 malle

2255 5518 2507 5582 transire.
2559 5517 2824 5578 Praeterea
2874 5531 2980 5580 non
3027 5516 3174 5570 solus
3217 5512 3446 5571 Scirtius
3494 5497 3780 5584 proprietatis
3849 5497 3851 5540 i

2253 5612 2548 5685 quaestione
2595 5610 2874 5678 videbatur
2921 5609 3190 5679 urgendus
3223 5651 3238 5676 ,
3299 5623 3418 5664 cum
3475 5605 3568 5675 ipsi
3615 5603 3780 5669 quoque

2254 5705 2392 5762 inter
2430 5719 2488 5760 se
2535 5718 2694 5778 super
2732 5703 2832 5759 hac
2876 5712 3028 5780 parte
3070 5699 3463 5771 quodammodo
3493 5691 3780 5782 dissidercnlf

2254 5800 2428 5867 Quare
2471 5798 2538 5854 de
2570 5798 2909 5870 possessione
2954 5795 3245 5852 secundum
3295 5794 3602 5850 documenta
3645 5779 3780 5838 Scirtii

2253 5906 2306 5952 et
2331 5895 2702 5970 principalium
2732 5893 3036 5952 testimonia
3068 5891 3333 5964 judicavi,
3364 5880 3669 5948 adversariis
3696 5871 3782 5928 eius
3850 5869 3851 5891 ‘
