3898 6446
191 357 295 417 581

1424 360 1905 428 EPISTOLARUM
1946 363 2150 422 LIBER
2188 368 2256 430 Χ.

3358 390 3462 448 382

184 490 284 533 sex
328 475 606 530 unciarum
651 475 949 532 retentione
975 482 1028 530 et
1065 474 1185 544 jure
1217 472 1462 528 ﬁrmatis.
1496 473 1770 543 Principa-
1799 485 1853 542 Α
1887 475 2112 536 rissimis
2163 481 2376 540 feminis
2423 486 2655 546 oblativa
2699 505 2923 548 munera
2971 497 3142 554 soluta
3185 510 3456 561 constare.

182 568 294 622 lem
319 582 451 623 vero
494 582 729 634 causam,
760 567 922 621 salvis
960 566 1369 637 allegationibus
1416 568 1644 639 partium
1685 567 1768 626 fu-

184 671 310 717 turo
351 663 582 718 examini
613 663 903 719 reservavi.
955 663 1019 718 Et
1042 679 1168 718 mox
1193 666 1473 720 sententia:
1496 667 1771 736 exemplar

180 756 362 824 emisi,
413 771 532 811 cum
581 755 698 827 ejus
747 756 1037 812 editionem
1093 769 1411 826 procurator
1464 759 1772 827 Spectabilis

183 847 286 900 viri
326 847 582 902 continuo
612 848 956 919 postulasset.
979 849 1126 905 Tunc
1146 849 1371 906 Scirtius
1418 849 1611 906 obtulit
1649 866 1772 907 san-

180 939 412 1003 ctiones,
460 938 653 1010 quibus
699 935 935 1008 doceret,
985 943 1035 996 in
1084 941 1463 997 reformatione
1514 945 1768 1000 momenti

177 1031 386 1084 nullum
417 1046 536 1087 esse
562 1031 1010 1103 appellationibus
1039 1033 1235 1087 locum.
1271 1033 1550 1089 Postridie
1577 1051 1771 1105 procu-

177 1135 329 1180 rator
357 1126 686 1182 clarissimus
714 1137 767 1182 et
798 1129 1049 1194 illustris,
1087 1142 1150 1183 ac
1187 1127 1440 1183 defensor
1479 1129 1768 1198 minorum,

172 1219 267 1289 qui
323 1219 610 1291 putabatur
662 1221 712 1274 in
759 1219 960 1290 judicio
1015 1221 1361 1290 discrepare,
1426 1222 1767 1279 concordiam

171 1327 331 1368 suam
374 1309 579 1382 junctis
627 1312 1098 1383 provocationibus
1146 1313 1468 1372 indicarunt.
1523 1314 1648 1371 Haec
1688 1327 1772 1375 est

172 1410 355 1465 omnis
398 1424 609 1465 summa
646 1409 971 1464 luctaminis.
1021 1409 1173 1464 Nunc
1213 1407 1492 1463 oraculum
1535 1412 1770 1472 numinis

171 1506 343 1564 veStri
373 1506 584 1561 fortuna
617 1505 724 1560 litis
754 1513 1048 1574 exspectat.
1098 1505 1259 1562 Gesta
1299 1515 1354 1560 et
1396 1505 1768 1575 supplementa

169 1599 346 1671 partis
375 1601 654 1670 utriusque
683 1598 884 1670 subjeci
910 1617 922 1653 :
955 1597 1146 1670 quibus
1179 1600 1435 1656 instructa
1464 1603 1769 1672 perennitas

167 1703 390 1760 vestra,
457 1693 704 1761 exemplo
757 1695 913 1748 unius
970 1709 1145 1750 causa:
1200 1695 1471 1752 securitati
1529 1698 1766 1756 omnium

162 1788 480 1861 dignabitur
507 1791 868 1845 commodare.

739 1886 952 1944 EPIST.
1009 1887 1190 1946 XLIX.

161 1995 216 2036 ι›.
250 1994 553 2036 THE-2000810
578 1995 780 2035 SEIPER
799 1997 921 2038 AUC.
949 1996 1260 2039 SYMMACBUS
1286 1999 1337 2036 Υ.
1374 1997 1425 2040 (ἐ.
1451 1999 1622 2042 PBN-3F.
1643 2001 1763 2042 UBB.

236 2073 558 2131 Vcndendis
587 2074 794 2139 solidis,
824 2090 958 2145 quos
987 2077 1302 2149 plerumque
1341 2078 1585 2147 publicus
1637 2094 1763 2138 usus

158 2167 433 2238 exposcit,
466 2167 896 2223 collectariorum
921 2183 1113 2238 corpus
1135 2169 1424 2227 obnovium
1449 2179 1553 2239 est,
1576 2172 1767 2242 quibus

158 2276 287 2316 arca
323 2261 531 2315 vinaria
555 2270 752 2314 statum
782 2260 1009 2329 pretium
1052 2262 1440 2319 subministrat.
1491 2263 1624 2320 Huic
1663 2265 1766 2320 bo-

157 2354 374 2410 minum
401 2351 585 2424 generi
617 2353 900 2408 taxationis
923 2355 1128 2425 exiguae
1169 2355 1398 2414 utilitate
1427 2358 1657 2422 nutanti,
1684 2357 1765 2412 di-

156 2461 261 2502 vus
291 2445 466 2502 frater
492 2446 727 2501 numinis
756 2446 920 2502 vestri
965 2455 1172 2502 tantum
1205 2463 1301 2518 pro
1329 2449 1551 2520 singulis
1578 2449 1766 2508 solidis

157 2544 360 2600 statuit
382 2543 789 2611 conferendum,
819 2554 1079 2615 quantum
1111 2544 1337 2614 aequitas
1380 2544 1521 2600 illius
1553 2554 1763 2616 tempo-

155 2638 235 2693 ris
264 2637 594 2709 postulabat,
620 2637 682 2692 D.
714 2638 1025 2709 imperator.
1057 2637 1161 2694 Sed
1193 2638 1443 2708 paulatim
1467 2640 1581 2696 auri
1605 2654 1765 2696 enor-

157 2730 358 2784 mitate
378 2738 676 2796 crescente,
703 2729 784 2784 vis
814 2728 1030 2784 remedii
1065 2729 1256 2786 dtvalis
1291 2730 1514 2785 infracta
1547 2739 1648 2785 est.
1695 2729 1764 2786 Et

154 2841 282 2882 cum
308 2825 368 2880 in
393 2825 508 2880 foro
543 2824 812 2880 venalium
848 2841 1030 2882 rerum
1074 2826 1275 2896 majore
1311 2841 1522 2882 summa
1560 2827 1762 2886 solidus

155 2925 458 2974 censeatur
486 2961 502 2988 ,
549 2918 918 2973 nummulariis
963 2918 1129 2988 pretia
1180 2919 1388 2976 minora
1433 2920 1757 2991 penduntur.

156 3010 370 3066 Petunt
397 3011 558 3081 igitur
578 3009 646 3065 de
676 3011 975 3067 aeternitate
1001 3020 1198 3077 vestra,
1241 3027 1341 3083 pro
1382 3014 1591 3070 ratione
1625 3027 1763 3086 prte-

154 3107 328 3172 senti,
350 3106 660 3175 justissima:
688 3104 1015 3161 deﬁnitionis
1043 3116 1346 3176 augmenta,
1368 3108 1458 3178 qui
1479 3109 1591 3180 jant
1616 3119 1761 3168 tanto

155 3199 316 3256 oneri
351 3197 663 3254 sustinendo
707 3213 861 3269 pares
906 3213 1026 3256 esse
1065 3215 1170 3256 non
1225 3211 1465 3271 possunt.
1522 3204 1645 3258 Haec
1675 3212 1758 3260 est

1879 573 1990 629 Hoc
2023 591 2111 632 tne
2151 577 2351 634 dudum
2401 594 2704 652 promptum
2753 595 2911 656 atque
2933 589 3194 648 declivem
3218 594 3285 649 ad
3306 594 3457 652 effla-
3513 632 3518 636 ι

1878 667 2094 739 gitanda
2125 670 2421 730 illationum
2449 673 2767 734 documenta
2797 679 3000 749 defixit,
3041 698 3166 740 cum
3192 685 3463 748 videretur

1879 762 2127 818 omnibus
2166 766 2548 824 securitatibus
2573 785 2694 826 esse
2719 772 3088 832 vehementior
3129 777 3467 849 imperatoris

1877 857 2126 911 assertio.
2169 856 2242 912 De
2269 858 2421 931 cujus
2469 865 2744 933 responsis
2797 867 2902 937 jugi
2941 869 3143 926 honore
3173 878 3460 944 tnensuris,

1876 955 2074 1004 vestrae
2104 948 2402 1007 clementia:
2432 952 2512 1008 fas
2537 969 2614 1011 est
2647 971 2766 1014 esse
2782 959 3062 1028 judicium.
3090 963 3196 1020 Nos
3218 971 3463 1024 venerari

1878 1039 2073 1106 potius,
2106 1056 2264 1111 quam
2305 1043 2650 1114 interpretari
2700 1051 2914 1108 oracula
2957 1052 3132 1108 divina
3175 1060 3462 1114 consuevi-

1877 1146 2015 1186 mus.
2068 1131 2267 1190 Praesto
2315 1147 2438 1192 sunt
2482 1151 2826 1198 monumenta
2875 1154 3182 1213 gestorum,
3233 1151 3459 1217 partium

1876 1238 2086 1296 quoque
2123 1226 2493 1296 supplementa
2539 1247 2645 1287 non
2696 1233 2964 1296 desinunt.
3010 1238 3245 1309 Equum
3282 1252 3363 1296 est
3408 1253 3461 1298 ut

1875 1317 2168 1390 majestatis
2209 1331 2402 1379 vestrae
2440 1324 2756 1386 informetur
2801 1330 3024 1390 arbitrio
3061 1334 3292 1393 humana
3328 1352 3460 1394 cun-

1875 1417 2056 1470 ctatio.

2493 1490 2708 1550 EPIST.
2743 1495 2826 1553 LI.

1946 1597 1996 1634 ι).
2033 1597 2324 1640 THEODOSIO
2351 1600 2554 1643 SEMPER
2577 1606 2697 1649 AUG.
2728 1605 3034 1652 SYMIMCBUS
3064 1613 3237 1654 ΡΒΒΡ.
3266 1614 3381 1654 URB.

1945 1695 2180 1752 Moribus
2221 1701 2378 1758 saevis
2427 1703 2688 1762 familiare
2735 1717 2894 1778 atque
2920 1719 3208 1782 cognatum
3245 1722 3329 1767 est
3367 1728 3451 1768 etv

1872 1803 2020 1844 mare
2070 1791 2289 1860 Spiritus
2340 1795 2668 1866 impunitatis
2711 1803 2980 1872 exemplo,
3034 1805 3096 1859 D.
3139 1805 3452 1876 imperator.

1791 1875 1840 1938 Β
1868 1880 1974 1935 Cur
2001 1883 2142 1938 enim
2174 1888 2465 1944 secundum
2499 1890 2751 1962 desperet
2787 1895 3058 1967 eﬁugiutu,
3104 1900 3192 1969 qui
3237 1902 3453 1971 laqueos

1872 1975 2111 2032 criminis
2167 1979 2362 2046 prioris
2413 1983 2623 2038 evasit?
2676 1986 2930 2044 Praesenti
2989 2005 3164 2046 causae
3211 1996 3456 2062 congruit

1870 2071 2143 2138 praemissa
2195 2077 2481 2144 sententia,
2529 2079 2791 2149 siquidem
2842 2083 3156 2146 Valerianus
3177 2085 3244 2142 γ.
3276 2084 3338 2142 C.
3369 2087 3452 2142 cui

1871 2161 1950 2215 lar
1980 2161 2031 2215 in
2057 2162 2220 2233 Epiro
2246 2181 2364 2223 esse
2394 2173 2710 2240 suggeritur,
2741 2190 2912 2245 neque
2956 2177 3333 2247 rescriptorum
3359 2194 3454 2234 ve-

1869 2256 2178 2323 neratione,
2220 2268 2394 2329 ttet'jue
2440 2264 2618 2335 legum
2659 2269 2965 2335 severitate,
3005 2271 3090 2328 vel
3147 2271 3452 2341 pactionum

1824 2434 1827 2435 ν
1873 2347 1998 2416 ﬁde,
2030 2361 2122 2406 aut
2142 2352 2460 2421 judiciorum
2492 2364 2790 2418 reverentia
2822 2355 3188 2432 permovetur.
3221 2363 3322 2436 Qui
3347 2363 3453 2434 pri-

1874 2453 1961 2492 mo
1988 2439 2040 2497 in
2068 2457 2288 2500 examen
2319 2451 2581 2518 praetoria:
2611 2453 2753 2509 sedis
2778 2454 2961 2524 jussus
2987 2456 3182 2524 acciri,
3215 2455 3280 2512 ad
3323 2471 3449 2526 sup-

1873 2531 2212 2602 plicationem
2257 2537 2319 2596 V.
2347 2537 2410 2595 C.
2455 2541 2689 2602 Junioris
2737 2545 2840 2604 vim
2884 2547 3130 2618 rescripti
3175 2547 3444 2617 prtecelsm

1871 2633 2149 2700 potestatis
2193 2631 2373 2689 elusit.
2438 2634 2639 2694 Dehinc
2684 2641 3154 2709 proconsularibus
3199 2650 3452 2700 evocatus

1868 2722 2082 2796 edictis,
2109 2725 2254 2800 leges
2283 2731 2397 2799 pari
2420 2742 2538 2788 arte
2574 2733 2859 2790 frustratus
2897 2743 2998 2792 est.
3048 2733 3181 2792 Nam
3225 2748 3346 2790 cum
3397 2743 3450 2788 et

1867 2814 2078 2872 actione
2104 2818 2268 2886 civili,
2313 2832 2368 2878 et
2409 2825 2670 2880 criminali
2713 2828 3052 2886 accusatione
3096 2836 3447 2895 premeretur,

1868 2909 2078 2965 statutis
2132 2912 2418 2973 inciviliter
2445 2917 2784 2986 repugnavit,
2837 2927 2890 2970 nt
2937 2917 3268 2987 apparitores
3311 2932 3447 2986 prte-

1868 3004 2088 3060 fecturae
2116 3007 2353 3075 urbana,
2382 3009 2846 3080 partim'nutariis,
2890 3011 3080 3078 partim
3104 3011 3445 3079 suggestione

1866 3101 2144 3171 signarunt
2175 3121 2188 3157 :
2221 3119 2447 3173 quorum
2477 3120 2613 3162 unus
2630 3105 2806 3176 agenti
2835 3104 2886 3160 in
2914 3106 3096 3173 rebus,
3124 3121 3188 3164 eo
3213 3115 3444 3170 mortuo,

1867 3193 1930 3247 ad
1963 3209 2121 3264 quem
2162 3199 2298 3252 sacri
2336 3197 2587 3267 praecepti
2636 3195 2912 3254 exsecutio
2955 3199 3272 3262 pertinebat,
3317 3197 3445 3252 ξιπο-

156 3307 328 3348 causa
383 3265 767 3362 qttaerimoniaa,
822 3307 979 3361 quam
1029 3265 1237 3350 divinis-
1267 3295 1515 3352 sensibus
1561 3299 1755 3356 vestris
1781 3265 1832 3331 α
1862 3293 2006 3342 ctum
2033 3301 2093 3342 se
2117 3301 2145 3339 a
2169 3287 2447 3346 Valeriano
2472 3289 2722 3360 gravibus
2746 3289 2955 3360 injuriis
2977 3290 3246 3348 indicavit.
3277 3292 3447 3346 Motus

159 3385 300 3441 ﬁdes
325 3392 601 3457 gestorum
634 3383 842 3460 plenius
882 3383 1170 3440 intimabit.
1207 3386 1260 3440 Si
1285 3387 1563 3458 petitionis
1591 3403 1758 3460 genus

159 3478 453 3551 probabile
502 3475 790 3548 judicatis,
847 3492 1031 3549 quaeso
1092 3489 1146 3534 ut
1201 3479 1325 3536 huic
1369 3495 1582 3550 quoque
1624 3483 1757 3550 parti

162 3569 460 3642 praeceptio
491 3563 916 3626 mansuetudinis
963 3580 1156 3630 vestra:
1197 3572 1412 3629 salubre
1460 3574 1756 3631 remedium

162 3660 456 3717 deferatur.

811 3731 1025 3789 EPIST.
1065 3734 1125 3792 L.

233 3845 285 3882 Β.
323 3841 618 3904 τηερηοςιο
647 3841 849 3882 εεκιιειι
876 3843 993 3884 AUC.
1027 3811 1339 3886 εγωῖλοῐιυε
1371 3847 1537 3887 PREF.
1563 3849 1685 3888 UBB.

229 3937 462 3998 Palatini
506 3941 934 3996 munerationum
980 3957 1277 4010 sacrarum,
1319 3946 1536 4002 Amicus
1567 3957 1621 4004 et
1654 3948 1756 4003 Ca-

152 4049 293 4101 stor,
313 4045 554 4108 quaestus
577 4031 819 4106 publicos
841 4047 1113 4104 eruentes,
1134 4040 1272 4096 inter
1290 4050 1482 4096 caetera
1516 4043 1756 4110 nomina,

153 4147 276 4206 qua:
295 4129 506 4204 judicio
536 4141 950 4203 persequuntur,
985 4131 1224 4190 haeredes
1257 4132 1588 4192 Postttmiani
1611 4135 1755 4192 v.0.

153 4224 211 4278 in
236 4237 472 4276 examen
496 4235 670 4276 meum
707 4223 1153 4279 conventionibus
1193 4236 1505 4290 evocarunt,
1555 4229 1614 4281 D.
1658 4227 1760 4284 im-

154 4325 405 4388 perator.
440 4314 677 4370 Luciano
707 4325 982 4384 monente,
1010 4320 1099 4389 qui
1124 4334 1318 4376 census
1341 4322 1608 4378 senatoris
1630 4330 1757 4380 ante

153 4408 434 4476 tractavit,
467 4408 609 4478 quod
639 4408 885 4464 oblativis
914 4411 1277 4467 functionihtts
1303 4427 1365 4468 ea
1403 4413 1620 4468 demutn
1663 4413 1758 4468 do-

152 4518 278 4557 mus
307 4508 460 4556 esset
487 4497 716 4554 obnoxia
750 4518 763 4554 :
789 4515 910 4569 pars
940 4500 1106 4557 debiti
1133 4501 1450 4572 Lollianam,
1485 4518 1607 4574 pars
1628 4500 1754 4560 Cat-

153 4596 426 4650 tianillam
458 4593 659 4665 pariter
685 4609 748 4650 ac
777 4595 1099 4650 Severellam
1129 4597 1513 4680 suggerebatur
1540 4613 1749 4670 urgere.

1864 3378 2024 3449 igitur
2054 3379 2368 3450 indignitate
2392 3380 2572 3438 talium
2622 3383 2962 3452 querelarum
2992 3422 3007 3447 ,
3038 3397 3158 3440 cum
3210 3383 3444 3438 viderem

1865 3486 2048 3529 rursus
2079 3473 2225 3528 illudi
2259 3489 2417 3545 posse
2438 3473 2674 3544 jndiciis,
2707 3477 2752 3534 si
2786 3477 2913 3546 quid
2940 3479 3182 3538 severius
3208 3479 3444 3535 censuis.

1862 3579 1997 3632 sem,
2025 3565 2166 3621 factu
2193 3567 2452 3642 optimum
2479 3567 2703 3633 credidi,
2723 3579 2780 3624 ut
2803 3570 3086 3628 :eternitati
3113 3579 3300 3629 vestra:
3322 3587 3444 3628 cau-

1863 3672 1935 3718 sae
1962 3658 2121 3716 istius
2142 3659 2470 3732 pontificium
2503 3675 2855 3720 reservarem.
2883 3662 2994 3720 Soli
3023 3665 3164 3722 enim
3184 3663 3305 3732 jure
3327 3679 3446 3718 cor-

1862 3751 2034 3824 rigitis
2089 3753 2319 3810 admissa
2379 3755 2668 3828 potissima:
2713 3756 3006 3827 dignitatis.
3077 3754 3235 3816 Fides
3281 3757 3444 3827 gestis

1863 3860 2046 3902 rerum
2077 3847 2466 3904 cohaerentibus
2491 3847 2792 3918 explicatur
2827 3866 2838 3901 :
2871 3847 3218 3911 nihilominus
3260 3850 3324 3905 ad
3357 3864 3439 3904 se-

1862 3948 2042 3994 natum
2072 3953 2348 4008 regressus
2379 3939 2672 4009 apparitor,
2704 3943 2792 4009 qui
2821 3940 3206 4004 contumaciam
3237 3949 3440 3998 senato-

1861 4031 1935 4086 ris
1957 4041 2011 4086 et
2034 4033 2256 4088 serviles
2282 4033 2512 4104 impetus
2535 4033 2819 4099 nuntiavit,
2849 4034 3276 4107 suggestionibus
3304 4036 3442 4100 suis,

1860 4140 1982 4179 cum
2035 4125 2171 4182 forte
2216 4141 2340 4183 usus
2381 4126 2581 4194 tulerit,
2611 4125 2910 4182 adfuturus.
2953 4129 3146 4193 Quaeso
3188 4137 3441 4185 :eternam

1860 4217 2197 4275 clementiam
2222 4225 2454 4276 vestram
2485 4226 2562 4284 ttt,
2586 4217 2834 4276 omnibus
2861 4217 3016 4276 solita
3041 4219 3292 4288 aequitate
3319 4233 3440 4292 per-

1859 4309 2063 4378 pensis,
2089 4311 2296 4378 evagari
2322 4308 2542 4364 ulterius
2568 4307 2936 4368 frustratorcm
2966 4317 3044 4368 tot
3070 4309 3304 4381 judicum
3335 4326 3437 4372 nnn

1859 4399 2065 4455 sinatis.

2463 4470 2676 4527 EPIST.
2719 4471 2826 4527 LII.

1931 4579 1980 4617 n.
2007 4577 2299 4618 Tmonosm
2321 4575 2524 4619 scirpea
2553 4581 2673 4622 Ave.
2714 4573 3018 4624 svuuacnbs
3048 4582 3212 4624 rear.
3245 4582 3364 4623 una.

152 4687 371 4743 Interea
402 4657 739 4756 sequestram
767 4687 1016 4743 Lollianas
1036 4687 1096 4742 C.
1123 4657 1450 4757 F.'tiomine,
1475 4657 1632 4761 quani
1655 4705 1752 4762 pro
1937 4681 2158 4737 Difﬁcile
2186 4692 2267 4740 est
2296 4691 2352 4738 ut
2387 4683 2525 4737 bona
2566 4697 2722 4740 causa
2756 4684 2824 4738 sit
2849 4725 2863 4753 ,
2909 4684 3062 4756 cujus
3102 4684 3243 4742 actio
3279 4683 3330 4738 in
3357 4684 3442 4753 jus

151 4795 254 4835 sex
299 4779 480 4834 unciis
519 4773 762 4850 astringit
801 4779 1008 4834 exactio
1042 4798 1052 4831 :
1104 4779 1294 4836 horttm
1324 4789 1441 4836 orta
1469 4781 1755 4853 refragatio

155 4883 268 4941 est,
299 4889 436 4946 quos
467 4888 565 4944 pro
586 4872 811 4944 singulis
833 4873 1093 4929 bonorum
1125 4874 1511 4944 quadrantibus
1535 4876 1754 4934 solutio-

155 4967 244 5022 nis
273 4981 406 5022 cura
450 4965 752 5021 mordebat.
801 4964 1284 5036 Comperendinato
1330 4969 1645 5041 plerumque
1670 4969 1756 5037 ju-

152 5059 307 5115 dicio
334 5074 424 5114 res
446 5057 767 5124 eo,deducta
798 5070 897 5125 est,
923 5070 980 5113 ut
1017 5058 1127 5114 fisci
1159 5060 1511 5132 patrocinium
1552 5062 1755 5116 securi-

154 5160 301 5207 tates
331 5167 360 5206 a
387 5150 701 5205 clarissimis
725 5152 969 5222 personis
993 5151 1196 5222 impleti
1223 5167 1320 5224 per
1347 5153 1491 5208 vices
1519 5154 1756 5212 muneris

153 5248 469 5317 ﬂagitaret,
502 5244 823 5301 Cattianillte
868 5261 996 5300 vero
1053 5262 1115 5300 ac
1170 5245 1460 5302 Severellte
1513 5247 1756 5304 defensio

151 5345 360 5412 scripta
392 5339 459 5396 ad
490 5341 751 5395 rationem
779 5339 943 5395 divini
994 5333 1253 5416 principis
1289 5333 1614 5397 mitteretur.
1651 5341 1756 5397 Ve—

153 5445 246 5491 tus
275 5433 420 5489 enim
449 5435 694 5504 quaestio,
735 5443 788 5487 et
833 5433 1227 5508 cognitionibus
1269 5434 1604 5509 praefecturae
1643 5435 1753 5490 fre-

153 5534 395 5598 quenter
424 5524 645 5596 agitata,
672 5522 839 5595 usque
865 5525 930 5580 ad
962 5526 1142 5598 inclyti
1173 5543 1494 5618 semperque
1533 5531 1755 5589 verendi

152 5621 425 5690 genitoris
456 5611 618 5674 vestri
651 5619 884 5674 cucurrit
914 5619 1192 5675 arbitrium
1225 5637 1239 5675 :
1266 5625 1353 5694 qui
1385 5611 1617 5682 juventii
1643 5613 1754 5684 cia-

153 5711 396 5769 ‘rissimaa
440 5719 494 5766 et
516 5706 740 5769 illustris
768 5705 1040 5768 meiii'oriae
1071 5713 1307 5784 praefecti
1349 5705 1478 5771 Urbi
1511 5707 1754 5780 insinua-

157 5806 318 5860 tione
341 5801 620 5859 ednsultus
647 5803 874 5874 quadam
900 5804 1148 5877 rescripti
1178 5799 1330 5876 parte
1361 5809 1610 5884 signavit,
1641 5812 1752 5868 suis

156 5897 468 5970 quibusque
498 5899 832 5968 temporibus
855 5913 882 5954 a
907 5899 1210 5958 Cattianilla
1241 5917 1303 5957 ac
1340 5902 1608 5960 Severella
1645 5908 1752 5966 cla-
1780 5947 1784 5950 .

1864 4776 2084 4831 alterius
2112 4775 2488 4846 desperatione
2520 4778 2855 4836 transfertur.
2889 4776 2945 4834 ld
2969 4775 3102 4834 adeo
3126 4793 3213 4838 res
3251 4777 3442 4848 proba-

1864 4871 1959 4940 vit,
1997 4871 2057 4924 υ.
2091 4871 2398 4940 imperator.
2431 4871 2564 4927 Nam
2607 4871 2918 4926 Theodorus
2943 4912 2959 4938 ,
3000 4879 3056 4930 ttt
3098 4867 3344 4934 asseruit,
3377 4883 3440 4922 ex

1863 4973 2080 5032 pectore
2121 4963 2186 5018 ab
2232 4963 2437 5018 Anania
2486 4963 2715 5033 quadam
2765 4963 2816 5017 in
2875 4977 2933 5016 re
2983 4975 3078 5016 sua
3130 4968 3441 5028 procurator

1863 5065 2092 5118 creatus,
2122 5056 2441 5130 jampridem
2483 5056 2778 5112 clarissimo
2819 5063 2978 5125 atque
3007 5050 3442 5110 emendatissimo

1864 5141 1981 5202 viro
2011 5147 2268 5215 Cuprasio
2293 5147 2512 5203 urbanis
2554 5147 2907 5202 tribunalibus
2946 5143 3290 5222 prmsidente,
3322 5141 3440 5194 Fla—

1866 5244 2076 5297 vianum
2105 5242 2385 5312 quemdam
2415 5242 2723 5298 denuntiata
2755 5241 2846 5295 lite
2877 5239 3102 5316 pulsavit
3130 5249 3144 5292 :
3168 5235 3260 5290 sed
3295 5234 3435 5289 diem

1866 5335 2162 5406 legitimum
2190 5351 2366 5390 causa:
2415 5337 2593 5406 lapsus
2635 5335 2881 5390 excessit.
2933 5331 3114 5404 Longo
3156 5329 3438 5384 intervallo

1866 5429 2024 5499 petita
2042 5444 2069 5481 a
2085 5443 2169 5484 me
2186 5429 2471 5498 reparatio,
2493 5443 2611 5482 cum
2641 5436 2816 5498 partes
2835 5423 2899 5478 ad
2926 5420 3282 5480 necessarium
3311 5436 3437 5475 con-

1866 5521 2111 5576 traxisset
2134 5536 2378 5590 examen,
2413 5529 2532 5596 post
2569 5517 2760 5573 multas
2787 5508 3152 5590 allegaiiones,
3185 5530 3317 5592 quas
3352 5515 3439 5584 ju-

1864 5615 2001 5671 dicia
2030 5626 2087 5670 ut
2127 5609 2382 5674 invalidas
2412 5621 2732 5688 respuerunt
2753 5653 2768 5678 ,
2815 5621 2931 5664 orta
2961 5607 3297 5680 praescriptio
3327 5618 3434 5676 est,

1863 5727 1982 5784 qua:
2012 5721 2278 5768 assereret
2300 5708 2481 5765 novari
2514 5718 2750 5779 tempora
2773 5720 3082 5778 possessore
3113 5715 3323 5762 mortuo
3347 5705 3440 5758 dc-

1862 5806 2064 5862 buisse.
2104 5801 2237 5860 Nam
2281 5801 2559 5859 constabat
2609 5816 2718 5857 non
2760 5800 2918 5857 modo
2967 5800 3298 5868 Flavianum,
3350 5797 3438 5867 qui

1863 5906 2188 5979 propositam
2230 5903 2434 5977 legibus
2473 5905 2834 5975 ,quzestionem
2882 5907 3082 5977 primus
3131 5901 3434 5975 exceperat.
