3898 6446
492 379 598 438 585

494 497 588 554 sed
609 497 772 553 etiam
798 507 1168 551 successorem
1217 492 1337 564 ejus
1381 489 1542 548 ﬁdem
1593 487 1787 546 fecisse
1839 487 2074 544 vivendi.

493 594 578 651 Ad
604 592 706 648 hoc
733 590 1010 663 praemissa
1037 598 1122 646 est
1144 587 1330 656 lectio,
1363 585 1531 644 veluti
1561 584 1818 656 probatur
1847 582 2079 648 indiciis,

493 687 836 744 novationem
866 693 1069 740 tantum
1117 682 1364 755 petitoris
1405 678 1609 736 haeredi
1643 693 1763 734 esse
1784 677 2078 732 decretam.

493 779 645 849 Quod
669 779 833 835 verbo
853 777 1068 848 quidem
1119 787 1404 841 assertum,
1449 774 1543 830 sed
1575 771 1943 828 sanctionibus
1970 784 2079 824 non

492 873 804 944 probatum,
851 871 1137 927 contraria:
1176 871 1310 940 legis
1347 868 1662 924 recitatione
1711 877 2081 935 compressum

492 975 595 1020 est.
626 965 854 1019 Secutus
879 963 1039 1034 igitur
1063 964 1194 1019 scita
1218 961 1498 1018 manifesta
1522 971 1576 1016 et
1598 960 1760 1016 nullis
1785 959 2081 1029 principum

491 1067 712 1112 vacuata
741 1055 1016 1126 responsis
1039 1096 1055 1123 ,
1099 1069 1313 1112 cessare
1350 1068 1659 1125 processum
1699 1052 1900 1122 negotii
1935 1051 2082 1121 judi-

489 1147 606 1204 cavi
641 1165 655 1201 :
683 1161 804 1204 cunt
828 1146 894 1202 lis
919 1146 1076 1202 alteri
1101 1147 1434 1212 denuntiata,
1458 1146 1616 1200 aliam
1643 1159 1922 1213 personam
1948 1151 2082 1198 tem-

492 1242 711 1312 poribus
735 1242 939 1298 exactis
962 1252 1144 1298 tenere
1181 1257 1287 1297 non
1318 1251 1516 1313 posset.
1549 1241 1701 1296 Tunc
1728 1239 1921 1296 oblatis
1953 1253 2081 1309 pro-

492 1335 788 1390 vocationis
812 1337 973 1392 etiam
1013 1335 1312 1391 novationis
1338 1334 1554 1401 libellis,
1575 1348 1836 1404 suspensa
1867 1342 2083 1388 senten-

493 1427 588 1482 tia.
618 1427 783 1498 Cujus
821 1429 1069 1484 merituut
1101 1429 1410 1498 perennitas
1432 1436 1607 1482 vestra
1638 1425 1792 1480 lectis
1829 1425 1993 1496 gestis
2021 1439 2084 1480 ac

493 1520 824 1576 refutatoriis
840 1521 1241 1577 cohaerentibus
1261 1520 1568 1575 mstimabit.
1595 1521 1705 1591 Ego
1723 1520 1774 1578 in
1798 1517 2083 1575 referendo

493 1611 736 1682 prolixus
757 1627 878 1668 esse
912 1628 1017 1668 non
1047 1613 1230 1681 debui,
1267 1627 1388 1667 cum
1417 1627 1555 1682 pene
1580 1611 1632 1666 in
1669 1612 1785 1681 ipso
1810 1611 2080 1668 actionum

491 1704 754 1761 vestibulo
776 1706 988 1777 repulsa
1015 1707 1223 1778 legibus
1247 1721 1409 1763 causa
1431 1706 1762 1762 constiterit.

1100 1907 1314 1964 EPIST.
1349 1906 1480 1962 LIII.

563 2107 617 2147 Do
644 2103 939 2147 TBIODOSIO
966 2105 1173 2147 ηειδελ
1202 2105 1322 2147 Δυϐ.
1355 2104 1665 2145 SYIIACHUS
1684 2105 1857 2145 PR£Fs
1889 2105 2005 2145 UBB.

563 2273 622 2328 in
650 2272 828 2329 causis
856 2271 1272 2343 appellationum
1306 2269 1446 2326 malo
1475 2269 1566 2339 jus
1593 2252 1869 2340 poteStatis
1895 2267 2083 2322 infrin-

492 2383 642 2438 gere,
674 2382 833 2438 quam
871 2364 1372 2433 interpretationum
1415 2362 1574 2418 dubia
1609 2362 1915 2427 sustinere;
1947 2375 2083 2431 prte-

489 2463 679 2518 sertim
703 2461 954 2518 conscius
986 2460 1127 2515 baud
1160 2460 1354 2530 iniquae
1379 2457 1747 2528 judicationis,
1787 2455 1869 2511 cui
1900 2455 2083 2510 nonni-

488 2557 565 2613 hil
623 2557 842 2612 honoris
887 2555 1136 2622 eveniet,
1179 2555 1224 2609 si
1263 2553 1582 2609 aeternitatis
1627 2560 1826 2607 vestrae
1866 2549 2082 2605 oraculo

488 2649 805 2716 roboretur,
854 2647 916 2703 D.
973 2650 1282 2718 imperator.
1339 2645 1456 2700 Tuli
1505 2646 1670 2714 igitur
1712 2643 2081 2698 Constantium

489 2741 739 2798 Suarium
771 2751 973 2796 temere
997 2749 1401 2810 provocantem,
1433 2754 1556 2793 enim
1585 2753 1650 2792 ex
1686 2739 1949 2807 rescripto
1985 2752 2084 2792 nu-

488 2836 650 2890 minis
670 2836 833 2890 vestri
860 2841 1080 2898 statum,
1107 2847 1264 2903 quem
1294 2830 1598 2885 Theodosio
1623 2830 1834 2884 absenti
1859 2828 2080 2886 ademe-

488 2936 591 2992 rat,
622 2926 1020 2982 reformassem.
1081 2926 1218 2979 Mota
1259 2924 1402 2978 enim
1435 2933 1610 2978 vestra
1634 2921 1919 2977 clementia
1953 2937 2083 2994 sup-

488 3021 864 3093 plicationibus
911 3030 965 3076 et
1003 3019 1268 3090 querelis,
1315 3019 1459 3073 brevi
1503 3017 1753 3074 examine
1785 3017 1951 3088 jussit
1998 3018 2083 3076 in-

488 3117 626 3187 quiri
676 3132 742 3170 an
800 3113 1106 3170 Theodosio
1163 3123 1315 3168 extra
1380 3110 1693 3168 conflictum
1749 3113 1962 3179 locato,
2021 3127 2084 3168 ac

488 3209 682 3264 deinde
707 3224 774 3264 ne
806 3208 967 3263 rebus
996 3207 1275 3262 excideret
1300 3215 1654 3275 provocante,
1683 3206 2078 3275 possessionem

489 3314 776 3369 corporum
809 3300 1156 3354 Constantius
1174 3311 1317 3354 esset
1343 3298 1615 3369 indeptus.
1647 3298 1885 3367 Allegata
1919 3298 2080 3368 igitur
2103 3278 2154 3347 α
2187 3278 2420 3361 debitam
2459 3304 2676 3359 silentio
2720 3303 2920 3356 violare
2964 3318 3067 3357 non
3119 3304 3264 3371 potui

491 3395 850 3463 praeceptione
877 3393 1076 3461 divina,
1114 3395 1288 3464 primo
1318 3392 1679 3463 cognitionem
1722 3393 1883 3446 totius
1912 3408 2079 3463 nego-

491 3486 572 3553 tii,
606 3487 846 3556 quamvis
877 3487 1156 3557 speciatim
1182 3486 1311 3540 mihi
1339 3484 1737 3556 tranquillitatis
1765 3496 1958 3541 veStra:
1989 3486 2083 3541 de-

491 3579 756 3648 iegatione
778 3577 1105 3646 mandatam,
1149 3577 1212 3635 V.
1249 3577 1311 3632 C.
1355 3577 1536 3631 vicarii
1572 3578 1872 3646 praesentia:
1907 3592 2084 3632 reser-

491 3673 612 3727 vavi
647 3689 659 3724 :
685 3672 948 3742 siquidem
979 3672 1262 3726 videbatur
1291 3671 1404 3727 haec
1430 3686 1592 3727 causa
1628 3673 1843 3726 caeteris
1886 3687 2083 3743 provo-

491 3766 791 3820 cationibus
818 3780 939 3821 esse
973 3767 1280 3836 conjuncta,
1312 3781 1431 3835 qua“:
1465 3765 1529 3820 ν.
1567 3764 1632 3820 C.
1681 3765 2081 3834 praedecessore

493 3873 613 3914 meo
647 3858 978 3929 negabantur
1005 3859 1279 3926 admissze,
1297 3862 1588 3915 etalterum
1607 3874 1816 3914 mecum
1836 3873 2083 3928 sumpse-

496 3959 574 4006 rat
600 3951 952 4022 cognitorem.
1000 3952 1227 4022 Dehinc,
1280 3953 1369 4006 ubi
1413 3968 1530 4007 eam
1586 3962 1825 4022 partem,
1867 3968 1988 4023 qua:
2017 3951 2083 4006 ad

491 4044 635 4100 illius
667 4047 924 4116 temporis
947 4046 1183 4117 judicem
1216 4047 1543 4115 pertinebat,
1571 4054 1754 4102 vestro
1792 4047 2085 4104 retinuistis

491 4139 769 4209 examini,
803 4140 1179 4211 appellationis
1229 4141 1578 4212 inquisitione
1626 4139 1860 4195 discreta
1895 4182 1909 4206 ,
1962 4155 2082 4195 cum

491 4232 598 4304 jam
625 4234 935 4302 participem
955 4234 1145 4304 judicii
1181 4248 1284 4288 non
1310 4233 1593 4299 haberem,
1621 4235 1849 4290 turbata:
1875 4249 2087 4304 posses-

493 4329 659 4382 sionis
689 4330 960 4398 querelam
992 4331 1254 4398 rescripto
1283 4329 1574 4384 obsecutus
1614 4329 1814 4384 audivi.
1861 4329 1926 4384 Et
1963 4331 2086 4400 quia

497 4419 858 4475 Theodosium
886 4422 1085 4491 judicio
1111 4439 1215 4478 non
1259 4423 1567 4480 interfuisse
1610 4425 1928 4491 constabat,
1980 4439 2087 4494 quo

499 4513 601 4567 sibi
632 4513 877 4580 demptas
904 4524 1128 4584 questus
1156 4526 1240 4571 est
1266 4515 1565 4583 facultates,
1606 4533 1705 4572 nec
1733 4519 1834 4573 ulla
1866 4533 2085 4588 precum

495 4605 774 4660 mendacia
795 4604 1139 4662 Constantius
1159 4609 1441 4678 detegebat
1465 4628 1476 4662 :
1498 4620 1784 4665 exsecutus
1805 4627 1921 4665 sum
1946 4607 2087 4665 circa

497 4714 810 4768 germanum
839 4703 1216 4771 supplicatoris
1253 4703 1521 4758 hazredem
1552 4705 1778 4760 caeleste
1803 4706 2083 4775 judicium,

497 4791 789 4847 reformato
817 4804 980 4860 statu,
1017 4811 1176 4867 quem
1206 4795 1399 4850 claruit
1426 4811 1547 4851 mox
1587 4799 1858 4868 proposita
1902 4799 2087 4868 appel-

501 4887 702 4944 latione
741 4888 1063 4945 defensum:
1096 4891 1221 4947 licet
1262 4891 1438 4946 cultus
1491 4891 1737 4948 subditus
1780 4893 2085 4963 quaestioni,

499 4982 712 5039 libellos
735 5023 750 5048 ,
799 5000 936 5053 quos
972 4985 1308 5040 Theodosius
1336 4984 1641 5055 publicavit,
1681 4987 1818 5056 apud
1854 5002 1910 5042 se
1945 5003 2090 5043 rese-

501 5076 647 5134 disse
677 5079 1079 5136 memoraverit.
1106 5078 1464 5134 Nihilominus
1499 5079 1755 5136 obediens
1785 5081 2084 5151 imperatis,

501 5171 659 5226 statui
692 5179 751 5225 ut
773 5171 908 5227 ﬁdes
928 5183 1198 5243 gestorum
1230 5174 1566 5242 superiorum
1595 5173 1660 5227 ad
1692 5175 1926 5244 Augusta
1958 5175 2090 5230 scri-

501 5265 589 5318 nia
639 5264 962 5319 mitteretur.
1013 5265 1148 5319 Hinc
1175 5272 1291 5318 orta
1319 5275 1402 5318 est
1443 5266 1779 5334 provocatio,
1829 5266 1979 5335 cujus
2009 5265 2091 5321 vel

501 5357 708 5426 justitia
754 5359 838 5412 vel
886 5360 1219 5414 contumacia
1267 5373 1423 5413 sacro
1476 5359 1808 5430 expendetur
1846 5361 2088 5416 arbitrio.

507 5451 714 5506 Interea
750 5453 1150 5508 constitutionis
1190 5469 1434 5518 memor,
1493 5455 1817 5524 sequestrari
1874 5455 2091 5509 mobilia

506 5544 818 5616 fructusque
869 5548 1125 5617 pra-cepi,
1173 5562 1242 5602 ne
1296 5548 1460 5602 medii
1514 5549 1772 5619 temporis
1818 5549 2093 5618 usurpatio

505 5642 754 5696 abutatur
775 5641 1044 5696 indebitis.
1061 5642 1308 5697 Omnium
1331 5652 1605 5713 gestorum
1630 5642 1732 5698 ﬁda
1752 5642 2091 5711 documenta,

507 5733 896 5805 supplementis
928 5737 1154 5805 partium
1180 5736 1422 5790 relationi
1455 5751 1518 5791 ex
1544 5752 1694 5792 more
1716 5738 1916 5791 sociata
1941 5746 2092 5803 sunt,

510 5838 566 5883 ut
597 5827 685 5882 diu
718 5824 994 5883 fluctuanti
1037 5844 1212 5884 causa:
1261 5829 1472 5890 tandem
1522 5829 1766 5893 stabilem
1810 5830 2094 5889 terminum

510 5921 688 5981 divino
722 5935 819 5982 ore
845 5923 1073 5998 ponatis.

1670 374 1736 444 ρ.
1775 371 2120 429 AURELIUS
2157 370 2598 430 SYMMACHUS.

3621 376 3700 441 Si“

2105 493 2156 549 Α
2793 487 3009 546 EPIST.
3041 490 3172 547 LIV.

2187 597 2272 636 DD.
2307 597 2600 639 τιιεοοοειο
2633 599 2700 639 ET
2722 599 2948 640 ARCADIO
2977 599 3183 641 δείπνει
3209 602 3331 644 AUC.
3369 602 3638 650 SYIIACIUS
3660 610 3700 653 '0

2765 671 2816 710 (ι.
2856 672 3028 712 PREF.
3069 673 3192 713 UBE.

2255 765 2452 822 Omnes
2482 765 2572 837 qui
2602 766 2668 821 ad
2692 767 3051 834 amplissimos
3075 769 3337 826 honorum
3360 773 3539 843 gradus
3554 775 3706 845 judicio

2183 859 2483 914 clementiae
2507 871 2700 915 vestrae
2730 862 2814 916 vel
2839 861 3021 917 favere
3042 863 3407 934 provehimur,
3427 881 3611 923 summo
3627 881 3703 927 stu-

2183 952 2272 1007 dio
2301 952 2556 1008 debemus
2572 955 2716 1009 'eniti
2751 963 2807 1009 ut
2837 957 3029 1010 famam
3055 958 3237 1013 saeculi
3259 960 3705 1030 suggestionumve-

2184 1045 2343 1101 ritate
2370 1057 2632 1114 tueamur,
2660 1047 2723 1106 Ι).
2759 1047 3072 1118 imperator.
3102 1039 3256 1118 Quod
3289 1051 3428 1106 enim
3455 1067 3602 1122 genus
3621 1069 3707 1125 gra-

2185 1137 2271 1192 tiae
2301 1138 2574 1194 beneﬁciis
2614 1140 2914 1210 principum
2960 1142 3318 1211 rependendte
3355 1143 3546 1198 fortuna
3583 1147 3709 1214 impar

2183 1231 2438 1299 inveniet,
2471 1233 2515 1287 si
2548 1232 2702 1288 fidem
2728 1233 2942 1289 deserat
2967 1251 3089 1305 quas
3115 1236 3230 1290 sola
3260 1238 3425 1291 munit
3448 1237 3710 1309 imperium?

2182 1323 2581 1394 Contemplauti
2612 1325 2743 1380 milti
2774 1327 2938 1396 igitur
2970 1329 3292 1397 rescriptum
3323 1331 3543 1385 numinis
3568 1335 3707 1398 vestri,

2183 1435 2292 1490 quo
2315 1435 2457 1475 arcte
2489 1421 2708 1476 vinariae
2746 1421 2925 1477 debita
2967 1437 2995 1476 a
3037 1423 3295 1492 praefecto
3338 1426 3450 1495 ejus
3491 1429 3708 1496 temporis,

2185 1534 2290 1588 quo
2324 1529 2597 1574 contracta
2639 1521 2919 1588 dicuntur,
2960 1523 3074 1577 erui
3118 1523 3437 1588 censuistis,
3489 1523 3624 1577 silere
3643 1521 3712 1592 {fas

2185 1627 2292 1667 non
2318 1612 2431 1676 fuit,
2451 1614 2574 1683 quid
2601 1624 2900 1683 temporum
2919 1624 3218 1670 vestrorum
3241 1625 3492 1685 congruat
3510 1614 3709 1685 aequitati.

2185 1699 2302 1762 Jam
2331 1707 2558 1775 primum
2585 1715 2802 1776 stupere
2825 1723 2910 1762 me
2936 1708 3124 1774 fateor,
3153 1708 3358 1764 caelesti
3387 1706 3713 1763 mansuetudini

2185 1811 2379 1857 vestrae
2431 1803 2598 1857 totius
2639 1802 2788 1856 orbis
2821 1804 3048 1874 negotiis
3081 1813 3376 1872 occupatae,
3427 1803 3608 1857 litteras
3637 1798 3712 1853 divi

2107 1886 2158 1947 Β
2183 1895 2478 1951 Constantii
2505 1894 2574 1950 ita
2599 1910 2720 1950 esse
2748 1904 3040 1966 suggestas,
3069 1903 3126 1949 ut
3145 1896 3488 1950 comminatio
3509 1893 3596 1948 sub
3612 1906 3709 1946 con-

2185 1987 2392 2044 ditione
2415 1987 2730 2058 deprompta
2761 1988 2931 2043 inStar
2956 1988 3234 2058 cujusdam
3258 1987 3420 2043 debiti
3449 1986 3708 2040 duceretur:

2184 2079 2379 2136 dehinc
2401 2082 2616 2136 tacitum
2646 2080 2876 2149 quodam
2916 2095 3044 2135 casu
3079 2080 3146 2136 de
3199 2095 3264 2136 ea
3316 2089 3460 2148 parte
3500 2077 3711 2145 rescripti,

2187 2191 2304 2245 quae
2331 2175 2543 2231 tenebat
2575 2176 2808 2230 ofﬁcium
2832 2217 2847 2242 ,
2891 2187 2948 2230 ut
2985 2191 3218 2245 persona
3261 2173 3472 2244 judicis,
3517 2179 3713 2239 tanquam

2184 2270 2365 2336 vilior,
2393 2271 2757 2340 apparitorum
2802 2285 3021 2325 suorum
3064 2271 3383 2341 impunitate
3414 2276 3712 2338 premeretur:

2185 2366 2362 2429 tertio,
2387 2365 2526 2436 quod
2559 2380 2620 2420 ea
2660 2379 2868 2419 summa
2908 2363 3227 2428 solidorum,
3266 2377 3420 2433 quam
3457 2358 3655 2431 cognitio
3679 2365 3714 2411 et

2186 2461 2377 2517 relatio
2432 2461 2531 2515 viri
2577 2461 2802 2515 illustris
2853 2459 3268 2529 prtedecessoris
3312 2458 3415 2513 mei
3453 2471 3527 2525 ex_
3563 2453 3714 2522 majore

2187 2567 2342 2629 parte
2367 2557 2595 2612 solutam
2629 2556 2891 2626 probavit,
2942 2556 3157 2622 aerario,
3206 2565 3453 2625 tanquam
3492 2549 3640 2605 debita
3672 2556 3710 2599 et

2187 2654 2383 2709 intacta
2417 2651 2744 2722 deposcitur.
2780 2655 2952 2721 Atque
2984 2651 3105 2705 ideo
3150 2651 3292 2704 inter
3324 2648 3480 2703 multa
3522 2657 3714 2700 curarum

2189 2745 2498 2801 summatim
2530 2745 2784 2798 nonnulla
2807 2744 3080 2800 tractanda
3111 2751 3258 2796 sunt.
3297 2741 3524 2808 Namque
3558 2750 3605 2789 xt
3634 2731 3716 2786 mil-

2187 2839 2258 2893 lia
2290 2852 2548 2892 ccccxmr
2581 2837 2786 2892 solidus
2817 2852 2882 2892 ex
2931 2852 2994 2892 eo
3027 2850 3171 2890 anno
3213 2834 3303 2906 qui
3332 2831 3492 2902 Sergii
3519 2838 3566 2884 et
3589 2825 3716 2893 Nigri-

2189 2934 2332 2988 niani
2365 2934 2604 3004 sequitur
2632 2935 2988 2997 consulatum,
3033 2933 3201 2986 sacris
3247 2930 3529 2986 accessisse
3558 2926 3716 2979 thesau-

2189 3027 2286 3092 ris,
2319 3035 2372 3081 et
2399 3026 2732 3096 praefecturae
2756 3026 3050 3095 inquisitio,
3094 3034 3148 3079 et
3172 3025 3528 3080 discussurum
3553 3019 3714 3076 littera,

2189 3130 2244 3175 et
2267 3119 2329 3174 V.
2362 3119 2421 3175 C.
2457 3119 2876 3190 prtedecessoris
2908 3120 3006 3172 mei
3045 3118 3248 3186 scripta
3283 3117 3583 3173 docuerunt.
3615 3109 3719 3163 Inter

2191 3211 2306 3267 lucc
2329 3213 2487 3282 igitur
2515 3224 2617 3265 tam
2649 3211 2812 3265 multa
2838 3209 3033 3275 valida,
3062 3211 3222 3265 ﬁdem
3268 3207 3553 3266 clementiae
3576 3209 3718 3256 vestra

3316 3321 3328 3356 :
3377 3316 3490 3356 cum
3535 3303 3718 3349 vestrum

2186 3413 2396 3468 quoque
2427 3412 2620 3450 numen
2647 3397 2984 3450 adverterem
3017 3395 3171 3449 solita
3208 3395 3474 3461 cautione,
3498 3401 3642 3458 neque
3658 3386 3718 3452 111·

2186 3489 2318 3546 dicis
2349 3505 2538 3544 nomen
2568 3491 2807 3560 signasse
2849 3489 3108 3558 rescripto
3136 3532 3150 3555 ,
3185 3497 3241 3543 et
3279 3489 3577 3544 aestimasse.
3613 3475 3719 3549 quod

2185 3581 2588 3636 conveniendus
2612 3581 2730 3638 luce
2758 3582 3048 3636 frueretur.
3085 3579 3214 3634 Nam
3243 3577 3510 3651 quomodo
3541 3577 3724 3630 cietnen-

2187 3676 2258 3729 tia
2287 3685 2462 3729 vestra
2483 3675 2588 3729 vim
2621 3675 2818 3730 veteris
2842 3675 3273 3729 comminationis
3304 3676 3354 3729 in
3387 3677 3627 3726 mortuum
3663 3674 3722 3716 te-

2189 3771 2466 3836 tendisset,
2511 3785 2631 3826 cum
2673 3771 2916 3841 gravium
2969 3773 3131 3825 etiam
3173 3785 3440 3826 noxarum
3481 3777 3618 3836 parua
3649 3757 3725 3811 ﬁne

2190 3866 2310 3920 vitae
2334 3866 2615 3920 solvatur?
2647 3867 2716 3920 At
2755 3882 2882 3920 vero
2913 3865 3010 3920 iste
3035 3874 3208 3921 terror
3235 3853 3602 3934 divi‘principis
3621 3853 3725 3907 Ιίιιθσ

2189 3959 2265 4021 ris
2285 3958 2726 4029 comprehensus,
2747 3977 2813 4014 ne
2836 3960 3102 4014 viventem
3125 3958 3344 4030 quidem
3371 3963 3541 4029 posset
3560 3959 3723 4018 urgere.

2189 4051 2382 4106 Gravia
2413 4053 2556 4107 enim
2597 4052 2852 4122 subjectis
2883 4068 3024 4123 stupe
3057 4051 3400 4117 minitamini,
3434 4041 3634 4103 acuendi
3659 4051 3726 4106 Po'

2193 4143 2296 4200 tius
2341 4147 2523 4200 studio
2571 4162 2728 4216 quam
2763 4146 3011 4200 nocendi.
3049 4145 3160 4199 Hoc
3189 4147 3352 4200 etiam
3399 4143 3541 4198 divus
3566 4131 3726 4208 genitor

2192 4250 2337 4304 tuus,
2403 4241 2456 4293 in
2499 4241 2736 4293 omnium
2786 4254 2999 4309 semper
3047 4239 3241 4293 animis
3280 4249 3338 4294 et
3388 4251 3476 4293 ore
3522 4232 3724 4285 victuruS.

2193 4333 2277 4400 pia
2302 4331 2417 4400 lege
2438 4331 2718 4384 constituit
2749 4349 2760 4386 :
2795 4331 2883 4400 qui
2915 4331 3241 4384 sententiam
3263 4342 3473 4400 quoque
3512 4323 3599 4378 sub
3619 4328 3728 4371 com-

2191 4423 2482 4479 minatione
2505 4422 2897 4492 depromptam,
2919 4422 3109 4478 effectu
3139 4432 3298 4493 atque
3328 4415 3645 4478 exsecutiOne
3661 4419 3727 4458 Var

2192 4516 2391 4570 cuavit.
2444 4515 2591 4569 Hanc
2631 4530 2761 4569 vero
2804 4516 3165 4570 Conditionum
3191 4558 3206 4584 ,
3251 4532 3408 4587 quam
3446 4513 3585 4568 divus
3625 4501 3729 4557 C0"-

2197 4609 2425 4665 stantius
2467 4607 2667 4678 adjecit
2712 4609 2905 4664 litteris
2947 4608 3096 4673 suis,
3139 4609 3306 4662 multa
3351 4620 3467 4680 qua:
3513 4609 3615 4672 post
3648 4592 3730 4645 vis-1

2119 4673 2172 4735 θ
2195 4673 2686 4757 suntsubruerunt.
2719 4701 2849 4756 Nam
2881 4702 3071 4757 eodem
3106 4703 3348 4773 principe
3369 4673 3550 4755 adhuc
3585 4689 3727 4745 orbem

2194 4807 2435 4868 regente,
2463 4797 2527 4850 ad
2547 4797 2844 4852 Tertullum
2864 4798 3180 4852 Praefectum
3206 4797 3361 4853 Urbis
3386 4782 3728 4851 memorabilem

2193 4893 2367 4946 virum
2400 4890 2897 4961 migravitexactiu,
2928 4907 3048 4960 quae
3079 4892 3124 4946 si
3150 4891 3382 4946 hominis
3404 4894 3618 4961 potestas
3637 4873 3730 4930 [υἱε-

2193 4992 2277 5039 set
2301 5024 2317 5049 ,
2338 4985 2478 5038 circa
2503 4997 2790 5054 personam
2819 4984 3011 5053 prioris
3041 4984 3238 5054 judicis
3266 4985 3519 5055 potuisset
3550 4977 3730 5030 haerere-

2192 5077 2305 5133 Nec
2336 5079 2504 5132 multo
2546 5086 2668 5148 post
2709 5087 2974 5149 tempore,
3020 5081 3071 5133 in
3106 5078 3428 5150 Clytholiam
3477 5069 3729 5135 Maximum.

2194 5172 2312 5243 pari
2325 5172 2530 5227 honore
2553 5181 2678 5227 tunc
2700 5171 3003 5243 prteditum,
3019 5172 3160 5226 tituli
3183 5173 3338 5227 istius
3362 5183 3484 5226 cura
3507 5153 3730 5219 convenit-

2197 5266 2329 5321 Divo
2360 5267 2521 5320 etiam
2554 5275 2772 5336 parente
2800 5267 3036 5321 numinis
3063 5267 3161 5332 tui,
3186 5265 3427 5320 Romana
3454 5263 3560 5333 jura
3585 5261 3632 5306 et
3651 5247 3731 5302 I3“

2197 5359 2532 5426 moderante,
2565 5359 2831 5430 praefectis
2871 5374 2934 5414 ac
2959 5359 3356 5414 discusseribus
3383 5353 3611 5413 mandata
3638 5355 3732 5414 th'

2197 5454 2371 5509 vincia
2402 5464 2514 5521 est,
2557 5463 2611 5509 et
2643 5468 2737 5522 per
2759 5455 2902 5509 vices
2933 5452 3416 5506 administrantium
3445 5439 3623 5520 publici
3659 5434 3730 5487 de‘

2202 5545 2299 5600 biti
2344 5546 2581 5601 occurrit
2624 5545 2855 5601 exactio.
2904 5545 3207 5602 Novissime
3235 5549 3434 5601 relatus
3486 5542 3533 5595 in
3577 5529 3732 5589 calum

2202 5653 2492 5710 germanus
2510 5639 2813 5694 clementiae
2843 5649 2968 5707 tuae,
3013 5654 3136 5694 eum
3164 5640 3336 5710 ipsum
3366 5635 3618 5694 Basiliam,
3638 5629 3730 5676 CUI"

2202 5731 2426 5787 haberet
2467 5734 2794 5803 appositum,
2838 5733 2929 5805 qui
2973 5733 3217 5804 personis
3255 5732 3489 5804 judicuut
3533 5726 3731 5814 noni"?

2205 5827 2409 5896 percit,
2445 5827 2837 5898 primiscrinios
2871 5828 3059 5884 urbani
3090 5828 3285 5895 ofﬁcii,
3333 5837 3545 5898 quorum
3572 5809 3732 5871 sollici-

2212 5921 2342 5982 tudo
2367 5936 2463 5994 per
2494 5922 2867 5980 successiones
2892 5922 3159 5997 exigenda
3209 5927 3502 5999 curaverat,
3542 5910 3615 5970 vel
3649 5899 3733 5961 sol-
