3898 6448
114 519 218 578 5-35

1361 498 1842 558 EPISTOLARUM
1882 497 2086 554 LIBER
2128 493 2195 551 Χ.

3293 492 3401 553 886

117 637 282 696 vendo
330 635 558 700 nomini,
595 632 677 688 vel
731 631 956 688 edendae
997 626 1191 683 rationi
1234 625 1358 680 fecit
1416 639 1699 681 onnoxtos.
1729 622 2155 690 Aretinebil,et
2178 620 2482 690 plerosque,
2507 629 2566 675 ιιι
2587 618 2820 674 arbitror
2834 617 3053 688 justius,
3079 618 3124 672 si
3146 618 3234 686 qui
3261 616 3400 676 forte

116 732 294 801 Itaque
342 741 398 784 et
443 743 473 782 a
501 726 562 781 Υ.
587 724 650 782 C.
681 741 745 780 ac
774 721 1154 794 probatissimo
1187 718 1375 773 Anicio
1430 718 1618 785 Basso,
1649 723 1703 769 et

115 822 336 880 Aventio
364 822 479 876 viro
504 819 780 889 spectabili
817 817 1152 886 frequentata
1184 811 1445 880 cognitio,
1471 817 1529 864 ct
1556 809 1704 861 solu-

117 932 218 978 tam
249 919 514 990 majorem
547 925 751 988 partem
780 913 944 968 debiti
988 907 1366 978 deprehendit,
1390 916 1444 960 et
1476 904 1702 974 provin-

116 1017 323 1073 cialium
351 1014 592 1085 judicum
641 1010 839 1081 reperit
878 1007 1223 1078 sponsionem
1279 1022 1291 1056 :
1337 1017 1442 1072 qua
1471 999 1706 1071 professi

118 1119 255 1177 sunt,
310 1107 358 1161 si
399 1104 661 1160 urbanum
692 1111 926 1157 cessaret
955 1098 1215 1161 officium,
1244 1111 1342 1168 per
1370 1110 1430 1150 se
1457 1094 1613 1161 hujus
1643 1091 1709 1144 ti-

126 1203 214 1257 tuli
237 1200 601 1269 integritatem
639 1211 794 1266 posse
824 1192 1030 1248 sarciri.
1066 1191 1190 1246 llacc
1221 1190 1402 1259 igitur,
1427 1186 1469 1240 si
1502 1184 1708 1254 legibus

119 1293 491 1358 conferantur,
522 1287 888 1360 pronuntiabit
908 1287 1186 1341 aeternitas
1214 1291 1390 1336 vestra
1421 1280 1473 1334 in
1493 1276 1711 1348 .profes-

123 1393 266 1446 sione
293 1405 484 1445 verum
514 1404 634 1443 esse
665 1401 878 1450 nexum,
904 1383 956 1438 in
981 1379 1400 1437 comminatione
1423 1385 1709 1430 terrorem.

124 1489 272 1556 Quid,
306 1487 450 1558 quod
513 1483 752 1555 proxima
807 1478 1071 1550 apparitio
1117 1472 1374 1544 cogendis
1396 1468 1715 1540 provincia-

123 1595 230 1636 rum
254 1579 536 1649 iudicibus
568 1575 804 1640 admota,
837 1587 988 1643 Spem
1020 1569 1217 1626 debitis
1249 1566 1501 1622 eruendis
1526 1563 1718 1617 fecisse

124 1679 457 1748 suggeritur;
493 1681 708 1730 nonest
739 1685 916 1725 meum
953 1670 1104 1722 [antae
1144 1666 1344 1719 incerta
1389 1656 1604 1715 sectari.
1631 1656 1719 1709 ln-

124 1777 305 1833 veniet
325 1775 508 1830 divina
530 1773 784 1840 majestas
814 1779 908 1823 tua
931 1780 1028 1821 cur
1061 1764 1186 1816 huic
1226 1756 1493 1815 exactioni
1525 1768 1718 1824 perpes

125 1887 244 1928 cura
285 1868 541 1926 defuerit.
589 1868 718 1921 Nam
749 1877 995 1918 socerum
1029 1871 1206 1912 meum
1251 1853 1566 1908 clarissimae
1603 1863 1713 1902 me-

128 1961 314 2017 moriae
344 1961 518 2014 virum
543 1957 770 2013 Orfitum
803 1953 934 2024 petit
980 1952 1081 2005 ista
1114 1946 1318 2003 molitio
1366 1961 1379 1996 :
1413 1943 1567 2010 cujus
1610 1939 1717 1993 hae-

1810 704 2098 790 provinciis
2120 718 2312 772 vestris
2345 716 2484 772 male
2513 716 2660 771 abusi
2691 722 2836 770 sunt.
2861 713 2930 768 At
2952 726 3080 766 vero
3112 711 3401 780 posteritas

1807 810 2032 866 illustris
2053 809 2326 865 memoriae
2354 809 2452 864 viri
2472 809 2646 873 Orfiti,
2670 807 2805 862 nihil
2833 823 2898 862 ex
2921 806 3014 860 illo
3044 805 3214 872 aliud,
3239 820 3399 874 quam

1807 907 2020 978 generis
2049 905 2258 975 insigne
2287 903 2549 975 quasivit.
2589 903 2718 957 Meae
2751 911 2928 955 tamen
2961 898 3170 968 injuriae
3199 905 3283 952 est
3302 897 3405 952 ista

1811 1000 2102 1070 suggestio.
2128 997 2259 1052 Nam
2288 997 2532 1052 tenuitati
2573 995 2717 1050 illius
2764 994 3074 1061 frequenter
3104 989 3402 1057 exhaustae,

1811 1108 1970 1148 nemo
2017 1101 2376 1156 testamento,
2409 1103 2566 1145 nemo
2607 1095 2851 1142 nostrum
2879 1085 3139 1139 bonorum
3170 1080 3409 1156 aditione

1813 1189 2094 1245 successit.
2129 1187 2278 1244 Unde
2302 1185 2554 1255 intelligit
2583 1181 2871 1238 clementia
2903 1187 3108 1243 vestra,
3138 1153 3279 1246 quod
3302 1189 3408 1227 non

1815 1297 1961 1344 metu
1995 1285 2271 1341 familiaris
2291 1297 2488 1348 causae,
2517 1294 2637 1350 quae
2658 1277 2863 1349 legibus
2896 1283 3010 1329 tuta
3033 1281 3138 1338 est,
3161 1269 3253 1325 sed
3278 1278 3411 1322 tem-

1817 1399 2005 1454 porum
2027 1397 2212 1437 amore
2232 1379 2494 1436 sollicitor
2523 1392 2589 1431 ne
2614 1375 2679 1430 ad
2707 1373 3066 1429 innocentiam
3098 1370 3209 1423 fisci
3246 1366 3410 1421 vestri

1819 1476 2149 1532 infructuosa
2183 1483 2388 1528 tantum
2412 1477 2657 1526 recurrat
2695 1466 2914 1521 invidia.
2951 1463 3019 1517 Et
3049 1462 3165 1516 haec
3192 1455 3406 1528 quidem

1819 1571 2045 1636 cursim,
2071 1583 2139 1624 ne
2156 1566 2466 1623 mandatum
2490 1562 2761 1634 negotium
2785 1551 3285 1632 comperendinatio
3307 1549 3413 1604 dif-

1821 1663 2017 1726 ferret,
2052 1647 2383 1730 tantum'pro
2434 1655 2678 1726 conjugis
2718 1667 2853 1707 mea:
2900 1648 3226 1703 Rusticiana:
3254 1644 3317 1698 C.
3349 1643 3411 1697 ιε’.

1821 1765 1972 1825 parte
2000 1752 2220 1824 qumsita
2252 1760 2379 1807 sunt
2409 1767 2422 1803 :
2455 1750 2608 1818 cujus
2637 1758 2892 1818 germana
2932 1741 3102 1796 multo
3140 1738 3415 1808 angustior

1823 1848 2166 1910 facultatibus
2194 1866 2256 1906 ex
2305 1849 2533 1904 Etruria:
2579 1843 2884 1914 longinquis
2911 1840 3101 1896 adesse
3149 1841 3414 1907 prmcepta

1825 1966 1928 2012 est.
1960 1955 2211 2010 Vestrum
2244 1965 2370 2005 vero
2398 1947 2634 2003 salutare
2664 1957 2861 1998 numen
2891 1953 3078 1994 omnes
3110 1948 3416 2005 precamur,

128 2055 278 2110 redes
315 2053 377 2107 V.
404 2053 466 2108 Ο.
506 2061 560 2106 et
586 2021 817 2105 illustris
847 2045 1148 2101 officiorum
1181 2041 1437 2108 magister
1476 2035 1724 2104 ascripsit
1751 2021 1801 2082 Β
1831 2067 1898 2107 ne
1919 2049 2060 2120 quod
2090 2049 2158 2104 de
2188 2056 2268 2101 ιοι
2297 2042 2590 2115 provinciis
2617 2053 2715 2109 pro
2739 2036 2947 2106 majore
2973 2041 3125 2104 parte
3149 2030 3258 2100 jam
3289 2026 3416 2082 red-

129 2153 322 2208 litteris
352 2151 486 2215 suis,
511 2163 632 2204 cum
659 2158 760 2201 tuze
793 2138 1227 2198 mansuetudinis
1257 2131 1579 2190 verecundia
1605 2129 1724 2184 nul-

129 2248 234 2303 lum
284 2261 446 2301 sacro
489 2243 708 2299 oraculo
761 2255 958 2295 nomen
1007 2234 1359 2306 expresserit.
1414 2229 1550 2297 Quid
1596 2242 1725 2297 ergo

130 2346 435 2401 existimem
468 2343 660 2396 merito
691 2339 834 2393 illius
859 2336 1076 2399 factum,
1112 2331 1202 2402 qui
1230 2329 1400 2397 major
1428 2323 1726 2380 honoribus

131 2455 284 2509 quam
338 2435 675 2491 facultatibus
703 2444 828 2488 ante
857 2446 1028 2486 annos
1068 2429 1179 2483 fere
1210 2425 1515 2497 quindecim
1563 2423 1725 2476 vitam

134 2530 374 2602 peregit?
407 2537 464 2584 ut
484 2526 829 2583 comminatio
861 2540 1004 2594 saepe
1047 2523 1183 2578 lecta
1207 2563 1222 2588 ,
1256 2534 1470 2590 semper
1501 2517 1724 2580 omissa,

132 2637 180 2682 et
208 2626 368 2681 novis
393 2632 512 2694 post
530 2623 737 2694 sepulta
767 2620 1020 2686 decretis,
1044 2634 1202 2689 quam
1227 2624 1402 2688 n‘eque
1429 2616 1513 2670 lex
1537 2613 1727 2668 divalis

135 2723 388 2788 admittit,
440 2731 495 2777 et
523 2721 720 2776 solutio
750 2732 956 2788 magna:
987 2715 1154 2786 partis
1183 2712 1434 2778 exclusit,
1482 2715 1729 2777 resurgat

135 2819 182 2876 in
207 2827 510 2884 mortuum,
542 2833 661 2888 qua:
685 2830 791 2870 non
818 2813 920 2868 fuit
939 2822 1063 2866 ante
1086 2809 1328 2866 viventi?
1353 2809 1432 2862 An
1464 2807 1602 2860 ineas
1631 2818 1726 2872 po-

136 2917 233 2972 tius
260 2914 612 2972 contumeliae
639 2926 829 2978 causa,
853 2918 909 2965 et
940 2907 1185 2963 ordinem
1216 2913 1294 2960 tot
1323 2911 1378 2957 et
1402 2899 1587 2955 talium
1619 2905 1731 2953 sta-

139 3023 396 3079 tutorum,
445 3021 498 3067 et
540 3008 646 3066 divi
683 3005 924 3064 Gratiani
981 3011 1253 3059 recentem
1288 2996 1727 3068 praeceptionem,

139 3116 189 3164 et
223 3108 593 3163 discussorum
637 3100 1002 3171 diligentiam,
1053 3106 1104 3150 et
1138 3091 1518 3164 praefectorum
1549 3082 1732 3154 cogni-

141 3203 334 3268 tiones,
364 3207 419 3254 et
451 3195 727 3252 relationis
753 3191 912 3247 fidem
937 3189 1090 3243 novis
1121 3178 1554 3256 suggestionibus
1586 3173 1730 3230 arbi-

142 3309 245 3355 trer
270 3295 549 3354 sauciari?
571 3293 764 3348 Testor
795 3285 1075 3343 custodem
1112 3278 1346 3336 numinis
1370 3275 1534 3331 vestri
1562 3271 1730 3326 Deum

144 3393 268 3449 nihil
325 3406 468 3459 esse,
519 3387 662 3459 quod
717 3383 914 3454 injuria
955 3381 1150 3450 dignus
1199 3375 1496 3431 existimer.
1540 3368 1732 3436 Quieto
1761 3371 1798 3459 β

145 3492 270 3547 mihi
298 3492 436 3546 hanc
462 3485 834 3558 praefecturam
859 3480 975 3535 sine
998 3477 1108 3532 ulla
1131 3473 1416 3528 affectione
1447 3463 1731 3523 tribuistis.

156 3585 209 3641 Si
240 3599 394 3654 quem
435 3555 572 3636 forte
604 3575 814 3633 mordet
855 3569 1078 3637 invidia,
1125 3567 1168 3622 si
1199 3563 1426 3632 alicujus
1456 3555 1739 3614 desideriis

155 3681 287 3752 reip.
324 3692 504 3733 amore
544 3689 649 3730 non
680 3673 972 3732 cessimus,
1003 3663 1202 3733 cogitet
1241 3657 1446 3730 privata
1478 3652 1601 3707 odia
1646 3648 1742 3703 ad-

153 3794 359 3851 versum
401 3778 546 3836 le;es
575 3767 875 3827 exercenda
906 3777 1011 3819 non
1039 3774 1182 3816 esse.
1223 3755 1505 3810 Postremo
1541 3761 1742 3816 cogno-

150 3883 280 3940 scat,
311 3872 357 3927 si
399 3870 518 3940 quis
543 3866 630 3921 ille
655 3871 756 3928 est,
785 3875 871 3916 me
915 3866 1172 3922 meosque
1199 3845 1597 3904 successionem
1626 3838 1737 3892 cla-

151 3969 375 4026 rissimae
400 3974 561 4034 atque
602 3954 979 4013 illustrissimae
1009 3941 1281 4002 memoriae
1308 3937 1408 3992 viri
1439 3931 1614 3995 Orfiti,
1643 3945 1742 3985 ne-

151 4082 250 4137 que
278 4061 492 4120 ratione
518 4056 677 4129 juris,
727 4066 899 4121 neque
929 4047 1191 4101 bonorum
1222 4034 1456 4091 aditionc
1486 4029 1740 4097 coepisse.

153 4164 344 4233 Quaeso
383 4159 546 4230 igitur
592 4168 662 4208 ne
701 4151 757 4205 in
804 4141 1184 4204 contumeliam
1241 4131 1426 4205 judicii
1469 4125 1658 4190 vestri,
1693 4131 1746 4178 et

157 4256 283 4327 juri,
322 4262 378 4308 et
426 4243 749 4304 innocentia:
784 4240 926 4295 fraus
959 4240 1199 4308 paretur.
1227 4223 1453 4295 Quando
1483 4220 1625 4276 enim
1655 4215 1749 4270 ab-

155 4322 396 4406 sentibus
456 4351 616 4414 atque
665 4331 1038 4408 ignorantibus
1090 4327 1233 4382 inter
1261 4322 1396 4376 alios
1444 4325 1590 4387 gesta
1649 4327 1747 4366 no-

157 4437 419 4496 cuerunt?
470 4434 600 4502 Quis
646 4441 880 4498 unquam
934 4419 1256 4479 sententiam
1300 4411 1540 4468 numinis
1586 4403 1751 4461 vestri

160 4533 429 4590 inauditus
455 4522 702 4594 excepit?
743 4497 972 4588 Quando
1001 4508 1350 4568 comminatio
1393 4504 1458 4558 ad
1507 4497 1754 4555 hacredes

163 4641 328 4696 usque
367 4629 618 4693 porrecta
643 4615 762 4671 est?
805 4611 964 4666 Certe
995 4615 1052 4660 ut
1082 4606 1250 4674 ipsam
1281 4611 1497 4655 causam
1543 4594 1750 4663 loquar,

164 4735 281 4790 quae
331 4733 452 4786 me,
502 4729 565 4769 ac
613 4705 1037 4767 necessitudines
1096 4713 1243 4755 meas
1283 4695 1436 4751 vobis
1483 4688 1752 4763 propitiis,

165 4785 309 4867 nullo
334 4785 458 4880 jure
487 4802 783 4874 contingit,
829 4813 952 4870 pars
987 4793 1160 4864 major
1189 4790 1354 4845 debiti
1385 4785 1557 4841 soluta
1595 4795 1753 4837 mon-

169 4873 401 4961 Stratur:
431 4901 486 4954 in
515 4873 850 4953 evidentibus
881 4887 1190 4946 nominibus
1235 4896 1362 4954 pars
1389 4877 1610 4935 resedit.
1651 4873 1758 4929 Cu-

166 4998 253 5066 jus
280 4991 458 5049 studio
491 4985 805 5045 absolvendi
834 4991 960 5038 sunt
989 4979 1282 5044 debitores,
1313 4984 1371 5028 ut
1413 4971 1759 5041 implicentur

168 5085 415 5146 innoxii?
441 5083 619 5152 Quare
658 5078 871 5144 insitam
903 5072 1108 5129 divinis
1153 5068 1401 5124 sensibus
1428 5062 1624 5118 vestris
1662 5072 1759 5116 oro

169 5183 454 5256 justitiam,
489 5193 559 5233 ne
603 5174 892 5229 adversum
941 5166 1050 5222 divi
1082 5159 1326 5218 Gratiani
1355 5155 1757 5217 diffinitionem,

175 5247 454 5330 adversum
486 5267 749 5338 rescripta
788 5272 866 5319 tot
899 5261 1222 5332 principum,
1255 5252 1343 5324 qui
1377 5247 1644 5322 praefectis
1668 5247 1764 5301 de-

135 5429 144 5452 ι
173 5372 282 5428 bita
303 5366 534 5425 eruenda
561 5361 913 5425 mandarunt,
945 5351 1233 5410 adversum
1264 5344 1606 5406 relationem,
1639 5353 1786 5419 quite

137 5457 152 5534 ἶ
176 5470 473 5528 uberiorem
493 5474 763 5521 summam
785 5455 969 5512 docuit
989 5452 1313 5510 exsolutam,
1339 5443 1608 5513 reliquum
1631 5450 1763 5491 vero

176 5568 464 5626 secundum
481 5572 750 5622 rectorum
768 5559 976 5614 litteras
989 5545 1413 5619 exsculpendum
1429 5541 1496 5596 ab
1510 5535 1764 5594 Obnoxiis

180 5663 465 5724 intimavit;
488 5661 706 5731 ignaros
728 5650 926 5722 negotii
951 5656 1005 5704 et
1032 5655 1266 5726 paternae
1297 5632 1624 5693 hmreditatis
1640 5630 1768 5684 alie.

181 5769 307 5822 nos,
345 5752 537 5822 pulsari
590 5749 884 5816 incongrua
931 5723 1286 5796 conventione
1327 5727 1577 5800 patiaris;
1629 5735 1765 5778 neve

183 5847 486 5918 exemplum
502 5858 700 5901 novum
719 5841 839 5912 pius
854 5837 924 5898 im
934 5843 1145 5906 perator
1162 5829 1406 5893 inducas,
1426 5819 1766 5879 utsucccssio

187 5914 514 6011 optimatium
533 5935 699 6012 [num.
727 5934 828 6004 leg.
854 5923 1252 6001 optimatum?],
1271 5922 1361 5993 qui
1381 5919 1515 5989 reip.
1543 5914 1768 5986 praefue-

191 6041 337 6096 runt,
349 6034 411 6090 ad
433 6005 623 6089 liberos
647 6041 833 6086 secura
847 6039 954 6082 non
971 6027 1226 6078 transeat.
1251 6013 1442 6070 Multos
1457 6010 1574 6065 haec
1592 6005 1765 6064 forma

1826 2147 2022 2214 ditum,
2067 2142 2243 2196 adhuc
2288 2135 2520 2193 difficilis
2565 2130 2830 2200 exsculpit
2857 2127 3085 2188 exactio,
3133 2119 3420 2176 senatorias

1827 2239 2020 2294 domus
2064 2234 2337 2304 inopinata
2389 2229 2536 2283 labes
2579 2232 2832 2294 speretur
2883 2233 3041 2288 posse
3088 2214 3416 2287 persolvere.

1829 2337 2010 2392 Multis
2055 2327 2453 2400 nocueritista
2501 2319 2771 2381 conditio.
2821 2315 2912 2386 qui
2953 2311 3161 2382 reipub.
3197 2308 3423 2377 praefue-

1827 2421 1976 2492 runt.
2011 2431 2194 2501 Neque
2239 2426 2382 2481 enim
2426 2425 2516 2492 jus
2564 2417 2746 2480 fuerit,
2797 2421 2858 2467 ut
2904 2424 3012 2466 una
3043 2405 3238 2463 familia
3285 2418 3424 2459 novo

1829 2526 2164 2598 opprimatur
2209 2516 2482 2585 exemplo.
2527 2513 2720 2580 Qumso
2775 2506 2936 2578 igitur
2987 2513 3044 2557 ut
3087 2508 3260 2572 gesta,
3303 2511 3424 2567 quae

1832 2593 1991 2675 fidem
2025 2615 2304 2672 relationis
2333 2616 2618 2672 asserunt,
2669 2602 2856 2657 audire
2885 2595 3206 2668 dignemini,
3255 2593 3427 2662 leges-

1831 2733 1933 2788 que
2006 2710 2430 2786 percenseatis:
2495 2715 2722 2774 quarum
2787 2697 3102 2767 plerumque
3171 2687 3427 2744 duritiam

1831 2824 1932 2880 pro
1974 2785 2259 2862 clementia
2300 2810 2478 2856 vestra
2521 2795 2755 2851 decretis
2807 2785 3238 2846 moderatoribus
3293 2792 3429 2838 tem-

1833 2902 2082 2975 pmsus'
2446 2959 2640 3018 EPlST
2712 2954 2799 3012 LV

1872 3080 1924 3120 υ.
1966 3073 2262 3117 ⁸1⁵11Εοῦ0510
2297 3070 2504 3114 BEIPER
2543 3065 2665 3106 Αυι.
2707 3056 3016 3103 δῖιίΙΔϐΗυΒ
3054 3054 3224 3094 1³881³.
3267 3052 3388 3092 UBB.

1911 3175 2160 3232 Felicitas
2211 3169 2426 3242 quidem
2479 3175 2660 3221 vestra
2713 3159 3011 3216 indefessas
3055 3154 3118 3210 P.
3145 3153 3213 3210 Β.
3244 3150 3430 3222 copias

1837 3269 2140 3341 pollicetur,
2174 3265 2237 3319 D.
2267 3264 2580 3331 imperator.
2613 3255 2719 3314 Sed
2759 3254 2938 3341 cautio
2955 3249 3193 3321 judicum
3233 3258 3430 3316 sugge-

1839 3338 2005 3420 renda
2037 3376 2144 3416 non
2173 3356 2397 3418 deserit,
2429 3362 2486 3409 ut
2513 3340 2791 3422 diligentia
2824 3346 3050 3412 muniat,
3080 3341 3223 3414 quod
3244 3338 3435 3396 melior

1841 3457 2052 3512 fortuna
2094 3449 2377 3522 promittit.
2414 3443 2693 3501 Frumenti
2745 3440 3092 3512 quotidianus
3121 3449 3249 3522 usus
3274 3434 3326 3487 in
3357 3430 3436 3487 fa-

1841 3549 1933 3604 cili
1981 3557 2099 3611 est;
2141 3543 2244 3598 olei
2289 3549 2492 3594 tantum
2525 3537 2738 3608 Species
2763 3508 2960 3589 victum
3007 3528 3176 3601 plebis
3205 3508 3437 3582 t'enuiter

1842 3645 2054 3701 invecta
2081 3638 2355 3695 sollicitat.
2379 3633 2544 3705 Cujus
2568 3633 2646 3688 rei
2673 3631 2734 3684 V.
2766 3630 2827 3686 C.
2857 3627 3010 3698 praef.
3041 3638 3290 3689 annonae,
3320 3636 3437 3691 par-

1844 3740 1976 3794 tium
2019 3749 2238 3791 suarum
2293 3730 2525 3800 diligens
2577 3732 2884 3792 exsecutor,
2933 3719 3266 3793 praetorianae
3320 3730 3435 3770 am-

1845 3830 2103 3902 plissima:
2142 3823 2498 3898 praefecturae,
2553 3828 2613 3874 ut
2669 3820 2785 3888 ipse
2831 3815 3044 3881 asserit,
3079 3812 3278 3868 dudum
3311 3807 3436 3863 fecit

1846 3900 2124 3991 indicium,
2172 3919 2350 3975 missis
2379 3917 2447 3971 de
2480 3928 2629 3968 more
2677 3910 2954 3974 brevibus,
2998 3921 3118 3977 quae
3164 3900 3437 3974 angustias

1847 4015 2214 4088 patefacerent
2243 4007 2603 4066 conditorum.
2633 3991 2739 4060 Sed
2765 4003 3172 4072 ingravescente
3198 3995 3434 4060 defectu,

1847 4110 1997 4166 sileri
2029 4107 2169 4178 apud
2201 4103 2542 4160 clementiam
2576 4107 2811 4154 vestram
2840 4093 3029 4165 patriae
3057 4107 3184 4146 cura
3215 4104 3321 4144 non
3344 4088 3441 4142 de-

1850 4203 1986 4271 buit,
2019 4168 2171 4270 cujus
2209 4213 2353 4269 spes,
2382 4204 2544 4265 atque
2575 4206 2706 4263 opes
2733 4190 2998 4260 bonprum
3031 4168 3330 4253 principum
3357 4180 3437 4234 fa-

1853 4309 1984 4352 vore
2007 4291 2371 4349 cumulantur.
2410 4287 2588 4354 Quare
2617 4295 2808 4339 omnes
2855 4276 3166 4348 suppliciter
3187 4287 3403 4328 oramus
3421 4311 3439 4339 ,

1853 4391 1899 4448 si
1948 4386 2271 4459 exspectatis
2311 4392 2534 4453 preces,
2589 4377 2680 4448 qui
2709 4384 2832 4431 vota
2885 4371 3126 4427 omnium
3166 4366 3446 4424 beneficiis

1854 4483 2194 4559 praevenitis;
2221 4489 2280 4536 ut
2300 4491 2461 4548 quam
2484 4473 2716 4546 primum
2743 4469 2952 4540 judices
2979 4464 3262 4521 Africanos
3282 4475 3447 4531 super

1855 4556 1958 4633 hac
1992 4575 2172 4646 specie
2203 4568 2459 4626 Romanis
2483 4563 2691 4628 horreis
2720 4557 2996 4617 inferenda
3027 4556 3242 4614 divinus
3263 4565 3446 4609 sermo

1857 4644 2170 4728 distimulct.
2201 4664 2332 4720 Nam
2358 4667 2642 4731 properato
2670 4669 2806 4725 Opus
2834 4665 2916 4709 εει
2935 4692 2950 4718 ,
2976 4651 3286 4723 priusquam
3318 4644 3448 4701 reli-

1858 4780 2022 4839 quum
2072 4761 2320 4834 profliget
2347 4756 2597 4812 diuturna
2628 4749 2894 4823 prmbitio.
2928 4745 3123 4803 Addite
3151 4746 3313 4816 igitur
3339 4741 3443 4797 hoc

1859 4875 2056 4918 munus
2098 4854 2329 4923 caeteris,
2358 4865 2477 4923 quae
2521 4857 2777 4920 praestare
2804 4841 3128 4909 consuestis,
3171 4848 3230 4894 ut
3258 4844 3451 4895 cuncta

1861 4953 2045 5011 saeculi
2072 4952 2212 5008 bona
2237 4947 2350 5019 pari
2371 4945 2592 5000 affluant
2621 4938 2878 5016 bonitate.

1973 5103 1992 5116 ,
2468 5036 2684 5095 EPIST.
2715 5034 2850 5090 LVI.

1902 5163 1953 5201 ι).
1992 5152 2286 5197 τηεοοοθιο
2325 5149 2531 5191 5ΕΙΙΡΕΒ
2567 5147 2693 5187 Αυα.
2734 5136 3041 5182 SYHIACBUS
3077 5133 3250 5174 PREF.
3293 5130 3413 5170 URB.

1939 5239 2065 5293 Dies
2107 5243 2403 5302 noctesque
2454 5226 2712 5282 sollicitor
2766 5231 2827 5276 ut
2894 5223 3144 5290 prompto
3193 5211 3456 5280 obsequio

3498 5147 3510 5216 l

1870 5331 2069 5388 divinae
2090 5325 2393 5384 clementiae
2413 5331 2606 5378 vestrae
2629 5319 2774 5388 iussa
2791 5323 3135 5386 promoveam
3157 5323 3172 5362 :
3191 5304 3456 5377 siquidem
3507 5371 3510 5392 ι

1869 5444 1976 5484 non
2021 5425 2148 5480 licet
2186 5422 2343 5492 longa
2393 5408 2963 5486 comperendinatione
2996 5400 3199 5460 differri
3235 5398 3460 5471 justitiae
3507 5393 3511 5410 ί

1870 5542 1933 5582 ac
1958 5523 2162 5595 legibus
2204 5518 2372 5574 amica
2405 5515 2642 5577 decreta,
2675 5509 2740 5575 Ι),
2775 5507 3086 5576 imperator.
3119 5496 3274 5554 Unde
3303 5504 3462 5552 cauto

1873 5633 2005 5690 opus
2035 5626 2115 5673 est
2158 5630 2228 5669 ne
2273 5605 2726 5666 existimationem
2774 5612 2949 5654 meam
2978 5609 3074 5666 per
3121 5589 3256 5647 alios
3305 5588 3464 5644 allata

1873 5683 2158 5788 praeceptis
2193 5707 2417 5764 tarditas
2445 5703 2782 5758 devenustet.
2815 5693 2946 5750 Nam
2977 5705 3098 5746 cutn
3129 5687 3198 5745 de
3221 5683 3464 5742 Macedo-

1873 5774 1965 5868 nio
2003 5774 2219 5878 sequius
2248 5802 2314 5856 de
2347 5813 2460 5869 rep.
2500 5795 2720 5855 merito,
2764 5789 2998 5856 itemque
3026 5781 3332 5841 Ammiano,
3365 5774 3465 5828 du-

1874 5905 2002 5960 dum
2062 5866 2193 5954 mihi
2241 5866 2504 5965 judicium
2580 5882 2883 5957 perennitas
2939 5885 3115 5933 vestra
3171 5866 3464 5940 legaverit,

1875 5993 2215 6054 Ammianum
2231 5958 2448 6060 quidem
2469 5986 2836 6054 protectorum
2855 5969 3201 6030 attestatione
3213 5958 3464 6031 cognovi,

2611 6113 2718 6140 “at?
2751 6120 2792 6137 _...
2838 6119 2872 6132 ,ι
2898 6120 2934 6129 ..
