3898 6460
373 523 378 526 _
472 435 585 498 εει-ι

1699 429 1765 497 Q.
1806 412 2155 484 AURELIUS
2191 418 2633 478 SYMMACHUS.

3647 427 3726 487 588

475 567 598 606 rum
624 550 782 607 Urbis
803 548 981 605 vicina
996 547 1356 618 contingeret,
1382 545 1644 617 languore
1669 547 2072 610 consumptum.
2101 533 2157 597 Δ
2182 523 2450 604 aerarium,
2479 535 2751 591 violentiae
2794 549 3008 605 quoque
3036 548 3256 592 causam
3287 534 3532 592 Venantii
3555 551 3610 594 ac
3652 539 3729 596 Ba.

477 647 558 702 De
610 644 926 703 Macedonio
977 644 1127 698 varia
1171 642 1465 712 jactantur,
1509 655 1666 712 quem
1704 637 1811 708 jam
1863 635 2070 707 pridem

477 737 665 797 debuit
689 739 972 796 custodum
1001 735 1305 793 sollicitudo
1335 735 1653 806 perducere.
1683 730 1880 800 Quaeso
1911 729 2075 800 igitur

479 832 950 889 mansuetudinem
980 839 1238 900 vestram,
1274 844 1344 885 ne
1390 828 1517 883 mihi
1566 824 1740 881 fraudi
1789 824 1860 878 sit
1897 835 2068 891 mora,

478 924 657 980 alieno
706 924 884 992 studio
931 931 1024 978 aut
1062 929 1282 994 torpore
1319 927 1637 977 contracta:
1667 917 1937 986 simulque
1976 915 2076 970 de-

479 1033 675 1090 precor
727 1030 784 1074 ut
837 1017 1163 1074 venerabilis
1227 1016 1501 1072 aeternitas
1565 1021 1744 1069 vestra
1803 1010 2076 1082 sigillatim

481 1110 766 1180 quaerenda
795 1109 1111 1181 distinguat,
1159 1108 1204 1164 si
1234 1108 1372 1164 forte
1415 1107 1755 1178 designatum
1787 1117 1941 1160 reum
1982 1116 2074 1158 co-

481 1205 708 1277 gnitioni
735 1221 869 1262 meae
901 1204 1343 1276 prosequentium
1365 1217 1496 1259 cura
1527 1197 1834 1257 tradiderit.

1074 1296 1286 1353 EPIST.
1332 1295 1492 1353 LVII.

522 1412 574 1452 ι).
617 1407 910 1451 τιιεουοειο
948 1407 1151 1450 εεκρειι
1191 1406 1315 1448 AUC.
1357 1404 1668 1446 SYMMACIIUS
1705 1401 1874 1442 ηερ.
1918 1400 2041 1440 URB.

556 1488 664 1544 Soli
709 1485 944 1542 omnium
1007 1485 1234 1555 potestis
1285 1492 1501 1540 aeternae
1537 1481 1698 1538 Urbis
1738 1491 2001 1549 expensas
2052 1490 2084 1531 a

483 1579 693 1634 defectu
724 1585 1030 1648 sumptuum
1063 1575 1361 1643 vindicare,
1385 1575 1448 1629 D.
1474 1574 1789 1643 imperator.
1824 1569 2085 1639 Majestati

483 1680 657 1728 autem
681 1680 871 1726 vestrae
893 1669 1121 1724 subdita:
1149 1676 1468 1742 potestates,
1494 1674 1699 1721 tantum
1727 1661 2090 1718 mediocribus

483 1762 656 1820 causis
709 1762 890 1817 valent
947 1760 1089 1815 ferre
1146 1757 1465 1815 medicinam
1496 1795 1512 1824 ,
1599 1767 1911 1826 magnarum
1957 1766 2090 1808 vero

484 1867 664 1910 rerum
709 1855 851 1908 mole
887 1862 1231 1921 superantur.
1257 1852 1338 1907 Ad
1377 1865 1473 1906 vos
1503 1849 1664 1920 igitur
1705 1848 1956 1905 salutaria
1989 1862 2090 1901 nu-

487 1947 630 2002 mina
652 1946 1020 2010 convolamus,
1051 1955 1102 1999 et
1128 1960 1284 2018 opem
1309 1945 1508 2015 largam
1541 1944 1600 1998 P.
1633 1943 1700 1998 Β.
1731 1943 2084 2013 imploramus
2112 1935 2163 1998 B
2263 1936 2415 1992 Facit
2460 1937 2779 2008 plerumque
2823 1937 2986 2006 ratio,
3033 1946 3125 1993 aut
3156 1938 3374 1994 fortuna
3423 1949 3678 1992 causarum
3699 1943 3740 1989 at
3838 1935 3839 2002 Ὺ

487 2039 679 2094 aerario
699 2079 716 2106 ,
760 2038 848 2093 cui
873 2037 982 2107 jam
1013 2036 1103 2092 diu
1134 2037 1412 2092 solitorum
1442 2036 1576 2092 nihil
1606 2034 1946 2105 vectigalium
1991 2033 2085 2089 de-

489 2141 654 2188 creta:
682 2130 970 2201 provincias
1007 2131 1368 2186 contulerunt.
1400 2130 1578 2202 Atque
1624 2129 1745 2185 ideo
1783 2129 1961 2198 justus
2003 2137 2089 2183 est

493 2236 672 2281 metus
703 2239 768 2279 ne
799 2225 1136 2280 cessantibus
1153 2224 1406 2280 subsidiis
1423 2224 1726 2280 necessaria
1745 2223 2083 2289 deserantur,

491 2334 612 2390 quae
653 2316 908 2373 hactenus
938 2332 1182 2388 personae
1210 2326 1421 2383 tenues,
1448 2317 1644 2395 alieno,
1677 2326 1733 2372 ut
1763 2325 2084 2387 queruntur,

491 2426 602 2467 are
659 2411 976 2466 tolerarunt.
1020 2411 1196 2481 Super
1243 2411 1358 2467 haec
1408 2413 1566 2469 etiam
1599 2411 1926 2467 reverendus
1954 2409 2090 2466 ordo

490 2505 799 2572 consultus,
830 2519 950 2558 cum
984 2519 1080 2574 per
1109 2519 1171 2559 se
1218 2503 1422 2559 mederi
1451 2503 1665 2560 afflictis
1711 2503 1873 2559 rebus
1902 2501 2091 2572 nequi-

496 2605 604 2660 ret,
629 2610 785 2666 opem
815 2604 1009 2651 vestra:
1039 2593 1395 2664 perennitatis
1419 2594 1613 2649 oravit.
1646 2593 1802 2648 Edita
1846 2594 1981 2647 ratio
2008 2601 2094 2650 est

493 2688 832 2760 vectigalium
854 2729 871 2753 ,
908 2704 1030 2760 quae
1075 2687 1460 2758 Hispanienses
1505 2697 1665 2758 atque
1694 2687 2096 2744 Alexandrinos

495 2781 752 2838 invehere
799 2781 984 2837 debuit
1022 2791 1375 2838 commeatus.
1426 2778 1830 2849 Expensiouum
1880 2793 2095 2849 quoque

497 2877 680 2932 titulos
723 2886 1092 2947 competentes
1139 2876 1299 2931 cilicii
1331 2889 1458 2931 cura
1496 2875 1737 2946 digessit.
1781 2873 2003 2942 Quaeso,
2039 2883 2096 2930 ut

494 2970 760 3037 omnibus,
785 2985 903 3040 quas
930 2968 1235 3038 cohaerent,
1278 2967 1504 3024 libenter
1545 2967 1822 3038 inspectis,
1879 2966 2093 3021 utilitati

494 3061 718 3133 publica;
746 3062 904 3116 velox
933 3061 1232 3116 remedium
1256 3061 1539 3132 porrigetis
1565 3078 1576 3113 :
1607 3060 1920 3132 urgentibus
1949 3061 2095 3116 enim

495 3157 692 3221 causis,
743 3155 929 3226 negari
957 3172 1068 3212 non
1095 3165 1274 3226 potest
1303 3155 1473 3212 illatio
1503 3155 1767 3212 solemnis
1811 3155 2092 3226 impendii.

498 3250 678 3317 Quare
731 3249 868 3305 ferte
917 3249 1156 3319 propitii,
1207 3258 1265 3304 ut
1312 3249 1520 3317 soletis,
1570 3250 1958 3307 auxiliumtet
2003 3251 2097 3320 qui

2181 631 2400 686 tracbiae
2425 629 2708 700 professio,
2739 643 2800 684 ac
2825 629 3178 701 quorumdam
3229 631 3477 702 capitalis
3503 631 3731 691 damnatio

2179 723 2523 780 terminasset
2551 738 2564 789 ;
2599 721 2939 790 pronuntiavi
2968 722 3334 793 cognitionem
3380 722 3514 778 sacri
3541 735 3644 780 esse
3671 725 3733 795 ju-

2182 817 2308 874 dicii
2339 859 2355 886 ,
2387 825 2443 874 et
2475 817 2817 883 Venantium,
2845 833 3006 889 quem
3038 816 3105 871 Υ.
3139 815 3202 874 C.
3233 825 3292 873 et
3323 816 3541 872 illuStris
3567 817 3734 873 officio-

2182 925 2300 965 rum
2345 908 2604 980 magister
2645 910 2883 980 jusserat
2949 908 3216 977 exhiberi,
3262 909 3452 964 censui
3504 911 3661 980 agenti
3698 912 3736 967 in
3838 935 3839 958 ι

2183 1001 2343 1058 rebus
2374 1001 2654 1067 Decentio,
2688 1016 2796 1072 quo
2824 1009 3188 1074 prosequente
3222 1009 3470 1066 venerat,
3497 1015 3608 1056 esse
3640 1003 3737 1056 red-

2183 1096 2437 1153 dendum.
2469 1095 2575 1153 Sed
2605 1111 2726 1156 cum
2779 1095 3026 1151 Venantii
3058 1095 3311 1151 stratoris
3363 1094 3593 1150 illicitam
3619 1110 3740 1149 usur-
3838 1081 3839 1088 “

2184 1196 2470 1259 patamque
2518 1189 2762 1243 militiam
2797 1189 3082 1244 Marcellus
3109 1195 3410 1260 arguerat:
3442 1187 3577 1258 quod
3614 1187 3739 1242 decu-

2185 1282 2394 1336 rionum
2424 1282 2692 1352 ascriptus
2721 1281 2867 1346 albo,
2894 1291 2952 1336 ut
2983 1290 3130 1352 gesta
3152 1281 3482 1345 docuerunt,
3502 1279 3737 1334 adversum

2186 1375 2334 1447 leges
2362 1376 2429 1433 ad
2457 1377 2693 1447 palatina
2715 1386 2893 1433 castra
2917 1377 3238 1445 transisset,
3263 1393 3376 1431 non
3405 1375 3558 1431 debui
3577 1375 3741 1446 objecta

2186 1472 2444 1541 reticere,
2473 1481 2533 1527 ut
2576 1472 2630 1527 in
2661 1486 2724 1528 ea
2755 1486 2846 1542 re,
2879 1485 3004 1540 qua:
3030 1471 3251 1526 modum
3281 1469 3393 1525 mei
3421 1469 3741 1540 egrediebatur

2189 1566 2475 1636 examinis,
2509 1566 2786 1622 aeternitas
2809 1575 2989 1622 vestra
3022 1565 3154 1636 ipsis
3188 1563 3405 1636 legibus
3430 1576 3560 1633 quas
3605 1570 3742 1619 tuetur
3838 1565 3839 1594 ³

2189 1659 2465 1730 augustior
2485 1659 2769 1730 judicaret.

2791 1751 3010 1810 EPIST.
3050 1751 3188 1808 LIX.

2230 1860 2282 1899 1).
2322 1857 2619 1900 τεεουοειο
2655 1859 2861 1900 ΒΕΙΡΕΒ
2899 1860 3026 1902 AUG.
3065 1859 3389 1901 SYIIACEUS
3427 1859 3587 1900 ΜΡ.
3624 1857 3718 1899 UII.

2189 2031 2244 2086 in
2270 2031 2659 2088 controversiis
2705 2030 2844 2086 alter
2887 2032 3169 2101 aequitate,
3223 2031 3366 2086 alter
3407 2030 3527 2101 jure
3570 2029 3740 2084 nitatur.

2191 2123 2344 2179 Tunc
2370 2123 2607 2179 humano
2636 2124 2850 2181 labante
2879 2126 3126 2197 consilio,
3154 2125 3480 2182 deliberatio
3502 2123 3742 2194 cognitoris

2189 2215 2256 2270 ad
2285 2216 2590 2274 clementiae
2622 2226 2819 2273 vestrae
2848 2218 3083 2274 recurrit
3123 2218 3432 2286 oraculum,
3474 2217 3533 2272 D.
3562 2217 3742 2286 impera-

2190 2319 2296 2364 tor.
2323 2309 2477 2378 Quod
2507 2309 2672 2365 etiam
2705 2311 2990 2380 presentis
3035 2311 3239 2382 negotii
3278 2311 3509 2382 qualitas
3528 2307 3740 2380 deposcit.
3838 2307 3839 2382 ξ

2191 2401 2326 2458 Nam
2365 2401 2514 2457 Musa
2539 2418 2712 2461 annos
2753 2418 2972 2474 egressa
3002 2404 3292 2476 legitimos,
3340 2420 3462 2462 cum
3502 2404 3550 2460 in
3578 2411 3738 2474 partem

2192 2511 2372 2552 rerum
2388 2506 2729 2566 paternarum
2745 2497 3131 2570 Syntrophium
3144 2509 3467 2571 quereretur
3476 2500 3539 2555 ad
3546 2499 3739 2561 missu,

2194 2602 2352 2658 quem
2387 2590 2556 2644 veluti
2585 2589 2785 2646 adultae
2815 2606 2926 2648 suae
2956 2591 3184 2652 fratrem,
3207 2593 3375 2650 dolus
3401 2591 3597 2649 Acholii
3623 2603 3739 2645 cura-

2197 2681 2332 2738 toris
2361 2683 2648 2750 asciverat,
2678 2684 2942 2755 integram
2967 2685 3372 2744 restitutionem
3393 2681 3740 2756 sufiragiojaris

2194 2777 2424 2847 accepit.
2445 2777 2554 2834 Sed
2594 2780 2781 2836 multis
2813 2781 3313 2850 provocationibus,
3343 2783 3598 2853 variisque
3616 2787 3738 2834 tracta

2191 2869 2431 2941 iudiciis,
2476 2873 2614 2930 intra
2644 2883 2816 2930 metas
2839 2874 2974 2945 justi
3001 2878 3263 2946 temporis
3310 2876 3545 2948 nequivit
3567 2869 3739 2940 exsequi

2196 2965 2506 3034 propositas
2535 2967 2797 3023 actiones.
2831 2967 2901 3024 Ut
2931 2984 3020 3025 res
3045 2969 3327 3037 monebat,
3354 2970 3593 3026 amissum
3617 2965 3740 3021 benc-

2198 3055 2378 3113 ficium
2423 3057 2666 3115 remedio
2713 3060 3126 3130 supplicationis
3155 3063 3466 3134 integravit.
3498 3058 3592 3116 Sed
3631 3055 3737 3112 idem

2199 3151 2484 3208 mulierum
2500 3167 2681 3221 casus,
2700 3154 2864 3210 etiam
2881 3155 3132 3226 rescripti
3149 3141 3485 3214 humanitate
3499 3147 3737 3208 fraudavit:

2199 3244 2470 3315 siquidem
2495 3247 2766 3303 mensium
2797 3259 3030 3320 quatuor
3057 3251 3222 3306 dilata
3245 3249 3547 3315 curriculis,
3577 3255 3737 3301 summo

498 3341 769 3396 mentibus
815 3340 922 3410 piis
962 3354 1102 3395 nova
1150 3339 1210 3394 P.
1239 3339 1308 3394 Β.
1337 3339 1592 3396 beneﬁcia
1637 3338 1881 3407 defertis,
1929 3341 2092 3398 etiam
2198 3336 2287 3394 die
2307 3340 2569 3409 temporis
2598 3341 2871 3410 impetrati
2900 3342 3106 3400 excidit
3131 3347 3403 3414 cognitor,
3427 3354 3633 3411 eamque
3648 3348 3737 3392 suc-

497 3436 672 3505 prisca
699 3441 956 3490 servate:
1005 3442 1165 3504 atque
1213 3432 1343 3488 Urbi
1385 3440 1582 3490 vestrae
1629 3447 1869 3488 sonuere
1907 3433 2097 3504 digne-

496 3527 663 3595 mini,
693 3535 750 3584 et
791 3527 936 3599 quod
969 3527 1354 3598 praetermissio
1394 3527 1665 3597 prieterita
1696 3528 2002 3599 suspendit,
2043 3537 2100 3588 et

497 3622 641 3692 quod
669 3621 877 3680 futurus
907 3633 1034 3677 usus
1062 3629 1344 3690 exspectat
1370 3620 1619 3678 feliciter.

1078 3712 1301 3770 EI‘IST.
1341 3711 1521 3769 LVIII.

531 3826 578 3866 ι).
626 3823 923 3868 τιιεουοεῐο
961 3824 1167 3866 8819εῆ
1208 3823 1332 3865 Αυϐ.
1370 3823 1682 3866 εγκιΑοιιυε
1719 3825 1894 3865 PBEF.
1938 3826 2057 3865 CRB.

567 3901 626 3955 In
655 3903 884 3972 negotiis
903 3946 918 3972 ,
949 3910 1192 3972 tempore
1221 3917 1282 3956 ac
1305 3901 1638 3972 judicatione
1671 3903 1856 3968 finitis,
1881 3918 2098 3960 cessare

497 4012 708 4067 tequum
738 4005 821 4052 est
843 3997 1016 4067 longae
1040 3997 1304 4052 orationis
1332 4011 1641 4065 excursum,
1677 4013 1743 4052 ne
1773 4007 1828 4053 et
1860 3999 2098 4054 numinis

497 4091 659 4147 vestri
685 4091 949 4146 salutares
973 4100 1124 4148 actus
1151 4099 1341 4146 oneret
1367 4106 1548 4147 sermo
1579 4090 1856 4160 prolixior,
1886 4101 1939 4147 et
1977 4091 2098 4148 sine

498 4176 815 4254 argumento
872 4198 1052 4239 rerum
1128 4184 1427 4254 loquacitas
1500 4199 1713 4240 morosa
1770 4183 2094 4256 displiceat,

499 4274 560 4331 D.
608 4275 917 4346 imperator.
967 4276 1102 4332 Cum
1157 4277 1214 4332 in
1261 4277 1466 4347 judicio
1517 4277 1876 4335 moderatoris
1911 4279 2095 4349 Apuli,

500 4369 640 4427 inter
662 4372 994 4439 Marcellum,
1018 4374 1192 4443 quise
1215 4372 1486 4443 dejectum
1513 4373 1858 4444 possessione
1875 4385 2099 4446 questus

501 4471 604 4530 est,
631 4461 868 4532 itemque
897 4463 1215 4519 Venantium
1243 4473 1557 4531 stratorem,
1574 4475 1632 4522 ut
1653 4468 1667 4522 i
1675 4482 1772 4537 pse
1789 4467 2096 4534 confirmat,

499 4553 725 4622 ejusque
769 4568 1080 4624 germanam
1109 4555 1466 4621 Batracbiam,
1510 4573 1672 4615 causa
1711 4559 1978 4619 violentia:
2017 4561 2100 4616 dio

503 4653 738 4710 ceretur,
774 4647 1084 4714 provocatio
1109 4663 1139 4701 a
1174 4650 1284 4703 reis
1313 4649 1616 4704 inconsulta
1651 4653 1934 4720 processit,
1957 4653 2099 4722 quod

505 4737 847 4808 provincialis
894 4739 1156 4810 cognitor,
1191 4742 1484 4810 praemissis
1515 4743 1706 4799 litteris
1751 4745 1816 4802 ad
1846 4745 2100 4804 vicariam

503 4839 855 4901 potestatem,
888 4841 1200 4903 susceptum
1249 4836 1507 4892 retineret
1548 4853 1800 4895 examen.
1827 4832 1978 4897 Tunc
2006 4856 2101 4897 au-

505 4921 688 4977 ditorii
728 4923 866 4978 sacri
893 4923 1080 4994 judex,
1115 4927 1342 4982 rectoris
1371 4929 1530 4984 affatu
1557 4945 1719 5001 super
1743 4933 2102 5003 appellatione

503 5025 585 5072 est
613 5017 910 5086 consultus,
944 5027 998 5072 et
1024 5019 1441 5088 prmjudicialem
1474 5025 1725 5080 mulctam
1762 5030 1948 5082 statuit
1971 5043 2099 5098 pro-

503 5108 876 5164 vocationibus
923 5109 1289 5176 inferendam,
1336 5124 1391 5168 et
1420 5113 1592 5184 ipsum
1625 5119 1966 5186 quaesitorem
1995 5119 2101 5174 cri-

503 5201 634 5258 mini
665 5201 847 5269 dedit,
881 5217 1004 5259 cum
1033 5206 1382 5262 exsecutione
1407 5208 1676 5266 vindictae.
1701 5214 1830 5268 l’ost
1859 5212 1975 5269 haec
2004 5215 2100 5269 ob-

502 5296 835 5364 reptionibus
865 5297 1096 5366 partium
1123 5300 1379 5357 nonnulla
1403 5312 1552 5373 gesta
1576 5313 1722 5372 sunt,
1756 5315 1815 5360 ut
1831 5305 2094 5376 judicatio

497 5398 871 5447 consummata
899 5390 1219 5448 traheretur.
1257 5393 1391 5450 Nam
1429 5407 1484 5452 et
1527 5398 1610 5452 vir
1646 5399 1955 5471 spectabilis
2001 5401 2099 5457 de-

496 5496 685 5538 cessor
713 5498 890 5555 meus,
920 5483 1044 5542 cum
1071 5487 1325 5544 mulctam
1353 5489 1912 5566 didicissetexactam,
1937 5512 2098 5567 quam

497 5573 724 5631 decreto
765 5577 910 5632 sacri
936 5579 1187 5636 auditorii
1214 5583 1499 5653 appellatio
1529 5585 1906 5657 prmjudicialis
1936 5604 2102 5660 agno-

509 5675 693 5735 verat,
747 5671 937 5726 statuit
961 5686 1176 5730 causam
1207 5675 1450 5732 criminis
1483 5677 1548 5733 ad
1580 5692 1638 5734 se
1689 5679 1888 5736 debere
1929 5690 2099 5738 trans-

505 5759 654 5817 ferri.
687 5762 873 5837 Etego
903 5766 1045 5824 idem
1078 5779 1327 5841 secutus,
1362 5784 1540 5843 partes
1567 5774 1623 5830 in
1651 5789 1879 5830 examen
1907 5776 2098 5833 accivi.

507 5851 616 5912 Sed
656 5874 780 5916 cum
808 5869 863 5917 et
891 5870 1102 5934 tempus
1130 5863 1487 5937 reparatiOuis
1516 5875 1664 5924 esset
1706 5882 2010 5938 emensum,
2044 5878 2100 5927 et

502 5961 720 6016 poenam
732 5956 1136 6022 provocationis
1159 5967 1252 6018 aut
1275 5970 1611 6033 exspectaret
1633 5972 1730 6026 aut
1759 5963 2090 6038 sumpsisset

2197 3432 2695 3499 cessoradveniens
2717 3435 2995 3506 praemisso
3019 3436 3314 3495 interdicto
3337 3441 3589 3515 potestate
3607 3429 3739 3501 priva-

2197 3535 2369 3582 verat.
2401 3525 2529 3583 Ροει
2570 3528 2707 3596 haec,
2738 3543 2859 3586 cum
2890 3529 3053 3586 vellet
3081 3531 3358 3588 infelicem
3386 3543 3554 3588 causae
3579 3525 3736 3594 lapsum

2198 3620 2543 3690 reparatione
2593 3620 2829 3689 sarcire,
2888 3621 3106 3692 objectu
3158 3623 3296 3694 legis
3343 3614 3738 3679 Constantiniana

2199 3715 2420 3786 explosa
2448 3725 2561 3787 est,
2594 3733 2718 3788 quae
2741 3726 2892 3773 extra
2920 3718 3168 3774 ordinem
3198 3717 3528 3791 temporibus
3550 3705 3736 3791 in_dultis.

2207 3808 2508 3880 longiorem
2539 3815 2756 3884 negavit
2791 3827 3103 3870 excursum.
3142 3814 3342 3872 Secuta
3372 3823 3450 3871 est
3492 3775 3738 3882 proiocatio

2183 3900 2517 3978 ‘judicatum.
2551 3904 2654 3961 Ubi
2685 3916 2905 3962 ventum
2941 3907 3008 3962 ad
3038 3921 3209 3962 sacrae
3251 3909 3400 3964 sedis
3429 3907 3739 3962 examen.ea‘

2203 3994 2324 4050 dem
2355 3997 2669 4052 constitutio
2697 4013 2726 4052 a
2758 3996 3018 4054 Faustino
3048 3998 3266 4057 baerede
3294 3997 3502 4056 Acbolii
3529 3985 3737 4052 curatoris

2201 4103 2390 4146 rursus
2419 4088 2629 4161 ingesta
2667 4101 2784 4157 est;
2827 4106 2952 4161 pars
2993 4094 3393 4162 procuratoris,
3434 4087 3515 4148 cui
3552 4081 3738 4139 actiones

2203 4182 2353 4239 Musa
2385 4183 2773 4253 mandaverat,
2815 4201 2926 4240 non
2966 4200 3065 4242 suo
3097 4187 3234 4244 vitio
3278 4200 3492 4244 causam
3531 4174 3738 4236 cecidisse

2206 4277 2539 4348 temporibus
2578 4278 2928 4349 approbabat.
2969 4279 3052 4336 Ad
3101 4281 3201 4337 hoc
3237 4291 3516 4350 parentum
3554 4264 3736 4329 numinis

2204 4371 2368 4427 vestri
2411 4371 2664 4428 divorqu
2707 4373 3008 4446 principum
3039 4377 3261 4446 protulit
3289 4375 3616 4433 sanctiones,
3649 4369 3736 4431 (1⁸³

2206 4465 2347 4520 inter
2374 4465 2611 4536 reliquas
2651 4469 2995 4539 exceptiones
3042 4472 3435 4541 reparationem
3461 4456 3736 4539 iurgantibus

2206 4558 2470 4629 tribuunt,
2496 4561 2541 4616 si
2569 4577 2663 4632 per
2691 4563 3023 4633 cognitorem
3047 4580 3205 4620 causa
3234 4565 3458 4624 labatur.
3481 4558 3600 4615 Cum
3618 4549 3735 4621 igitur

2207 4661 2262 4708 et
2293 4655 2344 4708 in
2373 4651 2758 4712 Constantiana
2782 4657 2898 4728 lege
2918 4702 2932 4728 ,
2960 4674 3065 4729 qua
3088 4661 3358 4730 reparatio
3381 4656 3613 4715 adimitur
3635 4655 3735 4700 tem-

2125 4720 2182 4783 Β
2207 4749 2430 4820 poribus
2480 4759 2632 4807 extra
2678 4750 2929 4808 ordinem
2977 4752 3147 4823 datis,
3195 4767 3353 4810 casus
3395 4754 3490 4808 iste
3529 4733 3734 4802 cessanlis

2206 4844 2581 4915 disceptatoris
2605 4860 2712 4900 non
2743 4845 2815 4901 sit
2839 4856 3118 4917 exceptus,
3150 4858 3205 4904 et
3229 4848 3520 4905 recentiora
3545 4837 3656 4894 scita
3678 4826 3734 4882 di-

2208 4956 2396 4998 vorum
2429 4941 2736 5012 Principum
2767 4943 2974 4999 cunctis
3019 4944 3248 5013 negotiis
3286 4939 3606 5017 reparatione
3640 4923 3733 5017 sull‘

2207 5036 2487 5105 venerint,
2518 5036 2567 5092 si
2601 5035 2739 5094 forte
2763 5052 2794 5092 a
2818 5037 3000 5108 judice
3026 5016 3393 5096 deserantur:
3427 5033 3579 5092 facilis
3612 5027 3654 5080 in
3677 5016 3732 5072 alr

2206 5140 2375 5187 teram
2407 5139 2613 5202 partem
2637 5146 2758 5187 esse
2788 5145 2893 5188 non
2926 5134 3071 5203 potui
3097 5175 3113 5200 ,
3145 5134 3239 5191 sed
3261 5138 3401 5206 quod
3427 5142 3574 5188 unum
3601 5126 3731 5176 reme’

2205 5225 2354 5281 dium
2388 5227 2643 5282 convenit
2667 5226 2828 5284 rebus
2859 5227 3152 5300 ambiguis,
3190 5230 3452 5286 fortunam
3482 5214 3648 5280 curiosi
3671 5212 3732 5263 lu-

2205 5317 2454 5374 ctaminis
2511 5319 3142 5390 augustissituis'legum
3205 5315 3438 5380 arbitriis
3482 5300 3730 5373 reservavi.

2206 5410 2370 5480 gestis
2395 5409 2643 5467 omnibus
2681 5411 2748 5465 de
2789 5427 2942 5468 more
2985 5411 3270 5483 subjectis,
3319 5425 3380 5472 ut
3414 5421 3580 5472 eorum
3607 5391 3728 5456 lectio

2206 5501 2582 5560 insinuationis
2606 5518 2740 5560 mea:
2767 5513 2976 5560 astruat
3000 5505 3299 5563 veritatem.

2810 5597 3027 5656 EPIST.
3070 5598 3182 5654 LX.

2280 5705 2329 5741 υ.
2363 5704 2656 5746 τιιεοοοειο
2685 5705 2889 5746 εΕωηειι
2920 5707 3043 5748 AUG.
3077 5707 3383 5752 SYMLIACIIUS
3402 5702 3552 5749 PREF.
3577 5689 3654 5735 υΙὶΙ

2282 5781 2500 5838 Urbium
2543 5784 2972 5857 populorumque
3018 5785 3342 5858 luctamina,
3389 5779 3608 5859 quoniam
3631 5763 3724 5821 ευυι

2201 5877 2410 5948 majora
2454 5880 2716 5950 privatis,
2763 5880 2969 5952 judicio
2995 5883 3309 5955 augustiore
3350 5872 3587 5942 censenda
3609 5861 3718 5919 δυηίν

2203 5969 2270 6030 D.
2301 5971 2613 6043 imperator.
2645 5971 2832 6033 Merito
2870 5973 3283 6036 Puteolanorum
3329 5991 3390 6035 ac
3433 5957 3720 6033 Termine“
