3898 6440
99 442 194 502 389

99 663 160 720 ad
185 672 394 715 sacrum
421 653 744 710 auditorium
772 667 837 706 ex
867 648 1242 720 provocatione
1265 647 1531 717 migravit,
1551 659 1674 700 cum

99 753 445 828 perspicerem
479 748 591 819 pari
639 747 791 802 lance
837 745 1116 809 libratam,
1148 741 1442 812 majestatia
1481 749 1676 795 vestra:

99 847 310 904 arbitrio
331 841 621 900 reservavi.
647 840 742 894 Est
768 847 947 894 autem
971 839 1038 894 de
1061 851 1168 906 quo
1189 835 1365 905 agitur
1389 833 1672 902 ejusmodi.

100 939 394 999 Puteolanis
456 933 815 1003 municipibus
885 932 1039 986 divus
1082 928 1464 984 Constantinus
1526 942 1589 980 cr.
1639 941 1676 981 ιι

101 1035 230 1092 mod.
265 1034 317 1087 in
363 1029 671 1086 alimoniam
719 1025 948 1081 civitatis
975 1023 1216 1079 indulsit.
1249 1022 1379 1088 Quae
1410 1035 1615 1075 summa
1644 1034 1676 1076 a

102 1129 212 1183 divo
238 1123 538 1180 Constante
565 1129 783 1190 regente
826 1132 1000 1188 remp.
1035 1115 1207 1170 media
1240 1124 1389 1183 parte
1437 1113 1677 1168 mutilata

103 1232 189 1276 est.
233 1220 371 1275 Post
394 1231 551 1288 quem
579 1213 920 1270 Constantius
970 1227 1123 1283 seque
1153 1211 1356 1266 relatus
1383 1211 1434 1264 in
1455 1210 1676 1276 ctelum,

103 1314 484 1385 supplicatione
529 1311 802 1381 deposita,
854 1310 1120 1363 annonam
1177 1305 1454 1361 Puteolani
1500 1302 1679 1374 populi

107 1422 194 1462 xxv
239 1405 392 1462 mod.
444 1403 742 1473 adjectione
787 1401 1096 1456 cumulavit.
1152 1401 1327 1469 Atque
1368 1399 1438 1452 ita
1480 1395 1678 1451 factum

106 1509 206 1566 est,
226 1507 292 1552 ut
339 1497 384 1554 C
413 1496 460 1551 Μ
495 1495 638 1550 mod.
666 1493 908 1564 ejusdem
938 1492 1120 1563 populi
1168 1493 1343 1546 vietus
1389 1489 1676 1558 acciperet.

108 1589 197 1645 Sed
225 1589 359 1644 divo
381 1588 587 1643 Juliano
628 1586 940 1640 moderante
969 1599 1143 1654 remp.
1173 1597 1292 1637 cum
1324 1581 1506 1652 Lupus
1545 1595 1680 1636 con-

107 1681 256 1736 stilari
311 1681 432 1750 fore
467 1678 771 1749 Campaniae
821 1676 1114 1748 praesidens
1142 1717 1156 1745 ,
1215 1673 1681 1729 Tarracinensium

108 1777 556 1847 cntitemplaretur
575 1774 864 1845 angustias,
894 1773 1038 1844 quod
1067 1771 1196 1827 nihil
1226 1770 1683 1826 sobsidiidecreta

107 1869 297 1924 dudum
343 1868 538 1939 oppida
568 1865 951 1931 conferebant;
983 1881 1050 1920 ne
1095 1864 1376 1919 commoda
1407 1863 1467 1920 P.
1503 1864 1567 1917 ll.
1600 1864 1682 1918 ci-

1335 418 1819 484 EPlSTOLARUM
1855 420 2062 479 LlBER
2101 420 2169 488 Χ.

99 569 222 624 sium
243 574 481 628 causam,
505 570 623 628 qua
640 563 760 626 post
779 553 1033 624 Campani
1060 551 1414 606 moderatoris
1441 563 1665 606 examen
1691 547 1748 608 Δ

3259 420 3368 486 δυο

2347 539 2564 596 EPIST.
2596 539 2732 597 LXI.
2764 551 2788 578 ⁸

1778 655 1862 694 nn.
1895 636 2323 701 vansurtmauo,
2360 649 2657 691 rusonosro
2691 651 2758 690 ετ
2797 651 3026 692 ΑιοΑωο
3067 653 3188 694 εει.
3239 654 3362 698 aue.

2229 722 2535 762 SYIMACBUS
2565 723 2735 763 PREF.
2769 723 2888 764 UBB.

1850 823 1948 880 Ubi
1962 822 2194 894 primum
2219 830 2440 879 senatus
2450 823 2814 893 amplissimus
2831 816 3151 894 semperque
3164 835 3364 896 vester,

1776 916 2001 971 subacta
2051 915 2261 986 legibus
2304 917 2430 970 vitia
2459 917 2729 987 cognovit,
2751 928 2808 972 et
2835 931 2866 972 a
2909 918 3241 988 principibus
3269 920 3371 988 piis

1779 1008 1912 1064 vidit
1955 1009 2170 1079 purgari
2214 1008 2409 1063 famam
2452 1015 2816 1079 proximorum
2877 1020 3210 1082 temporum,
3246 1013 3370 1066 boni

1781 1099 1965 1156 steculi
1996 1101 2370 1156 auctoritatem
2419 1112 2660 1168 secutus,
2701 1104 2938 1159 evomuit
2986 1104 3076 1159 diu
3127 1119 3372 1176 pressum

1781 1181 2046 1262 dolorem,
2077 1205 2239 1265 atque
2263 1199 2459 1252 iterum
2489 1212 2577 1254 me
2603 1199 2957 1278 querelarum,
2976 1215 3192 1254 suarum
3215 1200 3376 1269 jussit

1781 1302 1903 1345 esse
1931 1289 2183 1360 legatum.
2207 1288 2306 1346 Cui
2335 1289 2457 1347 ideo
2484 1291 2591 1346 divi
2623 1293 2877 1362 principis
2908 1279 3165 1364 denegata
3199 1305 3280 1349 est
3305 1295 3373 1350 ab

1782 1378 2044 1451 improbis
2071 1381 2373 1452 audientis,
2421 1384 2546 1454 quia
2577 1400 2684 1439 non
2715 1397 2832 1440 erat
2867 1385 3072 1456 justitia
3103 1371 3373 1453 defutura,

1785 1474 1895 1528 DD.
1930 1475 2303 1546 imperatores.
2339 1475 2566 1533 Gemino
2597 1479 2758 1549 igitur
2784 1480 2998 1535 functus
3026 1481 3204 1539 officio
3233 1491 3289 1539 et
3319 1491 3378 1539 ut

1787 1564 2070 1633 praefectus
2096 1577 2276 1624 vester
2303 1579 2453 1639 gesta
2476 1572 2687 1640 publica
2713 1557 3030 1646 prosequor,
3061 1584 3117 1630 et
3148 1585 3203 1628 ut
3235 1576 3378 1646 lega-

1791 1664 1878 1711 tus
1907 1656 2105 1713 civium
2155 1660 2409 1716 mandata
2453 1643 2794 1718 commendo.
2839 1666 2993 1721 Nulla
3024 1676 3106 1723 est
3155 1669 3241 1724 hic
3270 1643 3380 1724 dis-

1786 1750 1969 1806 sensio
1992 1751 2358 1821 voluntatum;
2385 1755 2507 1824 quia
2527 1758 2636 1824 jam
2674 1759 2896 1815 credere
2925 1759 3170 1818 homines
3200 1764 3376 1819 desie-

1790 1855 1914 1902 runt
1958 1848 2257 1904 aulicorum
2311 1865 2370 1906 se
2395 1851 2574 1906 studio
2619 1864 2914 1922 praestare,
2957 1857 3002 1910 si
3051 1853 3378 1927 discrepent.

109 1966 252 2028 vitas,
290 1977 412 2031 quae
440 1959 668 2016 lavacris
694 1959 920 2030 publicis
947 1959 1110 2029 ligna,
1141 1957 1408 2013 etcalcem
1435 1969 1691 2026 reparan-

1801 1940 2014 2007 Amari,
2056 1943 2194 2008 coli,
2239 1942 2422 2014 diligi,
2461 1945 2634 2014 majus
2673 1945 2898 2016 imperio
2933 1957 3034 2003 est.
3069 1949 3170 2016 Qui
3215 1950 3378 2017 ferat,

111 2056 182 2110 tlis
208 2056 486 2112 moenibus
530 2057 926 2124 subministrat,
976 2055 1186 2111 defectu
1204 2053 1382 2110 subito
1428 2053 1689 2109 exhausta

109 2152 504 2217 succumberet;
548 2168 616 2206 ut
646 2161 700 2206 et
729 2167 823 2206 occ
881 2150 1027 2206 mod.
1077 2148 1379 2205 Puteolanis
1408 2147 1692 2218 munit-ipi-

83 2242 194 2308 bus
239 2243 568 2314 derogatos,
607 2240 1073 2297 'l‘erracinensium
1117 2238 1238 2296 usui
1287 2239 1591 2308 deputavit,
1638 2247 1692 2292 et

109 2334 452 2406 amplissima:
481 2334 817 2405 praetorianae
844 2334 973 2388 sede
1002 2342 1199 2388 statuta
1231 2340 1286 2387 et
1314 2329 1541 2384 difﬁnita
1568 2343 1695 2398 sug-

110 2432 287 2499 gessit.
327 2429 674 2485 Mamertinus
713 2427 763 2484 id
809 2427 1066 2497 temporis
1109 2426 1445 2497 praefecturae
1489 2426 1694 2481 honore

112 2523 364 2589 jmllebat.
399 2521 449 2578 is
493 2536 612 2578 cum
664 2520 926 2591 disposita
971 2521 1306 2586 roborasset,
1346 2518 1695 2574 nihilominus

116 2617 387 2670 arbitriqu
417 2617 692 2683 imperiale
719 2614 1006 2680 consuluit,
1050 2627 1222 2686 neque
1251 2613 1422 2669 ullum
1473 2628 1696 2683 respon-

114 2724 237 2775 sum,
272 2710 421 2778 quod
471 2725 536 2765 eo
567 2721 810 2779 tempore
838 2709 984 2766 bello
1007 2709 1220 2766 Persico
1269 2718 1450 2766 rector
1486 2708 1697 2778 imperii

118 2802 415 2870 tenebatur,
447 2803 675 2874 accepit.
703 2803 768 2858 Et
795 2803 918 2858 hinc
948 2819 1042 2874 per
1067 2803 1268 2874 aliquot
1301 2818 1470 2857 annos
1507 2817 1700 2858 cucur-

117 2896 178 2949 rit
205 2895 313 2950 ista
346 2895 614 2965 prabitio,
645 2895 818 2952 donec
841 2895 1090 2965 Capuaua
1123 2896 1318 2966 legatio
1341 2894 1482 2965 apud
1513 2893 1697 2948 divum

118 2999 269 3058 atque
290 2989 554 3060 inclytum
575 2988 908 3058 Gratianum,
922 3003 1236 3060 germanum
1257 2988 1490 3043 numinis
1511 2985 1696 3055 vestri,

50 3109 52 3111 >
117 3098 204 3138 sua
233 3093 449 3140 tantum
500 3083 694 3139 damna
724 3083 1041 3154 deplorans,
1074 3099 1197 3139 eum
1226 3083 1478 3138 frumenti
1513 3093 1702 3135 nume-

117 3190 225 3232 rum
255 3216 270 3240 ,
322 3191 484 3246 quem
515 3176 751 3233 Cerealis
771 3193 837 3233 ex
867 3177 1052 3232 multis
1078 3176 1300 3232 urbibus
1330 3177 1396 3232 ll.
1425 3176 1484 3231 P.
1517 3173 1701 3229 vendi-

120 3277 290 3334 carat,
339 3269 549 3324 restitui
586 3269 834 3324 omnibus
873 3270 1232 3339 impetrasset.
1264 3268 1368 3325 Sed
1413 3269 1699 3324 occasione

1794 2031 2030 2088 obfuisse
2079 2034 2218 2104 reip.
2274 2036 2480 2106 privata
2539 2040 2866 2094 certamina?
2925 2041 3113 2098 Merito
3163 2053 3381 2099 senatus

1796 2124 1920 2181 illos
1953 2126 2269 2197 insequitur,
2313 2130 2402 2199 qui
2427 2131 2718 2200 potentiam
2751 2146 2901 2188 suam
2945 2133 3100 2188 fama:
3131 2118 3386 2206 principis

1799 2222 2172 2291 praetulerunt.
2197 2222 2390 2280 Noster
2410 2234 2588 2281 autem
2612 2226 2762 2283 labor
2784 2241 2880 2299 pro
2899 2228 3184 2285 clementia
3211 2240 3387 2287 vestra

1798 2313 1948 2370 ducit
1975 2316 2250 2372 excubias.
2283 2317 2378 2373 Cui
2407 2321 2550 2373 enim
2577 2321 2747 2392 magis
2775 2321 3080 2378 commodat
3107 2323 3248 2393 quod
3300 2323 3386 2378 in-

1798 2409 1984 2463 stituta
2024 2411 2286 2480 majorum
2317 2451 2334 2479 ,
2383 2412 2526 2484 quod
2558 2415 2744 2484 patrias
2764 2415 2882 2485 jura
2927 2426 2980 2472 et
3011 2416 3116 2471 fata
3149 2416 3388 2472 defendi-

1799 2517 1940 2571 mus,
1973 2519 2134 2575 quam
2166 2515 2467 2577 temporum
2515 2509 2734 2579 gloriae?
2772 2526 2894 2581 quae
2941 2521 3050 2566 tum
3083 2519 3165 2566 est
3195 2512 3387 2582 major,

1798 2612 1920 2654 cum
1970 2600 2120 2656 vobis
2161 2611 2348 2657 contra
2389 2617 2594 2658 morem
2639 2614 2920 2674 parentum
2962 2605 3256 2678 intelligitis
3311 2604 3390 2662 nil

1803 2693 1991 2748 licere.
2015 2693 2327 2764 Repetimus
2353 2697 2512 2767 igitur
2527 2698 2842 2768 religionum
2883 2706 3100 2766 statum,
3134 2701 3222 2769 qui
3248 2701 3387 2770 reip.

1801 2785 1893 2840 diu
1925 2785 2146 2855 profuit.
2197 2785 2358 2842 Certe
2395 2798 2745 2844 numerentur
2793 2791 3060 2860 principes
3108 2791 3391 2861 utriusque

1802 2887 1965 2934 sectae
2015 2881 2302 2934 sententiae
2331 2896 2345 2932 :
2378 2883 2652 2950 proximus
2693 2897 2879 2938 eorum
2922 2884 3272 2938 caeremonias
3298 2897 3392 2953 pa-

1805 2979 1944 3026 trum
1987 2973 2182 3040 coluit,
2219 2975 2488 3030 recentior
2533 2991 2636 3030 non
2689 2965 2943 3033 rem'ovit.
2981 2977 3038 3032 Si
3083 2978 3390 3048 exemplum

1803 3080 1910 3121 non
1939 3063 2072 3121 facit
2117 3067 2306 3138 religio
2337 3078 2600 3135 veterum,
2630 3070 2788 3125 faciat
2827 3071 3185 3127 dissimulatio
3215 3071 3390 3140 proxi-

1804 3175 2038 3216 morum.
2079 3161 2210 3229 Quis
2270 3161 2344 3218 ita
2394 3163 2676 3220 familiaris
2715 3175 2798 3222 est
2844 3166 3088 3222 barbaris
3132 3174 3192 3221 ut
3241 3180 3390 3222 aram

1808 3254 2059 3311 Victoriae
2103 3271 2209 3311 non
2241 3258 2686 3327 requirat.‘Cauti
2723 3259 3074 3328 imposterum
3103 3274 3309 3325 sumus,
3337 3267 3394 3316 at

121 3361 360 3431 rescripti
389 3377 512 3418 cum
550 3363 664 3418 sola
707 3379 810 3418 su
833 3372 888 3420 et
914 3379 1008 3418 vtn
1037 3364 1303 3430 modium,
1345 3379 1466 3434 quia
1495 3362 1700 3418 non-eis
1728 3343 1775 3408 C
1807 3349 2038 3404 tristium
2063 3365 2240 3406 rerum
2263 3360 2475 3406 ostenta
2498 3353 2728 3408 vitamus
2753 3371 2765 3406 :
2794 3353 3050 3409 reddatur
3073 3363 3276 3409 tantum
3297 3367 3393 3409 no-

123 3466 334 3512 acternaa
365 3456 526 3513 Urbis
545 3469 916 3526 accesserant,
951 3459 1356 3529 provincialium
1389 3472 1702 3530 recuperas-

124 3559 203 3603 set
229 3551 503 3619 alimonia,
535 3553 697 3608 etiam
720 3571 790 3608 vu
818 3564 873 3609 et
912 3570 1006 3610 nco
1041 3555 1184 3610 mod.
1216 3556 1492 3610 Puteolani
1529 3556 1704 3610 muni-

127 3642 269 3711 cipes
313 3642 789 3701 Terracinensibus
831 3647 1152 3703 abnuerunt.
1201 3648 1332 3704 Cum
1393 3650 1550 3718 igitur
1591 3651 1706 3706 haec

124 3750 274 3790 causa
323 3739 379 3790 in
420 3737 683 3807 judicium
723 3741 1062 3810 provinciale
1111 3742 1374 3808 venisset;
1409 3741 1473 3797 γ.
1506 3742 1567 3797 C.
1596 3756 1704 3797 non

120 3831 452 3888 considerata
477 3847 706 3898 summa,
737 3849 857 3904 quae
883 3835 1146 3903 rescripto
1190 3835 1299 3888 divi
1333 3835 1588 3905 principis
1620 3847 1703 3890 te-

123 3922 346 3980 nebatur
365 3963 381 3991 ,
426 3924 758 3994 judicatione
785 3926 1020 3996 generali
1047 3926 1224 3981 omnia
1251 3925 1554 3980 Puteolanis
1586 3926 1707 3981 red-

122 4019 290 4076 deuda
331 4020 592 4078 decrevit.
628 4022 823 4077 Verum
857 4031 976 4092 post
1023 4022 1437 4093 appellationem
1469 4023 1705 4092 cognitio

124 4113 372 4170 auditorii
392 4116 533 4170 sacri
564 4131 688 4172 cum
716 4116 868 4171 illum
898 4116 1152 4171 frumenti
1180 4116 1419 4182 modum,
1446 4116 1532 4184 qui
1551 4114 1708 4169 Cam-

123 4205 271 4273 panis
321 4205 496 4263 fuerat
546 4209 856 4274 restitutus,
895 4223 924 4261 a
959 4224 1032 4263 vn
1063 4218 1117 4263 et
1163 4223 1256 4262 LCC
1301 4207 1444 4264 mod.
1477 4222 1610 4276 quos
1639 4208 1708 4262 ob

125 4298 471 4354 necessitates
498 4298 655 4356 Urbis
681 4309 898 4356 attenta:
921 4300 1110 4355 civitas
1131 4299 1532 4356 Terracinensis
1562 4315 1712 4356 acce-

126 4391 217 4457 pit,
248 4391 524 4448 decretum
553 4407 675 4449 esse
702 4395 1064 4465 perspiceret;
1098 4404 1349 4450 manente
1374 4394 1601 4450 decreto
1628 4394 1711 4450 di-

129 4477 256 4538 valis
295 4485 522 4551 oraculi,
559 4501 619 4541 ea
649 4487 905 4552 subsidia,
937 4503 1058 4558 qua:
1081 4488 1493 4543 Tarracinenses
1509 4488 1710 4557 judicio

127 4573 255 4645 Lupi
284 4587 338 4632 et
361 4578 663 4634 Mamertini
696 4580 934 4650 praefecti
963 4581 1374 4638 conﬁrmatione
1404 4583 1706 4654 capiebant,

129 4681 222 4722 nec
237 4669 491 4726 roborare
513 4671 702 4739 potuit,
727 4687 848 4727 cum
873 4673 1116 4742 responsi
1139 4675 1277 4729 sacri
1307 4674 1448 4729 nulla
1473 4682 1711 4730 exstaret

128 4761 443 4827 auctoritas;
479 4777 580 4818 nec
617 4763 833 4820 demere
860 4765 1083 4833 civitati,
1116 4781 1181 4820 ne
1211 4767 1439 4836 populus
1469 4767 1710 4823 utilitati-
1735 4734 1790 4802 Β

133 4849 229 4904 bus
269 4862 480 4908 ωιθτηω
511 4853 670 4921 Urbis
691 4855 977 4923 obnoxius,
1005 4857 1164 4925 justis
1191 4859 1487 4914 commodis
1509 4859 1709 4930 indige-

128 4953 226 4998 ret.
263 4943 419 5016 Ergo,
447 4947 577 5002 utin
607 4946 771 5002 rebus
793 4948 969 5004 dubiis
996 4949 1110 5005 fieri
1136 4949 1296 5015 solet,
1322 4950 1388 5006 ad
1410 4952 1710 5007 clementiae

129 5045 321 5092 vestrae
347 5039 564 5095 salubre
591 5040 855 5110 judicium
893 5042 1276 5109 convolamus;
1315 5045 1440 5100 licet
1469 5045 1710 5101 defensio

129 5128 418 5187 Puteolana
445 5143 568 5204 post
595 5136 913 5203 promissam
952 5137 1267 5194 relationem
1300 5139 1565 5195 incassum
1591 5154 1710 5195 cre-

128 5221 323 5277 diderit
349 5227 768 5295 provocaudum.
798 5227 1098 5286 Praestoest
1117 5239 1390 5301 gestorum
1417 5231 1707 5302 ﬁdes,quaa

129 5317 508 5381 perennitatem
549 5329 782 5376 vestram
827 5323 998 5388 possit
1035 5323 1265 5382 munire.
1308 5325 1500 5392 Quaeso
1545 5334 1706 5394 atque

129 5405 350 5464 obsecro
386 5420 441 5497 ut
471 5415 686 5484 negotio
728 5414 897 5468 multa
923 5422 1082 5472 actate
1113 5418 1322 5478 nutanti
1348 5417 1561 5473 tandem
1592 5426 1704 5472 sta-

130 5498 235 5554 bile
264 5503 554 5570 remedium
582 5505 874 5563 deferatur.

1806 3445 1936 3499 mini
1968 3444 2161 3512 honor,
2181 3446 2272 3516 qui
2295 3446 2500 3501 numini
2527 3445 2934 3516 denegatusest.
2959 3447 3119 3501 Multa
3143 3447 3394 3503 Victoriae

1804 3538 1964 3593 debet
1993 3539 2266 3593 aeternitas
2283 3548 2479 3607 vestra,
2508 3549 2560 3594 et
2581 3539 2755 3595 adhuc
2781 3540 2930 3609 plura
2957 3538 3193 3596 debebit.
3228 3540 3395 3597 Aver-

1805 3641 1992 3686 sentur
2022 3632 2160 3686 hanc
2208 3641 2567 3702 potestatem,
2617 3633 2812 3703 quibus
2861 3631 2992 3688 nihil
3033 3633 3252 3704 profuit.
3287 3634 3396 3692 Vos

1806 3725 2036 3780 amicum
2070 3725 2357 3797 triumphis
2378 3727 2731 3795 patrocinium
2761 3727 2929 3782 nolite
2957 3727 3228 3784 deserere.
3254 3729 3396 3784 Cun-

1806 3817 1907 3872 ctis
1939 3819 2174 3887 potentia
2205 3821 2306 3874 ista
2339 3821 2515 3874 votiva
2554 3826 2655 3874 est.
2704 3819 2874 3874 Nemo
2904 3819 3184 3876 colendam
3213 3830 3394 3892 neget,

1807 3927 1967 3982 quam
1998 3916 2278 3983 profitetur
2298 3916 2608 3985 optandam.
2634 3915 2785 3984 Quod
2809 3917 2852 3970 si
2879 3916 3035 3985 hujus
3064 3917 3259 3971 ominis
3289 3932 3397 3973 non

1808 4015 1952 4061 esset
1988 4008 2129 4076 josta
2163 4009 2370 4078 vitatio,
2404 4009 2593 4064 saltem
2628 4012 2960 4064 ornamentis
3007 4011 3169 4064 curia:
3217 4009 3398 4065 decuit

1808 4101 2088 4156 abstineri.
2124 4102 2401 4168 Praestatc,
2431 4119 2527 4157 oro
2557 4117 2671 4169 vos,
2705 4112 2762 4158 ut
2791 4117 2851 4157 ea
2881 4078 2998 4172 qua:
3031 4103 3181 4172 pueri
3212 4117 3396 4157 susce-

1811 4194 1986 4261 pimus
2012 4233 2026 4260 ,
2069 4208 2228 4249 senes
2275 4197 2503 4264 posteris
2542 4196 2929 4261 relinquamus.
2979 4192 3398 4249 Consuetudinis

1810 4301 1962 4340 amor
1992 4301 2215 4357 magnus
2253 4297 2355 4342 est.
2389 4287 2580 4342 Merito
2605 4287 2711 4341 divi
2743 4286 3048 4341 Constantis
3083 4285 3281 4341 factum
3306 4285 3397 4340 diu

1811 4394 1918 4434 non
1947 4379 2114 4434 stetit.
2149 4380 2338 4434 Omnia
2369 4380 2522 4434 vobis
2550 4380 2793 4449 exempla
2847 4378 3058 4434 vitanda
3092 4391 3211 4433 sunt
3233 4421 3246 4445 ,
3279 4394 3399 4450 quin

1812 4489 1940 4530 mox
1977 4483 2184 4531 remota
2218 4474 2502 4530 didicistis.
2533 4473 2910 4531 ASternitatem
2951 4489 3201 4530 curamus
3243 4474 3399 4529 fama:

1810 4576 1866 4621 et
1886 4566 2120 4622 numinis
2169 4569 2368 4634 vestri,
2403 4583 2468 4624 ne
2497 4569 2624 4639 quid
2656 4569 2828 4623 futura
2859 4577 2986 4624 actas
3017 4569 3255 4624 inveniat
3281 4583 3401 4625 cor-

1815 4660 2112 4731 rigentlum.
2145 4661 2243 4718 Ubi
2278 4663 2328 4716 in
2361 4661 2506 4730 leges
2535 4671 2741 4718 vestras
2779 4671 2832 4717 et
2869 4661 3030 4717 verba
3054 4661 3399 4732 jurabimus?

1814 4771 1916 4826 qua
1946 4756 2203 4827 religione
2230 4751 2380 4812 mens
2403 4758 2533 4811 falsa
2565 4757 2870 4822 terrebitur,
2905 4771 2970 4813 ne
2996 4757 3046 4812 iu
3079 4759 3400 4814 testimoniis

1813 4849 2130 4904 mentiatur?
2157 4851 2342 4905 Omnia
2373 4850 2586 4920 quidem
2619 4851 2727 4906 Deo
2760 4851 2911 4921 plena
2944 4860 3090 4920 sunt,
3134 4867 3234 4905 nec
3261 4849 3401 4905 ullus

1813 4941 2034 5010 perfidis
2060 4950 2203 4998 tutus
2219 4953 2299 4997 est
2325 4943 2491 4997 locus.
2517 4941 2620 4996 Sed
2647 4942 2929 5012 plurimum
2953 4942 3090 4996 valet
3109 4941 3173 4995 ad
3199 4953 3401 4996 metum

1813 5033 2154 5104 delinquendi
2193 5037 2354 5090 etiam
2400 5035 2686 5104 praesentia
2740 5034 3015 5104 religionis
3063 5033 3260 5102 urgeri.
3307 5031 3400 5088 llla

1811 5143 1905 5184 ara
1936 5129 2280 5185 concordiam
2312 5138 2457 5185 tenet
2477 5130 2742 5196 omnium,
2777 5130 2867 5185 illa
2896 5144 2987 5183 ara
3013 5127 3170 5182 fidem
3201 5140 3400 5182 conve-

1813 5221 1891 5276 nit
1923 5221 2275 5292 singulorum,
2310 5237 2482 5293 neque
2506 5222 2645 5276 aliud
2679 5223 2848 5292 magis
2879 5219 3248 5275 auctoritatem
3277 5216 3403 5272 facit

1813 5318 2093 5372 sententiis
2142 5318 2371 5384 nostris,
2434 5331 2592 5388 quam
2625 5317 2767 5385 quod
2813 5315 2988 5372 omnia
3016 5315 3163 5385 quasi
3191 5312 3405 5381 juratus

1813 5412 1947 5468 ordo
1983 5412 2246 5467 decernit.
2286 5412 2497 5466 Patebit
2536 5426 2664 5481 ergo
2695 5410 2851 5464 sedes
2880 5408 3100 5478 profana
3131 5404 3402 5476 perjuriis,

1813 5516 1869 5560 et
1911 5505 2014 5561 hoc
2059 5505 2244 5576 inclyti
2284 5505 2552 5575 principes
2599 5501 2873 5575 probabile
2921 5499 3266 5570 iudicabunt,
3312 5497 3403 5570 qui
3457 5578 3462 5585 ⁸

204 5869 230 5895 ει
265 5857 388 5934 Vide
415 5859 545 5934 duas
589 5859 844 5934 epistolas
871 5875 1002 5934 quas
1025 5861 1386 5934 contrapagic
1436 5855 1746 5928 Symmachi
1771 5860 1992 5932 scripsit
2037 5860 2097 5919 S.
2123 5864 2356 5920 antistes
2399 5861 2816 5921 Mediolanensis
2859 5862 3170 5922 Ambrosius
3253 5867 3404 5920 ιυιυο

137 5913 671 5994 ειυςιηέῑιιῑὶἇῐυαῖἱιέ
688 5913 995 6000 ⁷Χγ11.ὶοιέ
1018 5913 1280 5988 901-972.
1300 5913 1450 5985 Ευιτ.
