3898 6460
535 436 632 497 39!

1752 424 1818 495 ρ.
1860 419 2208 480 sunmus
2247 419 2685 478 svuuacuus.
3681 421 3757 480 an

537 559 873 613 sacramento
895 547 1108 620 publico
1137 546 1234 603 tuti
1263 545 1425 602 sunt?
1458 543 1564 600 Sed
1592 542 1748 598 divus
1780 538 2131 597 Constantius
2156 541 2212 600 Α
2237 545 2414 592 vetera
2463 537 2714 603 decerpta
2759 543 2903 590 sunt.
2964 534 3175 592 Etenim
3223 534 3330 592 sub
3370 533 3757 610 imperatoribus,

539 647 679 703 idem
731 644 925 700 fecisse
971 641 1186 696 dicitur.
1228 639 1432 694 Cretera
1465 637 1645 708 potius
1699 636 1841 690 illius
1873 633 2130 704 principis

541 740 887 803 :emulemur;
936 736 1026 807 qui
1065 733 1195 789 nihil
1237 734 1341 788 tale
1378 741 1522 787 esset
1560 743 1886 802 aggressus,
1927 727 1972 782 si
2013 725 2132 796 quis

543 845 666 889 ante
692 849 751 890 se
781 833 919 886 alius
950 831 1236 886 deviasset.
1270 827 1502 898 Corrigit
1532 827 1674 882 enim
1705 832 2021 893 sequentem
2051 822 2131 874 la-

546 941 671 996 psus
695 924 910 996 prioris,
939 931 993 977 et
1018 921 1086 977 de
1107 920 1536 991 reprehensione
1564 915 1903 972 antecedenti
1925 928 2136 970 sexem-

550 1020 621 1090 pli
669 1019 904 1074 nascitur
929 1017 1253 1072 emendatio.
1283 1015 1416 1070 Fors
1449 1014 1548 1069 fuit
1579 1023 1636 1068 ut
1666 1027 1856 1082 parens
1887 1011 1975 1066 ille
2021 1011 2137 1065 cle-

489 1160 491 1163 .
549 1112 972 1168 rnentitevestrac
990 1111 1042 1165 in
1061 1125 1122 1165 re
1141 1109 1315 1164 adhuc
1337 1122 1473 1162 nova
1496 1121 1602 1161 non
1618 1113 1834 1160 caveret
1853 1103 2132 1158 invidiam.

550 1204 684 1259 Num
719 1214 893 1274 potest
913 1203 1079 1258 etiam
1108 1201 1264 1255 nobis
1293 1199 1482 1256 eadem
1531 1198 1776 1254 defensio
1820 1196 2133 1260 convenire,

552 1299 597 1353 si
628 1297 895 1352 imitemur
915 1297 1056 1366 quod
1079 1295 1290 1349 animus
1321 1293 1618 1363 improbat?
1652 1290 1891 1359 Accipiat
1919 1288 2130 1343 eterni-

557 1399 638 1443 tas
665 1396 838 1442 vestra
869 1387 968 1441 alia
1000 1385 1237 1456 ejusdem
1271 1385 1526 1455 principis
1555 1384 1711 1446 facta,
1745 1396 1865 1452 quas
1896 1381 1945 1434 iu
1981 1395 2136 1434 usum

557 1481 768 1553 dignius
815 1481 1007 1535 trahat.
1039 1480 1119 1534 Nil
1146 1480 1236 1534 ille
1277 1478 1546 1543 decerpsit
1573 1491 1845 1531 sacrarum
1875 1473 2137 1544 virginum

531 1573 879 1644 privilegiis,
928 1571 1166 1626 decrevit
1205 1569 1472 1624 nobilibus
1508 1566 1840 1629 sacerdotia,
1886 1564 2140 1618 Romanis

556 1666 890 1721 creremoniis
913 1679 1017 1720 non
1049 1663 1263 1733 negavit
1293 1664 1597 1732 impensas:
1621 1669 1674 1715 et
1703 1675 1795 1729 per
1820 1673 2006 1713 omnes
2029 1658 2141 1712 vias

557 1770 775 1826 aeterna;
801 1759 956 1816 Urbis
974 1760 1150 1814 laetum
1201 1767 1416 1811 secutus
1447 1765 1724 1820 senatum,
1767 1753 1901 1808 vidit
1932 1752 2141 1822 placido

557 1869 652 1909 ore
697 1854 954 1920 delubra,
995 1853 1122 1922 legit
1151 1851 1404 1919 inscripta
1442 1849 1666 1920 fastigiis
1695 1847 1853 1903 deum
1891 1846 2136 1910 nomina,

561 1956 903 2018 percontatus
959 1955 1041 2000 est
1088 1943 1410 2014 templorum
1469 1943 1740 2014 origines,
1789 1941 2012 1995 miratus
2058 1931 2484 1998 esthatalium
2511 1958 2784 1999 sacrorum
2802 1943 3031 1997 ministri
3053 1941 3418 1998 excluduntur
3440 1938 3634 2010 praediis
3651 1936 3768 1990 luere-

559 2042 886 2098 conditores.
920 2041 1159 2109 Cumque
1188 2039 1320 2093 alias
1350 2038 1636 2108 religiones
1660 2039 1773 2108 ipse
1801 2045 2140 2107 sequeretur,

560 2135 656 2189 bas
685 2125 920 2189 servavit
959 2133 1204 2200 imperio.
1250 2133 1391 2187 Suus
1419 2135 1562 2187 enim
1610 2132 1801 2200 cuique
1835 2147 1970 2198 mus,
2014 2147 2144 2186 suus

559 2231 752 2299 cuique
802 2229 935 2282 ritus
983 2235 1083 2281 est.
1145 2226 1331 2280 Varios
1379 2225 1630 2280 custodes
1678 2225 1900 2279 urbibus
1941 2223 2146 2278 cunctis

562 2335 716 2376 meus
763 2320 940 2374 divina
971 2319 1265 2374 distribuit.
1297 2317 1366 2373 Ut
1405 2318 1598 2372 anima:
1648 2317 2025 2382 nascentibus,
2075 2316 2146 2370 ita

561 2412 774 2483 pupulis
813 2411 1019 2466 natales
1063 2411 1207 2480 genii
1257 2409 1594 2464 dividuntur.
1637 2409 1854 2463 Accedit
1908 2409 2144 2475 utilitas,

560 2520 677 2574 quae
719 2507 949 2558 maxime
998 2502 1196 2556 homini
1233 2500 1363 2555 deos
1413 2501 1629 2556 asserit.
1673 2499 1804 2555 Nam
1834 2515 1956 2554 cum
2010 2499 2147 2554 ratio

561 2596 739 2655 omnis
763 2595 818 2651 in
846 2605 1036 2665 operto
1055 2594 1154 2660 sit;
1180 2593 1316 2649 unde
1347 2595 1574 2659 rectius,
1604 2610 1761 2664 quam
1794 2594 1860 2648 de
1889 2593 2148 2647 memoria

565 2695 725 2759 atque
753 2689 1090 2744 documentis
1118 2703 1298 2743 rerum
1325 2689 1706 2753 secundarum,
1740 2687 1975 2757 cognitio
2003 2686 2151 2740 venit

563 2782 877 2838 numinum?
901 2782 1019 2838 Jam
1047 2783 1092 2838 si
1133 2783 1290 2852 longa
1323 2791 1452 2838 tetas
1498 2781 1872 2838 auctoritatem
1906 2779 2151 2851 religioni

565 2876 731 2944 facit,
772 2876 1034 2932 servanda
1083 2886 1167 2932 est
1208 2886 1285 2931 tot
1336 2877 1546 2931 sarculis
1576 2877 1713 2932 fides
1737 2918 1750 2940 ,
1802 2888 1856 2932 et
1894 2875 2150 2946 sequendi

564 2977 692 3025 sunt
725 2969 880 3026 nobis
919 2974 1168 3040 parentes
1189 3011 1206 3037 ,
1258 2969 1348 3039 qui
1398 2971 1568 3024 secuti
1599 2980 1723 3024 sunt
1747 2969 1972 3025 feliciter
1999 2982 2149 3024 suos.

564 3062 790 3120 Romam
818 3079 960 3120 nunc
984 3074 1230 3133 putemus
1248 3063 1526 3131 assistere,
1560 3073 1719 3134 atque
1753 3064 1836 3117 his
1872 3063 2149 3118 vobiscum

565 3174 728 3229 agere
768 3158 1127 3214 sermonibus.
1174 3157 1374 3226 Optimi
1400 3160 1704 3229 principes,
1732 3167 1908 3228 patres
1941 3161 2148 3228 patriae,

567 3250 892 3304 reveremini
936 3264 1106 3304 annos
1137 3263 1306 3317 meos,
1356 3251 1408 3304 in
1439 3267 1574 3320 quos
1606 3267 1690 3306 me
1726 3253 1845 3322 pius
1887 3251 2022 3306 ritus
2049 3251 2148 3306 ad-

570 3343 743 3408 duxit,
770 3352 831 3397 ut
857 3353 977 3398 utar
1004 3346 1340 3400 caeremoniis
1365 3346 1520 3400 avitis
1552 3363 1565 3399 :
1609 3361 1780 3416 neque
1809 3348 1950 3401 enim
1984 3349 2152 3416 poeni-
2180 3327 2226 3392 ε
2259 3347 2650 3419 provinciarum
2673 3349 2910 3404 omnium
2943 3347 3132 3402 messis
3155 3362 3300 3417 aegra
3321 3344 3545 3414 decepit.
3569 3339 3665 3394 Non
3685 3341 3767 3388 sunt

571 3442 669 3490 tet.
694 3433 880 3488 Vivam
900 3450 1050 3490 more
1081 3451 1224 3501 meo,
1257 3438 1376 3505 quia
1402 3437 1571 3493 libera
1599 3453 1736 3492 sum.
1770 3438 1867 3492 llic
1894 3438 2070 3492 cultus
2095 3441 2150 3494 in

571 3527 717 3597 leges
761 3543 907 3582 meas
937 3527 1122 3583 orbem
1169 3529 1405 3599 redegit;
1453 3530 1567 3585 haec
1597 3533 1747 3585 sacra
1777 3531 2094 3587 Annibalem
2119 3548 2150 3586 a

578 3619 880 3688 moenibus,
922 3635 951 3674 a
998 3620 1264 3690 Capitolio
1289 3623 1530 3676 Senonas
1575 3623 1905 3691 repulerunt.
1939 3625 2018 3679 Ad
2049 3625 2153 3680 hoc

577 3729 710 3784 ergo
741 3723 950 3768 servata
979 3727 1096 3768 sum
1129 3724 1186 3769 ut
1228 3715 1464 3785 longaeva
1517 3716 1921 3787 reprehendar?
1954 3717 2152 3772 Videro

572 3806 731 3877 quale
770 3805 839 3859 sit
865 3805 1007 3875 quod
1037 3806 1422 3863 instituendum
1459 3818 1691 3878 putatur.
1722 3811 1849 3866 Sera
1893 3819 2070 3866 tamen
2100 3819 2155 3868 et

571 3898 956 3953 contumeliosa
1008 3908 1093 3954 est
1141 3900 1443 3955 emendatio
1495 3903 1804 3958 senectutis.
1864 3903 2004 3974 Ergo
2051 3903 2153 3958 diis

573 3991 792 4062 patriis,
843 3991 947 4047 diis
996 3992 1320 4063 indigetibus
1362 4009 1548 4064 pacem
1596 4011 1867 4066 rogamus.
1918 3997 2155 4068 [Equum

573 4093 685 4150 cst,
712 4083 967 4156 quidquid
990 4085 1206 4141 'omnes
1245 4088 1460 4155 colunt,
1509 4104 1673 4143 unum
1722 4091 1918 4160 putari.
1952 4089 2153 4146 Eadem

573 4190 878 4248 spectamus
926 4188 1103 4248 astra,
1148 4195 1432 4236 commune
1481 4182 1678 4237 cmlum
1722 4184 1836 4250 e'st,
1878 4184 2018 4240 idem
2056 4199 2156 4241 nos

505 4346 507 4348 η
574 4271 806 4326 mundus
838 4272 1079 4327 involvit.
1111 4273 1248 4341 Quid
1280 4273 1522 4342 interest,
1553 4290 1655 4345 qua
1673 4277 1899 4347 quisque
1926 4277 2156 4347 pruden-

576 4363 646 4418 tia
673 4379 860 4418 verum
888 4365 1159 4436 inquirat?
1189 4365 1304 4421 Uno
1331 4366 1524 4423 itinere
1552 4383 1657 4423 non
1685 4380 1859 4440 porest
1891 4370 2156 4441 perveniri

577 4453 644 4509 ad
666 4464 772 4508 tam
816 4457 1018 4526 grande
1043 4469 1328 4513 secretum.
1373 4459 1480 4516 Sed
1510 4460 1627 4517 haec
1653 4464 1947 4518 otiosorum
1974 4464 2155 4535 dispu-

580 4545 710 4600 tatio
757 4556 860 4602 est.
911 4547 1063 4603 Nunc
1109 4565 1324 4620 preces,
1375 4568 1481 4608 non
1533 4557 1827 4610 certamina
1859 4556 2152 4614 offerimus.

579 4637 788 4705 Quanto
816 4642 1102 4696 commodo
1129 4644 1265 4698 sacri
1293 4646 1469 4699 aerarii
1493 4647 1660 4702 vestri
1689 4649 1966 4704 vestalium
1993 4651 2154 4720 virgi-

581 4746 708 4786 num
745 4735 1093 4805 praarogativa
1125 4738 1367 4792 detracta
1405 4739 1521 4794 est?
1562 4740 1680 4796 Sub’
1712 4742 2025 4812 largissimis
2057 4747 2159 4800 im-
2183 4721 2239 4783 Β

582 4828 920 4896 peraturibus
950 4829 1266 4901 denegatur,
1288 4832 1430 4903 quod
1456 4834 1755 4903 parcissimi
1779 4839 2158 4906 praestiterunt.

583 4919 768 4975 Honor
795 4919 944 4976 solus
997 4932 1080 4978 est
1100 4923 1152 4978 in
1181 4924 1271 4978 illo
1302 4927 1446 4981 velut
1487 4929 1752 4998 stipendio
1781 4934 2063 4990 castitatis.
2099 4933 2165 4991 Ut

584 5014 729 5070 vitta:
753 5030 934 5072 earum
961 5017 1121 5089 capiti
1157 5018 1318 5076 decus
1348 5021 1566 5091 faciunt,
1614 5026 1684 5079 ita
1713 5026 1920 5098 insigne
1950 5029 2165 5088 ducitur

585 5110 872 5166 sacerdotii
901 5125 1124 5167 vacasse
1153 5114 1485 5172 muneribus.
1527 5116 1734 5173 Nudum
1765 5121 2164 5189 quodammodo

582 5216 780 5259 t'omen
812 5205 1160 5261 immunitatis
1192 5209 1486 5278 requirunt,
1513 5212 1762 5281 quoniam
1793 5226 2105 5285 paupertate
2131 5233 2160 5272 a

587 5297 866 5366 dispendio
898 5308 1026 5353 tuta:
1045 5309 1189 5354 sunt.
1215 5301 1395 5373 Itaque
1417 5307 1648 5374 amplius
1677 5307 1820 5363 laudi
1857 5325 2039 5366 earum
2071 5313 2164 5367 tri-

587 5387 787 5456 buunt,
829 5390 919 5461 qui
960 5391 1161 5462 aliquid
1201 5395 1280 5448 rei
1327 5395 1646 5453 detrahunt:
1695 5400 1958 5471 siquidem
2003 5405 2163 5460 saluti

527 5561 530 5563 Α
589 5482 814 5551 publicae
861 5484 1031 5540 dicata
1073 5487 1348 5558 virginitas
1396 5493 1590 5547 crescit
1615 5497 1841 5566 merito,
1874 5513 1994 5552 cum
2018 5510 2165 5556 caret

591 5577 830 5645 praemio.
881 5579 1070 5636 Absint
1110 5585 1176 5639 ab
1205 5585 1378 5639 aerarii
1419 5589 1581 5643 vestri
1617 5591 1846 5659 puritate
1877 5593 1975 5648 ista
2014 5609 2165 5648 cum-

591 5669 807 5738 pendia.
830 5670 1014 5728 Fiscus
1042 5665 1302 5731 bonorum
1333 5679 1653 5751 principum,
1681 5700 1785 5738 non
1828 5687 2165 5742 sacerdotum

592 5763 801 5820 damnis
821 5806 836 5833 ,
868 5768 960 5822 sed
996 5769 1227 5826 hostium
1256 5774 1441 5841 spoliis
1469 5784 1744 5846 augeatur.
1794 5778 2049 5835 Ullumne
2082 5781 2167 5835 lu-

585 5873 741 5927 crum
766 5870 1080 5930 compensat
1099 5861 1352 5919 invidiam
1371 5865 1473 5922 lEt
1491 5869 1614 5940 quia
1635 5871 1858 5927 avaritia
1885 5873 1937 5927 in
1964 5882 2170 5930 vestros

595 5965 776 6008 mores
799 5968 904 6008 non
929 5953 1090 6017 cadit,
1115 5954 1218 6012 hoc
1239 5959 1548 6017 miseriores
1568 5971 1692 6018 suut
1711 5963 1907 6032 quibus
1929 5965 2168 6030 subsidia

2234 633 2322 699 qui
2351 631 2524 686 alieno
2553 630 2846 694 abstinent,
2886 629 2975 700 qui
2999 630 3266 685 resistunt
3313 629 3596 700 cupiditati,
3620 633 3674 686 ad
3696 649 3758 687 so-

2233 727 2337 780 lam
2367 724 2667 780 detrahitur
2693 723 2990 787 amittentis
3021 723 3300 793 injuriam,
3328 723 3470 795 quod
3498 724 3757 783 desiderium
3838 793 3839 798 η

2235 833 2340 874 non
2370 827 2549 873 movet
2589 816 2906 873 aufercntis.
2936 819 3109 888 Agros
3135 817 3307 873 etiam
3332 818 3610 887 virginibus
3632 830 3675 873 et
3695 823 3758 874 mi-

2237 915 2424 968 nistris
2449 912 2814 968 deﬁcientium
2841 915 3114 968 voluntate
3152 914 3366 983 legatos
3401 913 3552 968 ﬁscus
3570 922 3774 1000 retentas.
3838 915 3839 1000 χ

2235 1006 2344 1062 Oro
2381 1022 2478 1061 vos
2517 1007 2736 1074 justitire
2777 1005 3081 1062 sacerdotes
3106 1047 3121 1071 ,
3151 1014 3209 1060 ut
3258 1004 3388 1060 Urbi
3439 1016 3617 1060 vestrae
3639 985 3775 1074 sacris}

2239 1101 2494 1156 reddatur
2516 1101 2719 1170 privata
2744 1099 3035 1154 successio.
3058 1098 3274 1154 Dictent
3300 1107 3600 1153 testamenta
3619 1067 3777 1163 securi,’

2239 1205 2292 1250 et
2331 1197 2506 1250 sciant
2551 1193 2652 1250 sub
2685 1194 3016 1264 principibus
3062 1209 3167 1248 non
3223 1194 3405 1247 avaris
3443 1192 3620 1247 stabile
3653 1208 3761 1253 esse.
3838 1265 3839 1270 η

2240 1289 2381 1360 quod
2426 1288 2765 1358 scripserint.
2814 1288 3055 1343 Delectet
3085 1302 3180 1342 vus
3214 1289 3316 1341 ista
3364 1285 3579 1341 felicitas
3607 1285 3762 1355 generis
3838 1289 3839 1366 ι

2241 1383 2482 1438 humani.
2537 1381 2714 1449 Cmpit
2757 1396 2934 1436 causae
2981 1380 3140 1449 hujus
3183 1379 3502 1447 exemplum
3543 1378 3764 1431 sollicitare

2242 1477 2556 1531 morientes.
2610 1475 2750 1545 Ergo
2800 1473 3054 1528 Romanae
3103 1472 3404 1541 religiones
3451 1469 3549 1525 sub
3591 1470 3762 1522 Romam

2240 1569 2359 1638 jura
2391 1583 2494 1624 non
2521 1568 2823 1638 pertinent?
2853 1566 3006 1635 Quod
3037 1580 3237 1620 nomen
3267 1563 3498 1634 accipiet
3534 1562 3698 1616 ablatio
3717 1561 3766 1615 ia-
3838 1571 3839 1638 ξ

2243 1664 2500 1718 collatum
2528 1707 2541 1730 ,
2573 1679 2707 1733 quas
2732 1661 2872 1717 nulla
2905 1661 3012 1726 lex,
3037 1661 3219 1716 nullus
3241 1673 3402 1715 casus
3427 1657 3546 1713 fecit
3568 1656 3765 1712 caducas?
3838 1656 3839 1734 l

2244 1756 2472 1825 Capiunt
2514 1749 2683 1826 legata
2732 1755 2931 1821 liberti,
2981 1756 3151 1810 servis
3199 1762 3632 1810 testamentorum
3671 1752 3765 1817 just:

2247 1848 2528 1904 commoda
2553 1863 2658 1902 non
2701 1859 2983 1918 negantur.
3015 1834 3250 1902 Tantum
3297 1845 3503 1901 nobiles
3531 1844 3717 1913 virgines
3735 1851 3766 1894 ct

2247 2035 2414 2092 ditate
2442 2035 2699 2105 quaesitis.
2731 2034 2867 2101 Quid
2889 2033 3038 2104 juvat
3062 2034 3219 2088 saluti
3246 2033 3476 2104 publicre
3499 2041 3673 2086 castum
3689 2043 3767 2082 cor-

2250 2148 2351 2203 pus
2381 2133 2586 2198 dicare,
2618 2139 2673 2187 et
2699 2131 2907 2200 imperii
2936 2130 3290 2186 aeternitatem
3318 2126 3616 2184 crelestibus
3640 2124 3768 2178 fulcire

2251 2225 2541 2295 praesidiis;
2574 2224 2740 2278 armis
2769 2224 2962 2279 vestris
2983 2232 3144 2292 atque
3170 2223 3274 2276 alis
3307 2221 3504 2276 vestris
3531 2219 3767 2281 amicasap-

2249 2320 2446 2389 plicare
2461 2319 2715 2381 virtutes,
2745 2332 2842 2387 pro
2863 2316 3111 2371 omnibus
3131 2316 3382 2371 efﬁcacia
3403 2323 3520 2370 vota
3541 2310 3765 2380 suscipere,

2249 2411 2328 2478 'etj
2339 2429 2398 2466 us
2410 2428 2529 2467 cum
2550 2411 2800 2467 omnibus
2815 2427 2917 2467 non
2937 2411 3170 2468 habere?
3188 2412 3375 2482 Itaque
3393 2409 3573 2465 melior
3582 2403 3766 2460 estservi

2253 2515 2357 2571 tus,
2384 2520 2503 2575 quae
2529 2506 2832 2560 hominibus
2861 2505 3206 2574 impenditur.
3243 2505 3438 2573 Remp.
3465 2501 3690 2561 ladimus,
3712 2493 3766 2548 cui
3838 2493 3839 2550 ἓ

2254 2614 2524 2668 nunquam
2546 2599 2783 2666 expedit,
2800 2609 2855 2652 ut
2873 2600 3073 2668 ingrata
3091 2600 3182 2654 sit.
3197 2598 3372 2653 Nemo
3405 2611 3488 2650 me
3503 2601 3633 2664 putet
3650 2589 3766 2643 solam

2253 2706 2471 2747 causam
2508 2691 2824 2761 religionum
2869 2693 3023 2748 tueri.
3056 2691 3133 2746 Ex
3179 2688 3489 2762 hujusmodi
3521 2681 3767 2741 facinoribus

2255 2795 2370 2842 orta
2388 2796 2514 2841 sunt
2533 2793 2722 2841 cuncta
2748 2785 2963 2840 humani
2983 2786 3195 2855 generis
3219 2781 3573 2840 incommoda.
3594 2778 3767 2832 Honora-

2254 2888 2404 2934 verat
2421 2879 2505 2933 lex
2524 2888 2801 2948 parentum
2822 2879 3054 2934 vestales
3072 2878 3333 2948 virgines,
3348 2891 3412 2931 ac
3428 2874 3670 2930 ministros
3682 2868 3762 2921 deo

2255 2987 2376 3027 rum
2392 2971 2534 3024 'victu
2549 2971 2780 3038 modico,
2801 2971 3066 3041 justisque
3085 2968 3408 3039 privilegiis.
3430 2957 3578 3022 Stetit
3598 2957 3766 3016 muneris

2257 3050 2415 3136 hujus
2463 3064 2741 3134 integritas
2773 3078 2938 3134 usque
2981 3063 3045 3118 ad
3077 3063 3380 3134 degeneres
3418 3053 3687 3128 trapezitas,
3711 3048 3766 3118 Illli

2257 3158 2322 3213 ad
2356 3157 2658 3214 mercedem
2700 3155 2879 3211 vilium
2926 3156 3224 3225 bajulnrnm
3268 3158 3436 3211 sacra:
3468 3146 3691 3208 castitatis
3708 3139 3764 3194 ali-

2258 3264 2435 3308 menta
2464 3261 2759 3309 verterunt.
2793 3251 2986 3308 Secuta
3010 3261 3090 3307 est
3137 3252 3310 3307 fames
3351 3249 3571 3321 publica,
3598 3250 3644 3298 et
3665 3249 3766 3309 spem
3838 3249 3839 3320 ι

2255 3442 2369 3498 haec
2394 3443 2521 3498 vitia
2553 3452 2840 3499 terrarum.
2868 3441 3007 3498 Nihil
3051 3451 3362 3512 mputamus
3382 3438 3767 3496 austrismecrtl'
3838 3438 3839 3514 ᾗ

2255 3534 2379 3603 higo
2403 3535 2677 3604 segetibus
2702 3535 2890 3596 obfuit,
2925 3548 3024 3588 nec
3055 3547 3219 3588 avena
3277 3533 3456 3603 fruges
3484 3524 3681 3584 necavit.
3706 3518 3768 3572 Sa-

2255 3627 2476 3696 crilegio
2507 3641 2680 3681 annus
2707 3625 2936 3682 exaruit.
2967 3624 3198 3680 Necesse
3221 3625 3366 3680 enim
3397 3622 3491 3676 fuit
3513 3615 3663 3689 perire
3687 3623 3766 3664 oui-

2257 3721 2433 3787 nihus,
2464 3718 2608 3790 quod
2637 3717 2985 3789 religionibus
3012 3717 3326 3787 negabatur.
3340 3715 3494 3800 ρει-ιε
3511 3711 3555 3767 si
3573 3715 3642 3765 est
3658 3701 3768 3770 hujus
3838 3723 3839 3800 ξ

2257 3815 2384 3870 mali
2423 3788 2638 3884 aliquod
2666 3788 2997 3882 exemplum,
3038 3788 3593 3882 irnputemus‘tantam
3629 3803 3766 3855 famem
3838 3788 3839 3826 ³

2256 3910 2463 3964 vicibus
2492 3921 2776 3962 annorum.
2803 3907 2992 3962 Gravis
3023 3909 3161 3962 hanc
3190 3907 3525 3964 sterilitatem
3551 3909 3657 3954 aura
3675 3902 3766 3947 con-

2257 4001 2490 4057 strinxit.
2520 3999 2880 4072 Sylvestribus
2906 4000 3138 4055 arbustis
3159 4001 3264 4054 vita
3293 3997 3605 4072 producitur,
3629 3995 3670 4042 et
3686 3995 3766 4038 rur-
3838 4053 3839 4058 η

2258 4112 2349 4152 sus
2380 4097 2445 4151 ad
2478 4095 2776 4150 Dodonaeas
2798 4094 3020 4149 arbores
3052 4093 3224 4164 plebis
3255 4095 3468 4148 rustica:
3507 4084 3660 4154 inopia
3679 4088 3766 4130 θοο-

2260 4191 2474 4245 volavit.
2508 4189 2645 4258 Quid
2678 4190 2783 4244 tale
2823 4189 3009 4258 proavi
3050 4188 3420 4257 pertulerunt,
3470 4195 3581 4238 cum
3612 4168 3767 4266 ηιξιίεξ·

2259 4300 2383 4340 num
2412 4284 2687 4340 ministros
2732 4283 2904 4338 honor
2943 4281 3187 4351 publicus
3228 4263 3710 4352 pasceret?Quando
3731 4263 3765 4310 in

2260 4393 2386 4436 usus
2417 4378 2690 4434 hominum
2721 4389 2980 4432 concussa
3011 4376 3283 4446 quercus?
3302 4369 3511 4447 quando
3528 4362 3667 4419 vulsa
3681 4354 3768 4447 sttui

2260 4472 2544 4529 herbarum
2595 4471 2838 4527 radices?
2859 4441 3072 4540 quando
3103 4441 3345 4524 alternos
3390 4463 3639 4534 regionum
3663 4441 3766 4550 deice

2260 4575 2378 4621 ctus
2401 4566 2640 4621 deseruit
2670 4564 2970 4621 fecunditas
2997 4573 3202 4629 mutua,
3231 4578 3354 4618 cum
3389 4553 3572 4628 popqu
3596 4554 3640 4602 et
3659 4549 3766 4604 urar

2263 4660 2421 4714 nibus
2461 4658 2631 4713 sacris
2656 4658 2955 4713 communis
2982 4665 3126 4713 esset
3154 4653 3405 4712 annona?
3425 4629 3768 4706 Commendat)?l

2265 4753 2407 4809 enim
2454 4761 2719 4807 terrarum
2755 4760 3043 4822 proventus
3081 4751 3254 4805 victus
3303 4743 3602 4803 antistitum.
3633 4736 3677 4785 εί
3707 4731 3768 4775 ’θ’

2271 4847 2503 4904 medium
2550 4847 2719 4918 magis
2761 4861 2919 4917 quam
2959 4847 3176 4917 largitas
3205 4855 3341 4901 erat.
3379 4841 3459 4897 An
3491 4829 3677 4891 dubium
3697 4821 3766 4914 es",

2266 4958 2480 5014 semper
2502 4958 2599 5014 pro
2620 4942 2771 5011 copia
2800 4940 3036 4996 omnium
3068 4941 3271 5008 datum,
3299 4935 3439 5010 quod
3478 4939 3604 4988 nunc
3627 4918 3765 5016 -ἰῗορξ

2266 5008 2847 5092 omn-ium'vindicavit?
2873 5033 3023 5088 Dicet
3044 5031 3256 5102 aliquis,
3282 5008 3544 5098 sumptum
3566 5008 3770 5102 public“?

2267 5128 2586 5200 denegatum
2615 5127 2806 5183 alienze
2824 5126 3097 5196 religionis
3126 5099 3426 5194 impendiis.
3456 5110 3636 5174 Absita

2269 5198 2600 5292 principibus
2629 5221 2730 5274 ista
2764 5220 3050 5286 sententia,
3084 5228 3140 5273 ut
3168 5218 3308 5288 quod
3342 5216 3407 5272 de
3431 5198 3770 5292 communifm:

2268 5279 2491 5371 busdam
2519 5315 2774 5370 tributum
2801 5323 2903 5382 est,
2929 5313 2983 5367 in
3004 5311 3126 5382 jure
3152 5279 3263 5366 ﬁsci
3284 5323 3399 5367 esse
3422 5303 3652 5359 \ideatur.
3675 5279 3768 5382 [ξφ

2271 5425 2390 5465 cum
2414 5409 2632 5479 respub.
2664 5407 2732 5464 de
2759 5375 2983 5477 singulis
3004 5375 3253 5473 constet,
3284 5402 3420 5478 quod
3453 5398 3517 5454 ab
3535 5405 3590 5449 ea
3612 5375 3770 5473 profici

2272 5503 2460 5569 scitur,
2492 5478 2552 5556 fit
2574 5515 2759 5557 rursus
2790 5499 3062 5572 proprium
3104 5499 3453 5572 singulorum.
3480 5478 3769 5572 Omniai’ei‘t

2274 5597 2368 5662 tis,
2419 5596 2514 5654 sed
2565 5612 2720 5652 suum
2770 5569 2964 5668 cuique
3017 5569 3268 5665 servatis,
3309 5595 3521 5665 plusque
3553 5569 3676 5650 afma.

2264 5691 2471 5762 justitia
2529 5707 2688 5762 quam
2727 5651 2938 5749 licentia
2964 5691 3124 5747 valet.
3151 5651 3424 5746 Consulite
3451 5651 3767 5772 certe

2271 5787 2499 5844 centiam
2540 5803 2799 5858 vestram,
2850 5803 2916 5843 an
2962 5787 3078 5845 haec
3115 5787 3323 5863 publica
3362 5782 3484 5842 velit
3522 5761 3767 5863 exim-mir}:
3803 5798 3809 5842 .·

2271 5881 2463 5951 quasiu
2486 5845 3016 5942 alios—tran—s'tulistis.
3050 5845 3232 5943 Semel
3276 5876 3458 5942 honori
3481 5861 3618 5955 Urbis

2272 5941 2584 6046 corripendia
2605 5976 2856 6034 desinunt
2883 5993 3002 6037 esse
3029 5941 3400 6042 tribuentium;
3422 5974 3474 6029 et
3489 5951 3608 6036 quod
3630 5960 3654 6002 α
3674 5941 3756 6010 Ρτ¹¹¹
