3898 6454
139 405 223 460 593

1357 395 1828 456 EPISTULARUM
1869 397 2062 454 LIBER
2106 398 2170 452 Χ.

3221 408 3322 466 31M

136 518 250 586 cipio
277 513 567 571 beneﬁcium
598 511 714 578 fuit,
747 526 846 567 usu
879 519 1037 582 atque
1081 520 1237 568 mtate
1276 513 1333 566 fit
1382 513 1642 567 debitum.
1679 516 1728 573 Α
1753 523 1834 567 est
1869 513 1912 568 si
1944 514 1995 567 in
2024 514 2192 570 oculis
2230 514 2434 583 positus
2462 524 2729 572 mereatur
2767 519 2980 590 aliquod
3019 537 3324 580 monumen-

134 609 311 662 Inanem
341 605 490 674 igitur
512 610 710 658 metum
735 603 913 657 divino
939 603 1118 656 animo
1145 612 1323 658 vestro
1355 611 1527 657 tentat
1567 603 1650 656 iu-

132 707 304 762 cutere,
334 695 374 749 si
394 695 505 763 quis
539 693 729 748 asserit
756 692 1138 748 conscientiam
1162 706 1256 745 vos
1295 691 1495 746 habere
1524 707 1656 761 prac-

131 791 358 854 bentium,
385 787 479 840 nisi
509 785 898 841 detrahentium
938 786 1134 841 subieri
1161 785 1206 840 is
1238 785 1510 840 invidiam.
1556 786 1656 838 Fa-

132 885 263 935 teant
299 875 581 932 clementiae
611 884 803 931 vestrae
857 886 1120 932 seetarum
1167 877 1402 930 omnium
1464 891 1654 929 arcana

128 969 352 1038 prmsidia,
377 977 427 1020 et
457 967 570 1020 haec
599 967 851 1030 maxime,
877 980 997 1035 qute
1043 965 1275 1033 majores
1315 973 1523 1019 vestros
1555 965 1653 1018 al:-

127 1056 301 1125 quando
323 1057 592 1126 juverunt,
631 1070 727 1109 vos
763 1053 1073 1118 defendant,
1119 1069 1146 1106 a
1193 1054 1346 1109 nobis
1391 1054 1652 1108 colantur.

129 1140 236 1205 Eum
274 1151 574 1219 religionum
625 1157 820 1204 statum
854 1147 1105 1216 petimus,
1134 1147 1223 1216 qui
1268 1146 1392 1200 divo
1435 1147 1644 1214 parenti

125 1242 326 1296 culminis
377 1242 539 1295 vestri
597 1240 830 1294 servavit
879 1239 1184 1307 imperium,
1235 1237 1324 1302 qui
1381 1237 1652 1291 fortunato

124 1331 304 1401 principi
344 1330 602 1400 legitimos
652 1328 861 1384 suIIecit
909 1328 1168 1383 lueredes.
1211 1328 1428 1395 Spectat
1469 1321 1652 1382 senior

123 1421 193 1473 ille
217 1418 349 1472 dirus
376 1434 438 1472 ex
487 1433 613 1473 arce
644 1417 850 1472 siderea
897 1418 1162 1488 lacrymas
1201 1417 1561 1480 sacerdotum,
1597 1428 1649 1470 et

122 1524 166 1563 se
188 1509 426 1577 culpatum
470 1517 617 1578 putat
653 1521 803 1562 more
833 1507 1054 1575 violato,
1088 1523 1246 1577 quem
1280 1507 1507 1563 libenter
1531 1509 1644 1577 ipse

120 1601 585 1657 servavit.Pra’.state
597 1601 755 1656 etiam
770 1601 892 1674 divo
905 1600 1053 1655 fratri
1073 1608 1254 1655 vestro
1265 1600 1423 1655 alieni
1438 1601 1625 1654 consili

119 1696 476 1758 correctionem;
511 1693 671 1764 legite
693 1695 887 1748 factum
915 1695 1052 1762 quod
1084 1695 1290 1747 senatui
1314 1693 1647 1761 displicuisse

119 1785 599 1856 nescivitzsiquidetn
630 1795 840 1840 constat
860 1784 980 1839 ideo
1009 1784 1278 1839 exclusam
1304 1784 1643 1856 legationi-tn,

1763 613 1870 657 tum
1894 604 2184 673 religionis,
2209 605 2294 675 qui
2331 608 2526 661 meruit
2551 608 2836 664 advocari?
2861 611 2974 666 Non
3007 613 3120 669 fero
3145 618 3325 686 signa-

1762 705 1950 761 torem,
1973 696 2056 750 cui
2090 711 2211 766 pars
2249 698 2509 753 bonorum
2544 715 2728 772 magna
2759 703 3012 758 defertur.
3053 707 3182 762 Nam
3224 714 3324 765 etsi

1760 790 1959 856 integra
1988 789 2334 852 conscientia,
2367 805 2472 843 non
2506 799 2678 846 tamen
2711 794 2918 849 sincero
2958 797 3160 865 pudore
3190 800 3324 853 dita-

1759 888 1859 931 tur.
1893 883 1959 932 At
1989 894 2112 933 vero
2147 880 2259 935 haec
2291 880 2429 934 levia
2481 884 2721 952 pignora,
2767 895 2857 939 aut
2894 890 3093 942 amoris
3132 894 3320 958 gratia,

1756 977 1849 1021 aut
1892 969 2160 1023 testatoris
2202 972 2517 1026 verecundia
2575 973 2965 1044 relinquuntur.
3014 969 3150 1032 Nihil
3203 979 3326 1034 huic

1759 1059 1998 1129 religioni
2044 1062 2193 1117 novis
2237 1063 2438 1133 lcgihus
2486 1064 2797 1133 derogatum
2847 1079 2950 1124 est.
3008 1071 3182 1126 Manet
3226 1074 3326 1128 iste

1757 1165 1906 1218 usus,
1948 1161 2001 1205 et
2056 1151 2208 1208 nobis
2253 1152 2373 1220 jura
2431 1158 2767 1212 servantibus
2815 1174 3028 1228 semper
3066 1164 3324 1220 manebit.
3387 1202 3390 1206 ι

1758 1239 1904 1294 Unus
1932 1249 1986 1294 et
2032 1242 2180 1296 solus
2211 1252 2327 1310 post
2367 1243 2649 1300 humanam
2695 1249 3004 1305 memoriam
3049 1254 3326 1308 rationalis

1752 1331 1993 1396 emersit,
2019 1333 2108 1401 qui
2141 1334 2450 1402 exemplum
2475 1351 2626 1391 nova:
2654 1338 2995 1406 judicationis
3025 1342 3322 1399 induceret.

1755 1423 2024 1491 Ilincorta
2047 1435 2128 1480 est
2155 1427 2480 1494 provocatio.
2509 1429 2638 1494 Quae
2661 1431 2746 1485 ubi
2766 1432 3087 1487 auditorium
3111 1451 3323 1490 sacrum

1749 1513 1968 1571 decreto
1995 1518 2153 1570 etiam
2183 1528 2371 1572 vestrae
2417 1519 2550 1589 legis
2580 1522 2814 1588 intravit,
2856 1538 3040 1578 rursus
3075 1527 3324 1582 eludendi

1743 1603 1927 1675 judicii
1972 1618 2128 1659 causa
2163 1607 2488 1676 propositum
2523 1618 2605 1664 est
2638 1610 2797 1667 inane
2828 1622 3228 1680 commentum,
3267 1628 3326 1672 ut

1747 1692 1816 1745 ab
1859 1693 2052 1747 illustri
2078 1694 2196 1748 viro
2235 1696 2452 1764 privata:
2488 1699 2562 1753 rei
2591 1702 2785 1756 comite
2817 1702 3054 1771 delegata
3092 1708 3326 1776 cognitio

1751 1779 2018 1836 diceretur
2048 1785 2324 1840 rationalis
2355 1789 2648 1857 examinis,
2686 1801 2843 1860 atque
2885 1794 3006 1848 ideo
3045 1813 3231 1851 rmsus
3257 1800 3325 1854 ad

117 1891 168 1930 ne
185 1876 240 1929 ad
257 1890 366 1932 eum
393 1875 653 1945 judicium
685 1875 953 1945 publicum
979 1875 1306 1942 perveniret.
1336 1875 1438 1928 Pro
1460 1874 1642 1928 existi-
1677 1859 1722 1918 B
1750 1870 1988 1939 ejusdem
2037 1874 2298 1942 judicium
2353 1877 2551 1934 debere
2606 1882 2914 1946 transferri;
2964 1900 3084 1939 cnm
3149 1890 3324 1942 omnis

115 1967 308 2023 oratione
331 1977 409 2022 est
434 1976 735 2036 temporum
768 1965 1103 2035 superiorum
1158 1973 1216 2019 ut
1255 1981 1358 2020 non
1389 1965 1643 2020 dubitetis

113 2057 287 2114 abolere
311 2058 444 2129 quod
479 2057 811 2128 probandum
832 2065 915 2111 est
943 2057 1202 2126 principis
1226 2071 1331 2109 non
1361 2056 1542 2110 fu'sse.

650 2186 862 2242 EPIST.
906 2184 1063 2240 LXII.

165 2311 207 2346 Β.
229 2307 508 2348 τπεουοειο
535 2305 747 2361 εειρειι,
766 2306 884 2346 AUC.
919 2303 1222 2345 SYIILIACIIUS
1249 2305 1415 2344 PREF.
1447 2304 1569 2344 URB.

165 2403 348 2472 Certum
375 2413 538 2472 atque
563 2402 852 2456 dilucidum
887 2411 970 2455 est
1020 2401 1150 2454 nihil
1183 2415 1305 2456 esse
1345 2408 1449 2454 tam
1491 2399 1644 2454 Iami-

113 2495 212 2548 liare
245 2493 455 2564 legibus,
500 2507 658 2561 quam
698 2501 874 2547 vestra
919 2492 1161 2558 decreta,
1215 2491 1274 2545 D.
1325 2491 1639 2561 Imperator.

112 2583 560 2640 Sedexsecutorum
587 2598 744 2653 prava
767 2582 1159 2651 interpretatio,
1182 2583 1310 2636 dum
1341 2583 1646 2652 supplican-

113 2675 220 2730 tibus
257 2677 400 2742 favet,
442 2673 767 2746 pleru‘mque
815 2676 963 2743 iussa
1006 2677 1324 2745 corrumpit.
1367 2673 1640 2729 Statuerat

113 2778 309 2834 receptus
354 2767 406 2821 in
437 2755 649 2821 Icarium
687 2779 974 2844 germanus
1021 2764 1251 2820 numinis
1289 2766 1482 2828 vestri,
1521 2781 1640 2820 cum

113 2854 350 2912 IIartianus
379 2856 586 2912 dudum
639 2865 909 2925 protector
936 2857 1178 2925 Aggarizn
1215 2857 1352 2910 bona
1392 2865 1640 2926 tanquam

113 2949 300 3002 vacantia
328 2951 684 3018 postulasset,
709 2958 765 3002 ut
782 2950 824 3003 si
849 2964 911 3003 ea
942 2947 1226 3005 haereditas
1240 2949 1495 3018 scriptum
1517 2965 1643 3004 suc-

112 3052 328 3095 sessorem
352 3041 434 3097 vel
462 3041 760 3110 legitimum
790 3055 893 3095 non
939 3041 1178 3102 haberet,
1205 3042 1255 3094 in
1275 3043 1364 3108 jus
1391 3041 1502 3095 ﬁsci
1528 3049 1644 3094 tan-

113 3143 233 3196 quam
255 3132 456 3187 domino
487 3132 630 3186 nuda
653 3133 998 3196 concederet;
1021 3140 1078 3187 et
1099 3141 1228 3186 tunc
1257 3133 1524 3188 insinuato
1549 3148 1643 3201 per

1747 1967 1970 2034 qumstio
2000 1981 2063 2021 ex
2095 1969 2339 2036 precibus
2377 1971 2621 2026 Martiani
2661 1973 2859 2029 dudum
2901 1981 3240 2047 protectoris,
3270 1991 3326 2036 et

1747 2057 1938 2110 vestra:
1967 2058 2262 2114 clementiae
2292 2060 2533 2131 largitate
2573 2064 2921 2130 descendens,
2950 2084 3104 2124 sacro
3149 2073 3324 2140 potius

1745 2145 2012 2201 auditorio
2062 2163 2129 2203 ex
2177 2153 2554 2218 provor~ationc
2596 2166 2926 2225 competeret
2965 2176 2978 2211 :
3036 2162 3325 2217 accedente

1745 2235 1904 2290 etiam
1937 2237 2175 2305 proxima
2201 2241 2495 2306 sanctione,
2520 2259 2637 2312 qua:
2667 2245 2985 2302 iudiscretas
3021 2249 3324 2319 hujusmodi

1745 2327 2130 2394 appellationes
2207 2331 2316 2385 redi
2373 2349 2489 2401 qua;
2552 2335 2719 2390 vicem
2777 2340 3072 2408 principum
3147 2352 3325 2398 tuetur

1748 2419 1921 2485 prisco
1953 2421 2075 2486 jure
2129 2425 2416 2479 commisit.
2467 2426 2795 2484 Examinatis
2849 2433 3007 2502 igitur
3054 2438 3321 2504 omnibus,

1747 2511 2084 2576 pronuntiavi
2139 2513 2273 2566 bona
2304 2515 2534 2571 obnoxia
2572 2534 2675 2572 non
2706 2536 2826 2576 esse
2866 2526 3159 2594 rescripto:
3199 2542 3323 2584 cum

1746 2601 1910 2654 vestri
1941 2603 2171 2656 numinis
2193 2615 2385 2661 aeterna
2405 2609 2630 2676 justitia,
2655 2613 2697 2665 si
2725 2615 2938 2683 scriptis
2965 2627 3055 2671 aut
3077 2618 3326 2687 legitimis

1745 2693 2146 2748 successoribus
2191 2706 2408 2753 vacaret
2455 2699 2760 2766 Ita-reditas,
2814 2705 2998 2761 ﬁscum
3053 2713 3326 2766 statuisset

1745 2783 1979 2837 admitti:
2015 2784 2110 2839 has
2143 2798 2320 2842 autem
2363 2789 2662 2858 facultates,
2710 2795 3008 2865 Marcellus,
3050 2799 3220 2856 Bizias
3269 2813 3326 2858 et

1750 2870 2067 2927 l'eliodorus
2116 2874 2270 2941 juxta
2320 2879 2554 2932 defuncti
2626 2883 2952 2940 voluntatem
3010 2892 3321 2958 cmpissent.

1746 2959 1897 3014 Nunc
1931 2965 2250 3018 sententiam
2293 2975 2465 3021 meam
2497 2969 2747 3025 defensor
2786 2977 3102 3032 venerabilis
3133 2979 3324 3036 domus

1745 3052 1999 3106 inusitata
2033 3058 2409 3120 provocatione
2437 3061 2733 3129 suspendit.
2776 3064 2881 3120 Sed
2912 3079 3031 3120 cum
3061 3068 3215 3138 hujus
3245 3073 3323 3126 rei

1747 3145 1948 3198 nullum
1980 3149 2282 3218 exemplum
2323 3152 2695 3221 cognitionalis
2732 3169 2944 3212 exstare
2991 3173 3318 3231 suggereret,

112 3220 369 3276 rationalem
396 3221 704 3291 patrimonii
738 3221 917 3285 modo,
949 3221 1287 3289 opperiretur
1307 3223 1510 3289 petitor
1530 3222 1652 3319 quid
1683 3221 1729 3283 C
1761 3233 2108 3290 nihilominus
2147 3220 2440 3307 subjectam
2482 3257 2666 3298 vocem
2724 3245 2955 3304 libenter
3002 3220 3212 3319 admisi,
3268 3220 3322 3309 et

113 3311 148 3360 ei
189 3325 314 3366 sacra
357 3312 602 3368 deferret
643 3312 961 3365 humanitas.
1001 3310 1186 3367 Annus
1228 3312 1338 3367 fere
1380 3313 1644 3367 secundus

115 3408 246 3455 estut
278 3417 362 3470 per
382 3403 698 3458 defensores
726 3409 782 3456 et
807 3401 1099 3456 rationales
1117 3403 1508 3471 angustissimae
1546 3403 1642 3457 do-

117 3502 226 3555 mus,
253 3505 360 3545 cum
382 3492 589 3561 justitia
619 3491 876 3546 solemnis
897 3491 1118 3556 oraculi,
1143 3492 1329 3560 scripti
1359 3491 1654 3562 fatigantur

112 3577 326 3645 heredes,
352 3584 470 3638 licet
497 3583 608 3652 jam
638 3591 822 3638 sextus
849 3597 1023 3638 annus
1055 3598 1083 3636 a
1113 3584 1414 3640 testamenti
1457 3589 1640 3641 recita-

111 3668 225 3724 tione
250 3685 572 3728 numeretur.
605 3673 902 3729 Novissime
933 3674 1141 3730 fortuna
1169 3691 1343 3731 causre
1386 3678 1644 3747 impetibi-

112 3757 191 3812 letn
218 3765 479 3832 scopulum
527 3764 682 3819 fadte
707 3765 1028 3834 cognitionis
1066 3766 1308 3820 incurrit.
1350 3767 1481 3821 Nam
1518 3784 1640 3824 cum

110 3851 216 3915 apud
247 3854 402 3908 virum
442 3843 901 3923 perfectissimum
941 3856 1256 3909 rationalem
1306 3857 1641 3925 Bassianum,

110 3938 246 4001 primo
263 3941 454 3999 delator
470 3945 760 4010 bonorum,
782 3945 1076 4000 secundum
1102 3961 1254 4001 sacra
1276 3948 1407 4002 scita
1437 3961 1644 4017 petere-

111 4038 189 4092 tur,
215 4046 336 4086 novo
356 4050 484 4090 ausu
519 4037 719 4090 calcata
757 4037 1089 4107 praescriptio
1123 4046 1226 4092 est.
1259 4039 1484 4106 Dehinc,
1517 4057 1638 4096 cum

111 4126 362 4179 testamenti
400 4126 524 4194 jure
551 4125 778 4182 confecti
821 4127 977 4182 ﬁdem
1023 4128 1268 4185 recitatio
1306 4132 1601 4197 publicaret
1619 4157 1638 4196 λ,

109 4211 330 4267 calumnia
367 4215 544 4270 inanis
572 4217 780 4285 objecta
810 4229 917 4284 est,
946 4219 1086 4286 quod
1133 4219 1434 4290 signatores
1460 4225 1641 4278 nescio
1669 4227 1681 4240 ‘

109 4298 205 4362 quid
232 4300 374 4373 legati
400 4320 466 4359 ex
501 4305 691 4361 eadem
722 4307 995 4362 voluntate
1023 4309 1332 4379 coepissent.
1361 4313 1642 4368 Adduntur

108 4387 234 4442 etiam
285 4393 474 4463 scripta
541 4395 727 4449 divalia
781 4397 973 4465 quibus
1020 4400 1322 4468 astipulatio
1363 4404 1637 4471 cujusdam

111 4491 270 4534 remota
296 4493 392 4552 est,
422 4487 514 4558 qui
547 4503 695 4542 suam
733 4487 934 4557 juvisse
963 4505 1178 4546 causam
1220 4495 1527 4550 testimonio
1557 4497 1638 4551 di-

1748 3323 2006 3381 relatione
2062 3332 2366 3384 summatim
2415 3343 2604 3386 cuncta
2648 3337 2986 3406 complexus.
3039 3341 3320 3397 Gestorum

1745 3429 1957 3485 quoque
1985 3416 2309 3474 documenta
2340 3417 2609 3491 subteiui,
2636 3441 2961 3493 praesumens
2984 3432 3136 3488 bonis
3158 3435 3320 3503 placi-

1746 3517 1858 3560 tura
1892 3510 2240 3579 principibus,
2270 3529 2388 3584 qum
2416 3519 2706 3573 secundum
2730 3521 2875 3591 leges
2901 3539 2998 3592 pro
3031 3525 3168 3582 fama
3191 3537 3321 3585 tem-

1746 3613 1933 3664 porum
1956 3601 2212 3670 judicavi.

2313 3676 2526 3734 EPIST.
2567 3681 2748 3738 LXIII.

1816 3777 1865 3814 Ι).
1893 3778 2182 3820 THEODOSIO
2211 3780 2413 3822 δεκνεῐι
2442 3786 2562 3826 AUG.
2593 3788 2900 3831 SYDIIIACIIUS
2924 3795 3091 3836 PB£F.
3125 3799 3245 3840 ΗΕΒ.

1817 3851 2170 3910 Petronianus
2214 3858 2534 3915 urbanarum
2569 3863 2769 3919 dudum
2806 3856 3104 3926 cohortium
3142 3877 3319 3942 utiles,

1743 3941 1809 3995 ad
1847 3945 2322 4001 corniculariorum
2349 3951 2571 4020 gradum
2604 3954 2856 4024 inculpati
2893 3959 3088 4017 laboris
3115 3941 3320 4020 diutor?

1746 4033 1910 4089 nitate
1939 4047 2241 4104 provectus,
2291 4055 2443 4097 more
2485 4043 2831 4116 institutoque
2884 4051 3146 4117 majorum
3181 4061 3319 4111 testi-

1745 4124 1979 4178 monium
2030 4129 2226 4181 meruit
2264 4133 2555 4186 castrensis
2602 4134 2898 4202 industriae,
2927 4143 3067 4209 quod
3113 4149 3320 4201 caneris

1743 4229 1954 4284 quoque
1990 4229 2105 4285 post
2139 4219 2417 4274 honestum
2447 4237 2660 4278 cursum
2693 4228 3077 4295 stipendiorum
3120 4237 3318 4304 judicia

1742 4304 2070 4374 detulerunt,
2121 4309 2181 4368 D.
2227 4311 2536 4379 imperator.
2572 4314 2799 4384 Dignum
2829 4329 2909 4375 est
2957 4323 3114 4391 igitur
3141 4327 3318 4382 divina

1741 4406 2038 4454 vestrorum
2065 4407 2361 4469 temporum
2392 4402 2669 4471 felicitate,
2697 4417 2753 4462 ut
2793 4423 3059 4478 peractam
3096 4417 3213 4474 sine
3242 4424 3319 4474 or-

1742 4485 1982 4542 fensione
2004 4489 2269 4560 militiam,
2301 4491 2343 4545 si
2383 4496 2732 4562 percunitatis
2769 4510 2959 4558 vestra:
3002 4509 3117 4576 pius
3142 4511 3318 4566 vultus

107 4582 308 4628 teretur:
333 4580 481 4647 quasi
509 4593 642 4633 vero
668 4581 843 4636 simile
863 4593 1002 4637 esset
1029 4586 1356 4654 exemplum,
1382 4595 1440 4641 ut
1463 4591 1640 4645 tenuis

1749 4579 2000 4645 arriserit,
2025 4583 2369 4650 praerogativa
2393 4584 2648 4642 solemnis
2665 4603 2905 4648 exornet.

109 4657 260 4728 honor,
303 4683 404 4734 quo
458 4670 851 4740 subscriptores
897 4674 966 4727 ob
1007 4676 1296 4730 amicitiam
1357 4678 1638 4736 defunctus

107 4765 379 4822 asperserat,
411 4761 710 4828 legitimum
735 4772 914 4830 posset
942 4764 1155 4822 abolere
1193 4766 1474 4834 judicium.
1504 4770 1634 4824 Nam

73 4888 76 4892 ί
107 4840 138 4890 si
160 4841 226 4896 bis
249 4841 441 4916 legibus
463 4851 785 4917 viveremus,
829 4851 1060 4908 inimicis
1085 4855 1442 4925 signatoribus
1473 4862 1635 4916 tutius

107 4941 351 5004 uteremur,
382 4955 608 5009 quarunt
636 4941 834 4996 offensa
868 4945 996 4998 nihil
1023 4945 1088 4999 de
1110 4955 1360 5004 testatore
1391 4950 1634 5006 Immani-

106 5024 200 5076 tatis
222 5028 468 5097 exigeret.
511 5031 663 5100 Piget
698 5032 875 5088 dicere
905 5034 959 5088 in
990 5037 1222 5107 quinque
1253 5055 1474 5096 numero
1503 5044 1631 5098 soli-

104 5112 179 5167 dos
203 5123 522 5186 potissimum
547 5124 925 5192 subscriptoris
949 5126 1113 5183 fuisse
1140 5130 1390 5200 legatum.
1415 5133 1635 5190 Ca'teris

68 5225 70 5227 ν
105 5206 213 5260 enim
237 5213 395 5282 magis
415 5218 858 5271 commemoratio
905 5217 1152 5286 honesta,
1195 5237 1352 5292 quam
1398 5227 1635 5293 pecuniae

103 5308 294 5361 quastus
319 5305 566 5362 accessit.
601 5307 738 5375 Ergo
760 5317 850 5360 aut
878 5319 1134 5364 extremm
1153 5316 1494 5383 paupertatis
1514 5331 1635 5373 suc-

103 5389 238 5443 cessio
269 5393 335 5447 ini
365 5433 379 5458 ,
411 5394 458 5451 si
500 5405 712 5464 putatur
753 5399 980 5468 exiguus
1012 5401 1181 5455 honor
1213 5403 1368 5460 ﬁdem
1412 5407 1631 5478 legitimi

101 5474 247 5545 iudicii
271 5487 558 5541 sauciasse:
586 5497 679 5544 aut
719 5491 763 5543 si
805 5505 998 5546 census
1047 5495 1414 5553 litereditarius
1445 5504 1630 5556 existi-

103 5576 481 5644 maturuberior,
495 5581 662 5637 aliena
686 5593 804 5638 esta
827 5587 1215 5654 suspicionibus
1234 5590 1408 5647 brevis
1423 5608 1630 5651 snnnna

102 5659 244 5754 legati.
272 5669 396 5735 Quis
431 5685 534 5726 non
567 5673 1033 5730 familiarissimqu
1068 5695 1332 5752 quemque
1357 5683 1632 5754 sigtmnd.s

104 5753 297 5822 adhbct,
323 5777 445 5815 cum
480 5776 709 5821 extrema
745 5769 1083 5826 conduntur?
1117 5773 1228 5843 jam
1264 5778 1390 5847 quid
1415 5753 1626 5834 imIt‘tltll

309 5857 567 5919 υλτκοι.
617 5860 844 5922 XVIII.

2309 4696 2522 4754 EPIST.
2564 4700 2747 4758 LXIV.

1813 4799 1862 4835 ι).
1896 4799 1998 4837 TIIE
2039 4799 2185 4840 υηειο
2207 4801 2408 4842 8ΕΜΡΕΒ
2440 4806 2561 4846 AUC.
2588 4808 2894 4852 SYDEMACIICS
2922 4815 3090 4856 PREF.
3122 4821 3241 4859 UltB.

1811 4873 1965 4927 Cum
1991 4872 2118 4929 mihi
2149 4887 2232 4932 est
2256 4887 2313 4931 ut
2341 4879 2430 4949 qui
2459 4882 2648 4936 animis
2680 4893 2732 4939 et
2759 4888 3035 4956 majestate
3063 4895 3314 4963 congrui-

1743 4965 1828 5028 tis,
1860 4977 2040 5019 mutua
2079 4966 2480 5023 honoriﬁcentia
2513 4973 2809 5040 gaudeatis.
2840 4977 3062 5048 Dignum
3093 4991 3173 5035 est
3217 4983 3313 5052 igi-

1741 5065 1847 5121 tur,
1881 5055 1940 5109 D.
1977 5057 2280 5126 imperator,
2313 5070 2369 5115 ut
2393 5061 2664 5119 decretum
2695 5078 2913 5123 senatus
2940 5070 3006 5123 ad
3032 5071 3314 5128 invictissi-

1742 5161 1857 5200 mos
1887 5147 2077 5204 fratres
2106 5153 2338 5207 numinis
2364 5155 2460 5219 tui,
2491 5156 2533 5210 si
2576 5157 2644 5211 ita
2689 5159 2881 5228 placet,
2914 5163 3190 5218 clementia
3225 5177 3310 5222 tua

1742 5238 2044 5295 insinuante
2083 5245 2375 5311 perveniat.
2405 5246 2639 5312 Quorum
2686 5258 2873 5304 auctor
2909 5261 2960 5306 et
3006 5267 3220 5321 pavens,
3255 5269 3314 5312 nt

1741 5327 1938 5382 dudum
1973 5330 2036 5385 V.
2061 5333 2124 5384 (ἶ.
2160 5341 2214 5386 et
2244 5334 2432 5388 illustri
2460 5335 2756 5392 ofﬁciorum
2795 5342 3048 5410 magistro
3078 5359 3162 5400 me
3187 5350 3313 5401 scri-

1741 5420 1910 5486 psisse
1954 5424 2190 5488 memini,
2223 5433 2514 5480 statuarum
2557 5431 2880 5496 equestrium
2921 5432 3122 5490 honore
3150 5436 3312 5494 deco-

1742 5519 1886 5564 ratus
1907 5523 2010 5580 est,
2034 5529 2166 5582 quas
2196 5517 2244 5570 ei
2269 5518 2400 5571 ordo
2423 5517 2737 5576 venerabilis
2760 5524 2990 5578 Africani
3018 5536 3072 5581 et
3106 5527 3312 5586 Britan-

1741 5601 1841 5655 nici
1868 5602 1988 5658 belli
2018 5605 2390 5664 recordatione
2419 5611 2687 5667 decrevit:
2717 5629 2778 5668 ea
2809 5615 3014 5672 scilicet
3045 5634 3224 5688 causa,
3256 5633 3311 5678 ut

1736 5693 1892 5762 jnstis
1940 5699 2272 5768 superiorum
2313 5701 2505 5759 ducvm
2558 5704 2739 5770 titulis,
2780 5711 3117 5778 przesentinm
3170 5714 3310 5769 circa

1741 5802 1832 5842 vos
1855 5787 2067 5844 devotio
2100 5803 2428 5861 provocetur.
2701 5830 2708 5836 -
3201 5792 3210 5814 ³

2950 5895 3019 5954 I3
