3898 6432
559 427 665 482 595

1138 533 1352 589 EPIST.
1396 531 1552 586 LXV.

631 647 681 682 ι).
711 640 1004 681 τηεοοοειο
1026 640 1228 680 δεκρειι
1264 640 1383 679 AUC.
1415 635 1722 678 εγωιιοιιυθ
1753 636 1914 673 μηδεν.
1948 634 2066 672 υιω.

631 738 765 792 Cum
809 737 1083 804 mancipes
1115 736 1403 789 salinarum
1459 746 1649 803 magno
1686 745 1750 785 ex
1803 742 2026 783 numero
2077 725 2144 780 ad

564 845 762 900 paucos
787 829 1010 894 redacti,
1041 844 1122 882 nei
1142 829 1376 882 essitatis
1402 825 1625 896 publica:
1648 824 1841 878 molem
1871 823 2011 876 ferre
2037 834 2143 874 non

567 932 820 993 possent,
852 921 1027 976 delata
1067 921 1459 990 supplicatione
1498 925 1811 972 meruerunt
1865 924 1922 970 ut
1955 914 2009 969 bi
2054 913 2144 983 qui

565 1015 772 1072 decreti
803 1026 963 1085 alque
991 1013 1228 1069 excusati
1279 1023 1402 1067 ante
1428 1011 1658 1076 inerant,
1691 1008 2063 1072 redderentur,
2090 1014 2146 1058 et

565 1124 630 1162 ex
654 1085 774 1161 aliis
788 1106 1119 1175 corporibus,
1141 1119 1233 1160 seu
1259 1101 1588 1167 vacantibus,
1606 1101 1747 1171 justa
1776 1099 2145 1168 supplementa

569 1199 942 1253 incunctanter
971 1197 1292 1264 acciperent,
1327 1195 1388 1248 D.
1426 1195 1736 1264 imperator.
1774 1193 2008 1260 Allegata
2046 1189 2145 1257 igi-

571 1299 654 1342 tur
684 1287 1038 1357 prmceptione
1064 1287 1260 1350 divina,
1284 1300 1404 1339 cum
1437 1285 1715 1354 plerosque
1750 1281 2021 1336 consortio
2050 1291 2148 1332 suo

569 1363 695 1433 ante
716 1382 961 1432 decretos
992 1376 1184 1431 ninniri
1214 1375 1504 1430 Macedonii
1528 1372 1779 1441 sull‘ragio
1802 1368 2146 1438 reperissent,

571 1469 885 1524 relationem
918 1482 1078 1537 super
1112 1481 1298 1522 eorum
1334 1463 1714 1520 ntuniminibus
1752 1462 2148 1530 impetrarunt:

570 1571 761 1615 vestra:
792 1559 936 1614 enim
987 1568 1190 1613 tantum
1227 1556 1523 1611 clementia:
1564 1554 1792 1608 liberum
1831 1559 1917 1606 est
1965 1549 2148 1617 inique

572 1649 751 1704 elicita
793 1650 1051 1718 rescripta
1099 1647 1429 1702 rescindere.
1471 1645 1622 1700 Tunc
1655 1650 1877 1711 urgente
1914 1638 2148 1702 defectu,

573 1739 927 1795 navicularios
963 1753 1114 1808 atque
1157 1738 1422 1806 lignorum
1468 1734 1731 1788 obnoxios
1781 1728 2040 1784 lunctioni
2085 1726 2153 1781 ad

575 1845 754 1899 parem
787 1828 1200 1885 sollicitudinem
1232 1839 1422 1878 vocare
1449 1831 1750 1892 coeperunt,
1784 1832 1841 1874 ιιι
1881 1819 2154 1887 utriusque

1742 417 1803 480 ρ.
1849 410 2189 466 AUllELIUS
2228 409 2660 469 SYMMMZIIUS.
3681 410 3754 468 59.;

2167 529 2217 584 A

2795 523 3004 581 EPIS‘I‘.
3050 524 3273 579 LXVIII.

2324 634 2374 670 υ.
2409 633 2699 672 ἰιιευυοειο
2735 633 2937 671 δειιιητηι
2959 633 3077 672 Αυϐ.
3101 631 3400 671 δϊκιιλειιυε
3429 631 3578 670 ΡΒΕΓ.
3605 633 3695 671 υΒΒ.

2324 705 2590 761 Bellorum
2613 706 2826 776 quidem
2861 717 3158 760 vestrorqu
3188 707 3444 775 gloriosos
3473 709 3626 762 exitus
3649 699 3752 762 iatn:

2251 817 2355 854 non
2387 803 2603 868 occulit,
2647 803 2738 855 sed
2789 805 2961 870 major
2985 813 3068 856 est
3099 801 3331 854 victoria:
3355 800 3478 853 lides
3505 816 3607 868 quae
3625 801 3749 855 oculis

2250 902 2610 964 approbatur,
2644 895 2712 950 D.
2740 897 3050 964 imperator.
3109 895 3313 948 Dudum
3353 894 3501 948 fando
3535 904 3753 964 acceperat

2252 984 2311 1039 P.
2343 985 2403 1040 R.
2439 1001 2700 1040 caesorum
2741 987 2924 1040 funera
2952 985 3336 1041 Sarmatarum.
3372 984 3439 1037 At
3458 999 3586 1038 nunc
3610 983 3752 1036 conﬁr

2257 1087 2396 1129 mata
2446 1086 2528 1130 est
2576 1077 2885 1130 nuntiorum
2935 1075 3116 1130 laetitia
3156 1072 3459 1143 spectaculo
3496 1071 3754 1142 triumphali.

2251 1162 2365 1216 Jam
2397 1166 2630 1220 minores
2657 1180 2758 1218 non
2784 1157 2969 1220 sumus
2990 1165 3264 1219 vetustatis
3285 1163 3550 1234 exemplis.
3573 1161 3754 1216 Vidimus

2251 1271 2390 1325 qua:
2415 1270 2530 1312 acta
2561 1259 2819 1312 miramur
2841 1297 2858 1324 ,
2900 1267 3203 1310 catenatum
3244 1270 3432 1325 agmen
3471 1255 3610 1308 victa:
3633 1251 3756 1322 gentis

2257 1347 2468 1403 induci‘
2504 1349 2728 1417 illosque
2751 1346 3075 1417 jampridem
3097 1355 3277 1400 truces
3296 1345 3469 1399 vultus
3499 1345 3663 1396 misero
3684 1341 3756 1410 pil-

2256 1443 2369 1496 lore
2393 1451 2642 1497 mutatos.
2675 1443 2835 1496 Stetit
2863 1455 3041 1495 arena:
3079 1437 3257 1517 medio
3285 1435 3517 1504 subjecta
3536 1431 3754 1501 voluptati.

2255 1548 2376 1603 qua:
2415 1534 2512 1588 l'uit
2557 1543 2683 1588 ante
2711 1532 2980 1587 formidini
3019 1549 3033 1582 ε
3065 1538 3296 1585 assueta:
3338 1527 3496 1583 armis
3537 1525 3759 1596 gentilibus

2258 1640 2445 1679 manus
2491 1623 2806 1692 gladiatoria
2848 1623 3202 1677 instrumenta
3253 1625 3551 1673 tenuerunt.
3587 1612 3758 1668 Felicem
3850 1631 3851 1692 ξ

2257 1716 2416 1769 nimis
2441 1715 2562 1770 belli
2587 1715 2738 1769 istitts
2758 1714 2946 1768 ducem
2966 1712 3080 1782 qui,
3099 1710 3293 1764 divina:
3315 1704 3597 1761 clementizc
3627 1714 3759 1754 vesur.

2259 1809 2428 1862 fretus
2471 1807 2754 1876 auspiciis,
2786 1822 2849 1861 cx
2875 1819 3096 1860 numero
3126 1799 3358 1855 hostium
3383 1798 3510 1852 alios
3530 1795 3588 1848 ad
3615 1790 3762 1845 securi«

572 1883 813 1989 corporis
841 1934 968 1973 cura
999 1919 1283 1985 conjuncta
1310 1915 1654 1969 indiscretum
1679 1927 1871 1966 munus
1896 1923 2152 1980 agnosce-
2180 1891 2227 1950 Β
2256 1914 2417 1958 tatem
2449 1903 2843 1974 provinciarum
2877 1898 3088 1968 penitus
3116 1892 3372 1951 exstinxit
3592 1883 3761 1989 eti-lieu-

573 2020 676 2066 ret.
705 2013 774 2066 At
802 2010 877 2080 illi
911 2007 1196 2062 nonnullos
1227 2007 1294 2061 de
1325 2006 1641 2060 turmalibus
1670 2006 1782 2058 suis
1808 2003 2019 2058 tradere
2042 2015 2156 2055 ma-

575 2104 809 2165 luerunt,
837 2117 997 2171 quam
1029 2101 1082 2155 itt
1119 2101 1430 2156 societatem
1457 2099 1588 2153 tanti
1631 2097 1814 2152 oneris
1843 2093 2151 2150 convenire.

574 2195 755 2262 Itaque
782 2191 976 2246 factum
998 2202 1081 2245 εει
1107 2198 1182 2256 ut,
1207 2187 1395 2243 iisdem
1413 2188 1729 2249 volentibus,
1757 2185 1887 2239 certi
1913 2183 2157 2238 homines

577 2281 908 2350 mancipibns
921 2281 1292 2352 jungerentur.
1319 2278 1467 2332 Nunc
1482 2277 1824 2348 perennitatis
1838 2286 2030 2330 vestra:
2047 2280 2157 2327 sta-

577 2374 737 2428 bilem
762 2374 1070 2427 censionetn
1100 2372 1306 2439 publica
1334 2384 1494 2425 causa
1540 2368 1782 2439 deposcit
1823 2382 1890 2422 ne
1917 2365 2157 2435 obrepti-

577 2465 658 2520 vis
695 2463 1172 2533 supplicationibus
1213 2461 1446 2516 subsidia
1497 2461 1742 2531 integrati
1766 2458 2008 2528 corporis
2032 2456 2160 2512 sub.

571 2565 823 2610 ruautttr.
875 2555 1138 2610 llelationi
1185 2553 1343 2609 Gesta
1377 2553 1662 2622 conjunxi,
1697 2562 1802 2606 tam
1830 2551 1899 2607 de
1937 2551 2020 2605 his
2060 2551 2156 2605 Ita-

564 2647 683 2702 ibita
713 2662 847 2716 quos
875 2644 1168 2701 Macedonii
1194 2645 1524 2700 interventus
1542 2643 1866 2709 absolverat,
1890 2658 2050 2712 quam
2073 2657 2160 2696 me

562 2738 908 2806 disceptante
929 2735 1210 2790 confecta:
1242 2736 1435 2804 quibus
1464 2735 1579 2790 sine
1609 2733 1952 2790 veneratione
1979 2734 2160 2802 cujus-

575 2844 734 2895 quam
777 2829 1020 2882 voluntas
1053 2826 1498 2882 uaviculariorum
1523 2825 1809 2880 nonnullos
1831 2823 2160 2893 tttattcipibus

577 2920 870 2990 deputavit.
923 2919 1036 2974 Erit
1061 2919 1172 2990 jam
1201 2919 1527 2974 sacrosancti
1564 2919 1794 2973 numinis
1818 2915 1984 2973 vestri
2007 2925 2064 2972 et
2091 2916 2159 2971 il-

579 3015 750 3088 lorum
783 3012 1060 3082 antiquare
1104 3011 1378 3080 sull'ragia,
1411 3025 1545 3082 quos
1591 3011 1892 3066 ostenditur
1927 3009 2160 3064 ambitus

570 3091 855 3168 liberasse,
881 3112 935 3157 et
961 3101 1043 3156 his
1083 3102 1366 3158 obstruere
1395 3104 1594 3156 aditum
1638 3101 1995 3172 supplicandi,
2027 3116 2162 3173 quos

575 3187 660 3251 sui
691 3200 931 3267 corporis
961 3198 1286 3265 adjudicavit
1308 3213 1583 3253 assensus.

1153 3331 1369 3388 EPIST.
1412 3330 1593 3386 LXVI.

649 3465 698 3499 ι).
732 3460 1022 3501 τηεοῡοςιο
1046 3460 1246 3501 SBIPEB
1276 3461 1396 3500 Αυσ.
1430 3459 1740 3499 εγκιιλωιυε
1767 3461 1931 3499 ΡΒΑΞΡ.
1969 3460 2086 3499 UBB.

652 3536 945 3591 Devotione
996 3547 1050 3590 et
1112 3551 1263 3590 more.
1324 3539 1702 3603 commonitus,
1760 3539 2160 3608 magistratuum

579 3627 818 3694 nomina,
843 3629 1033 3697 quibus
1060 3629 1233 3682 varias
1260 3629 1558 3684 lunctiones
1580 3629 2004 3699 designationum
2031 3642 2162 3686 tem-

580 3732 709 3785 pure
764 3718 1128 3788 amplissimus
1173 3719 1308 3774 ordo
1363 3719 1665 3783 mandavit,
1729 3720 1793 3773 ad
1845 3721 2161 3777 aeternitatis

579 3818 772 3864 vestra:
799 3809 1010 3878 perfero
1042 3810 1338 3875 nmionem,
1384 3811 1446 3865 D.
1477 3812 1798 3880 imperator:
1830 3823 1887 3866 ut
1928 3813 2166 3866 muneri-

581 3901 682 3956 bus
724 3902 1076 3966 exhibendis,
1117 3911 1210 3956 aut
1255 3901 1546 3957 subeundis
1597 3901 1831 3958 fascibus
1872 3903 2168 3959 destinatos

579 3994 816 4062 cognitio
863 3995 1155 4061 imperialis
1183 3995 1427 4064 accipiat.
1475 3995 1569 4050 llis
1595 3996 1824 4065 c0pulati
1865 4008 1991 4052 sunt
2034 4013 2169 4067 quos

579 4085 791 4139 senatui
820 4096 1000 4139 vestro
1027 4101 1216 4140 recens
1237 4097 1388 4142 ortus
1416 4087 1632 4154 adjecit.
1675 4088 1923 4146 Prolixus
1963 4088 2015 4143 in
2057 4089 2171 4144 tali-

575 4176 679 4231 bus
709 4177 866 4230 rebus
887 4191 1007 4231 esse
1039 4192 1143 4231 non
1168 4178 1362 4246 debeo,
1395 4193 1517 4234 cum
1545 4179 1747 4234 decreti
1793 4182 1991 4249 publici
2035 4181 2169 4236 ﬁdes

579 4278 850 4336 gestorum
884 4271 1058 4337 potius
1099 4270 1513 4327 insinuationem
1560 4274 1814 4341 postulet,
1843 4289 2002 4343 quam
2051 4274 2164 4328 lar-

583 4375 707 4429 gum
739 4363 1019 4416 referentis
1048 4364 1338 4431 eloquium.

1143 4454 1355 4509 EI’IST.
1402 4455 1609 4510 LXVII.

657 4561 708 4597 ι).
734 4559 1028 4602 τιιεουοειο
1056 4560 1261 4599 δειιιειι
1291 4563 1412 4604 Αυῦο
1444 4563 1751 4604 δὶἮΙΑΩῑΙυΒ
1777 4567 1941 4606 ΡΙιΛ-ΞΡ.
1979 4569 2096 4608 01111.

2257 1998 2384 2052 tiam
2417 1997 2586 2067 plebis
2621 1996 2822 2051 Martia:
2854 1992 3165 2049 reservavit.
3199 1988 3386 2043 Merito
3417 1984 3488 2038 illi
3520 1981 3685 2052 judicia
3702 1991 3762 2029 ve-

2254 2099 2364 2143 stra
2384 2089 2707 2153 respondent
2722 2089 2870 2154 :jure
2892 2087 2944 2138 in
2973 2084 3170 2138 litteris
3185 2078 3546 2148 imperialibus
3571 2087 3688 2140 saepe
3704 2084 3764 2121 cc.

2260 2179 2515 2236 lebratur.
2551 2180 2729 2248 Neque
2757 2177 2901 2233 enim
2935 2185 3079 2229 tanta
3107 2171 3330 2228 devotio
3345 2168 3622 2237 digniorem
3645 2159 3764 2231 possit

2258 2268 2504 2324 invenire
2536 2284 2858 2339 pra‘conem.
2887 2266 2970 2323 Sit
2991 2265 3144 2319 vobis
3172 2263 3426 2331 frequens
3452 2273 3573 2313 usus
3597 2270 3650 2309 ac
3672 2251 3758 2304 taci-

2260 2360 2326 2416 lis
2355 2363 2657 2418 laurearum
2685 2401 2700 2422 .
2737 2372 2788 2415 et
2816 2376 2847 2415 e
2871 2374 2912 2415 is
2953 2358 3044 2428 qui
3089 2357 3225 2412 forte
3255 2369 3418 2408 ausus
3445 2351 3618 2419 impios
3638 2348 3678 2400 in
3697 2345 3764 2397 llo-

2260 2466 2475 2506 manum
2519 2467 2712 2506 nomen
2745 2449 3059 2514 extulerint,
3096 2444 3359 2501 fortitudo
3389 2442 3600 2498 militum
3621 2436 3763 2502 capiat.

2261 2556 2423 2597 arena
2454 2543 2602 2597 urbis
2631 2541 2917 2610 expendat.
2949 2540 3214 2608 Perpetua
3246 2536 3364 2591 haec
3396 2535 3589 2589 devotis
3620 2528 3768 2584 civibus

2264 2636 2472 2692 virtutis
2502 2648 2693 2690 vestrae
2719 2643 2969 2702 tanquam
3011 2630 3214 2685 tributa
3241 2625 3522 2695 prazstetis.

2837 2723 3048 2779 El’lS'l‘.
3085 2719 3272 2776 LXIX.

2337 2839 2388 2876 ιι.
2415 2834 2707 2876 τιιεουοειο
2737 2835 2940 2876 εειιιιεκ
2971 2833 3090 2873 AUG.
3109 2828 3419 2870 SYIIIACBUS
3448 2825 3604 2865 Ρῃεῖ.
3631 2820 3721 2860 Cll.

2337 2914 2492 2966 Certa
2519 2911 2695 2967 oﬂicia
2722 2921 2847 2966 sunt
2881 2910 3117 2963 omnium
3143 2914 3488 2974 potestatum.
3511 2898 3768 2954 l’rtel'ectura:
3850 2931 3851 2974 ἢ

2269 3008 2486 3060 urbana:
2517 3005 2790 3074 proprium
2827 3001 3096 3071 negotium
3136 3006 3220 3052 est
3263 3004 3564 3050 senatorum
3587 2988 3682 3056 jura
3716 2991 3770 3033 ιιι·

2269 3098 2390 3158 tari,
2411 3096 2476 3151 Β.
2511 3097 2816 3165 imperator.
2841 3094 3019 3161 Quare
3043 3076 3271 3160 partin'tn
3289 3098 3522 3142 mearum
3547 3086 3770 3136 conventu5
3850 3081 3851 3158 ξ

2268 3189 2627 3255 necessitate,
2683 3186 3090 3257 alleg’ationilms
3136 3180 3556 3236 clarissimorum
3600 3173 3772 3225 virorum

2183 3259 2229 3322 Ο
2257 3278 2397 3349 justa
2426 3280 2758 3349 poscentium
2786 3279 2947 3333 desse
2975 3290 3081 3330 non
3113 3265 3283 3342 'potui.
3306 3275 3350 3326 A
3381 3270 3562 3341 quibus
3582 3266 3771 3334 Ρ¹θ¹⁵³¹⁶1¹¹⁰

2262 3369 2478 3427 servitia
2498 3373 2764 3442 palatinus
2786 3355 3048 3426 Eusebius
3063 3355 3247 3436 jussus
3267 3367 3480 3428 eruere,
3505 3369 3557 3416 ut
3580 3360 3773 3413 bonorum
3850 3355 3851 3416 ξ

2265 3460 2436 3517 Catuli
2457 3463 2770 3519 clarissimae
2812 3462 3085 3516 memoriae
3129 3459 3227 3512 viri
3257 3445 3774 3526 q'utestiojudicatoni-

2266 3551 2364 3605 bus
2393 3554 2668 3624 sacrisque
2696 3553 2963 3622 respOnsis
2991 3558 3366 3606 consummata
3395 3554 3660 3616 repetatur,
3683 3549 3773 3606 que-
3850 3537 3851 3596 ξ

2268 3648 2524 3704 ritnonias
2549 3649 2887 3716 optimatum,
2919 3645 3010 3714 qui
3037 3642 3236 3697 dudum
3267 3641 3435 3708 partis
3456 3637 3688 3692 fruuntur.
3711 3641 3775 3679 ει·
3850 3635 3851 3706 ᾖ

2267 3738 2440 3792 scivit.
2477 3739 2707 3794 Ventum
2750 3745 2835 3792 est
2873 3736 3032 3805 igitur
3060 3734 3126 3787 ad
3176 3737 3324 3802 leges
3348 3771 3364 3796 ,
3413 3735 3693 3784 exsecutore
3715 3733 3777 3772 αι·

2271 3830 2469 3898 piente,
2519 3845 2676 3900 quem
2702 3827 3056 3885 contradictio
3085 3825 3420 3894 repellebat:
3449 3819 3779 3890 implorateque

2271 3928 2432 3977 vesn‘t
2459 3922 2692 3977 numinis
2717 3921 3040 3983 sanctiones,
3056 3933 3177 3988 qua:
3205 3929 3515 3973 senatorum
3534 3917 3778 3968 controver-

2270 4019 2378 4066 sias
2403 4013 2693 4067 transterre
2713 4012 2779 4066 ab
2793 4013 2999 4066 urbano
3021 4010 3138 4064 foro
3156 4009 3221 4063 ad
3247 4008 3526 4079 peregrina
3544 4006 3778 4057 vetuerunt-

2274 4101 2380 4157 Sed
2397 4117 2520 4156 cum
2545 4105 2842 4156 asset-enin
2886 4117 2991 4156 non
3019 4098 3262 4154 eamdet'n
3304 4094 3682 4169 praerogativa
3697 4097 3781 4142 esse

2275 4206 2556 4247 servorum
2581 4232 2596 4256 ,
2625 4192 2821 4261 quibus
2845 4193 3269 4260 supplicantibus
3299 4200 3505 4246 certum
3545 4177 3781 4255 peretit'tilas

2277 4295 2452 4339 vestra
2483 4285 2672 4343 detulit
2708 4285 3064 4353 cognitorem,
3107 4295 3425 4350 responsum
3462 4288 3541 4334 est
3575 4271 3691 4346 quod
3709 4270 3782 4319 lor-

2278 4385 2430 4430 tunas
2460 4377 2872 4432 clarissimarum
2900 4384 3246 4446 personarum
3275 4371 3514 4443 preca'tio
3531 4365 3709 4426 subtilis
3729 4361 3782 4410 in-

2276 4473 2518 4525 cesserit.
2553 4471 2690 4524 lnter
2717 4470 2830 4524 haec
2853 4511 2868 4536 ,
2891 4485 3011 4524 cum
3046 4469 3280 4524 Donatus
3306 4468 3574 4523 assisteret
3590 4507 3603 4532 ,
3628 4453 3782 4513 caeteris

2279 4561 2644 4628 precatoribus
2671 4575 2825 4615 sacro
2847 4560 3060 4629 junctus
3089 4561 3332 4626 oraculo,
3359 4557 3590 4630 qumsivi,
3617 4550 3677 4605 uti
3704 4555 3784 4598 "'05

661 4634 878 4688 Etiamsi
923 4636 1091 4702 prisca
1133 4635 1393 4690 institutio
1423 4639 1696 4693 mittendis
1729 4642 1793 4693 ad
1835 4644 2170 4699 clementiam
2199 4629 2253 4690 Ῑ)
2277 4660 2379 4711 e-t,
2407 4651 2670 4705 eodemne
2685 4638 2900 4705 nomine
2919 4651 3055 4704 alius
3078 4629 3423 4716 subderetur,
3444 4662 3558 4717 qua:
3576 4640 3782 4698 hominem

595 4736 824 4783 vestram
862 4743 1120 4782 eensunm
1149 4728 1397 4783 lrevibns
1432 4745 1648 4785 cursum
1679 4735 1761 4788 vel
1793 4734 2035 4790 ordinem
2067 4751 2170 4791 non

577 4820 848 4884 dedisset,
881 4821 942 4874 Ι).
976 4821 1295 4889 imperator,
1328 4823 1601 4893 diligentia
1634 4836 1810 4882 tamen
1836 4827 1959 4882 boni
1991 4830 2170 4884 saeculi

577 4911 746 4965 :tidem
777 4911 1002 4981 publicae
1032 4912 1397 4968 instrnctionis
1427 4916 1666 4985 exigeret
1692 4935 1706 4970 :
1750 4920 2012 4988 siquidem
2039 4935 2169 4974 con-

589 5008 732 5061 venit
778 5007 1047 5076 principes
1079 5018 1133 5062 et
1165 5021 1413 5076 parentes
1452 5011 1665 5066 humani
1713 5018 1925 5082 generis
1958 5016 2171 5072 edoceri

574 5098 712 5166 quid
741 5101 1038 5155 reverendo
1060 5105 1232 5158 ordini
1255 5103 1338 5158 vel
1365 5114 1672 5158 senatorum
1702 5120 1958 5160 novorum
1993 5123 2174 5163 arces-

588 5205 680 5244 sus
715 5188 954 5260 adjiciat,
989 5193 1070 5246 vel
1122 5193 1402 5248 excusatio
1434 5193 1702 5249 detrahat.
1749 5195 1944 5251 Ilarnm
1995 5215 2170 5252 rerum

577 5280 872 5335 mternitati
899 5292 1090 5336 vestrm
1111 5282 1274 5337 ﬁdum
1304 5283 1576 5338 exhibebit
1605 5286 1858 5341 imlicinm
1894 5289 2175 5344 trimestris

591 5372 872 5427 instrucdo
907 5391 1065 5442 quam
1115 5357 1425 5429 soletnnilcr
1463 5387 1727 5447 smnptam
1757 5384 1826 5434 de
1849 5381 2024 5436 ollicio
2053 5397 2174 5437 cen-

585 5465 750 5528 suali,
784 5465 989 5534 paginis
1021 5467 1295 5523 relationi~
1325 5473 1594 5526 aunexui:
1626 5485 1680 5524 ιιι
1720 5475 1972 5542 majestas
1999 5487 2177 5530 vestra

594 5565 882 5623 cognoscat
932 5559 1051 5627 quis
1087 5562 1135 5613 in
1173 5560 1560 5628 amplissimam
1609 5565 1810 5618 coriam
1851 5567 2173 5636 collegarum

595 5661 850 5701 numerus
888 5649 1179 5713 inﬂuxerit.
1212 5662 1266 5708 et
1298 5654 1424 5722 quid
1457 5655 1709 5710 censibus
1758 5659 2064 5724 senatoriis,
2093 5670 2183 5714 aut

597 5753 730 5792 nova
761 5741 1020 5810 professio
1051 5745 1364 5800 incrementi
1397 5747 1628 5814 dederit,
1673 5758 1765 5803 aut
1791 5752 2060 5820 exemptio
2090 5771 2182 5807 ve-

601 5847 686 5889 tus
714 5837 1022 5895 atttpularit.

2276 4743 2512 4794 conilitin
2549 4730 2788 4807 haberet,
2822 4753 2876 4797 et
2899 4759 2966 4797 an
2995 4744 3110 4812 ipse
3129 4744 3197 4798 de
3226 4743 3401 4797 Catuli
3423 4739 3613 4812 judicio
3636 4728 3783 4798 sul‘P'"

2275 4849 2335 4886 ea
2367 4847 2470 4889 set.
2499 4835 2649 4890 Tunc
2676 4837 2764 4891 ille
2792 4837 3040 4892 llilariani
3069 4838 3354 4892 clarissimi
3382 4841 3476 4892 viri
3498 4836 3785 4894 servum'l’w'

2272 4927 2448 4980 lessus
2468 4966 2482 4989 ,
2513 4928 2581 4980 alt
2620 4929 2829 4981 illarum
2863 4944 3078 4996 precum
3110 4931 3473 4993 conscientia,
3505 4939 3623 4996 quas
3642 4917 3785 4975 dicitur

2275 5017 2534 5072 obtulisse
2549 5033 2670 5071 ctttn
2692 5021 2919 5080 cmteris,
2945 5021 3173 5074 alienum
3192 5037 3251 5076 se
3276 5027 3580 5076 constanter
3595 5009 3783 5068 asseruit.

2283 5111 2454 5178 Atque
2475 5109 2545 5164 ita
2563 5113 2674 5163 visa
2689 5111 3188 5177 estsnpplicationis
3215 5113 3346 5168 fides
3365 5113 3522 5168 etiam
3546 5110 3607 5164 de
3626 5110 3788 5158 auctore

2285 5217 2489 5258 nutare.
2539 5206 2758 5274 Adjecta
2800 5218 2880 5260 est
2921 5206 3018 5260 alia
3063 5212 3214 5275 plena
3255 5209 3392 5275 jttris
3415 5222 3568 5276 atque
3596 5194 3788 5257 rationis:

2283 5297 2422 5364 quod
2458 5306 2574 5364 post
2592 5297 2810 5352 ert-liras
2836 5301 3167 5367 cognitiones
3189 5309 3243 5354 et
3266 5304 3520 5368 rescripta
3548 5299 3606 5351 ad
3634 5288 3790 5346 relatin'

2285 5403 2405 5440 netu
2453 5405 2730 5443 numerosa
2761 5433 2774 5454 ,
2811 5408 3020 5459 puniant
3057 5392 3187 5459 legis
3231 5393 3511 5446 inciderint
3547 5389 3624 5458 qui
3663 5382 3792 5434 denuo

2284 5489 2469 5531 contra
2493 5480 2710 5534 vetitum
2733 5483 3121 5552 supplicaruttt.
3158 5484 3384 5538 Exstant
3415 5499 3482 5553 qu
3505 5495 3599 5553 ppe
3625 5483 3789 5530 εθηίθιι·

2287 5578 2396 5633 tm,
2427 5585 2558 5638 quas
2579 5587 2698 5626 cum
2723 5575 3030 5640 provocatio
3059 5584 3322 5630 tentasset
3349 5576 3600 5636 inhibere,
3631 5560 3793 5624 consul'

2289 5670 2374 5714 tus
2405 5664 2665 5729 relatione
2708 5664 2862 5718 divtis
2887 5665 3099 5735 genitor
3144 5667 3442 5724 clementia:
3474 5674 3648 5721 vestrm
3678 5660 3793 5712 tim-nt

2293 5767 2421 5819 posu
2447 5761 2467 5806 t
2495 5754 2796 5821 quarstioni.
2827 5755 2921 5810 Cui
2951 5757 3186 5811 ViClOl‘l:l!
3213 5759 3370 5814 ﬁscus
3394 5758 3624 5815 arces-it.
3645 5748 3796 5804 emolu-

2295 5860 2527 5901 mentum
2554 5849 2791 5900 bomrnn
2833 5850 3004 5902 (Zaitili
3023 5851 3101 5903 ela
3138 5849 3336 5906 i-sinta)
3364 5848 3617 5904 memorim
3639 5839 3732 5892 viri.
3759 5842 3796 5883 ut
