3898 6442
169 376 252 434 397
1325 373 1800 434 EPISTOI.ARUM
1840 377 2038 435 LIBER
2082 379 2141 435 Σ.

3265 395 3370 451 598

163 500 390 546 assertum
415 503 516 550 est,
540 502 628 557 pro
654 497 798 546 certa
823 496 971 555 parte
997 485 1238 541 sortitus.
1262 485 1393 540 Cum
1417 487 1573 556 igitur
1601 503 1691 541 se-
1719 497 1769 555 Α
1793 489 2118 544 custoditum
2140 502 2242 557 est,
2271 508 2300 544 u
2355 493 2468 548 sine
2495 497 2720 564 strepitu
2745 499 2923 552 --mnia
2956 500 3254 556 (inirentur.
3271 503 3371 558 Ve-

163 593 375 636 ttatorum
389 581 626 650 allegatio
648 581 920 649 rescriptis
939 595 1001 634 ac
1024 580 1227 649 legibus
1259 581 1541 645 niteretur,
1568 595 1685 634 ma-

160 673 342 726 luerunt
366 684 569 724 causam
598 686 748 725 suam
778 680 967 726 vestra:
993 686 1086 738 per
1113 686 1198 724 me
1217 670 1428 738 aperire
1448 670 1690 738 iustitiae,

158 777 291 830 quam
317 762 544 830 legitimo
577 762 848 817 vindicare
868 762 1069 830 judicio
1090 802 1104 825 ,
1143 762 1318 817 securi
1349 762 1688 816 decretorum

159 863 259 920 qua
289 861 338 905 et
371 852 681 907 necessitate
707 853 873 921 juris,
903 863 958 907 et
987 852 1092 906 divi
1141 855 1306 921 patris
1345 855 1692 909 veneratione

157 942 423 996 servabitis.
474 943 652 1010 Itaque
691 957 878 997 servos
921 943 1059 998 bona
1106 943 1296 998 ﬁducia
1339 943 1693 1008 tradiderunt,

158 1047 270 1098 quos
296 1031 342 1084 itt
373 1031 731 1100 praejudicium
761 1033 1061 1088 absentium
1083 1073 1098 1097 ,
1133 1043 1252 1102 post
1277 1035 1695 1088 consummatio-

157 1137 254 1174 nem
277 1122 494 1191 negotii,
525 1124 747 1191 :cquitas
767 1134 1092 1192 temporum,
1123 1135 1377 1194 quantum
1413 1126 1696 1194 praeeunti-

157 1227 273 1278 tnus,
302 1227 400 1267 non
429 1215 661 1281 patietur
684 1215 879 1268 audiri.

223 1287 232 1294 ’
692 1307 910 1362 EPIST.
964 1308 1125 1363 Lxx.

156 1416 226 1453 DD.
252 1416 648 1467 VALENTISIANO,
680 1418 972 1458 THEODOSIO
996 1421 1062 1457 ET
1092 1419 1316 1460 ΑιιεΑοιο
1343 1419 1544 1459 SEMPER
1571 1420 1692 1460 Αυο.

577 1489 884 1527 εῑιιιιλοιιυέ
909 1490 1074 1528 PREF.
1112 1491 1230 1528 UBB.

207 1561 328 1626 Quid
358 1562 547 1616 habeat
580 1563 900 1618 conditionis
933 1564 1208 1628 inscriptio
1253 1567 1420 1620 nostis
1446 1566 1568 1634 ‘pra:
1595 1581 1698 1620 cte-

153 1655 276 1718 teris,
295 1655 422 1723 juris
453 1657 648 1725 publici
679 1658 1004 1719 conditores,
1039 1658 1143 1710 bl).
1168 1659 1533 1726 imperatores.
1563 1658 1695 1712 Pro-

151 1749 293 1799 visum
321 1757 400 1801 est
423 1750 570 1802 enim
601 1763 665 1802 ne
699 1750 817 1815 quis
846 1759 1048 1803 temere
1095 1751 1145 1802 itt
1169 1749 1330 1804 alieni
1355 1749 1545 1818 capitis
1570 1748 1686 1803 dis-

1801 594 1918 634 rum
1946 595 2065 634 cum
2099 583 2181 635 vir
2209 590 2424 637 sanctus
2469 585 2702 641 Eulalitts
2735 588 2800 641 ad
2833 588 3123 644 Ecclesium
3155 591 3371 646 Latera.

1799 686 2018 726 nensem
2068 673 2134 727 de
2163 677 2430 746 exsequiis
2469 680 2662 746 prioris
2704 682 2938 751 ep'scopi
2971 699 2999 736 a
3041 685 3237 753 populo
3266 695 3374 740 eta

1797 764 2009 820 clericis
2033 765 2599 836 luissetadductus,ibi
2621 787 2716 841 per
2746 774 2960 828 biduum
2992 791 3112 830 cum
3142 776 3372 830 maxima

1799 845 2138 912 multitudine
2169 868 2224 912 et
2257 875 2376 914 cum
2409 863 2645 930 pluribus
2674 867 3043 921 sacerdotibus
3071 879 3370 921 remoratus

1799 955 1881 999 est
1906 985 1922 1010 ,
1953 957 2010 999 ut
2051 959 2453 1016 exspectaretur
2479 952 2591 1006 dies
2620 966 2908 1008 consuetus
2935 971 3042 1024 quo
3078 967 3260 1026 posset
3283 971 3372 1010 so-

1799 1040 2045 1094 lemniter
2068 1041 2326 1094 ordinari.
2345 1042 2475 1096 Cum
2501 1044 2586 1099 hic
2603 1046 2672 1100 ita
2685 1059 2888 1115 essent,
2907 1050 3084 1104 subito
3115 1051 3372 1120 aliquanti

1799 1130 2094 1200 presbyteri
2125 1147 2243 1186 cum
2277 1134 2543 1190 Bottilacio
2571 1139 2808 1201 eustletn
2840 1141 3040 1196 ordinis
3080 1143 3146 1196 ad
3187 1143 3368 1197 Theo-

1798 1220 1944 1273 ἀοι-ε
1961 1220 2264 1286 ecclesiam,
2288 1225 2512 1278 collecto
2534 1229 2690 1295 popul
2714 1249 2748 1294 ι,
2770 1244 3142 1300 prop--r:trttttt,
3171 1235 3369 1304 ibique,

1801 1310 1979 1364 habito
2011 1322 2253 1376 tractant,
2286 1315 2454 1381 ipsum
2479 1317 2728 1373 ordinare
2754 1322 3066 1392 episcopum
3101 1325 3234 1380 velle
3261 1341 3372 1382 coa-

1801 1410 2010 1470 perunt.
2041 1405 2191 1470 Quod
2236 1405 2321 1459 ubi
2365 1411 2624 1476 comperi,
2659 1427 2846 1466 omnes
2876 1416 2963 1483 qui
2994 1405 3193 1483 pariter
3220 1429 3375 1472 erant

1799 1494 1864 1546 ad
1909 1510 1993 1548 nte
2035 1503 2089 1548 ut
2132 1498 2377 1551 venirent
2423 1501 2764 1570 presbyteros
2794 1505 3078 1573 depoposci
3107 1524 3121 1559 :
3151 1523 3213 1561 ac
3243 1511 3372 1564 resi-

1799 1585 1931 1640 dens
1961 1601 2082 1640 cunt
2105 1587 2404 1642 clarissimo
2435 1593 2548 1645 viro
2579 1595 2791 1648 tribuno
2814 1598 3124 1663 Sereniano,
3159 1615 3250 1654 eos
3279 1602 3372 1654 ad-

1801 1676 1979 1729 tnonni
2007 1720 2020 1741 ,
2056 1693 2122 1732 ne
2150 1680 2276 1747 quid
2319 1690 2519 1736 tetnere
2553 1685 2663 1737 lieri
2697 1695 3030 1753 paterentur,
3055 1699 3147 1742 aut
3189 1703 3373 1745 contra

1802 1780 1969 1821 sacra:
1984 1769 2116 1837 legis
2126 1770 2365 1824 ordinem
2383 1772 2651 1839 venirent,
2677 1788 2764 1828 aut
2779 1790 2962 1832 contra
2978 1781 3372 1835 consuetudinis

149 1838 320 1892 crimen
358 1839 622 1905 irrueret,
664 1841 714 1893 ni
764 1855 822 1894 se
862 1840 999 1894 itlem
1029 1843 1174 1909 prius
1216 1856 1385 1910 ptena:
1412 1842 1689 1908 sponsione

1809 1861 2092 1914 rationem.
2117 1861 2222 1918 Sed
2243 1874 2384 1916 tanta
2399 1867 2686 1934 perlinat-ia
2710 1871 3035 1933 restiterunt,
3051 1883 3102 1925 ut
3119 1875 3373 1942 quidquid

150 1931 362 1985 vinciret.
385 1931 690 1985 Secundum
735 1932 845 1986 haec
878 1933 1009 1987 scita
1059 1933 1229 2004 legum
1257 1949 1419 2003 agens
1451 1937 1504 1988 in
1534 1935 1695 1990 rebus
1722 1929 1735 1940 ’

148 2023 415 2087 Africanus,
457 2023 856 2077 accusationem
896 2025 1188 2094 professus,
1220 2025 1494 2094 Compauo
1521 2037 1577 2081 et
1605 2027 1694 2080 Ili-

147 2116 251 2180 giuo
272 2114 582 2169 clariSsimis
612 2115 737 2169 viris
767 2117 1032 2171 violentia:
1065 2117 1270 2172 crimen
1304 2118 1525 2186 objecit.
1557 2117 1700 2173 Con-

149 2204 276 2258 tinuo
297 2244 312 2268 ,
350 2220 401 2258 ut
431 2209 697 2261 severitas
725 2208 969 2276 exigebat
994 2252 1008 2272 ,
1040 2223 1164 2262 reos
1183 2208 1426 2262 custodia
1454 2209 1698 2264 militaris

150 2298 442 2350 dissimulam
470 2297 733 2367 dignitate
753 2299 1126 2353 circumdedit.
1150 2299 1256 2354 Sed
1286 2300 1373 2354 ubi
1398 2309 1576 2368 partes
1597 2301 1698 2355 sub

147 2387 360 2442 examine
386 2389 766 2452 constiterunt,
815 2390 982 2444 multo
1013 2391 1303 2446 lttcntmine
1349 2402 1694 2462 patronorum

148 2481 338 2534 decursa
363 2482 600 2552 cognitio
626 2527 640 2552 ,
671 2483 914 2537 oratione
946 2483 1114 2552 magis
1134 2523 1149 2547 ,
1173 2498 1330 2552 quam
1363 2482 1692 2552 probationi-

149 2569 228 2623 ltus
251 2571 573 2626 tedundavit.
601 2572 731 2626 Cum
757 2574 910 2642 longa
928 2573 1211 2628 verborum
1239 2577 1380 2629 serie
1405 2589 1566 2629 causa
1589 2583 1696 2629 tra-

149 2663 364 2732 heretur,
392 2676 688 2719 summates
731 2665 958 2720 Aricinae
991 2665 1140 2720 urbs
1163 2707 1178 2730 ,
1204 2682 1338 2735 quos
1365 2669 1422 2720 ttt
1447 2669 1692 2723 conscios

147 2767 388 2810 accusator
411 2757 1061 2820 exciverat,adltibuimns
1089 2758 1390 2826 quaestioni,
1419 2771 1690 2828 gesmrum

149 2847 354 2900 ordinent
390 2848 751 2902 sciscitantur.
780 2849 1026 2902 Omnium
1059 2851 1308 2902 convenit
1329 2850 1574 2913 assertio,
1608 2854 1692 2903 ni-

150 2938 208 2988 hil
235 2941 485 2993 turbarum
531 2955 656 2994 esse
698 2940 1011 2994 conﬂatum.
1065 2939 1214 2995 Tunc
1259 2941 1324 2995 ad
1369 2941 1690 2996 eludendmn

145 3028 364 3092 judicium
394 3031 681 3094 trasenna
726 3029 1004 3098 cujusdam
1047 3033 1210 3098 ttepit
1254 3033 1503 3100 cxposci,
1534 3047 1688 3101 quem

147 3135 231 3170 non
257 3120 456 3174 tenebat
504 3119 802 3187 inscriptio.
853 3120 929 3174 Eo
966 3121 1195 3190 denique
1225 3136 1311 3176 res
1341 3122 1536 3188 rediit,
1568 3133 1625 3175 ttt
1658 3137 1690 3175 a

1801 1949 2057 2004 minatum
2076 1950 2254 2018 fuerit,
2273 1952 2446 2008 lacere
2471 1955 2688 2010 minime
2704 1957 3031 2014 dubitarent.
3058 1960 3188 2016 Nam
3212 1965 3373 2018 etiam

1803 2041 2172 2111 presbyterum
2198 2042 2524 2098 Bouilacium
2553 2045 2603 2099 itt
2627 2049 2851 2103 ecclesia
2869 2050 3102 2105 Marcelli
3123 2054 3377 2108 ordinan-

1799 2131 1926 2186 dttm
1956 2148 2076 2188 esse
2106 2134 2396 2203 duxetunt,
2439 2147 2600 2208 atque
2629 2153 2751 2194 cum
2773 2156 2839 2196 eo
2863 2144 2928 2195 ad
2952 2146 3010 2198 ὃ.
3040 2144 3180 2200 Petri
3200 2147 3372 2201 biISlIi°

1797 2236 1915 2276 cam
1967 2236 2363 2292 processerunt.
2410 2229 2475 2281 Et
2521 2232 2772 2297 quoniam
2815 2233 3025 2302 pietatis
3063 2245 3254 2290 vestrae
3295 2249 3374 2295 est

1799 2311 1868 2366 de
1895 2312 1992 2367 hac
2033 2325 2182 2382 parte
2224 2317 2362 2372 terre
2382 2320 2662 2388 judicium,
2713 2325 2892 2376 statim
2924 2339 3021 2393 pro
3050 2336 3374 2396 competeutt

1798 2403 2155 2460 sollicitudine
2197 2417 2426 2463 vestram
2467 2409 2800 2479 majestateut
2840 2417 3042 2470 credidi
3083 2419 3372 2474 consulen-

1797 2496 1942 2564 dam,
1989 2509 2040 2551 ttt
2069 2501 2208 2568 quod
2254 2501 2423 2570 pietas
2454 2517 2628 2558 veStra
2655 2505 2926 2575 decernat,
2978 2523 3246 2582 praecepto
3285 2529 3373 2568 vc-

1797 2591 1891 2641 stri
1937 2591 2167 2644 numinis
2211 2593 2488 2648 evidenter
2534 2595 2823 2661 informet,
2863 2609 2968 2653 etc.
3028 2601 3141 2658 Dat.
3188 2615 3373 2672 quarto

1795 2679 2003 2732 calend.
2033 2679 2231 2736 Januar
2253 2683 2288 2735 i.

2348 2754 2563 2810 EPIST.
2606 2756 2813 2812 LXXII.

1900 2854 2007 2893 HIP.
2047 2857 2302 2897 ﬂONOIiIUS
2333 2861 2598 2901 AUGUSTUS
2628 2863 2906 2905 SYNMACHO
2934 2867 3105 2907 Ριικερ.
3147 2871 3266 2911 υιιιι.

1864 2946 2030 3002 Gesti:
2052 2954 2282 3007 omnibus
2307 2957 2587 3021 recensitis,
2612 2958 2886 3014 laudanda:
2916 2962 3241 3020 sublimitatis
3271 2979 3374 3023 luat

1791 3039 2036 3094 relatione
2058 3045 2334 3112 perclaruit
2368 3048 2420 3098 in
2456 3049 2781 3104 ordinatione
2812 3055 3110 3110 venerabilis
3135 3064 3376 3115 sacerdo-

1793 3133 1856 3185 tis
1899 3142 2112 3198 quietem
2161 3149 2371 3193 veterem
2415 3160 2695 3210 paucorum
2748 3149 3066 3202 insolentiam
3124 3162 3378 3211 attentare

146 3212 346 3277 partibus
385 3213 626 3268 Africani
657 3214 1012 3268 accusationis
1050 3214 1270 3268 OIIIISSIO
1315 3214 1688 3284 desperatione
1716 3225 1762 3288 ρ
1794 3229 2028 3282 voluisse,
2067 3229 2203 3284 Nam
2233 3249 2344 3285 cum
2386 3245 2496 3303 ροδι
2524 3240 2808 3291 αῡεερεδωη
2836 3243 3131 3294 υεηεναωιὶε
3157 3245 3252 3297 viri
3271 3244 3374 3298 Ζυ-

149 3311 396 3363 peteretur.
428 3303 725 3374 Supererat
753 3314 828 3368 ttt,
861 3304 1083 3360 crimine
1111 3322 1214 3360 non
1245 3307 1488 3374 probato,
1522 3306 1574 3361 in
1597 3322 1689 3362 ac-

1786 3323 1903 3376 simi
1936 3326 2073 3378 circa
2094 3329 2327 3380 meritum
2363 3328 2554 3382 Eulalt'i
2583 3332 2764 3386 ordine
2780 3334 3093 3403 subrogandi
3115 3344 3370 3392 communi

146 3403 403 3449 cusatorem
432 3396 725 3451 formidata
757 3399 860 3450 reis
891 3412 1044 3464 ptena
1095 3400 1363 3452 transiret.
1410 3397 1514 3453 Sed
1563 3413 1685 3452 cum

1794 3413 1982 3475 iudicio
2003 3419 2298 3471 conveniens
2329 3421 2598 3474 multitudo
2621 3424 2891 3489 sonuisset,
2908 3440 2969 3477 ac
3001 3430 3150 3492 plena
3176 3444 3296 3498 erga
3319 3448 3373 3485 se

146 3500 214 3535 tne
232 3485 448 3541 Africani
475 3487 677 3542 militia
707 3489 900 3557 pariter
933 3501 1091 3558 atque
1139 3489 1348 3543 inc:tuta
1377 3489 1689 3544 adolescen-

147 3578 200 3627 tia
220 3588 581 3645 permoveret,
607 3579 767 3632 malui
792 3579 1048 3648 judicium
1070 3579 1138 3634 de
1162 3594 1228 3634 eo
1248 3579 1546 3635 clementiae
1577 3595 1690 3634 ves-

146 3679 221 3722 trae
243 3686 530 3727 reservare.
553 3672 670 3726 Alta
699 3684 779 3727 est
809 3673 950 3727 enim
982 3672 1218 3728 conditio
1259 3674 1684 3743 magistratuum,

143 3774 336 3827 quorum
363 3773 630 3832 corrupta:
661 3762 905 3817 videntur
925 3777 1045 3818 esse
1073 3764 1376 3828 sententia,
1405 3763 1447 3817 si
1467 3749 1584 3818 lsint
1613 3764 1690 3820 le-

143 3851 268 3917 gibus
305 3855 577 3918 mitiores;
609 3853 712 3907 alia
739 3854 1072 3908 dominorum
1105 3853 1399 3922 principum
1430 3864 1684 3924 potestas,

143 3957 250 4010 quos
276 3946 422 4001 decet
450 3947 804 4041 acrimoniam
830 3952 1000 4002 severi
1028 3948 1165 4017 juris
1195 3948 1491 4004 inﬂectere.
1519 3947 1688 4004 Rela-

143 4036 248 4090 tioui
287 4052 428 4108 gesta
472 4039 748 4105 snbtexui,
781 4036 1004 4110 partium
1050 4057 1263 4111 quoque
1309 4042 1690 4112 supplementa

143 4129 332 4184 sociari.
381 4134 581 4198 Qttmso
634 4142 864 4186 vestram
904 4135 1335 4202 augustissimam
1386 4135 1689 4204 pt-renuita-

144 4231 227 4272 tetu
248 4234 318 4286 ut,
346 4223 628 4294 perpensis
655 4225 902 4280 omnibus
923 4267 938 4290 ,
970 4227 1236 4295 sequenda
1255 4227 1506 4295 jubeatis.

680 4335 890 4390 EPlS'l‘.
933 4336 1115 4391 LXXI.

143 4438 181 4475 Ι).
215 4440 312 4480 ΝΡ.
345 4443 580 4484 ΠΟΝΟΒΙΟ
625 4444 827 4482 SEIIPER
857 4445 978 4483 AUIi.
1022 4445 1329 4484 SYSIHACIIUS
1365 4446 1535 4485 PILEP.
1565 4447 1685 4485 URB.

196 4519 523 4590 Quatcmtque
550 4522 600 4572 iu
628 4519 765 4575 Urltc
785 4531 1040 4589 geruntur
1084 4538 1167 4575 me
1207 4531 1383 4575 tacere
1415 4538 1518 4576 non
1548 4539 1678 4577 conv

1790 3507 1962 3559 omnia
2009 3525 2122 3574 qua:
2153 3512 2330 3580 regula
2385 3511 2661 3566 (Im/taliae
2689 3526 2913 3582 posceret
2941 3517 3226 3585 disciplinae
3255 3537 3372 3573 suc-

1787 3604 2000 3655 cesseris
2044 3605 2361 3670 rion/irritatio
2406 3607 2680 3660 custodiret
2715 3649 2730 3670 ,
2773 3608 3088 3663 vehementer
3126 3613 3370 3667 miramur

1787 3697 1986 3766 aliquos
2013 3700 2261 3752 exstitisse
2302 3702 2388 3768 qui
2431 3705 2750 3758 solemn-tate
2778 3715 3065 3776 contempta
3112 3711 3249 3763 circa
3280 3727 3368 3763 or—

1789 3790 2102 3845 dinationem
2139 3793 2348 3847 alterius
2392 3796 2713 3865 festinarent.
2759 3797 2826 3850 ltt
2865 3815 3082 3872 quorum
3111 3804 3371 3871 castigan-

1788 3887 1911 3940 dum
1933 3888 2126 3958 factum
2151 3892 2582 3943 mansuetudinem
2611 3900 2836 3944 nostram
2863 3893 2959 3946 rite
2987 3905 3181 3964 oportet
3199 3897 3370 3948 insur-

1789 3995 1926 4049 gere,
1957 3981 2056 4033 nisi
2081 3980 2176 4034 Itoc
2204 3991 2398 4035 tantum
2426 3999 2596 4053 gerere
2623 3987 2946 4040 decernemus
2967 4005 3052 4041 eos
3083 3990 3152 4042 ad
3175 3993 3371 4044 :ent'am

1789 4075 2056 4144 pertinere,
2082 4077 2219 4145 quod
2239 4077 2552 4146 lapsuntcito
2571 4079 2833 4144 proprium
2864 4091 3173 4139 contuentes.
3201 4085 3269 4134 ad
3281 4086 3371 4134 de-

1789 4165 2030 4232 precandi
2058 4164 2336 4235 stt/fag'unt
2376 4177 2492 4219 sunt
2521 4167 2728 4234 relapsi,
2763 4170 2955 4240 ignosci
2982 4172 3077 4224 sibi
3098 4189 3251 4241 super
3277 4175 3332 4226 id
3350 4215 3369 4239 ,

1789 4252 1924 4317 quod
1953 4254 2050 4304 vim
2081 4256 2305 4321 perpessi
2331 4259 2591 4324 conquesti
2631 4267 2750 4311 sunt
2773 4299 2788 4320 ,
2819 4259 3151 4324 postulantes.
3178 4263 3368 4321 Conve-

1791 4343 1900 4396 nire
1939 4361 2059 4413 ergo
2098 4357 2264 4399 votum
2309 4358 2354 4400 et
2385 4350 2609 4401 studiunt
2657 4362 2886 4405 nostrum
2917 4355 3054 4408 circa
3103 4355 3368 4415 Eulaliutn

1789 4449 1947 4486 sacra:
1975 4435 2097 4505 legis
2119 4438 2394 4491 autistitent
2421 4440 2706 4494 sublimitas
2744 4455 2830 4496 tua
2875 4447 3155 4503 clementia:
3182 4463 3370 4508 nostra

1789 4526 2090 4580 auctoritate
2118 4533 2352 4596 pra'senti
2373 4545 2640 4603 cognoscat
2665 4551 2682 4595 ;
2714 4538 2796 4589 cui
2824 4553 3106 4609 competens
3127 4562 3369 4602 numerus

431 4587 443 4590 _
792 4587 807 4589 -
2118 4587 2128 4596 .
2432 4587 2457 4603 ,,
2668 4587 2679 4595 .
2750 4587 2753 4588 ν
2781 4587 2791 4589 -
2827 4587 3105 4609 πηνα..-
3127 4587 3367 4602 ........,....

142 4610 262 4660 venit
299 4625 390 4678 pro
421 4610 607 4664 debito
648 4610 930 4664 lantulatus
980 4627 1136 4681 quem
1181 4612 1442 4681 ntajestati
1491 4624 1682 4670 vestra:
1712 4587 1760 4644 Ι)
1787 4620 2160 4687 ordinantium,
2189 4625 2398 4695 legitimi
2417 4628 2707 4683 solemnitas
2729 4635 2990 4700 temporis,
3017 4637 3213 4708 locique
3235 4659 3367 4711 qua-

140 4712 323 4767 sctuper
350 4703 600 4755 exhibeo.
644 4709 775 4755 Lum
818 4701 908 4755 diu
950 4706 1232 4772 episcopus
1261 4703 1506 4760 Zositnus
1534 4706 1680 4775 gravi

141 4789 448 4847 incommodo
472 4794 758 4856 laboraret,
778 4809 941 4864 usque
962 4796 1116 4863 adeo,
1143 4809 1197 4850 ut
1219 4798 1522 4868 frequenter
1547 4816 1685 4854 mor-

141 4883 567 4951 tuusjactaretur,
597 4886 791 4940 accidit
819 4897 874 4940 ut
897 4888 1130 4942 secundo
1149 4889 1234 4943 die
1255 4901 1366 4958 post
1389 4892 1681 4960 ingressum

140 4986 291 5027 meum
329 4977 436 5030 vita
468 4977 772 5031 decederet.
815 4979 1000 5034 Stattm
1029 4983 1111 5048 (ut
1139 4980 1486 5050 convenerat)
1520 4996 1686 5050 popu-

141 5062 229 5118 lutn
256 5068 576 5138 alloquendo
605 5069 909 5123 contmonui
936 5109 951 5133 ,
996 5083 1050 5124 ut
1097 5088 1216 5125 cum
1259 5074 1438 5142 quieto
1462 5074 1682 5129 clerico-

139 5170 236 5210 rum
260 5171 481 5215 tractatu
522 5163 703 5216 omnia
734 5163 1041 5228 linircntttr,
1084 5180 1180 5219 nec
1227 5180 1285 5219 se
1311 5166 1474 5220 rebus
1501 5167 1621 5235 disp
1645 5196 1678 5213 .-

141 5249 302 5302 ttettdis
330 5254 582 5307 misceret
611 5253 839 5307 turbatio
867 5256 1164 5323 popularis:
1192 5257 1452 5326 siquidem
1480 5267 1679 5311 certqu

140 5350 260 5392 esset
288 5342 337 5393 itt
382 5342 627 5412 eligendo
655 5347 906 5413 episcopo
943 5345 1036 5399 D.-i
1079 5347 1457 5414 omnipotentis
1493 5363 1684 5415 exspe-

139 5433 363 5486 claudum
391 5449 512 5488 esse
541 5435 823 5504 judicium,
855 5437 1054 5491 domini
1087 5439 1434 5507 imperatores
1456 5441 1680 5509 (Honori

140 5534 182 5572 et
204 5522 458 5580 Theodosi
481 5565 494 5586 .
519 5528 629 5596 pii,
666 5528 848 5583 felices
886 5539 940 5584 et
978 5531 1155 5601 inclyti
1189 5533 1437 5600 victores,
1469 5547 1680 5602 semper

141 5613 386 5682 Augusti).
418 5616 680 5672 Admonui
711 5629 763 5674 et
786 5612 1116 5690 corporales,
1149 5623 1340 5678 olliciis
1366 5641 1576 5695 quoque
1603 5628 1683 5680 in-

142 5705 434 5762 terminazus
463 5723 576 5763 sum
603 5751 618 5774 ,
648 5725 711 5764 ac
742 5711 975 5778 majores
1009 5713 1242 5767 deterrui
1272 5715 1545 5783 regionum
1571 5756 1584 5780 ,
1618 5732 1684 5771 ne

143 5793 241 5860 quis
267 5797 493 5865 quietem
524 5799 678 5856 Urbis
700 5810 888 5856 vestra:
919 5804 1137 5859 turbare
1161 5812 1406 5860 tentaret.
1437 5807 1594 5873 Quod
1613 5809 1681 5863 ita

1789 4712 1908 4764 litas
1936 4727 2069 4767 recte
2101 4706 2385 4769 'vetterandi
2413 4721 2632 4774 nominis
2656 4724 2846 4788 apicem
2875 4728 3212 4785 contulerunt.
3238 4731 3367 4787 Cum

1790 4815 1957 4857 autem
1985 4804 2255 4875 Bonifacio
2279 4818 2469 4861 constet
2501 4811 2674 4864 omnia
2719 4813 2960 4883 defuisse,
2993 4823 3250 4888 superﬂue
3279 4840 3366 4875 tx-

1788 4909 2064 4966 specfatam
2102 4901 2399 4952 sententiam
2429 4913 2653 4954 nostram
2683 4921 2789 4956 esse
2821 4909 3091 4973 sensimus,
3133 4926 3247 4962 cum
3288 4914 3367 4976 fa-

1792 4997 1929 5062 ctum
1964 5005 2110 5042 suunt
2157 4991 2254 5058 ipsi
2275 4992 2360 5057 qui
2395 5009 2487 5061 pra
2501 5005 2818 5058 sumpserant
2845 4998 3064 5049 admotis
3098 4999 3368 5052 danmasse

1790 5077 2019 5145 precibus
2064 5080 2348 5134 rideantur.
2401 5082 2647 5135 Absoluta
2685 5086 2853 5154 itaque
2891 5088 3209 5141 decernimus
3245 5091 3362 5158 jus-

1787 5169 1954 5234 sione,
1995 5173 2400 5238 extraordinaria
2437 5177 2829 5244 prnsumptione
2868 5176 3117 5240 submota,
3141 5175 3361 5248 Bonifa-

1788 5259 1920 5311 cium
1965 5262 2234 5314 interdicta
2271 5265 2534 5331 confestim
2600 5263 2734 5318 Urbe
2775 5264 3025 5335 prohiberi
3069 5264 3191 5331 (erit
3232 5285 3364 5322 ecre-

1787 5350 1990 5403 cundia:
2031 5352 2142 5419 ejus
2182 5363 2259 5418 ut,
2301 5369 2489 5405 morem
2531 5371 2705 5423 gerens
2748 5352 3021 5407 ctelestibus
3052 5358 3360 5423 constitutis,

1787 5457 1966 5510 sponte
1992 5449 2264 5518 discedat),
2302 5450 2609 5520 pertinacius
2636 5450 2964 5513 resistentem,
2991 5451 3201 5505 inritum
3229 5471 3361 5523 prte-

1787 5539 2000 5608 cipimus
2035 5541 2238 5608 expelli.
2279 5538 2492 5594 Plebeia:
2535 5557 2656 5594 sane
2684 5539 2948 5593 seditionis
2985 5551 3214 5598 auctores
3245 5561 3361 5598 cum

1789 5630 1937 5683 sociis
1972 5631 2076 5682 suis
2103 5630 2384 5683 sublimitas
2415 5640 2532 5691 tua,
2569 5631 2875 5699 Symmache
2897 5649 3080 5701 parcus
3102 5634 3362 5686 carissime

1789 5733 1936 5792 atque
1978 5725 2318 5777 amantissime
2340 5763 2358 5789 ,
2399 5733 2586 5776 statuat
2614 5723 2856 5789 attineri;
2882 5735 3030 5794 atque
3059 5727 3108 5778 in
3135 5742 3215 5779 eos
3243 5741 3364 5778 ι·ο·ι-

1791 5819 1913 5873 drue
1944 5815 2189 5866 rindicari
2213 5855 2227 5870 .
2258 5822 2308 5866 ut
2341 5830 2417 5866 res
2448 5823 2628 5866 tentare
2668 5825 2976 5870 nrtcsumn'a
3003 5831 3100 5868 non
3137 5821 3359 5868 transeat
