3898 6440
551 401 653 456 :99
735 433 746 440 ρ
1721 398 1783 463 o.
1831 393 2090 448 AURELII

2212 394 2642 452 SYLHIACIIUS.
3671 403 3751 458 ‘00

548 507 819 574 impunita.
859 505 919 559 lu
959 520 1057 572 qua
1087 521 1141 558 re
1181 503 1540 573 Aphrodisium
1592 505 1653 557 ι’.
1693 504 1750 556 (ἶ.
1783 505 2038 556 tribunum
2078 513 2125 556 et
2157 515 2202 570 Α
2229 523 2347 575 qttzP.
2379 509 2517 562 male
2562 507 2768 561 fuerant
2819 509 3046 562 admissa
3073 510 3372 565 temeritate
3404 525 3750 581 paueorum;et

549 598 1216 664 uoturiumdirigianostra
1247 597 1630 649 mansuetudine
1651 595 1864 664 placuit,
1892 605 1966 660 ut,
1995 610 2124 655 prw-
2224 608 2419 665 quanta
2465 603 2632 667 gratia
2675 610 2919 668 suscepta
2981 602 3088 654 sint
3140 617 3259 671 quae
3297 603 3566 658 clementia
3611 616 3749 660 vestra

546 698 684 740 sente
707 705 795 750 eo,
825 703 940 750 qua?
965 685 1234 738 statuimus
1259 686 1473 740 celerius
1507 687 1835 754 impleantur,
1862 696 2114 754 quatenus
2223 692 2402 746 divino
2432 693 2626 748 iudicio
2666 701 2719 748 et
2753 694 3159 762 perseverandte
3191 696 3460 764 religionis
3501 699 3748 751 reverentia

546 784 691 849 quies
729 783 901 850 populi
955 778 1097 833 nulla
1141 781 1518 850 perturbatione
1555 790 1788 843 vexetur,
1837 789 1894 846 et.
1937 789 2123 850 pacata
2220 783 2557 838 decernenda
2604 786 2864 851 credidit,
2895 796 2950 841 et
2995 802 3094 856 pro
3132 788 3309 858 quiete
3359 790 3529 858 populi
3569 789 3749 843 Romani

545 893 656 928 eum
680 884 936 927 veneretur
966 872 1453 937 universitas,quem
1475 871 1745 924 secundum
1777 879 1989 923 veterem
2009 886 2121 922 con-
2224 875 2644 944 inperpetuum
2683 877 2943 931 servandt
2994 881 3292 933 constituit.
3341 879 3455 934 Ital.
3507 889 3642 932 sexto
3661 879 3748 932 idus

545 966 859 1017 suetudinem
890 961 1150 1015 observata
1175 977 1334 1014 sacrm
1349 962 1473 1029 legis
1500 963 1738 1030 mysteria
1765 969 2116 1030 susceperunt.
2221 964 2487 1019 Januarii.

548 1051 666 1108 Dat.
697 1069 750 1108 III
781 1069 899 1107 non.
932 1050 1198 1115 Januarii,
1245 1050 1514 1105 llat'cnntr.
2771 1057 2987 1114 EPIST.
3020 1058 3253 1115 LXXIV.

1094 1159 1305 1214 EPISI‘,
2222 1161 2542 1203 PRESBYTFII
2577 1166 2641 1203 EX
2689 1165 2858 1205 ΡΛΙΤΙΞ
2905 1167 3188 1220 BONIFACII,
3240 1169 3376 1216 QUOD
3403 1168 3612 1207 SCIRENT
3636 1171 3748 1207 IIPf-

2293 1235 2539 1273 Μτυιιιῖν
2585 1237 2858 1276 ιιεεερτωι
2894 1239 3209 1286 κειΑτιοΜι,
3254 1240 3406 1278 DATIS
3436 1241 3649 1279 LITTERls
3678 1241 3748 1278 Sili

616 1272 665 1308 lt.
705 1269 932 1308 llllNORIO
973 1267 1071 1306 εει
1096 1269 1174 1305 [κ
1215 1267 1338 1305 AUC.
1385 1266 1695 1305 εὶκηηςηυε
1726 1267 1889 1305 νῆες.
1924 1267 2046 1306 URB.

2001 1268 2046 1305 ⁸⁸
2292 1305 2536 1344 PM‘CIBUS
2573 1307 2676 1344 neu
2703 1309 2906 1346 ossnu
2937 1309 3109 1347 cestu
3139 1266 3256 1348 ηδε
3281 1310 3540 1348 malum.

611 1347 708 1402 Ubi
734 1346 960 1414 primum
989 1359 1140 1398 sacer
1168 1359 1348 1398 sermo
1371 1343 1581 1412 pietatis
1613 1357 1805 1396 vestrze
1836 1353 2115 1412 exspecta-

540 1439 733 1491 tionem
752 1437 926 1504 populi
954 1435 1229 1488 celeritate
1259 1437 1534 1501 prmveuit,
1564 1450 1724 1487 omne
1745 1434 1882 1502 quod
1906 1436 2004 1488 sibi
2038 1435 2118 1488 di-
2297 1422 2526 1478 Ρειὶηιω
2561 1424 2881 1479 dementiam
2920 1437 3158 1493 vestram,
3199 1429 3418 1496 piissimi
3443 1439 3488 1481 et
3509 1428 3749 1480 clementi-

540 1526 764 1580 \CI’SililS
828 1525 1158 1578 voluntatum
1222 1533 1574 1591 usut-paverat
1623 1525 1688 1577 de
1745 1527 2077 1593 episcoltorut

2217 1517 2335 1568 simi
2365 1518 2526 1582 impp.
2563 1515 2762 1570 Honori
2791 1528 2836 1570 et
2866 1516 3122 1571 Theodosi
3160 1535 3358 1585 semper
3387 1521 3492 1572 AA.
3527 1533 3624 1582 post
3667 1520 3747 1571 abt-

535 1617 802 1672 eleetione
827 1657 841 1680 ,
883 1617 1181 1680 submovit,
1225 1634 1287 1670 ac
1310 1618 1488 1670 divina
1521 1618 1822 1686 provisione
1853 1621 1990 1672 inter
2019 1621 2116 1672 ini-
2219 1627 2413 1662 εθεδωη
2447 1609 2504 1664 8-
2533 1609 2726 1663 Zosimi
2747 1627 2890 1682 papa
2907 1610 3145 1664 Ecclesim
3165 1610 3446 1666 Catltolictv
3473 1610 3748 1664 urbisllomtt-

536 1711 606 1762 tia
640 1710 899 1763 resecavit
923 1749 936 1771 ,
969 1709 1107 1773 quod
1151 1710 1398 1762 tarditate
1424 1709 1685 1778 imperita:
1731 1710 2075 1762 multitudinis

2219 1703 2298 1768 (ut
2336 1702 2450 1769 ﬁeri
2501 1719 2608 1755 mos
2635 1702 2825 1754 t'o'obat
2865 1715 3016 1773 atque
3067 1707 3180 1769 ipsa
3215 1706 3476 1773 religionis
3525 1704 3750 1774 disciplina

533 1799 901 1854 crcscentibtts
927 1799 1158 1864 studiis,
1192 1797 1378 1852 ditticit
1407 1815 1468 1853 us
1499 1800 1758 1868 potuisset
1783 1798 1978 1854 auferri
2007 1842 2021 1863 .
2053 1795 2111 1853 D.
2220 1792 2465 1860 dictabat)
2494 1793 2660 1860 phire»
2690 1794 2742 1846 in
2771 1810 2925 1846 unum
2953 1799 3274 1848 convenimus
3299 1779 3604 1858 “eadem.
3641 1806 3684 1847 ιι
3705 1802 3749 1846 σε

553 1900 842 1957 superator.
871 1889 951 1941 οι)
977 1904 1136 1957 quam
1169 1905 1280 1942 rem
1312 1891 1486 1942 sLtIittl
1531 1889 1712 1944 debito
1744 1889 1992 1944 famulatu
2018 1893 2114 1945 im-
2149 1876 2193 1936 Β
2220 1885 2574 1937 constituendo
2609 1902 2894 1939 successore
2923 1889 3178 1940 communi
3205 1889 3410 1958 judicio
3443 1898 3750 1941 tractarentur.

536 1980 682 2046 plere
741 1992 859 2048 qua:
928 1979 1135 2032 fuerant
1189 1979 1445 2048 imperata
1502 1981 1818 2050 properavi;
1874 1992 1927 2036 et
1977 1984 2115 2053 quod
2223 1975 2330 2028 Sed
2361 1978 2601 2043 quoniam
2640 1976 3033 2032 Lateranensem
3065 1979 3350 2044 ecclesiam,
3381 1981 3636 2033 obstructis
3659 1994 3751 2043 pene

537 2067 776 2121 felicitati
804 2067 1104 2122 clementia:
1129 2079 1317 2123 vestra:
1339 2072 1834 2138 ascribendumest,
1872 2088 1958 2128 res
1996 2075 2118 2129 novi
2219 2071 2450 2122 omnibus
2479 2071 2808 2139 ingressibm.
2849 2072 3241 2125 archidiaconus
3275 2071 3532 2134 Eii/alim,
3572 2081 3750 2124 τοηιεηι·

535 2162 768 2231 exentpli
792 2203 806 2227 ,
831 2171 883 2217 et
907 2164 1152 2217 maximae
1175 2163 1535 2218 contentionis
1559 2165 1838 2233 magnique
1867 2167 2112 2219 certatni-
2217 2161 2320 2226 ptis
2349 2161 2502 2230 impie
2523 2162 2709 2214 summi
2735 2162 3012 2214 sacerdotis
3048 2165 3315 2227 exsequiis,
3344 2164 3573 2215 diaconi:
3597 2172 3636 2213 et
3654 2177 3750 2229 ραι·

536 2254 653 2316 nis,
688 2263 739 2308 ut
781 2255 896 2308 sine
926 2257 1344 2309 commonilitmc
1387 2257 1562 2324 populi
1594 2269 1768 2324 empta
1811 2261 1980 2312 fuerat
2000 2301 2014 2323 ,
2047 2261 2115 2313 ita
2217 2251 2433 2304 cissintis
2463 2252 2788 2321 presbytrris,
2831 2269 2889 2303 at:
2918 2253 3247 2305 multitudine
3281 2253 3497 2306 turbattc
3526 2252 3663 2321 plebis
3687 2251 3749 2302 ob-

530 2346 676 2400 salva
701 2347 983 2400 cletnentia
1015 2357 1190 2400 vestra
1219 2363 1336 2401 cutn
1371 2349 1530 2402 totius
1560 2349 1911 2402 multitudinis
1939 2350 2115 2419 quiete
2215 2343 2464 2406 servabat.
2489 2347 2648 2395 altero
2670 2343 2753 2394 die
2779 2343 2848 2394 ad
2869 2343 3096 2396 eamdem
3124 2343 3416 2405 ecclesiam.
3450 2343 3532 2394 ubi
3561 2343 3684 2410 prius
3705 2342 3749 2391 ab

530 2437 676 2492 ﬁnita
701 2449 803 2494 est.
854 2439 984 2492 Nam
1011 2457 1130 2493 cum
1161 2456 1227 2494 eo
1255 2451 1496 2508 tempore
1530 2441 1703 2498 adnue
1724 2458 1875 2496 sacra
1911 2444 2114 2511 perlata
2215 2433 2445 2486 omnibus
2472 2436 2636 2504 fuerat
2665 2435 3011 2500 constitutum,
3037 2436 3211 2487 habitu
3245 2436 3474 2486 omnium
3501 2434 3748 2491 collatione,

531 2540 678 2584 esset
729 2533 1020 2584 auctoritas
1062 2545 1166 2600 quo
1211 2532 1380 2586 sancti
1412 2532 1500 2586 die
1527 2541 1642 2586 erat
1683 2533 1999 2587 celebranda
2027 2551 2112 2588 so-
2214 2529 2596 2597 properavimus
2628 2543 2646 2580 :
2678 2528 2843 2597 ibique
2880 2528 3188 2597 participato
3214 2545 3327 2581 cum
3352 2529 3750 2598 Christianapleic

533 2624 802 2689 lemnitas,
827 2623 1003 2676 statim
1034 2621 1128 2692 (ut
1161 2624 1436 2692 Opttttebat
1457 2627 1501 2692 ),
1533 2625 1696 2678 misso
1732 2625 2110 2694 primiserinio,
2213 2620 2453 2682 concilio,
2485 2637 2634 2690 quem
2664 2619 2799 2674 Deus
2816 2621 2972 2692 jussit
3002 2624 3262 2692 elegimus.
3300 2621 3444 2676 Nam
3467 2621 3750 2676 venerabilem

532 2714 864 2767 Bonifacintn
895 2714 960 2766 ad
997 2729 1079 2765 me
1111 2717 1290 2768 venire
1309 2716 1585 2780 admouui,
1617 2717 1758 2786 quod
1785 2728 2108 2786 prteceptum
2211 2713 2372 2765 virum
2405 2711 2748 2782 Bonifacium,
2776 2725 2983 2766 veterem
3010 2715 3376 2784 presbyterum,
3401 2718 3450 2768 in
3481 2716 3582 2788 lege
3599 2716 3751 2767 doctis-

520 2809 726 2872 1'uerat,
747 2807 1073 2876 agniturum,
1096 2817 1187 2859 uta
1207 2809 1745 2877 processione,quatn
1777 2807 1877 2865 sibi
1911 2809 2107 2864 inltibi-
2216 2807 2425 2872 simum,
2471 2823 2530 2860 ac
2561 2809 2702 2860 bonis
2723 2808 2945 2861 moribus
2973 2809 3382 2876 comprobatum,
3415 2821 3460 2862 et
3497 2808 3641 2878 (quod
3665 2823 3752 2860 eum

513 2907 634 2950 tam
656 2897 913 2952 didicerat
935 2897 1248 2952 abstineret.
1264 2898 1385 2966 Qui,
1405 2899 1759 2954 conventione
1779 2910 2106 2969 contempta,
2212 2899 2377 2968 magis
2410 2899 2643 2967 ornabat)
2673 2901 2907 2966 invitum,
2942 2901 3309 2954 acclamatione
3339 2903 3495 2954 totius
3519 2900 3676 2971 populi
3709 2915 3752 2949 ac

515 2992 816 3057 processit,
865 3002 1025 3062 atque
1068 3005 1190 3044 eum
1239 3006 1397 3060 quem
1437 2990 1678 3046 dixeram
1721 2993 1868 3046 dedit
1915 2994 2108 3062 populo
2211 2983 2456 3045 con'senstt
2494 2995 2762 3045 meliorum
2793 2995 3008 3047 civitatis
3040 2996 3346 3048 asseruinsus
3377 2996 3562 3048 divina:
3594 2993 3752 3046 inslilit-

525 3082 937 3135 verberandutn.
975 3081 1129 3149 Quod
1164 3081 1252 3135 ubi
1299 3085 1598 3137 nuntiatum
1628 3094 1745 3148 est,
1777 3084 1958 3139 ltabito
1983 3102 2104 3139 cum
2212 3083 2363 3136 tionis
2408 3083 2585 3136 ordine
2614 3095 2984 3138 consecratum.
3022 3084 3162 3138 Nam
3206 3085 3625 3139 subscribentibus
3669 3084 3753 3148 plut

526 3173 590 3224 V'.
623 3171 682 3226 C.
717 3174 930 3227 tribuno
960 3173 1254 3229 Sereniano
1284 3184 1545 3242 tractatu,
1589 3179 1653 3228 ad
1696 3185 1938 3229 sanctum
1973 3177 2106 3230 i‘au—
2146 3241 2179 3248 _
2210 3178 2381 3230 minus
2398 3178 2720 3248 septuaginta
2747 3179 2992 3248 presbyte.
3010 3180 3076 3243 is,
3109 3179 3398 3233 astantibus
3429 3196 3599 3234 nouem
3625 3179 3753 3230 direr-

528 3265 658 3330 Inm,
699 3282 803 3331 quo
830 3276 1195 3332 convenerat,
1220 3277 1276 3320 et
1311 3283 1462 3321 sacra
1487 3269 1819 3337 exemplaria
1853 3285 1950 3338 pro
1977 3287 2102 3324 cau-
2133 3241 2179 3302 δ
2211 3283 2384 3320 sarum
2421 3269 2797 3336 provinciarum
2843 3269 3112 3338 episcopis,
3161 3250 3563 3325 benedictionem
3600 3283 3754 3338 compt-

524 3359 628 3410 ll‘la
655 3357 844 3419 direxi,
871 3375 937 3410 ne
967 3359 1090 3423 quid
1117 3358 1169 3410 in
1194 3359 1442 3426 injuriam
1474 3360 1738 3428 publicam
1769 3360 1834 3413 tle
1863 3376 2104 3429 prtecep-
2213 3361 2335 3413 lenti
2365 3371 2584 3430 tempore
2603 3370 2803 3414 cons’at
2823 3362 2984 3430 fuisse
3013 3362 3333 3416 celebratam.
3355 3366 3432 3417 Ac
3462 3367 3599 3433 prius
3621 3361 3754 3415 omnia

517 3448 595 3503 tis
644 3449 879 3502 immissa
924 3449 1206 3502 multitudo
1255 3458 1542 3503 temeraret
1568 3495 1581 3514 ,
1615 3460 1667 3504 et
1699 3464 1900 3520 partem
1943 3451 2104 3505 o‘dicii
2210 3451 2637 3521 qutrsolemuitas
2667 3453 2896 3524 exigebat
2923 3453 3170 3506 celebrata
3197 3465 3338 3510 sunt.
3379 3455 3486 3510 Sed
3525 3473 3630 3508 cum
3653 3468 3752 3523 pra-

523 3539 725 3604 pariter
756 3539 1040 3593 destinavi.
1075 3538 1183 3594 Sed
1211 3551 1457 3593 neutrum
1484 3541 1596 3594 ﬁeri
1623 3555 1811 3610 passus
1838 3584 1852 3607 ,
1888 3559 2009 3595 cum
2041 3543 2104 3598 ad
2209 3544 2370 3595 dictus
2395 3541 2634 3597 Ettlalius
2661 3545 2774 3613 (qui
2788 3557 2935 3597 antea
2963 3561 3052 3614 per
3074 3557 3173 3600 tres
3191 3549 3580 3601 consacerdotes
3593 3555 3754 3597 nostros

528 3630 724 3686 Urbem
755 3631 915 3685 vellet
957 3631 1152 3700 pariter
1193 3647 1314 3684 cum
1369 3633 1564 3700 populo
1609 3648 1852 3688 remeare
1877 3674 1891 3698 ,
1923 3635 2102 3687 statim
2210 3633 2377 3700 fuerat
2401 3651 2462 3686 ex
2503 3635 2774 3688 multorum
2802 3638 3102 3690 auctoritate
3129 3649 3432 3706 conventus,
3471 3657 3533 3692 ne
3556 3636 3753 3701 quidsibi

524 3727 588 3778 ad
617 3733 793 3793 portas
811 3733 917 3778 tam
946 3725 1356 3779 contubernales
1375 3739 1535 3794 quam
1560 3727 1891 3796 apparitores
1913 3741 2104 3780 occur-
2209 3733 2392 3778 temere
2433 3738 2618 3796 prtrter
2655 3730 3014 3781 conscientiam
3041 3730 3166 3782 cleri
3209 3732 3424 3801 majoris
3466 3727 3751 3790 assumeret).

523 3825 728 3879 rerunt,
755 3817 842 3886 qui
875 3832 996 3870 eum
1024 3820 1106 3884 (ut
1131 3825 1386 3870 statutum
1418 3817 1611 3887 luerat)
1646 3817 1840 3872 Urbem
1870 3829 2101 3873 vestram
2208 3817 2557 3873 circumventis
2591 3821 2909 3888 paucissimis
2937 3822 3260 3890 presbyteris,
3293 3824 3428 3876 male
3450 3821 3657 3889 acceptis
3674 3818 3748 3878 itit.

524 3910 727 3979 ingredi
778 3909 1142 3980 prohiberent.
1178 3909 1374 3964 Verum
1424 3911 1570 3979 ipsos
1621 3926 1832 3980 quoque
1859 3921 2105 3966 content-
2208 3927 2267 3962 ac
2307 3911 2521 3964 diverstr
2565 3911 2808 3964 cu.todiar
2853 3912 3154 3978 mancipatis
3188 3911 3277 3979 qui
3313 3912 3385 3963 ad
3426 3909 3751 3983 prohibendum

521 4004 726 4058 nendos
750 4005 976 4058 credidit
1003 4048 1018 4071 ,
1065 4013 1221 4072 atque
1251 4003 1514 4057 violenter
1542 4005 1816 4073 ingressus
1841 4045 1856 4069 ,
1899 4020 1927 4057 a
1955 4015 2102 4059 certa
2209 4018 2320 4053 cum
2342 4001 2522 4056 litteris
2551 4012 2822 4067 venerant,
2855 4003 3072 4056 exhibito
3101 4004 3251 4056 etiam
3279 4019 3393 4054 cum
3417 4003 3535 4056 aliis
3573 4000 3751 4053 Ostiensi

504 4094 680 4150 “Urbis
713 4104 864 4165 parte
896 4094 1137 4165 pluribus
1159 4095 1570 4148 occurrentibus
1599 4104 1681 4148 est
1709 4095 1978 4162 repulsus,
2007 4110 2104 4149 nec
2205 4094 2460 4164 episcopo,
2507 4110 2654 4163 quem
2686 4111 2842 4164 prope
2871 4107 3124 4146 mortuunt
3163 4103 3358 4147 constat
3389 4097 3604 4147 accitum
3639 4093 3749 4162 (nam

519 4187 810 4254 permissus
852 4186 990 4254 quod
1033 4184 1299 4254 cogitabat
1343 4185 1590 4252 implere.
1615 4185 1768 4249 Quod
1821 4186 1906 4237 ubi
1944 4170 2099 4239 turba
2207 4195 2424 4236 tractum
2445 4201 2548 4238 esse
2576 4183 2826 4238 nolentem
2856 4187 2991 4238 senis
3009 4187 3258 4254 wgritudo
3284 4188 3524 4255 testatur)
3547 4189 3593 4238 in
3619 4185 3751 4237 locum

516 4291 638 4344 qua:
682 4275 1039 4328 comitabatur
1081 4276 1319 4344 aspexit,
1354 4276 1471 4328 sine
1511 4275 1695 4342 aliquo
1739 4276 1964 4328 tutunltu
1994 4276 2102 4328 dis-
2204 4277 2301 4329 sibi
2345 4293 2444 4329 non
2492 4276 2748 4340 debitum,
2784 4278 3090 4330 incustodito
3136 4279 3402 4349 religionis
3447 4280 3647 4340 ordine,
3683 4290 3750 4342 per

520 4380 672 4433 persa
700 4379 802 4419 est.
825 4367 940 4435 Ipse
963 4381 1092 4420 vero
1111 4377 1261 4420 extra
1287 4380 1498 4419 murum
1527 4366 1786 4420 deductus
1812 4381 1916 4419 non
1949 4368 2102 4434 longe
2205 4368 2448 4422 ambitum
2488 4369 2788 4438 proruisset,
2816 4369 2962 4436 coepit
3009 4370 3044 4438 [ι
3066 4379 3202 4422 ctum
3239 4387 3386 4422 suum
3434 4388 3521 4438 per
3560 4367 3751 4422 homintr

518 4459 586 4512 ab
614 4457 755 4511 Urbe
784 4467 1081 4512 remoratur
1119 4475 1131 4508 :
1171 4459 1260 4525 qui
1289 4473 1376 4520 ne,
1405 4458 1611 4511 occulte
1653 4473 1748 4524 per
1781 4467 1990 4511 noctem
2023 4458 2102 4511 in-
2205 4458 2492 4527 disciplina:
2519 4459 2705 4512 inscios
2750 4476 2807 4512 ac
2845 4460 3108 4528 religionis
3136 4460 3432 4514 indecenter
3464 4462 3621 4523 tueri,
3643 4457 3749 4511 testi-

515 4565 734 4618 gressus
765 4551 988 4616 Urbem,
1017 4552 1081 4604 ad
1111 4552 1395 4604 ecclesiam
1427 4551 1736 4604 convolaret
1755 4592 1769 4616 ,
1812 4559 1866 4604 et
1913 4565 2099 4604 rursus
2131 4607 2172 4621 ﬁ
2205 4566 2349 4601 ntans
2367 4550 2601 4602 humanis
2619 4549 3140 4620 perturbationibusse
3159 4555 3474 4621 confundere
3493 4547 3750 4605 sen'entinm

497 4644 701 4712 populi
749 4644 920 4697 studia
969 4655 1354 4708 commoveret,
1404 4644 1672 4697 communi
1723 4654 1950 4698 tractatu
2002 4661 2097 4713 pro
2131 4607 2178 4666 ο
2203 4658 2350 4710 posse
2377 4643 2618 4695 diuinam.
2652 4640 2714 4693 Et
2735 4643 2976 4710 quoniam
3003 4641 3325 4696 clementiam
3352 4654 3568 4696 vestram
3589 4648 3750 4694 consul

494 4739 840 4806 «competenti
869 4735 1228 4791 sollicitudine
1254 4736 1667 4790 contubernales
1687 4746 1741 4790 et
1762 4738 2096 4806 apparitores
2200 4733 2438 4802 falsidica
2460 4728 2706 4785 relatione
2723 4734 3003 4798 deceptam,
3036 4742 3089 4784 ut
3117 4735 3287 4786 nescio
3307 4735 3434 4802 quid
3462 4735 3513 4787 in
3541 4731 3748 4804 injuriam

498 4838 746 4896 .uuatuor
794 4827 902 4882 illic
939 4828 1057 4882 sine
1109 4827 1300 4892 iniuria
1331 4829 1460 4894 ejus
1500 4828 1789 4882 ubsetvare
1833 4828 2091 4895 disposui,
2199 4824 2356 4876 divini
2397 4824 2617 4877 numitts
2662 4823 2926 4876 sanciretis
2970 4824 3112 4893 (nam
3154 4824 3382 4877 divinum
3425 4836 3499 4879 est
3537 4818 3747 4893 quidquid

508 4933 842 4990 exspectans
884 4922 1010 4991 quid
1064 4920 1235 4990 pietas
1284 4931 1460 4975 vestra
1513 4920 1794 4984 decernat,
1839 4930 1896 4973 ιιι
1942 4919 2092 4987 quies
2198 4925 2455 4969 tantorum
2501 4917 2669 4986 ﬁrmat
2699 4916 2924 4983 electio),
2963 4933 2994 4984 p
3024 4918 3174 4970 timus
3215 4919 3746 4984 pictatemtvestramttl

521 5016 688 5080 possit
728 5028 849 5083 quas
898 5015 1162 5067 hactenus
1201 5021 1412 5066 servata
1457 5020 1537 5066 est
1577 5011 1892 5080 perdurare.
1939 5009 2089 5064 Circa
2195 5007 2438 5059 removeri
2476 5009 2649 5075 priora
2695 5007 2968 5058 constituta
3000 5006 3248 5074 jubentis,
3289 5020 3443 5078 atque
3491 5006 3745 5061 h'ulalisnt,

515 5113 716 5168 partem
746 5120 874 5158 vero
907 5103 1098 5158 Eulztlii
1127 5104 1365 5174 episcopi
1396 5103 1716 5157 vt-nerabilis
1745 5102 1875 5167 viri,
1907 5102 1996 5170 qui
2023 5117 2090 5155 eo
2191 5099 2354 5167 quiin
2381 5099 2547 5152 locum
2574 5099 2819 5167 surrcpsit
2847 5101 3091 5162 alienum,
3123 5099 3191 5150 ad
3213 5102 3514 5154 comitatum
3533 5098 3746 5155 serenita-

508 5197 596 5249 die
643 5211 778 5263 pene
818 5211 940 5250 cum
984 5196 1130 5250 omni
1179 5195 1523 5250 multitudine
1554 5196 1618 5248 ad
1650 5193 1821 5247 sancti
1859 5195 2086 5262 apostoli
2188 5191 2252 5242 tis
2279 5200 2456 5242 uestrte
2480 5206 2594 5241 cum
2621 5191 2913 5242 auctoribus
2932 5191 3038 5243 suis
3068 5193 3249 5245 debere
3269 5197 3484 5248 adduci.
3514 5195 3618 5247 Nos
3639 5193 3746 5244 enim

509 5288 652 5344 Petti
703 5289 973 5344 basilicam
1015 5289 1275 5343 solemnia
1326 5289 1668 5354 celebrabat,
1717 5288 1806 5341 ubi
1859 5288 2082 5355 pritnutn
2188 5280 2485 5350 proﬁtemur
2517 5280 2578 5334 S.
2611 5297 2795 5350 papam
2830 5279 3156 5349 Bonifacium
3182 5289 3372 5338 nostris
3399 5302 3515 5338 cum
3537 5282 3745 5338 sacerdo'

507 5379 720 5446 pietatis
760 5389 952 5434 vestrm
1003 5387 1267 5448 praecepta
1312 5389 1436 5432 sunt
1478 5377 1772 5445 publicata,
1801 5376 1899 5430 fuit.
1925 5376 2083 5430 totius
2187 5370 2318 5424 tibus
2347 5371 2646 5440 adfuturum
2669 5387 2687 5424 :
2713 5372 2901 5424 relictis
2932 5373 3144 5441 singulis
3171 5375 3335 5428 titulis
3358 5376 3632 5447 presbyteri
3653 5387 3744 5426 om-

509 5470 691 5524 ltrtitia
720 5471 969 5524 civitatis.
996 5470 1148 5525 Unde
1174 5486 1235 5524 ea
1264 5485 1383 5539 qua:
1424 5467 1648 5538 populus
1689 5467 1958 5522 [Romanus
1983 5483 2081 5536 pu-
2186 5478 2272 5515 nes
2293 5461 2529 5524 aderunt,
2553 5461 2637 5529 qui
2661 5460 2865 5514 uolunta
2889 5479 2966 5514 em
2987 5479 3153 5530 suam,
3177 5465 3271 5518 hoc
3291 5476 3384 5530 est,
3411 5466 3507 5519 Dei
3518 5465 3744 5536 judicium

509 5560 647 5612 ltlico
692 5560 886 5628 gaudio
925 5561 1152 5616 diversis
1185 5559 1660 5615 acclamationibus
1695 5573 1858 5626 agens
1883 5558 2078 5626 gratias
2181 5555 2571 5622 pro/aquaam".
2615 5553 2798 5606 Jul'eal
2842 5557 2994 5607 etiam
3055 5569 3220 5611 vestra
3278 5562 3548 5613 clemrntia
3597 5572 3743 5612 omm's

507 5651 771 5718 ntajcstati
820 5660 1010 5705 vestra:
1061 5657 1308 5722 (testatus
1343 5654 1448 5718 est)
1487 5650 1685 5705 credidi
1725 5649 2037 5718 publicanda
2062 5689 2076 5711 ,
2180 5645 2363 5696 adesse
2387 5662 2512 5714 quos
2543 5661 2698 5697 causa
2721 5647 3054 5713 constringit,
3098 5649 3215 5717 cjici
3249 5652 3407 5704 etiam
3434 5653 3630 5704 civitate
3669 5663 3742 5698 tto-

502 5751 555 5795 et
574 5741 817 5798 relationi
852 5756 967 5797 mea
1000 5745 1243 5799 universa
1275 5743 1501 5809 subjeci,
1533 5753 1588 5794 ιιι
1624 5748 1940 5810 agnas-ceret
1968 5739 2076 5807 pic-
2183 5736 2359 5802 lentes,
2404 5737 2492 5807 qui
2529 5753 2579 5790 se
2614 5755 2712 5790 nou
2753 5740 3005 5807 patientur
3046 5741 3256 5794 adduci.
3306 5742 3600 5805 Invenietis.
3645 5757 3740 5793 cum

499 5846 586 5900 tas
627 5843 802 5890 vestra
841 5845 1037 5906 quanta
1077 5837 1254 5906 quiete
1304 5833 1458 5888 Urbis
1498 5833 1658 5888 totius
1701 5838 1940 5886 correcta
1971 5831 2032 5884 sit

2200 5830 2383 5898 'tzperit
2415 5830 2598 5899 agitari
2647 5829 2836 5882 incerta
2864 5832 3128 5894 diseussie,
3153 5836 3290 5901 quod
3316 5837 3549 5890 omnibus
3579 5833 3739 5887 divinis
