3898 6460
168 472 248 527 401
1317 457 1686 516 EPISTOLAR

1831 459 2027 513 LIBER
2074 460 2136 514 Χ.

3257 471 3358 525 illi

168 584 328 655 legibus
350 585 618 640 abhorreat,
663 589 834 627 verum
854 572 1000 627 etiam
1027 570 1296 638 displicere
1323 573 1478 639 possit
1502 569 1684 625 huma-
1714 576 1759 634 Α
1792 583 1946 624 suum
1972 568 2280 638 cornpmitis
2313 568 2605 625 mendaciis
2647 584 2979 629 excusarent.
3010 575 3156 640 Quod
3202 592 3269 632 ne
3305 579 3358 632 in

168 675 267 726 nis:
291 670 494 740 quoltoc
523 666 770 720 consecuti
798 680 1008 735 agamus
1045 674 1230 717 wterno
1273 664 1483 734 imperio
1518 674 1680 716 vestro

166 765 378 816 maximus
403 769 544 826 atque
571 757 742 811 uberes
773 757 984 828 gratias.

671 845 885 902 EPIST.
912 839 1120 900 LXXV.

116 963 145 990 ξ’
221 959 308 996 ΙΙΡ.
341 951 588 994 1103081υῦ
613 952 814 993 εειινειι
835 953 955 991 AUC.
977 949 1255 990 εγιιιιιιειιο
1283 949 1344 990 ιιιι
1359 948 1458 990 δι’.
1492 948 1612 988 υιιι.

222 1027 328 1087 Ροιι
350 1032 634 1085 relationem
657 1029 986 1084 sublimitatis
1013 1039 1114 1082 tua:
1137 1028 1358 1082 delatam
1397 1038 1687 1082 mansuetu-

163 1126 273 1178 diuis
295 1133 465 1178 nostrae
491 1122 717 1188 auribus,
739 1121 1140 1191 presbyterorum
1165 1120 1351 1190 legatio
1371 1135 1576 1174 causam
1598 1137 1690 1174 nvo

163 1219 224 1268 bis
247 1231 336 1267 non
363 1227 681 1279 supervacue
717 1209 1094 1265 deliberationis
1132 1210 1323 1281 injecit.
1360 1208 1489 1268 Idea
1524 1210 1686 1279 decet,

161 1306 450 1376 antb’gsitate
482 1305 724 1374 seposita,
756 1304 954 1370 ﬁdelem
988 1319 1158 1357 rerum
1196 1304 1426 1357 ordinem
1459 1305 1689 1358 cominus

164 1397 348 1462 experiri
370 1410 650 1464 :quuntque
673 1404 867 1462 partem
897 1393 1265 1463 pratermissus
1294 1403 1448 1465 gestae
1472 1395 1544 1448 rei
1564 1395 1689 1448 ordo

163 1496 332 1556 arguat,
351 1502 494 1555 quam
510 1494 736 1539 servatus
751 1494 962 1548 annuat,
979 1485 1148 1538 multis
1164 1500 1334 1537 coram
1353 1485 1687 1548 censentibus,

163 1576 417 1643 approbari,
449 1585 522 1639 ut,
558 1574 814 1644 utriusque
839 1575 960 1643 facti
981 1576 1132 1630 simul
1150 1574 1396 1644 qualitate
1419 1591 1688 1646 perpensa,

160 1668 326 1718 etcirca
361 1683 506 1719 unam
531 1668 628 1720 rite
653 1667 862 1734 tle/inita
899 1666 1162 1732 consistat,
1193 1676 1240 1720 et
1265 1667 1399 1720 circa
1431 1667 1586 1720 aliam
1618 1679 1691 1719 te-

159 1745 266 1809 mere
286 1766 528 1825 assumpta
562 1773 661 1809 non
689 1767 910 1822 maneat,
936 1756 1239 1827 Symmache
1285 1774 1465 1825 parens
1495 1759 1691 1811 carissi-

159 1860 222 1897 rne
243 1855 282 1897 et
313 1846 674 1898 amoenissime.
706 1845 784 1898 0b
809 1863 958 1914 quam
986 1863 1090 1901 rem
1120 1848 1332 1901 illustris
1365 1858 1410 1900 et
1449 1848 1692 1913 pra’celsa

1789 659 1965 730 aliquo
1987 659 2326 713 clementiam
2357 669 2585 714 vestram
2618 661 2796 727 lateat,
2838 664 3023 718 eadem
3053 680 3172 734 qua:
3209 666 3360 720 obtu-

1790 749 1966 805 lerunt
2017 751 2362 804 actisinserla
2388 753 2682 819 transmisi,
2710 771 2775 809 ne
2796 755 3082 824 quidquam
3111 757 3362 826 suppres-

1795 858 1912 897 sum
1952 857 2072 898 esse
2097 853 2412 912 querantur.
2454 843 2710 912 Superest
2748 855 2807 899 ut
2847 847 2984 914 apud
3023 847 3360 902 clementiam

1792 943 2022 988 vestram
2066 933 2262 987 nullius
2292 933 2458 1000 partis
2503 935 2692 990 studiis
2725 936 2907 992 fatnuli
2949 940 3110 992 vestri
3140 951 3362 1006 appeta-

1791 1036 1874 1080 tur
1898 1024 2164 1101 absentia,
2195 1025 2287 1095 qui
2316 1041 2530 1094 semper
2559 1027 2824 1097 majestati
2849 1039 3040 1083 vestra:
3074 1029 3221 1098 puris
3251 1045 3364 1084 ser-

1790 1117 1930 1171 vitiis
1949 1117 2290 1186 approb..tus,
2309 1118 2376 1173 ab
2399 1119 2862 1192 impngnationeﬁet
2884 1122 3064 1175 favore
3085 1123 3359 1176 ambarum

1791 1207 2039 1274 partium,
2071 1217 2127 1261 ut
2152 1207 2394 1274 decebat,
2428 1209 2657 1265 credidit
2681 1212 3240 1282 tcmperandum.D.it.
3275 1230 3364 1268 vni

1793 1299 1896 1354 cal.
1930 1298 2086 1356 Febr.

2336 1389 2543 1447 EPIST.
2579 1391 2830 1450 LXXVII.

1990 1496 2096 1534 IIP.
2127 1495 2382 1536 BONORIUS
2403 1499 2524 1539 AUC.
2556 1499 2833 1542 SYIHACUO
2861 1503 3030 1544 PBJEI".
3055 1506 3170 1543 υιιιι.

1871 1571 2179 1641 Magnarum
2202 1572 2625 1628 deliberationum
2655 1592 2756 1629 non
2800 1577 2941 1632 debet
2971 1581 3122 1632 citum
3152 1596 3258 1634 esse
3278 1582 3364 1647 iu-

1800 1662 2011 1726 tl'cium,
2054 1679 2144 1715 nec
2173 1673 2356 1718 temere
2391 1667 2700 1735 proferenda
2733 1681 2849 1722 sunt
2891 1686 3003 1739 qut:
3038 1672 3283 1726 servanda
3318 1674 3368 1726 in

1795 1769 1935 1823 ρει-ρο
1952 1763 2092 1806 tuum
2118 1756 2441 1809 sanciuntur.
2473 1756 2622 1825 Stcpe
2641 1759 2704 1812 de
2727 1761 2971 1828 episcOpis
2997 1761 3146 1815 Urbis
3166 1774 3368 1818 teternc

1793 1845 2122 1898 altercatione
2150 1847 2373 1914 partium
2399 1846 2496 1899 sub
2515 1848 2747 1902 examine
2766 1852 3089 1904 sacerdotum
3131 1869 3369 1907 concessa

155 1937 409 2009 magnitudo
453 1947 564 2004 tua,
605 1937 860 2003 suspensis
901 1936 1132 1990 omnibus
1160 1953 1272 2006 qua
1313 1937 1544 2006 superius
1573 1947 1689 1990 sunt
1723 1939 1767 1998 Β
1793 1935 2012 2004 cognitio
2039 1944 2134 1988 est.
2187 1935 2292 1990 Sed
2325 1951 2388 1989 ne
2433 1937 2556 2006 quid
2603 1940 2844 2007 festinant
2891 1941 3140 1997 celeritate
3179 1944 3366 2014 judicii

156 2032 339 2095 decreta,
364 2030 590 2100 nullique
613 2030 815 2084 interim
839 2031 1140 2100 praeiudicio
1166 2041 1477 2101 comparato,
1511 2041 1689 2085 aucto-

156 2120 276 2172 ritate
292 2122 540 2188 prtesentis
575 2121 791 2186 oraculi,
813 2129 1097 2188 utrumque,
1125 2121 1218 2174 hoc
1241 2131 1334 2186 est,
1367 2119 1690 2191 Bon’facium

155 2228 193 2264 et
216 2212 449 2267 Eulalium
469 2215 884 2286 religiosissimos
903 2215 1034 2268 viros
1055 2215 1298 2268 instantia
1321 2216 1481 2285 digna
1509 2232 1688 2270 conve-

155 2305 259 2368 nies,
279 2317 327 2357 ut
353 2306 481 2358 intra
517 2306 658 2359 diem
686 2315 883 2360 sextum
927 2305 1109 2360 iduum
1143 2304 1408 2361 Februarii
1434 2306 1692 2361 Ravenna-

156 2406 236 2446 tem
254 2396 482 2449 civitatem
508 2397 836 2465 praesentiam
855 2413 1000 2450 suam
1015 2405 1274 2450 maturare
1284 2414 1384 2451 non
1405 2396 1646 2464 differant
1671 2414 1688 2452 :

154 2485 349 2538 omnibus
371 2494 512 2555 atque
547 2487 771 2556 singulis
800 2486 1096 2552 admonitis,
1128 2486 1216 2555 qui
1235 2497 1467 2540 auctores
1500 2488 1690 2540 utrius-

153 2591 231 2641 que
263 2577 590 2631 ordinationis
617 2578 858 2642 existunt,
890 2587 966 2643 ut,
998 2587 1170 2630 amota
1209 2579 1554 2642 excusatione,
1588 2595 1688 2632 non

154 2664 307 2729 desint,
327 2675 369 2718 et
397 2669 529 2734 facto
567 2666 779 2736 quisque
817 2682 942 2737 erga
970 2667 1188 2720 alterum
1215 2668 1443 2736 proprio,
1475 2667 1688 2735 prolatis

155 2758 463 2812 ecclesiastica
500 2759 844 2813 institutionis
893 2759 1159 2827 exemplis,
1201 2760 1435 2829 defensor
1463 2760 1686 2825 existat;

154 2865 274 2918 seque
297 2862 495 2920 purgato
535 2851 704 2904 alium
741 2851 904 2918 magis
928 2851 980 2903 in
1027 2850 1185 2920 legem
1218 2851 1532 2905 Catholicam
1561 2851 1687 2905 deli-

155 2955 308 3010 quisse,
331 2955 636 3016 pra’suinpta
677 2946 917 2998 inmeriti
944 2946 1184 2998 electione
1211 2946 1474 2998 convincat
1503 2961 1521 2998 :
1541 2945 1684 3014 judi-

154 3035 262 3086 cium
279 3037 334 3090 de
349 3046 476 3090 statu
497 3052 598 3091 sua
629 3035 839 3105 quisque
862 3037 907 3088 si
939 3037 1118 3089 adesse
1156 3037 1451 3106 neglexerit,
1478 3037 1688 3090 sortitu-

155 3143 252 3191 rus;
295 3129 519 3182 nimirum
563 3127 854 3198 intelligens
889 3127 1186 3198 improvide,
1240 3127 1395 3180 immo
1435 3127 1615 3181 illicita
1635 3143 1690 3181 se

153 3217 322 3284 fecisse,
341 3221 466 3286 quod
494 3234 674 3274 coram
700 3235 801 3272 non
830 3217 1021 3272 audeat
1048 3218 1330 3286 defensare.
1348 3217 1465 3272 'Nos
1490 3235 1689 3288 quoque

1789 2027 2101 2095 proferatur,
2136 2025 2189 2078 id
2210 2027 2486 2080 clementia:
2514 2038 2700 2082 nostra:
2726 2031 2855 2084 sedit
2877 2033 3111 2086 arbitrio.
3145 2033 3211 2086 At
3239 2050 3365 2102 quo—

1791 2118 1930 2171 niam
1959 2118 2190 2172 vicinitas
2223 2129 2514 2172 sanctorum
2550 2121 2751 2182 dierum
2789 2107 3015 2192 episcopi
3049 2125 3370 2194 prtesentiam

1793 2207 2068 2276 postularet
2091 2245 2107 2271 ,
2133 2224 2225 2262 nec
2253 2209 2304 2261 in
2329 2209 2449 2262 urbe
2478 2211 2820 2264 sacrati-sima
2850 2212 2926 2282 fas
2944 2221 3037 2277 est,
3065 2214 3369 2280 pascharunt

1789 2300 2070 2368 pra'sertim
2099 2299 2230 2368 dies,
2258 2301 2366 2376 sine
2393 2304 2657 2356 sacerdote
2676 2304 2950 2370 celebrare,
2976 2306 3190 2370 idcirco,
3215 2307 3368 2376 δνιηιο

1789 2389 1966 2444 macine
2022 2406 2207 2460 parens
2255 2392 2512 2445 carissime
2546 2402 2697 2462 atque
2737 2397 3108 2462 amantissime,
3150 2397 3369 2451 illustris

1790 2481 2173 2551 magniﬁcentia
2227 2491 2316 2536 tua
2364 2485 2645 2538 Achilleum
2687 2503 2780 2539 nos
2822 2487 3031 2559 elegisse
3069 2493 3368 2560 "cognoscat.

1788 2590 1934 2643 quem
1962 2591 1993 2626 a
2017 2577 2188 2644 favore
2214 2577 2436 2642 partium
2463 2587 2657 2631 conslat
2697 2596 2800 2633 isse
2829 2579 3070 2646 alienum,
3119 2583 3207 2649 qui
3245 2600 3366 2654 my-

1789 2669 1942 2722 steria
1961 2683 2108 2721 sacra
2129 2669 2489 2723 observationis
2508 2671 2759 2741 impleret.
2787 2671 3079 2727 Transactis
3095 2691 3209 2728 vero
3230 2676 3368 2745 festis

1791 2757 1964 2810 diebus
2006 2773 2068 2810 ea.
2100 2759 2303 2829 judicio
2351 2760 2664 2813 sacerdotum
2703 2778 2816 2831 qua:
2859 2762 3070 2816 debeant
3119 2765 3368 2819 custodiri

1791 2849 2008 2902 concilio
2027 2851 2300 2903 maturiore
2322 2853 2667 2908 tractabimus.
2689 2852 2952 2906 Menenius
2975 2872 3094 2908 sane
3129 2867 3180 2908 ut
3205 2859 3367 2926 regio-

1793 2954 1915 2990 num
1947 2939 2249 3007 primatibus
2275 2943 2512 3008 evocatis,
2544 2944 2828 3012 disciplina:
2862 2945 3078 3012 pnblica?
3112 2948 3371 3015 quietique

1791 3029 2069 3098 prospicias
2093 3045 2110 3081 :
2138 3029 2320 3100 quibus
2341 3031 2654 3085 decretorum
2683 3044 2971 3086 nostrorum
3003 3045 3254 3104 pracepttt
3284 3039 3367 3108 fut-

1795 3123 1911 3175 beas
1954 3124 2165 3191 aperiri,
2199 3141 2261 3176 ne
2301 3125 2415 3192 quis
2449 3123 2641 3179 scilicet
2684 3126 2847 3179 ullum
2886 3130 3168 3185 tumultum
3207 3145 3400 3198 neque»

1789 3212 2086 3266 seditionem
2107 3214 2294 3268 audeat
2309 3229 2618 3268 commovere
2636 3231 2655 3269 :
2676 3232 2826 3286 quam
2841 3217 2883 3270 si
2911 3218 3224 3292 quisinsana
3247 3237 3366 3294 per.

156 3322 203 3357 ex
225 3307 410 3362 divinis
435 3309 712 3378 provinciis
759 3317 1120 3379 competentem
1151 3323 1418 3361 numerum
1456 3310 1692 3362 sacerd.-
1715 3293 1760 3354 C
1793 3303 2028 3356 suasione
2054 3305 2338 3373 conquiret,
2370 3321 2471 3358 non
2503 3307 2553 3357 in
2580 3322 2660 3359 eos
2692 3315 2890 3365 tantum
2916 3308 3003 3375 qui
3031 3308 3084 3364 in
3104 3293 3368 3379 perturba.-

156 3405 242 3450 tttm
260 3402 442 3468 scriptis
463 3411 656 3455 nostra:
682 3419 720 3454 si
736 3402 965 3455 renitatis
993 3401 1282 3467 accivimus,
1307 3411 1358 3454 ut
1397 3417 1501 3455 rem
1526 3402 1686 3456 dedu-

156 3500 260 3540 rtam
281 3490 327 3543 in
354 3493 562 3546 duliunt
596 3493 821 3546 absolvat
852 3493 995 3545 nobis
1020 3508 1194 3545 coram
1222 3493 1499 3564 deceptatio
1528 3494 1691 3560 pluri-

155 3594 332 3633 morum.
363 3581 484 3637 Cum
513 3591 689 3636 autem
719 3582 889 3636 omnia
913 3584 1086 3652 futuro
1126 3583 1322 3652 integra
1353 3583 1454 3636 sint
1487 3583 1691 3654 judicio

156 3683 384 3736 reservata,
425 3674 488 3727 de
524 3675 802 3727 transactis
837 3673 933 3726 sibi
961 3673 1182 3727 blandiri
1230 3673 1480 3729 neminem
1524 3676 1686 3728 decet.

157 3753 393 3818 Piau'ntis
410 3768 562 3819 etiam
574 3766 770 3836 jndicii
790 3765 984 3819 docebit
1003 3766 1311 3836 exemplum,
1335 3767 1458 3836 quid
1481 3769 1533 3821 in
1555 3770 1689 3840 ejus-

154 3853 265 3904 modi
284 3859 482 3926 negatiis
509 3858 769 3911 observari
795 3857 966 3911 debeat
993 3858 1043 3911 in
1057 3858 1308 3928 futurum.
1337 3859 1524 3914 Datum
1563 3876 1689 3919 xvm

76 3981 79 3984 .
154 3943 235 3996 cal.
257 3943 509 4002 Februarii
536 3966 630 4020 per
659 3949 990 4019 Aplttonium.

685 4038 896 4096 EPIS'I‘.
929 4039 1160 4094 LXXVI.

237 4143 281 4183 υ.
306 4143 526 4184 ιιοκοιιιο
556 4141 765 4185 εειηιειι
792 4146 914 4185 AUC.
935 4144 1244 4186 εγιιιιλςιιυι
1269 4147 1439 4186 Ριιιιν.
1465 4149 1579 4186 ιτιιιι.

205 4218 320 4273 Cum
347 4221 422 4274 vir
448 4221 784 4276 clarissimus
808 4221 1106 4290 Aphtonius
1133 4220 1351 4276 decurio
1375 4222 1513 4276 sacri
1543 4221 1692 4290 pala-

152 4311 195 4360 tii
223 4312 362 4365 vestri
388 4328 505 4366 cum
549 4312 758 4368 caelesti
791 4313 1148 4381 prmceptione
1185 4311 1250 4366 ad
1284 4311 1480 4367 Urbem
1530 4329 1690 4368 vene-

150 4404 340 4458 rabilem
387 4407 750 4469 convenisset,
786 4405 928 4458 onmi
960 4420 1157 4472 genere
1195 4405 1464 4468 festinavi,
1505 4417 1689 4474 quale-

150 4507 230 4546 nus
257 4497 520 4566 pra:ceptis
544 4497 782 4551 numinis
802 4497 962 4551 vestri
985 4495 1341 4551 obedien'iam
1383 4495 1691 4551 commoda-

147 4595 259 4638 rem.
289 4586 408 4642 Nam
439 4589 622 4642 statim
660 4588 940 4642 conventis
985 4587 1296 4655 proceribus
1329 4602 1479 4641 sacra
1515 4587 1688 4656 jussio

1792 3395 1928 3448 tione
1954 3397 2140 3464 fuerint
2166 3395 2481 3465 deprehensi,
2513 3399 2601 3450 sed
2623 3400 2674 3454 in
2713 3399 3196 3470 regionumqaoque
3231 3404 3367 3472 prio-

1791 3472 1870 3536 res
1891 3485 2016 3537 sciat
2046 3486 2424 3542 vindicandum.
2452 3487 2698 3548 Novimus
2721 3490 2854 3547 enirn
2871 3491 3082 3560 quietem
3108 3471 3370 3562 publicam
3395 3543 3415 3550 ,,

1793 3574 1945 3642 facile
1972 3578 2241 3644 custodiri,
2292 3579 2336 3633 si
2368 3579 2681 3640 inventorum
2715 3582 3018 3652 cupiditates
3059 3594 3106 3637 et
3145 3589 3388 3654 fomenta;

1793 3671 2112 3728 cessaverint.

2313 3766 2526 3822 EPIST.
2559 3765 2836 3823 LXXVIII.

1794 3868 1986 3908 DOIINO
2003 3868 2204 3910 SIMEEB
2231 3871 2466 3911 ILLUSTIII
2495 3872 2559 3912 ET
2585 3874 2632 3912 IN
2663 3874 2892 3934 CUNCTIS:
2914 3875 3366 3934 ιιΑοΜιΊεονιῖιιι-

1863 3938 2030 3987 reque
2051 3941 2255 3980 solum
2287 3941 2610 3983 consrnvrto
2640 3929 2941 3984 ss'uuscuus
2971 3947 3136 3984 pass.
3174 3929 3293 3986 vita.

1863 4036 2202 4104 Qumcnnqne
2224 4038 2418 4104 subito,
2441 4040 2585 4094 niillo
2608 4043 2879 4109 opinante,
2901 4045 3234 4109 proveniunt,
3268 4061 3298 4098 ιι
3335 4061 3367 4100 c

1791 4129 1868 4186 ad
1889 4130 2096 4200 culpam
2119 4131 2314 4200 judicis
2331 4133 2512 4187 referri
2539 4141 2845 4201 possunt,et
2866 4135 3114 4202 p0pnlum
3144 4135 3365 4190 rationis

1791 4219 2032 4290 ignarum
2077 4221 2343 4288 insperata
2373 4215 2616 4280 navitae
2645 4221 2978 4289 perturbant.
3014 4222 3104 4276 Vir
3139 4238 3366 4292 namque

1792 4313 2071 4384 religiosus
2102 4313 2333 4368 Eulalius
2351 4313 2536 4383 quinto
2557 4313 2764 4368 decimo
2789 4313 2892 4369 cal.
2912 4315 3110 4383 Aprilis
3141 4313 3361 4384 Urbem,

1791 4421 1877 4462 me
1899 4404 2194 4468 nesciente,
2230 4406 2542 4460 meridianis
2571 4405 2718 4460 boris
2749 4407 3020 4475 iugresms
3049 4414 3132 4461 est
3163 4423 3176 4459 :
3206 4422 3369 4476 quem

1791 4497 1994 4552 credidi
2031 4497 2242 4566 aliquod
2271 4511 2450 4552 secum
2480 4497 2760 4567 pertulisse
2789 4507 3130 4567 praeceptum.
3165 4499 3361 4554 Verum

1791 4587 1978 4643 eodem
1998 4587 2086 4642 die
2101 4589 2240 4642 circa
2265 4603 2542 4657 vesperum
2572 4589 2874 4656 Spoletinus
2899 4592 3206 4659 episcopus,
3233 4592 3362 4644 mis-

147 4676 398 4742 publicata,
430 4687 484 4732 et
503 4678 572 4732 ad
602 4677 882 4747 religiosos
914 4679 1055 4731 viros
1086 4677 1414 4735 Bonifacium
1443 4688 1498 4732 et
1530 4679 1684 4734 Eula-
1714 4666 1763 4724 Ι)
1789 4679 1863 4734 sis
1884 4679 2073 4734 litteris
2092 4720 2107 4745 ,
2145 4694 2229 4734 me
2255 4679 2484 4734 credidd
2522 4679 2913 4733 admonendum
2935 4679 3078 4750 quod
3108 4695 3259 4736 sacra
3290 4682 3368 4735 ad

149 4765 251 4821 lium
301 4773 456 4824 missa
507 4771 796 4826 conventio
844 4779 943 4835 est,
996 4770 1057 4822 D.
1114 4770 1689 4839 imperatorzclcrlcos

149 4870 325 4924 quoque
345 4876 526 4915 eorum
559 4861 788 4930 przncepi
818 4861 1015 4929 pariter
1037 4860 1416 4928 admoneri,.ut
1445 4861 1572 4914 niliil
1604 4861 1687 4914 lu-

148 4951 261 5009 tnro,
299 4959 654 5018 cognoscente
707 4950 903 5018 pietate
944 4960 1141 5018 vestra,
1192 4949 1404 5004 deesset
1432 4951 1682 5004 examini.

105 5025 108 5028 ’
148 5034 271 5091 Unde
299 5041 407 5095 hinc
460 5043 662 5107 omnia,
708 5055 978 5111 gestorum
1006 5045 1148 5100 serie
1187 5042 1683 5110 compreliensa,ad

147 5128 324 5192 plenam
364 5133 770 5188 instructionem
802 5135 984 5188 subter
1023 5134 1275 5188 aunexui.
1315 5134 1504 5186 Verum
1533 5142 1680 5200 pust.—

146 5231 276 5281 quam
305 5237 420 5287 pars
446 5233 672 5292 utraque
704 5224 884 5293 populi
921 5224 1147 5277 diversis
1175 5221 1528 5278 seditionibus
1557 5239 1682 5276 exa-

144 5312 398 5384 gitaretur,
431 5315 676 5385 singulos
713 5317 1082 5372 admonitione
1121 5317 1282 5370 missa
1315 5315 1560 5383 conveni,
1617 5331 1682 5370 ne
1717 5378 1733 5398 .

145 5403 196 5452 ad
223 5419 367 5461 unam
402 5408 698 5464 Ecclesium
727 5410 1098 5475 convenirent,
1143 5417 1217 5472 et,
1254 5407 1394 5475 quod
1429 5407 1540 5460 ﬁeri
1574 5423 1622 5460 nt
1647 5423 1678 5458 ιι

145 5491 329 5566 licebat,
349 5498 489 5554 inter
519 5513 578 5554 se
605 5470 890 5554 multitiido
933 5470 1403 5565 conﬂigeret.-Sed
1434 5496 1534 5550 hoc
1575 5498 1679 5551 illis

146 5582 415 5652 visumest,
447 5586 633 5653 credo,
663 5596 999 5658 suspectum,
1038 5603 1144 5656 quo
1169 5587 1405 5656 quietem
1447 5585 1679 5640 suaden-

145 5675 244 5730 datn
265 5680 461 5735 credidi
490 5681 791 5739 hominibus
823 5681 1134 5750 perturbare
1171 5680 1472 5734 volentibus
1497 5681 1680 5732 civim-

148 5775 249 5822 tem.
286 5771 362 5824 0b
407 5787 569 5842 quam
597 5789 706 5827 rem
759 5773 928 5826 ambae
978 5781 1153 5840 partes
1201 5769 1682 5824 calumniosissitne

147 5861 450 5918 crediderunt
469 5861 1340 5933 contestalinnibusappetendum,
1371 5871 1426 5914 ut
1445 5875 1690 5915 errorem

1790 4785 1861 4825 se.
1899 4770 2166 4826 manantia
2213 4771 2263 4824 in
2315 4770 2456 4826 Urbe
2497 4769 2584 4824 die
2631 4779 2816 4824 sancto
2845 4769 3063 4824 Pii-clue
3086 4770 3268 4839 jussus
3294 4772 3378 4824 sin

1789 4861 2084 4917 celebrare.
2123 4862 2271 4928 Quod
2317 4872 2637 4932 prmceptum
2680 4871 2803 4916 ante
2859 4863 3070 4930 penitus
3100 4864 3362 4932 ignoravi,

1791 4944 2014 5009 Domine
2061 4969 2272 5022 semper
2327 4953 2553 5008 illustris
2596 4963 2650 5007 et
2699 4953 2751 5006 in
2803 4954 3006 5008 cunctis
3057 4953 3364 5025 magniﬁce,

1789 5046 2088 5114 meritoque
2117 5045 2360 5100 sublimis
2385 5062 2445 5101 ac
2478 5047 2731 5114 pratcelse
2761 5054 3003 5114 patrone.
3036 5046 3186 5109 Quod
3235 5061 3370 5098 cunt

1792 5136 1923 5191 mihi
1973 5137 2119 5204 prius
2167 5137 2224 5190 S.
2273 5136 2460 5190 Enlalii
2509 5136 2828 5192 innotuisset
2889 5135 3186 5198 adventus,
3245 5145 3360 5189 sta-

1792 5228 1884 5280 tim
1933 5226 2220 5297 parendum
2249 5225 2448 5281 cred'di
2482 5226 2806 5280 invictissimi
2840 5225 3091 5293 principis
3121 5226 3351 5290 imperaa

1791 5319 1875 5374 tis.
1900 5318 2094 5374 Verum
2119 5335 2238 5376 cum
2271 5319 2479 5373 interim
2508 5318 2650 5372 dicto
2675 5317 2761 5372 die
2785 5317 2978 5373 Urbem
3009 5317 3064 5371 S.
3090 5316 3360 5370 Achilleus

1788 5417 1928 5463 esset
1961 5409 2248 5477 ingressus,
2280 5411 2574 5462 commotio
2593 5407 2792 5462 exstitit
2822 5406 3169 5474 populorum,
3204 5416 3261 5458 ut
3289 5410 3359 5460 an

1789 5515 1889 5552 una
1938 5507 2084 5567 patte
2117 5498 2399 5553 multitudo
2436 5509 2638 5551 armata
2670 5497 2812 5551 ferro
2849 5507 2904 5550 et
2933 5497 3050 5552 telis
3082 5497 3148 5550 ad
3189 5498 3360 5552 lorum

1789 5587 2002 5642 militari
2043 5587 2222 5642 habitu
2253 5588 2584 5642 conveniret.
2629 5587 2692 5640 Et
2728 5601 2873 5654 cum,
2897 5586 3200 5641 convocatis
3232 5603 3358 5655 pro-

1787 5678 2021 5744 ceribus,
2055 5680 2551 5748 processissem,.ut
2583 5677 2760 5732 habito
2791 5687 3016 5732 tractatu
3056 5693 3150 5748 pro
3178 5681 3360 5748 quiete

1793 5770 1968 5836 Urbis,
2008 5769 2255 5839 populum
2288 5770 2604 5838 alloqui-udo
2631 5785 3058 5840 compesceretn,
3093 5769 3264 5840 primo
3292 5769 3357 5820 ad

1792 5870 2112 5915 conventum
2174 5869 2429 5915 venerunt
2458 5877 2484 5924 ;.
2527 5861 2720 5916 deinde
2778 5877 2901 5916 eunt
2963 5866 3364 5927 exspectatetnt‘
