3898 6470
557 414 661 473 40⁸5

558 525 614 579 S.
631 522 852 578 Achillei
876 522 1180 589 prte~entia,
1200 527 1256 572 ut
1280 531 1400 588 qua:
1415 518 1560 585 Ῑιιμευ
1580 518 1788 570 lucrant
1815 519 2129 586 publicaret,

559 614 901 669 multitudine
929 611 1225 677 resistente,
1259 611 1438 665 venire
1465 625 1571 666 non
1605 612 1793 678 potuit.
1827 610 2036 665 Etcum
2066 611 2132 665 ad

560 709 732 760 l'orutn
758 704 1068 774 Vespasiani
1100 714 1203 756 tam
1233 718 1332 769 ego
1353 716 1513 772 quant
1543 704 1621 755 vir
1647 701 1957 768 Spectabilis
1986 701 2132 755 vica-

560 797 669 851 rius
710 805 1026 864 perurgente
1065 796 1258 864 populo
1289 793 1572 849 fuissemus
1602 793 1860 863 ingressi,
1901 804 1957 847 ut
1983 794 2134 862 quie-

559 897 668 942 tem
707 887 981 955 utriusque
1011 885 1170 955 partis
1201 884 1522 939 multitudini
1551 885 1924 951 suaderemus,
1957 884 2132 940 subito

559 981 749 1035 armati
775 980 915 1034 servi
943 980 1062 1033 telis
1089 989 1141 1034 et
1170 979 1334 1045 saxis,
1363 979 1617 1049 aliquanti
1646 980 1804 1032 etiam
1835 979 1998 1042 ferro,
2029 994 2129 1050 po-

558 1073 715 1140 pulos
754 1071 917 1140 partis
957 1069 1146 1124 Eulalii
1177 1070 1409 1139 aggressi
1439 1079 1593 1135 sunt,
1621 1069 1712 1138 qui
1742 1070 1972 1124 inermes
1999 1084 2131 1124 catt-

558 1171 846 1230 venerant,
873 1171 931 1216 ut
955 1162 1094 1232 quod
1124 1171 1446 1231 praeceptum
1475 1161 1542 1216 de
1570 1162 1820 1230 cpisc0po
1853 1161 2128 1230 Spoletina

559 1261 704 1308 esset
738 1261 1129 1322 agnoscerent:
1177 1265 1415 1320 quosque
1467 1251 1535 1303 ita
1589 1251 1994 1316 sauciaverunt,
2040 1250 2129 1321 qui

557 1342 730 1412 parati
760 1341 1014 1396 adversus
1033 1340 1320 1409 imparatos
1347 1353 1624 1406 venerant,
1649 1350 1706 1396 ut
1735 1356 1820 1397 me
1844 1357 2054 1412 quoque
2075 1351 2129 1397 et

556 1435 730 1488 virum
774 1433 1122 1503 spectabilem
1158 1433 1409 1486 vicarium
1452 1431 1733 1487 crederent
1773 1433 2123 1503 appetendos,

557 1526 683 1580 dum
725 1524 982 1580 seditioso
1031 1524 1208 1578 furate
1238 1524 1437 1578 nullam
1467 1524 1755 1578 admittunt
1791 1523 1999 1593 penitus
2043 1539 2121 1579 ra-

555 1621 786 1686 tionem,
820 1619 918 1673 nisi
944 1619 1010 1671 ad
1041 1618 1376 1673 liberandum
1412 1633 1508 1673 nos
1546 1618 1798 1674 divinitas
1838 1618 2122 1684 adfuisset,

555 1711 864 1781 egressique
902 1723 996 1779 per
1036 1711 1381 1764 secretiorem
1429 1718 1631 1776 partem
1680 1708 1842 1764 ictum
1873 1725 2124 1764 saxorum

553 1810 609 1856 et
649 1801 905 1870 impetum
959 1801 1321 1868 conspirantis
1368 1801 1720 1854 multitudinis
1769 1800 2120 1867 vitassemus,

553 1891 779 1946 minime
833 1895 1190 1961 patuissemus
1242 1892 1522 1946 evadere:
1583 1907 1807 1961 quorum
1866 1891 2126 1960 majorem

554 1994 760 2054 partem
791 1984 847 2038 in
883 1984 1054 2038 servis
1087 1993 1296 2038 constat
1335 1982 1519 2047 fuisse,
1551 1998 1621 2038 ex
1653 1982 1844 2052 quibus
1869 1981 2124 2050 aliquanti

554 2080 718 2150 agniti
753 2087 912 2145 atque
943 2078 1074 2132 tenti
1107 2086 1230 2132 sunt
1265 2076 1537 2132 audiendi.
1565 2076 1714 2132 Unde
1740 2075 1865 2146 quid
1897 2077 2122 2146 partium

555 2185 796 2226 mearum
824 2169 954 2236 fuit,
975 2169 1310 2224 excellentia:
1340 2177 1532 2222 vestra:
1559 2181 1844 2237 suggerere
1874 2181 2128 2237 propera-

555 2263 606 2314 vi
630 2301 646 2326 ,
673 2270 730 2314 ut
753 2268 957 2314 certum
988 2261 1144 2314 linem
1164 2300 1178 2325 ,
1220 2259 1378 2313 rebus
1410 2259 1635 2328 cognitis
1666 2273 1787 2328 qu:e
1810 2265 1960 2326 gesta
1980 2268 2124 2321 sunt,

555 2349 863 2420 magnitudo
878 2331 1052 2403 vestra
1075 2347 1347 2402 decernat.
1367 2348 1497 2402 Cum
1517 2347 1586 2400 ita
1607 2346 1665 2400 S.
1687 2346 1925 2400 Eulalius
1941 2345 2126 2400 fuisset

555 2443 848 2510 ingressus,
870 2440 1095 2495 ettertia
1122 2439 1208 2493 die
1231 2446 1446 2493 secutus
1466 2450 1608 2492 esset
1627 2436 1910 2506 episcOpns
1937 2437 2126 2505 Spole-

556 2533 718 2596 tinus,
745 2544 844 2585 nec
864 2531 1037 2600 aliqua
1056 2530 1120 2582 ad
1148 2544 1232 2583 me
1251 2531 1373 2583 data
1397 2528 1646 2582 virtutum
1665 2537 1983 2589 vestrarum,
2009 2543 2126 2598 qua:

555 2637 828 2690 sequerer,
861 2629 1122 2691 pratcepta
1143 2621 1440 2684 venissent,
1469 2619 1796 2690 perturbatio
1826 2619 1988 2673 totius
2019 2620 2129 2688 ple-

554 2711 659 2776 bis,
677 2725 795 2780 quat
817 2711 868 2764 in
890 2725 948 2764 se
971 2719 1027 2764 et
1057 2710 1108 2764 in
1133 2709 1672 2778 periculumjudicum
1693 2695 1925 2774 saeviret,
1941 2720 2126 2765 exorta

553 2811 636 2857 est
650 2817 665 2854 :
680 2811 733 2857 et
745 2801 796 2856 ni
807 2801 967 2856 celeri
982 2815 1236 2871 responso
1248 2812 1372 2854 ante
1383 2801 1521 2855 diem
1539 2799 1894 2855 venerabilem
1910 2801 2128 2856 Pascha:

551 2897 678 2967 quid
715 2895 832 2950 fieri
860 2893 1054 2949 debeat
1078 2894 1368 2961 iusseritis,
1398 2895 1666 2949 minantur
1691 2910 1748 2950 se
1779 2895 1958 2966 papuli
1989 2897 2127 2950 invi-

552 3004 667 3044 cem
700 2994 1046 3056 pugnaturos,
1069 2984 1194 3038 dum
1223 2984 1292 3040 de
1320 2983 1666 3039 Lateranensi
1692 2985 1910 3039 basilica
1937 2987 2130 3040 alteru-

553 3091 693 3133 trmn
733 3093 793 3132 se
822 3075 1132 3130 existimant
1169 3074 1562 3130 excludendos.
1591 3073 1669 3129 Ne
1694 3075 1818 3143 quid
1849 3076 2007 3144 igitur
2032 3076 2128 3130 ad—

555 3171 694 3225 versi
724 3168 887 3238 (quod
916 3167 1258 3222 sublimitatis
1290 3180 1479 3220 vesme
1508 3166 1730 3221 felicitas
1755 3169 1982 3237 avertat)
2004 3183 2129 3223 eve-

559 3263 704 3327 niat,
755 3271 878 3330 peto
928 3268 986 3313 ut
1042 3258 1276 3313 evidenti
1334 3267 1600 3327 przecepto
1653 3258 1866 3313 excludi
1911 3257 2125 3316 furiosa:

556 3351 912 3406 contentionis
933 3349 1289 3419 periculosam
1319 3348 1663 3416 pertinaciam
1691 3350 1975 3404 censeatis.
2003 3350 2119 3404 Dat.

554 3459 622 3500 stt
650 3442 754 3496 cal.
778 3441 949 3510 April.

1094 3531 1306 3588 EPIST.
1353 3531 1580 3588 LXXIX.

811 3639 1201 3680 CONSTANTINUS
1233 3638 1511 3678 SYMHACIIO
1539 3641 1709 3678 PIIrEI".
1744 3641 1857 3680 una.

626 3717 693 3773 Ut
721 3727 856 3770 certa
887 3716 1135 3785 possimus
1163 3731 1375 3784 quicque
1406 3731 1726 3785 cognoscere,
1769 3725 1816 3768 et
1845 3716 2124 3785 factionum

553 3821 782 3864 auctores
819 3809 958 3879 ﬁdeli
1000 3807 1178 3865 nuntio
1212 3815 1261 3859 et
1291 3808 1571 3877 inspectare
1608 3823 1710 3861 non
1748 3807 1964 3871 lateant,
1996 3824 2122 3861 can-

551 3899 815 3957 cellaﬁum
853 3913 1076 3955 nostrum
1115 3899 1338 3954 Vitulth
1369 3900 1667 3967 direximus,
1695 3909 1749 3957 ut
1795 3898 2001 3955 Domini
2042 3903 2124 3954 in.

550 3993 809 4048 rictissimi
833 3993 1078 4064 principis
1116 3991 1323 4060 a/fatus,
1354 4001 1504 4060 atque
1525 3993 1784 4064 judicium
1819 3993 1887 4044 ad
1918 3993 2125 4046 eximie-

549 4092 702 4135 tatem
735 4093 872 4135 tuam
907 4092 952 4137 et
979 4084 1048 4136 ad
1076 4084 1324 4154 papulum
1352 4083 1502 4136 celeri
1530 4083 1855 4154 festinatione
1883 4083 2120 4152 deferret.

549 4171 790 4244 Illudque
835 4191 1112 4238 manemus,
1152 4183 1206 4228 ut
1239 4175 1486 4243 quidquid
1531 4175 1692 4228 sacris
1738 4175 2124 4229 auctoritatibus

546 4267 851 4331 continetur,
880 4268 1019 4319 nulla
1053 4265 1330 4319 tenteritale
1369 4265 1601 4329 violetur,
1633 4274 1680 4318 et
1716 4281 1827 4335 qua:
1872 4277 2124 4337 precepta

546 4366 665 4410 sunt
693 4356 897 4422 elfectui
939 4358 1088 4410 celeri
1135 4358 1442 4411 mandentur
1477 4357 1760 4422 instantia;
1807 4374 1870 4411 ne
1907 4359 2125 4431 Augusti

547 4449 833 4514 clementia,
856 4451 993 4520 quod
1015 4467 1151 4502 nunc
1176 4452 1405 4519 agnoscit
1434 4449 1712 4518 distulisse,
1740 4461 1989 4505 commota
2014 4467 2122 4503 ma-

550 4542 744 4613 iestatis
764 4556 872 4594 sua:
894 4541 1083 4610 vigore,
1112 4541 1383 4593 emendare
1405 4557 1506 4592 non
1530 4539 1750 4605 differat.

1099 4629 1312 4686 EPIST.
1357 4629 1568 4684 LXXX.

738 4738 842 4774 IMP.
878 4735 1134 4775 IIONORIUS
1162 4736 1282 4776 AUG.
1316 4735 1591 4777 SYMMACKO
1617 4738 1781 4776 PBEF.
1813 4739 1931 4777 URB.

622 4811 759 4866 Dum
799 4814 865 4867 ad
916 4813 1200 4867 sanandum
1245 4815 1422 4884 prima:
1461 4815 1858 4884 perturbationis
1898 4830 2119 4868 errarent

541 4904 637 4958 ltoc
681 4919 842 4975 genus
887 4903 1087 4956 consilii
1119 4903 1386 4957 clementia
1425 4915 1597 4958 nostra
1635 4897 1936 4976 reparanda:
1981 4905 2120 4970 pacis

541 4995 732 5065 cupida
774 4995 1069 5064 reperisset,
1110 5004 1162 5046 ut
1205 4995 1363 5048 donec
1399 4995 1463 5047 de
1511 4995 1896 5060 conﬁrmatione
1937 4993 2118 5047 urbani

539 5088 808 5142 sacerdotii
849 5088 1093 5140 sententia
1134 5089 1425 5158 procederet
1473 5087 1736 5152 absoluta,
1777 5096 1990 5158 uterque
2033 5105 2119 5142 ea-

536 5194 651 5232 rum
679 5194 897 5249 quarunt
923 5193 1077 5230 causa
1116 5176 1360 5230 tumultus
1387 5187 1536 5230 antea
1564 5178 1926 5242 concrevisset,
1959 5194 1991 5230 a
2028 5194 2114 5232 sa-

536 5270 822 5322 cratissima
857 5267 990 5322 Urbe
1018 5267 1392 5320 conversatione
1417 5268 1698 5333 sejunctas,
1735 5267 1895 5335 futuri
1930 5269 2115 5334 iudicii

536 5360 908 5427 exspectatione
953 5356 1224 5428 penderet,
1254 5356 1420 5426 spatia
1449 5371 1548 5426 quo
1588 5356 1925 5410 contineretur
1959 5359 2114 5412 alter-

535 5461 646 5502 uter
683 5450 933 5502 euidenter
970 5462 1206 5518 expresso
1229 5489 1246 5513 ,
1279 5463 1422 5512 aequa
1450 5448 1621 5500 animo
1651 5447 1975 5501 dissimulare
2009 5463 2112 5500 non

535 5555 802 5609 possumus
844 5539 1000 5608 ceptis
1038 5537 1318 5592 clementia:
1353 5548 1540 5592 nostra:
1563 5539 1823 5609 publicum
1851 5555 1976 5608 pene
2004 5537 2109 5592 bel-

535 5632 665 5694 lum,
696 5645 794 5698 qua
823 5631 1163 5694 calcarentnr,
1211 5629 1459 5682 indictum
1486 5647 1504 5695 ;
1543 5631 1770 5683 movendi
1796 5632 1904 5702 ejus
1953 5639 2105 5698 caput

535 5720 828 5789 Eulalium,
868 5723 952 5792 qui
973 5723 1124 5793 jussa
1166 5723 1497 5786 transcendit,
1529 5723 1799 5786 exstitisse,
1829 5721 2106 5776 secundum

534 5814 759 5872 ordinem
792 5825 1151 5885 praceptorum
1204 5816 1460 5881 paulisper
1505 5817 1675 5870 abesse
1717 5833 1814 5870 non
1861 5834 2101 5882 passum.

1720 407 1784 472 Q.
1827 406 2169 462 AUI‘tELIUS
2208 406 2642 467 SYbIM.\CIIUS.

3647 420 3721 475 l0I

2161 530 2212 583 Α
2241 520 2547 589 Symmache
2578 536 2760 589 parcns
2786 522 3067 575 carissime.
3100 520 3244 577 Unde
3277 523 3531 578 sublimitas
3562 541 3629 580 tua
3655 531 3721 583 hoc

2235 627 2327 664 nos
2365 611 2602 664 statuisse
2638 623 2938 682 cognoscat,
2968 622 3024 665 ut
3067 623 3114 666 et
3156 613 3370 668 salubris
3408 620 3608 682 superior
3634 624 3722 673 ordo

2235 703 2493 771 praecepti,
2520 711 2565 756 et
2596 701 2857 754 moderata
2885 704 3069 772 synodi
3110 705 3360 757 ordinatio
3386 705 3563 760 deberet
3596 720 3719 762 custo-

2235 793 2365 856 diri,
2396 795 2533 863 quod
2560 793 2710 847 aliter
2738 795 2850 863 ﬁeri
2891 811 2993 848 non
3027 812 3171 863 posse
3199 812 3465 862 censemus,
3493 800 3576 854 nisi
3606 799 3724 856 Eula-

2233 886 2333 940 lius
2363 888 2654 942 omnimode
2698 899 2953 958 urgeatur,
2996 900 3072 957 ut,
3117 892 3254 944 antni
3277 891 3511 945 celeritate
3546 894 3597 947 ab
3627 895 3724 950 Urbe

2233 978 2512 1044 discedens,
2558 979 2797 1032 insolenti
2839 979 3031 1048 popula
3073 999 3292 1051 praesens
3333 983 3621 1039 incitamenta
3655 1004 3725 1040 non

2233 1068 2484 1135 prebeat,
2519 1086 2609 1122 nec
2655 1070 3002 1125 innocentibus
3039 1089 3194 1126 causa
3239 1077 3407 1128 martis
3452 1077 3637 1141 existat;
3670 1079 3725 1130 cui

2231 1177 2337 1213 esse
2365 1162 2575 1214 dubium
2604 1177 2705 1214 non
2740 1161 2961 1228 debebit,
2988 1163 3033 1217 si
3060 1167 3113 1217 in
3151 1167 3248 1218 hac
3285 1167 3647 1234 prtesumptionis
3667 1170 3725 1220 ab-

2229 1255 2500 1306 stinatione
2526 1255 2777 1306 duraverit
2797 1295 2810 1318 ,
2840 1273 2941 1308 non
2969 1256 3136 1310 solum
3174 1258 3236 1310 de
3265 1266 3396 1311 statu
3429 1275 3512 1311 sua
3529 1259 3727 1330 judicium

2218 1350 2338 1417 jam
2365 1346 2654 1416 prolatum,
2683 1363 2853 1400 uerum
2887 1349 3040 1400 etiam
3071 1349 3133 1401 de
3161 1350 3341 1402 salutis
3370 1348 3626 1403 discrimine
3647 1365 3728 1418 pro-

2227 1437 2508 1506 ferendum.
2543 1434 2709 1503 Culpa
2749 1438 2884 1491 enim
2931 1438 3130 1491 nullam
3171 1439 3364 1492 veniam
3402 1440 3509 1509 jam
3547 1448 3728 1503 meretur,

2228 1544 2342 1597 qua:
2374 1544 2488 1580 cum
2520 1527 2836 1595 prtedicitur,
2870 1545 2971 1581 non
3002 1541 3226 1584 curetur.
3261 1527 3408 1582 Nihil
3436 1545 3493 1583 ea:
3517 1529 3598 1582 hac
3623 1545 3730 1582 crcu-

2227 1620 2436 1672 sationis
2465 1618 2750 1686 habiturus,
2784 1619 2920 1690 quod
2947 1635 3006 1673 eo
3049 1620 3207 1675 invito
3246 1638 3278 1674 a
3327 1620 3459 1690 plebe
3497 1629 3726 1674 asseram-

2229 1710 2436 1764 tentari.
2468 1709 2529 1764 Si
2555 1711 2640 1780 qui
2667 1720 2835 1762 autem
2863 1726 2926 1762 ea:
2955 1727 3165 1765 numero
3193 1711 3486 1765 clericorum
3513 1712 3728 1764 conmuni-

2229 1800 2448 1853 candum
2489 1797 2717 1862 Eulalia,
2753 1799 2954 1867 judicia
2981 1801 3250 1870 pendente,
3280 1800 3542 1866 censuerit,
3581 1799 3669 1869 pari
3694 1815 3729 1852 sc

2159 1891 2203 1949 B
2232 1893 2358 1946 sciat
2383 1892 2629 1947 sententia
2657 1908 2764 1944 esse
2791 1891 3160 1946 damnandum.
3199 1892 3381 1946 Laicos
3409 1909 3515 1945 cera
3549 1892 3620 1962 qui
3655 1899 3730 1961 post

2229 1983 2554 2036 interdictum
2583 1983 2984 2036 mansuetudinis
3019 1992 3207 2037 nostra:
3252 1985 3624 2037 communionem
3659 1980 3732 2033 Ett-

2230 2073 2343 2126 lalii
2378 2071 2659 2143 putaverint
2711 2071 3077 2140 expetendum,
3131 2071 3430 2125 honestioris
3470 2071 3558 2123 laci
3591 2085 3732 2137 penam

2228 2164 2636 2233 proscriptionis,
2668 2179 2836 2216 servas
2867 2179 2983 2216 vero
3022 2164 3203 2231 capitis
3248 2180 3354 2217 esse
3397 2164 3651 2227 subituros,
3673 2175 3734 2210 nec

2228 2255 2290 2308 ab
2317 2255 2412 2308 hoc
2440 2255 2666 2326 pericula
2703 2255 2933 2308 dominas
2978 2257 3250 2309 eruendas.
3286 2254 3526 2308 Primates
3561 2268 3654 2307 sero
3679 2268 3733 2302 re-

2228 2346 2469 2414 gionunt,
2519 2347 2618 2399 nisi
2682 2345 2919 2415 spiritum
2975 2345 3132 2412 plebis
3183 2346 3454 2399 incondita
3511 2341 3732 2398 domuerint

2229 2452 2290 2488 ac
2318 2436 2597 2502 frenarint,
2625 2435 2788 2488 sciant
2814 2450 2867 2488 se
2897 2445 3092 2506 raptos,
3129 2437 3304 2489 ultima
3324 2436 3516 2506 judicia
3542 2449 3631 2487 csse
3652 2431 3734 2484 sub-

2234 2529 2430 2581 dendas
2461 2544 2479 2580 :
2525 2528 2823 2598 Spoletinus
2875 2539 3048 2582 autent
3090 2531 3358 2595 episcapus
3405 2527 3550 2600 (sicut
3594 2525 3735 2577 dudum

2231 2620 2399 2686 fuerat
2426 2618 2711 2689 deﬁnitum)
2741 2619 2927 2673 sanctis
2959 2618 3174 2673 l’asclta:
3201 2620 3235 2672 d
3257 2620 3378 2674 ebus
3407 2619 3609 2672 ordinent
3637 2616 3735 2684 {este

2228 2710 2559 2773 solemnitatis
2596 2711 2851 2780 implebit,
2880 2711 2961 2764 cui
2993 2711 3062 2763 ad
3099 2711 3403 2764 celebranda
3437 2708 3645 2780 mysteria
3667 2703 3734 2757 Lo-

2230 2811 2545 2855 teranensent
2580 2802 2845 2856 ecclesiam
2875 2803 2972 2856 sali
3003 2811 3172 2870 patere
3214 2801 3545 2864 decernimus,
3582 2795 3734 2862 reliquis

2229 2894 2320 2962 qui
2374 2893 2468 2946 hac
2530 2908 2833 2962 prwsumere
2885 2893 3137 2946 voluerint
3185 2892 3511 2963 prapulsatis.
3555 2888 3669 2943 Sane
3700 2893 3737 2936 ut

2231 2985 2503 3053 praedictus
2552 2985 2785 3038 sacerdos
2835 2984 3117 3053 Spoletina:
3167 2985 3384 3038 civitatis
3435 2984 3485 3035 in
3531 2980 3624 3034 loco
3659 2978 3738 3046 ejus

2229 3087 2523 3130 sanctorum
2571 3078 2921 3146 mysteriorum
2969 3077 3200 3129 ordinent
3235 3076 3565 3145 completurus
3603 3065 3740 3134 suscipi

2231 3168 2436 3233 debeat,
2465 3169 2813 3238 admonemus.
2850 3167 2949 3221 Per
2987 3171 3158 3222 omnes
3203 3183 3321 3221 vero
3361 3166 3527 3220 titulos
3564 3170 3606 3218 et
3636 3160 3738 3218 loca.

2149 3255 2196 3317 C
2228 3278 2343 3330 qua:
2380 3272 2622 3315 conventu
2663 3261 2845 3314 celebri
2883 3263 3289 3330 frequentantur,
3321 3260 3429 3314 lucc
3459 3272 3565 3327 qua
3599 3251 3739 3309 statui-

2227 3368 2340 3406 mus
2369 3361 2740 3421 proponantur,
2771 3361 2823 3404 ut
2853 3351 3098 3405 universis
3127 3351 3349 3420 liqueat,
3379 3357 3426 3404 et
3463 3347 3656 3401 noluisse
3678 3356 3740 3393 nos

2228 3441 2488 3495 turbidum
2513 3442 2711 3506 aliquid
2739 3452 3048 3512 perpetrare,
3075 3453 3122 3495 et
3152 3441 3321 3494 adhuc
3352 3449 3406 3494 ut
3435 3438 3618 3494 turbata
3643 3448 3740 3487 com-

2227 3533 2349 3603 poni
2384 3532 2595 3588 debeant
2633 3535 2877 3604 apperirf.
2922 3532 3064 3587 Sciat
3103 3549 3226 3586 sane
3261 3532 3543 3585 sublimitas
3577 3538 3648 3580 tua
3670 3523 3742 3592 pri-

2227 3625 2545 3677 miscrinium
2587 3633 2633 3678 et
2682 3625 2932 3692 reliquum
2975 3623 3222 3694 oﬂ‘icium,
3275 3623 3416 3694 quod
3456 3621 3549 3674 tuis
3590 3614 3738 3671 actibus

2228 3717 2564 3783 obseeundat,
2599 3732 2698 3768 non
2745 3717 2912 3769 soluat
2951 3715 3264 3787 gravissima:
3295 3713 3496 3768 mulctte
3521 3706 3744 3777 dispendiis

2228 3808 2546 3878 afﬂigendunt
2563 3851 2577 3874 ,
2604 3810 2692 3860 sed
2717 3793 2764 3860 et
2793 3807 3100 3878 supplicium
3125 3806 3311 3872 capitis
3351 3806 3654 3867 sortiturum,
3675 3794 3744 3850 nisi

2228 3899 2363 3952 enixi
2392 3915 2544 3969 opera
2573 3900 2890 3952 commodata
2921 3896 3122 3952 statutis
3149 3895 3432 3951 clementia:
3465 3906 3633 3949 nostra!
3650 3897 3744 3960 ρηε·

2228 3988 2340 4041 bere
2375 3980 2640 4042 ma'turarit
2677 3987 2930 4055 e/fectum.
2985 3987 3104 4041 Dat.
3136 4003 3263 4042 xvttl
3299 3989 3400 4042 cal.
3440 3987 3633 4053 Aprilis,
3671 3979 3744 4034 III-

2230 4096 2420 4134 renutu.

2772 4169 2985 4224 EPIST.
3026 4169 3264 4224 LXXXI.

2227 4276 2420 4314 DOMIVO
2457 4277 2658 4316 SEMPER
2704 4277 2938 4317 ILLUSTRI
2991 4279 3054 4316 ΕΤ
3093 4279 3194 4315 PER
3241 4278 3448 4317 CUNCTA
3497 4266 3741 4314 ΜΑΕΞΙΙΓΙῦθο

2297 4347 2598 4395 usnlroour.
2625 4348 2686 4385 su
2725 4348 2833 4387 LIIII
2862 4348 2926 4387 ac
2954 4348 3230 4387 remenso
3261 4346 3577 4387 consumto
3598 4337 3744 4380 sult-

2297 4416 2429 4455 CIIUS
2460 4418 2625 4456 ras-2r.
2660 4419 2781 4456 Ulli).

2298 4535 2393 4590 Ubi
2428 4537 2652 4605 primum
2680 4551 2828 4591 sacra
2857 4537 3068 4591 Domini
3103 4537 3268 4591 nostri
3297 4531 3616 4591 invictissimi
3640 4527 3746 4600 prin-

2145 4626 2199 4687 D
2224 4626 2356 4697 cipis
2383 4637 2645 4697 praecepta
2684 4630 2884 4698 perlata
2915 4638 3076 4692 sunt,
3107 4629 3286 4682 statim
3329 4629 3415 4700 (ut
3445 4619 3744 4682 convenerat)

2228 4719 2464 4773 debitum
2505 4720 2662 4774 tribui
2703 4719 3036 4774 famulatum.
3084 4719 3190 4776 Sed
3243 4719 3480 4773 Eulslius
3520 4730 3576 4770 ea
3617 4707 3745 4766 obsu-

2230 4814 2442 4868 natione
2480 4830 2581 4884 qua
2621 4813 2738 4869 sine
2777 4824 3044 4884 przecepto
3085 4828 3240 4868 sacro
3283 4813 3481 4868 Urbem
3526 4811 3746 4878 ingressus

2225 4913 2339 4970 est,
2367 4908 2526 4960 etiam
2569 4905 2748 4975 egredi
2778 4907 3096 4969 constrictus
3141 4920 3233 4974 per
3276 4918 3468 4958 omnes
3513 4902 3748 4972 potestates

2227 4999 2337 5065 pari
2364 4999 2650 5066 pertinacia
2671 4997 3008 5053 detrectavit.
3035 4996 3164 5050 Nam
3190 4994 3511 5064 veSpertinis
3535 4991 3660 5046 horis
3680 4996 3749 5056 per

2224 5087 2456 5142 oflicium
2487 5088 2757 5143 Urbanum
2796 5089 2844 5142 id
2882 5088 3022 5158 quod
3055 5096 3386 5158 prteceperat
3419 5080 3747 5140 insictissimtts

2219 5180 2526 5248 imperatur,
2566 5194 2629 5234 ea
2676 5179 2762 5233 die
2804 5195 2906 5246 qua
2953 5181 3217 5248 perlatum
3258 5189 3372 5243 est,
3407 5179 3457 5232 ei
3505 5169 3752 5230 innotuisse

2216 5271 2542 5337 agnoscitur,
2583 5269 2803 5323 Domine
2849 5284 3063 5337 semper
3114 5269 3507 5334 illustrissime,
3537 5256 3746 5320 sacratis-

2216 5363 2381 5424 sime,
2424 5361 2736 5432 tnagnilice,
2796 5362 3090 5432 meritoque
3143 5362 3387 5416 sublimis
3430 5376 3492 5415 ac
3541 5351 3749 5427 przecelse

2216 5460 2460 5519 patrone.
2496 5453 2614 5516 Quo
2658 5451 2817 5518 lecto,
2849 5451 3119 5507 mandavit
3161 5467 3220 5506 se
3255 5449 3559 5520 diligentius
3596 5447 3750 5496 tracta-

2216 5551 2411 5605 turum,
2444 5557 2541 5596 nec
2584 5552 2759 5596 tamen
2789 5543 3046 5598 instanter
3068 5542 3370 5597 admonitus
3400 5540 3545 5595 exire
3565 5525 3750 5590 curavit

2215 5634 2331 5688 Alia
2355 5648 2479 5689 vero
2500 5633 2588 5689 die
2615 5648 2826 5688 rursum
2857 5649 2952 5702 per
2975 5649 3186 5688 omnem
3215 5632 3598 5702 apparitionent
3622 5622 3750 5676 etiam

2215 5727 2488 5782 nocturnis
2517 5726 2663 5781 boris
2691 5727 3012 5793 admonitus,
3044 5728 3270 5782 collecta
3304 5721 3650 5780 multitudine,
3677 5713 3752 5766 LI"

2215 5829 2545 5874 terancnscm
2586 5818 2854 5874 basilicam
2888 5833 3020 5873 ausu
3053 5817 3334 5874 temerario
3371 5813 3593 5871 credidit
3629 5809 3747 5860 inva-
