3898 6450
185 359 277 414 ωδ
861 349 1337 410 EPISTOLMWM
1377 352 1576 409 LIBER
1619 348 1686 405 Χ.
1715 377 1784 390 -
1815 347 2122 408 MAXIMUS
2160 348 2668 408 GRAMMATICUS.
3291 354 3397 405 406

179 472 407 524 demam.
458 467 647 523 verum
703 467 885 522 habito
935 475 1160 523 tractatu
1202 481 1321 521 eum
1374 464 1713 535 proceribus,
1745 461 1792 520 Α
1825 459 2008 514 Urbem
2038 463 2212 528 [uisset
2241 461 2496 530 ingressus
2526 477 2543 514 :
2571 461 2756 515 oblitus
2785 462 2895 524 sui,
2925 460 3150 528 probae't
3180 477 3242 516 ex
3271 478 3393 530 p'ce.

178 560 405 615 omnibus
440 557 628 613 ofﬁciis
665 556 944 617 destinatis
991 568 1049 612 ut
1098 559 1383 628 pelleretur
1419 557 1712 624 iujunctnm
1817 557 1944 610 senti
1973 560 2108 625 facto
2143 556 2292 624 quale
2329 557 2560 610 videatur
2600 556 2836 609 habuisse
2875 556 3203 626 principium.
3247 558 3384 623 Quo-

181 662 270 706 est.
293 650 416 705 Nam
441 659 491 704 et
525 651 600 704 vir
625 650 932 719 spectabilis
962 650 1190 704 vicarius
1225 651 1292 702 ad
1331 648 1574 703 eamdem
1615 648 1711 702 bno
1819 646 1956 699 niam
1984 661 2100 715 ergo
2137 656 2270 700 recte
2299 648 2451 712 hunc,
2490 657 2601 713 post
2646 657 2714 699 tot
2743 647 2998 712 admissa,
3033 645 3168 699 Urbe
3196 657 3390 700 constat

181 739 360 794 silicatn
389 739 463 792 ire
491 738 828 803 decreverat,
870 739 963 793 sed
1006 738 1180 808 primo
1209 737 1466 793 accedere
1497 751 1606 804 pre
1636 734 1716 789 ni-
1815 753 1923 792 esse
1957 739 2262 809 depulsum.
2308 741 2374 792 ad
2424 756 2577 809 quam
2628 755 2742 792 eum
2780 742 3019 793 accedere
3063 756 3167 793 non
3211 741 3246 790 d
3276 741 3390 794 bere

181 830 276 888 mlo
312 837 508 884 terrore
538 844 638 883 non
679 829 868 897 potuit.
900 829 1010 898 Ego
1045 841 1224 884 autem
1269 839 1376 883 tam
1416 828 1715 896 corporatis
1814 829 2092 882 clenmrtia:
2132 839 2320 884 nostra:
2366 839 2414 882 et
2457 837 2808 899 episcoporum
2849 832 3100 885 videretur
3144 835 3380 886 statuisse
3431 847 3434 852 ·

178 919 373 974 directis
400 934 556 986 quam
582 920 726 974 omni
755 919 955 982 ofﬁcio,
984 919 1106 974 ideo
1141 920 1268 975 illuc
1292 920 1370 975 ire
1399 935 1505 974 non
1534 918 1712 988 potui,
1805 919 2092 990 judicium,
2133 917 2458 990 Bonifacium
2503 921 2830 974 venerabilem
2882 923 3043 974 uirum
3091 923 3384 991 episcopum

176 1027 238 1066 ne
275 1011 388 1080 quis
431 1011 564 1066 mihi
608 1013 830 1068 aemulus
876 1014 1075 1070 faceret
1120 1015 1394 1084 relfgionis
1438 1015 1712 1069 invidiam.
1803 1007 1922 1078 ’(ad
1960 1012 2110 1081 cujus
2147 1011 2543 1064 moderationem
2590 1011 2940 1064 auctoritatem
2987 1023 3209 1065 nostram
3255 1024 3388 1066 recte

176 1102 351 1156 Tamen
376 1102 516 1156 salva
549 1103 862 1158 excellentia
895 1114 1092 1168 vestra,
1119 1104 1442 1160 irruentibus
1474 1105 1713 1171 pluribus
1815 1099 2100 1153 cent-imm
2136 1101 2516 1171 jungendum).
2558 1099 2861 1170 Symmache
2905 1117 3084 1164 Parem
3129 1103 3386 1155 (αι’ἱηίηιε

176 1194 478 1259 corporalis,
519 1204 578 1248 et
624 1194 914 1263 majoribus
959 1195 1268 1264 regiomtui,
1311 1197 1399 1266 qui
1435 1199 1714 1265 prmeepsis
1815 1199 1861 1244 et
1909 1191 2286 1255 antantissime,
2342 1190 2625 1250 sublimitas
2673 1201 2759 1245 tua
2815 1190 2998 1245 Urbem
3050 1192 3244 1260 ingredi
3290 1193 3383 1244 de-

176 1282 504 1350 itnperialihus
529 1285 799 1348 serviunt,
823 1287 891 1340 de
912 1287 1098 1341 eadem
1123 1287 1349 1342 ecclesia
1375 1287 1582 1358 fugatus
1608 1288 1712 1342 En-
1815 1285 1928 1338 bere
1975 1299 2066 1337 nos
2108 1285 2346 1337 statuisse
2385 1292 2695 1351 cognoscat;
2737 1292 2788 1336 ut
2837 1285 2932 1337 sub
2979 1286 3088 1354 ejus
3134 1284 3384 1354 guberna-

176 1374 330 1437 lalius,
358 1374 424 1428 de
451 1374 596 1430 Urbe
621 1376 883 1441 expulsus
915 1387 1031 1445 est,
1059 1389 1219 1448 atque
1247 1378 1510 1446 adiunctis
1549 1394 1712 1447 appa.
1813 1374 1945 1428 culis
1997 1374 2247 1444 rrligioste
2305 1377 2429 1446 legis
2488 1377 2764 1429 reverentia
2801 1376 3171 1428 ‘moderatione
3221 1376 3383 1429 solida

175 1464 397 1519 Moribus
443 1466 572 1520 illnc
606 1467 844 1522 directus
883 1470 970 1522 ubi
1007 1469 1192 1538 jussus
1234 1473 1404 1525 luerat
1448 1470 1707 1526 residere.
1811 1469 2142 1538 compleatur.
2207 1468 2327 1522 Da'.
2399 1485 2452 1523 nt
2517 1486 2676 1522 nonas
2737 1471 2960 1540 Aprilis,
3013 1480 3220 1540 accepta
3269 1472 3384 1525 idus

175 1554 448 1610 Mandatum
479 1557 642 1611 etiam
669 1566 726 1610 ut
757 1559 836 1611 vir
865 1560 1158 1630 religiosus,
1188 1571 1405 1616 sanctus
1438 1561 1711 1616 Achilleus
1811 1559 2022 1626 Aprilis.

169 1646 438 1714 episcopus.
471 1664 596 1704 cum
643 1652 822 1721 quiete
851 1670 966 1721 (μιν
1004 1654 1151 1720 iussa
1193 1667 1347 1722 sunt,
1379 1657 1474 1710 illo
1511 1657 1707 1725 ejecta,

170 1736 266 1788 sine
289 1737 503 1805 strepitu
529 1740 734 1807 populi,
762 1756 860 1811 pro
887 1751 1195 1797 sanctorum
1225 1743 1430 1799 dierum
1457 1760 1706 1800 reveren-

166 1821 224 1874 tia
242 1824 539 1883 celebraret.
561 1816 696 1883 Nam
719 1831 782 1882 ad
803 1833 1098 1887 custodiam
1124 1835 1356 1889 basilicae
1381 1835 1706 1892 Lateranen-
1736 1812 1786 1873 Β
1879 1832 2219 1902 ρειωοιιηιιιιθ
2251 1833 2360 1887 Deo
2393 1842 2609 1888 auctore
2645 1835 2802 1898 fiunt,
2834 1837 3024 1890 merito
3051 1836 3233 1890 divino
3271 1839 3379 1905 pie-

166 1913 228 1969 sis
248 1919 564 1984 apparitores
584 1923 836 1990 apposui,
862 1926 1032 1978 necui
1059 1925 1146 1980 alii
1177 1925 1508 1982 redderetur.
1534 1929 1706 1983 Partis
1807 1932 1931 1983 tatis
1961 1940 2147 1985 νοείτω
2168 1929 2367 1997 judicio
2394 1931 2690 1985 lirmmtur.
2715 1931 2891 2000 Nuper
2917 1948 2948 1986 n
2986 1949 3141 2000 mque
3165 1949 3282 1987 cum
3314 1936 3380 1986 ad

166 2020 343 2075 quoque
371 2009 562 2065 Eulalii
601 2011 855 2082 aliquanti
895 2019 1034 2084 capti
1060 2017 1244 2072 clerici
1286 2018 1563 2074 seditionis
1604 2036 1702 2074 au-
1807 2036 1893 2076 me
1925 2021 2178 2075 famulum
2208 2032 2439 2076 vestrum
2479 2036 2628 2076 sacra
2669 2022 2966 2078 clementia:
3003 2033 3196 2078 vestra:
3236 2041 3378 2080 ema-

164 2108 330 2164 cton-s,
347 2101 411 2155 de
430 2103 627 2170 quibus
648 2104 772 2172 quid
793 2107 1041 2174 jnbeatur
1060 2119 1335 2178 exspecto.
1363 2109 1429 2164 Et
1449 2112 1701 2181 quoniam
1806 2119 1986 2166 nasset
2014 2111 2331 2176 auctoritas,
2363 2112 2511 2181 quasi
2542 2111 2888 2180 ambiguitate
2913 2114 3155 2168 submota
3173 2155 3188 2179 ,
3216 2129 3385 2169 vene-

165 2189 219 2242 de
255 2189 326 2243 liis
367 2190 581 2247 interim
621 2211 739 2263 quae
767 2205 916 2265 gesta
967 2210 1101 2252 sunt
1142 2203 1390 2255 universa
1421 2203 1702 2258 virtutibus
1805 2202 1990 2257 rabilis
2019 2202 2114 2256 viri
2162 2202 2412 2256 Bonifacii
2444 2204 2678 2272 δρεπορί
2727 2204 3082 2259 sacerdotium
3132 2206 3388 2272 maiestas

164 2283 542 2338 vestriscredidi
569 2289 921 2354 suggerenda,
947 2290 1202 2358 quidquid
1224 2293 1568 2361 sequentibus-
1587 2295 1704 2350 die-
1804 2303 1977 2348 vestra
2027 2294 2312 2348 roboravit.
2354 2294 2486 2347 Tam
2551 2304 2697 2364 grata
2759 2296 3018 2350 universis
3067 2312 3195 2366 quas.
3232 2297 3376 2364 ju~si

164 2367 243 2422 bus
279 2385 364 2438 pro
401 2372 587 2441 quiete
618 2374 804 2442 Urbis,
852 2392 1008 2445 quam
1051 2389 1222 2434 vestra
1270 2380 1491 2435 felicitas
1535 2387 1699 2450 regit,
1803 2394 1927 2439 sunt
1966 2386 2241 2447 exstitere,
2282 2393 2341 2437 ut
2383 2383 2484 2438 hoc
2525 2393 2580 2438 et
2621 2383 2755 2437 ordo
2799 2385 3157 2451 amplissimus
3184 2396 3238 2440 et
3269 2386 3378 2439 lio-

2326 1629 2541 1686 EPIST.
2585 1629 2867 1686 LXXXlIl.
3187 1659 3203 1686 \

1908 1736 1958 1775 ι).
1991 1735 2218 1776 ιιιικοκιο
2248 1735 2449 1776 SEIIPER
2479 1737 2601 1777 AUC.
2634 1737 2942 1778 SYIIIACHUS
2971 1741 3135 1778 ΡΒίΕΡ.
3170 1741 3267 1779 ιτιιθ

163 2471 424 2529 suggestum
456 2465 644 2532 fuerit,
667 2467 936 2536 sigillatim
980 2485 1075 2539 pro
1105 2485 1281 2526 rerum
1307 2473 1411 2527 tlde
1433 2485 1488 2528 et
1515 2475 1702 2530 ordine
1804 2487 1993 2529 manus
2014 2474 2237 2543 populus
2258 2474 2650 2542 comprobaret,
2677 2475 2737 2528 Ι).
2766 2478 3074 2542 imperator.
3104 2475 3232 2529 Nam
3255 2491 3375 2531 cum

162 2553 666 2614 incitoribusindiciis
690 2563 966 2616 nuntiabo.
1801 2574 1995 2619 statuta
2026 2563 2264 2620 ctelestia
2315 2580 2409 2632 per
2443 2580 2529 2618 me
2564 2576 2744 2620 essent
2785 2567 3001 2620 recitata
3047 2567 3281 2636 populis,
3323 2577 3378 2622 et

660 2691 873 2748 EPIST.
916 2694 1172 2753 LXXX".
1800 2657 1991 2753 edictis
2015 2670 2080 2753 es
2120 2669 2302 2753 amore
2331 2655 2617 2753 propositis
2657 2655 2964 2753 publicata”,
2987 2666 3164 2710 tantus
3200 2657 3379 2753 fervor

861 2734 873 2747 '
916 2734 1172 2753 "“““"'
1800 2756 1856 2801 et
1883 2747 2060 2801 lauitia
2089 2746 2246 2800 totius
2271 2747 2474 2800 exstitit
2495 2747 2741 2809 civitatis,
2769 2755 2825 2799 ut
2852 2748 3054 2800 scilicet
3079 2759 3129 2801 et
3163 2748 3378 2817 religio-

321 2817 417 2854 DIP.
451 2818 712 2859 BONOBIUS
742 2822 862 2862 AUC.
898 2824 1173 2864 εγιιιιΑειιο
1201 2828 1365 2866 μιμεῖ,
1397 2829 1516 2868 lilii}.

1803 2853 1922 2893 nent
1960 2838 2250 2901 redditam,
2278 2845 2332 2892 et
2363 2837 2648 2904 prazstitam
2678 2837 2869 2905 quietis
2899 2840 3234 2892 securitatem
3261 2852 3377 2890 om-

220 2908 547 2970 Moderatione
591 2918 850 2984 prccipua
876 2922 978 2991 egit
1017 2931 1191 2975 nostra
1219 2926 1484 2990 serenitas,
1528 2943 1590 2980 ne
1618 2929 1698 2980 lo-
1803 2941 1898 2983 nes
1924 2928 2278 2997 gratulatione
2317 2942 2546 2996 congrua
2593 2937 2937 2981 testarentur.
2967 2926 3251 2994 [interiecto
3279 2927 3377 2980 ita-

164 3016 257 3052 cum
281 3013 431 3072 posset
467 3007 699 3060 invenire
727 3011 1069 3080 praesumptio.
1103 3013 1197 3066 Dei
1229 3016 1360 3067 enim
1386 3018 1588 3085 judicio
1616 3034 1697 3071 oe-
1801 3033 1904 3088 que
1931 3017 2112 3082 biduo,
2148 3011 2342 3070 L‘rliém
2369 3029 2528 3083 supra
2557 3025 2886 3068 memoratus
2915 3015 3235 3070 venerabilis
3262 3015 3375 3082 epi-

161 3096 420 3151 ncrabilium
443 3101 770 3155 sacerdotum
794 3115 866 3158 est
894 3106 1055 3160 dilata
1080 3109 1304 3178 cognitio
1324 3127 1343 3163 :
1375 3122 1426 3163 ut
1454 3115 1698 3183 quidquid

1749 3175 1771 3183 _
1801 3122 2016 3177 scopas,
2056 3104 2202 3159 omni
2241 3115 2553 3160 accurrente
2583 3103 2760 3174 plebe,
2798 3106 3066 3173 ingressus
3093 3115 3210 3169 est,
3241 3105 3390 3160 sicut.

165 3186 327 3254 religio,
355 3191 602 3260 quidquid
637 3195 819 3249 veritas
859 3175 1176 3263 postulabat,
1213 3201 1399 3268 absque
1441 3175 1547 3257 ulla
1586 3175 1699 3271 ξων-
1726 3175 1772 3237 C
1802 3175 2066 3254 serenitas
2094 3207 2269 3251 vestra
2301 3197 2614 3250 constituit:
2645 3193 2804 3249 ollicii
2835 3198 3048 3265 quoq‘ue
3088 3196 3190 3249 mei
3219 3197 3378 3248 obse-

164 3278 404 3333 turbatione
441 3287 532 3335 hoc
585 3285 883 3353 disceptatio
933 3289 1210 3358 tranquilla
1248 3292 1553 3348 decerneret.
1595 3295 1699 3351 Sed

1801 3289 1922 3358 quia
1951 3288 2170 3341 minime
2201 3287 2500 3340 defuerunt.
2531 3286 2636 3340 Nec
2660 3285 2768 3355 jam
2801 3285 2972 3353 aliqua
2997 3284 3263 3339 dissensio
3293 3290 3380 3338 res

165 3383 232 3418 oer
256 3367 497 3425 Eulalium
532 3378 869 3440 usurpatione
897 3388 1075 3431 contra
1103 3383 1400 3434 sententiam
1444 3387 1698 3439 venerabi-

1802 3379 1982 3432 manét
2019 3373 2363 3446 populo’rut'n,
2399 3383 2453 3430 et
2487 3390 2674 3429 omnes
2715 3374 2894 3428 divino
2933 3374 3131 3440 judicio
3172 3384 3226 3429 et
3267 3390 3378 3427 Ina-

165 3459 215 3511 lis
249 3464 412 3530 synodi
448 3466 616 3518 multa
659 3465 836 3521 illicite
881 3471 1150 3524 commissa
1196 3473 1387 3542 fuisse,
1436 3477 1696 3531 relationis
1796 3472 2006 3542 jestatis
2051 3476 2240 3526 vestra:
2290 3470 2668 3539 acquieverunt
2709 3468 2987 3521 voluntati.
3034 3466 3377 3520 CeSsantibus

166 3558 298 3604 italus
316 3555 539 3620 edocuit,
568 3557 658 3625 qui
691 3561 962 3625 presentia
1001 3577 1096 3614 sua
1141 3579 1344 3616 causam
1387 3565 1576 3631 furoris
1605 3585 1696 3638 po-
1799 3580 1929 3635 ergo
1958 3563 2168 3628 studiis,
2195 3571 2381 3618 omnes
2401 3556 2542 3631 qutid
2573 3567 2839 3629 praecepto
2868 3559 2960 3613 Dei
2985 3559 3242 3612 admoniti
3270 3569 3376 3611 stas

166 3639 262 3701 pulo
285 3643 682 3712 subministram,
715 3659 876 3702 totum
921 3655 1086 3719 perire
1122 3654 1284 3722 voluit
1317 3657 1566 3724 quidquid
1591 3675 1700 3712 mo-
1804 3657 1980 3728 luistis
2000 3652 2198 3711 sentire
2219 3661 2519 3722 coeperunt,
2555 3662 2712 3720 atque
2758 3648 3226 3713 acclamationibus
3258 3643 3377 3714 q'n:e

166 3731 324 3786 πίεταιεο
349 3747 513 3789 nostra
541 3747 828 3793 conservat.
864 3739 1003 3794 Nam
1039 3757 1155 3794 cum
1181 3727 1500 3798 ordinatione
1528 3757 1701 3801 nostra
1803 3727 2058 3818 subjecta:
2079 3756 2202 3802 sunt
2222 3746 2398 3817 gaudii
2423 3745 2504 3798 sui
2534 3757 2722 3798 causas
2745 3741 2893 3810 pleb’s
2922 3741 3159 3795 Romana
3185 3748 3372 3794 testata

166 3829 198 3871 rt
231 3828 455 3880 sententia
483 3829 876 3897 episcoporum,
905 3847 1119 3902 quorum
1145 3833 1198 3886 in
1227 3836 1424 3904 synodo
1453 3841 1621 3908 major
1649 3855 1700 3892 se
1802 3850 1878 3895 est
1896 3880 1911 3905 ,
1940 3853 2002 3893 ac
2027 3837 2297 3893 serenitati
2329 3843 2520 3889 vestrte
2549 3831 2746 3902 gratias
2774 3831 2826 3885 in
2853 3830 2970 3884 dies
2995 3829 3232 3897 singulos
3251 3843 3377 3896 age-

165 3914 397 3969 muititudo
421 3921 548 3972 colle
553 3930 731 3988 gerat,
767 3937 1015 3976 consensu
1053 3924 1206 3976 etiam
1244 3928 1469 3992 partium
1497 3937 1542 3983 et
1583 3946 1700 3998 pro-
1805 3947 1864 3986 re
1890 3945 1994 3984 non
2025 3928 2262 3992 desistit;
2299 3941 2524 3996 quorum
2569 3923 2802 3994 provisio
2839 3922 2976 3974 sicut
3007 3936 3188 3988 pacem
3229 3919 3374 3972 orbis

166 4008 344 4069 lessione
365 4012 415 4064 id
441 4014 552 4080 ﬁeri
585 4014 852 4074 delinitur»
888 4027 1047 4078 esset,
1079 4028 1133 4069 ut
1161 4019 1313 4072 sciret
1341 4037 1394 4074 se
1416 4023 1702 4092 specialiter
1806 4032 2002 4084 tuetur,
2027 4021 2096 4072 ita
2121 4018 2349 4086 quietem
2371 4015 2529 4071 Urbis
2552 4013 2801 4078 restituit,
2829 4013 3128 4080 populoque
3153 4024 3370 4061 concor-

166 4107 247 4147 me
291 4093 578 4156 demiratum
629 4105 912 4173 quicunque
967 4108 1035 4158 ad
1098 4108 1414 4163 incitandum
1456 4115 1700 4180 papa/um
1769 4115 1970 4174 .diatn.

176 4213 1729 4257 "=—————————_

186 4247 215 4258 _
967 4247 1392 4254 ψὶῄ

1525 4252 1728 4257 _-_.
1749 4252 1966 4258 ___,
2027 4252 2036 4253 ,

1370 4338 1532 4380 ANNO
1573 4338 1799 4382 DOMINI
1851 4337 2117 4381 CCCXCIX
2134 4364 2145 4376 .

819 4543 824 4546 ·
942 4473 2545 4751 MAXIMUS

1301 4821 2185 4905 GRAMMATICUS.

807 5081 1307 5143 (iUlLlELMl
1354 5084 1600 5147 CAVE
1644 5085 2029 5146 NOTITIA
2084 5080 2171 5140 ΙΝ
2219 5076 2701 5140 MAXIMUM.

226 5196 480 5266 Maximus,
505 5213 662 5272 gente
691 5203 838 5268 Afer,
861 5206 1075 5260 civitate
1093 5206 1454 5262 Madaurensis
1483 5209 1698 5277 (Africa:
1725 5217 1778 5277 ι)
1804 5208 1971 5271 initio,
1997 5207 2108 5259 sine
2131 5203 2272 5272 prole
2297 5215 2495 5258 natura:
2521 5203 2770 5270 confiteri,
2805 5204 3007 5272 ejusque
3050 5201 3249 5250 virtutes
3289 5213 3376 5263 per

171 5291 367 5357 pmprizn
393 5294 644 5362 oppidum
674 5307 788 5349 erat
822 5296 959 5352 inter
983 5297 1280 5353 Numidiam
1303 5309 1357 5354 et
1386 5301 1697 5372 Geluliam),
1809 5298 2120 5351 mundanum
2147 5312 2274 5364 opus
2299 5295 2515 5362 di/fusas
2543 5294 2714 5347 multis
2737 5290 2989 5346 vocabulis
3017 5290 3265 5341 invocare.
3288 5287 3378 5344 illa

173 5380 463 5439 professione
508 5388 918 5454 grammaticus,
954 5391 1011 5444 S.
1065 5390 1358 5460 Augustino
1407 5394 1702 5459 familiaris,
1807 5390 1890 5456 ﬁt,
1917 5385 2108 5456 inquit,
2140 5396 2191 5437 ut
2211 5386 2331 5439 dum
2353 5387 2460 5455 ejus
2482 5383 2627 5452 quasi
2655 5379 2891 5451 quardam
2919 5378 3138 5432 membra
3166 5377 3378 5446 carptim

172 5472 334 5526 claruit
357 5488 581 5532 exeunte
610 5479 710 5532 hoc
735 5483 954 5543 saculo,
983 5481 1124 5534 circa
1153 5497 1349 5536 annum
1379 5484 1504 5538 599.
1533 5483 1706 5536 Homo
1808 5479 1959 5532 rariis
1980 5477 2431 5545 supplicttionibus
2460 5474 2831 5543 prosequimur,
2877 5479 3037 5523 totum
3064 5470 3228 5523 colere
3255 5486 3376 5540 pro-

174 5563 358 5625 gentilis
383 5575 434 5621 et
473 5568 744 5638 religionis
763 5584 874 5625 sua:
903 5571 1017 5626 zelo
1067 5573 1324 5643 ﬂagrans.
1355 5575 1569 5643 scripsit
1595 5575 1708 5644 epi-
1809 5576 1937 5640 recto
1959 5572 2238 5624 videamur.
2271 5567 2471 5622 Deinde
2502 5568 2554 5619 in
2576 5565 2910 5619 Christianos
2941 5562 3237 5627 invehitur;
3260 5580 3378 5632 par-

175 5651 334 5707 stolam
361 5657 423 5710 ad
472 5663 840 5730 Augustinum,
866 5677 968 5732 qua
998 5662 1222 5718 deorum
1255 5679 1472 5719 suorum
1501 5667 1704 5720 cultum
1812 5665 1902 5718 tim
1944 5663 2082 5733 quod
2133 5663 2294 5718 Deum
2326 5676 2481 5729 quem
2511 5659 2659 5729 quasi
2695 5656 2966 5728 propritnn
3013 5657 3111 5739 sbi
3142 5657 3379 5709 vindiea-

176 5741 404 5807 tindicat.
451 5753 622 5809 aitque
667 5771 718 5809 se
756 5772 908 5807 unum
951 5773 1056 5808 esse
1092 5754 1250 5809 Deum
1289 5772 1566 5813 summum.
1597 5756 1704 5808 sine
1812 5765 1924 5808 rent
1976 5758 2025 5809 in
2055 5755 2184 5809 locis
2234 5753 2424 5807 abditis
2455 5768 2512 5806 se
2551 5749 2732 5806 videre
2778 5751 3135 5815 afﬁrmarent;
3185 5750 3375 5818 partim
