3898 6486
512 369 610 424 £07
1901 360 2047 419 MAM

2173 360 2366 422 FINUS.
3209 381 3219 387 '
3631 365 3712 421 408

511 477 680 548 quod,
711 474 910 530 relictis
940 481 1148 542 tempus
1187 480 1240 528 et
1271 472 1526 541 neglectis
1556 473 1814 543 majorum
1862 489 2080 529 suorum
2108 490 2160 547 Α
2188 477 2317 545 ipsis
2342 475 2582 544 epistolis
2606 475 2882 545 desumpta
2912 489 3032 530 esse
3061 474 3177 543 qu‘s
3206 489 3318 528 non
3350 473 3523 530 videt?
3545 479 3653 544 quin
3672 491 3716 537 et

511 567 779 632 manibus,
806 565 1076 618 hominum
1106 571 1433 618 mortuorum
1462 563 1614 618 busta
1640 564 1802 618 stulto
1830 563 2080 634 frequen-
2185 567 2236 621 in
2269 568 2409 622 notis
2434 567 2546 621 suis
2585 565 2784 622 diserte
2823 568 3018 621 fatetur
3046 565 3450 621 illustrissimus
3479 567 3712 624 Baronius.

513 667 705 713 tarent.
756 657 890 711 Hinc
933 663 1196 725 martyres
1245 655 1502 724 quosdam
1550 654 1762 710 Punicis
1810 655 2082 711 vocabulis
2182 655 3717 727 ConcluditMaximus,solemnilormula,Diiteservent,prr

513 750 790 817 insignitos
835 748 1061 802 ludibrio
1116 748 1368 816 exponit,
1417 747 1723 817 Mygdonem
1759 761 1852 809 seu
1895 745 2082 817 Miggi-
2183 765 2309 816 quos
2331 757 2602 815 eteorum,
2625 757 2776 818 atque
2801 759 3101 802 cunctorum
3122 749 3421 802 mortalium
3448 764 3717 802 communem

513 858 650 908 nem,
675 841 919 905 Sanaem,
946 839 1205 907 Lucitam,
1238 847 1293 894 et
1339 855 1446 908 pra:
1467 838 1716 892 omnibus
1747 839 2080 908 archimarty-
2189 837 2427 905 Patrem,
2477 840 2694 892 universi
2715 840 2952 892 mortales
2974 882 2988 904 ,
3025 849 3144 907 quot
3186 849 3328 893 terra
3356 839 3584 902 sustinet,
3611 840 3720 892 mille

513 948 621 984 rem
665 929 1130 1001 Namphanionem.
1178 929 1280 983 Per
1325 928 1776 997 Namphanionem
1829 928 1949 998 quis
1997 927 2084 982 hic
2186 931 2350 984 modis
2399 931 2639 984 concordi
2669 931 2941 987 discordia
2982 945 3281 983 ren.ramur
3318 939 3367 983 et
3397 930 3614 983 colimus.
3655 929 3723 983 llis

513 1024 818 1082 denotetur,
850 1021 988 1074 haud
1007 1019 1176 1074 facilis
1194 1029 1276 1074 est
1303 1020 1631 1088 conj-ctum,
1650 1032 1793 1072 neca
1819 1033 2084 1088 quoquam
2187 1021 2517 1091 respondens
2552 1022 2878 1092 Augustinus
2921 1021 3144 1089 epistola
3175 1021 3463 1090 sequenti,
3495 1019 3720 1073 hominem

514 1115 566 1169 id
598 1124 856 1169 tentatum
885 1111 1123 1167 memini.
1156 1111 1212 1167 Si
1252 1112 1304 1166 in
1335 1127 1396 1166 re
1423 1111 1649 1166 obscura
1679 1111 1981 1180 conjectare
2008 1111 2087 1165 ias
2186 1110 2448 1166 acerrime
2493 1111 2818 1179 perstringit,
2863 1109 3204 1178 ostenditque
3249 1109 3300 1164 si
3359 1107 3558 1162 ludicra
3602 1122 3727 1178 agere

513 1207 654 1271 erit,
683 1222 788 1260 non
831 1205 993 1259 alium
1023 1219 1179 1274 quam
1225 1203 1494 1258 Christum
1523 1203 1803 1259 Dominum
1846 1214 2084 1258 nostrum
2187 1201 2366 1268 vellet,
2398 1216 2456 1256 se
2484 1215 2576 1269 par
2605 1201 2718 1269 pari
2749 1200 2952 1255 referre
2993 1214 3180 1270 posse;
3207 1201 3486 1253 hominem
3509 1213 3623 1252 vero
3637 1214 3728 1266 grav

514 1295 785 1365 designari
831 1305 1011 1362 putem
1042 1308 1056 1347 :
1095 1294 1284 1362 partim
1325 1295 1466 1362 quod
1494 1295 1829 1363 archimartyr
1856 1293 2087 1363 appelle-
2190 1292 2326 1346 viter
2375 1300 2558 1345 mouet
2615 1299 2672 1345 ut
2707 1291 2758 1344 in
2811 1289 2913 1346 hoc
2951 1274 3461 1387 argum-ciuilium
3499 1299 3729 1387 versftur;

519 1398 626 1452 tur,
657 1384 746 1455 qui
773 1384 934 1440 modo
963 1385 1166 1438 scilicet
1193 1383 1530 1438 eminentiori
1562 1399 1669 1452 pra:
1695 1384 1816 1438 aliis
1843 1382 2088 1452 martyri-
2191 1395 2429 1455 paratum
2465 1401 2524 1439 se
2570 1384 2701 1448 fore,
2735 1383 2803 1438 de
2835 1384 2918 1439 his
2959 1399 3055 1452 pro
3080 1369 3384 1454 ιιι-ευπίῶιί
3418 1369 3652 1451 ἀῖςηίῑεῖθ
3667 1381 3730 1432 di-

518 1478 639 1542 bus,
672 1490 766 1545 pro
803 1473 1062 1543 religione
1103 1487 1132 1525 a
1162 1488 1220 1528 se
1246 1473 1486 1527 instituta
1530 1487 1716 1541 passus
1741 1482 1850 1536 eSI;
1896 1481 2013 1541 part
2036 1487 2085 1525 ιη
2190 1488 2574 1546 sceptaturum.
2607 1473 2816 1530 Claudit
2836 1474 3118 1544 epistolam
3145 1474 3226 1528 his
3246 1472 3434 1539 verbis
3460 1487 3476 1526 :
3500 1471 3578 1525 Ne
3604 1470 3730 1540 (cllo:

518 1568 658 1637 quod
700 1581 819 1621 cum
863 1567 956 1620 alii
1006 1564 1126 1619 huic
1168 1565 1252 1619 vel
1299 1563 1373 1618 il.i
1421 1564 1625 1618 numini
1675 1563 2023 1632 praeferantur
2073 1581 2084 1615 :
2191 1570 2366 1633 lateat,
2411 1576 2457 1620 et
2503 1568 2557 1618 in
2599 1565 2849 1636 sacrilega
2883 1566 3107 1618 conuicia
3151 1563 3534 1634 imprudentem
3579 1563 3732 1623 imitat,

520 1661 698 1725 Hunc,
731 1661 923 1730 inquit,
953 1660 1082 1726 proh
1119 1658 1296 1728 nefas!
1323 1659 1420 1711 diis
1453 1659 1823 1711 immortalibus
1851 1656 2089 1727 prwtule-
2191 1662 2317 1715 scias
2345 1676 2375 1712 a
2404 1657 2704 1713 Christianis
2739 1657 3022 1722 catholicis,
3053 1673 3268 1726 quorum
3312 1658 3369 1709 in
3397 1665 3558 1710 oestro
3581 1654 3731 1723 oppido

518 1753 620 1804 rint
673 1751 949 1805 Christiani
972 1765 992 1815 ;
1024 1750 1213 1818 partim
1240 1748 1468 1818 denique
1494 1747 1636 1818 quod
1661 1747 1947 1816 interprete
1978 1750 2088 1800 Au-
2189 1751 2343 1806 etiam
2369 1747 2600 1802 Ecclesia
2635 1749 2906 1802 constituta
2935 1758 3028 1813 est,
3059 1748 3260 1801 nullum
3305 1748 3409 1801 coli
3431 1756 3729 1805 mortuorum,

517 1842 732 1910 gustino
777 1843 831 1894 in
885 1841 1076 1896 litteris
1115 1839 1470 1909 responsoriis
1494 1879 1509 1906 ,
1541 1838 1870 1909 Namphanio
1917 1838 2090 1906 lingua
2123 1843 2170 1902 Β
2195 1841 2324 1896 nihil
2363 1841 2577 1909 denique
2622 1851 2676 1894 ut
2715 1856 2896 1894 numen
2938 1846 3175 1905 adorari,
3225 1839 3369 1907 quod
3399 1839 3468 1892 sit
3509 1838 3733 1905 [artuum

520 1932 719 1988 Punica
757 1931 890 1988 nihil
920 1930 1063 1985 aliud
1102 1929 1368 2000 signiﬁcet
1405 1945 1562 2000 quam
1595 1929 1710 1984 boni
1749 1930 1894 1997 pedis
1923 1928 2094 1983 homi-
2193 1933 2453 1988 conditum
2497 1949 2530 1985 a
2570 1930 2700 1998 Deo,
2746 1932 2835 1986 sed
2864 1947 3020 1984 unum
3060 1932 3226 2000 ipsum
3253 1928 3427 1984 Deum
3471 1929 3556 1996 qui
3591 1927 3736 1994 [scitu

521 2038 669 2089 nem,
703 2022 752 2076 id
779 2031 897 2087 est,
929 2023 1333 2093 cujusadventus
1370 2020 1557 2089 a/ferat
1577 2020 1773 2090 aliquid
1799 2021 2094 2090 felicitatis;
2195 2025 2424 2080 condidit
2453 2027 2642 2080 omnia,
2671 2024 2748 2079 De
2776 2033 3015 2091 tempore
3036 2039 3141 2092 (ιυυ
3167 2023 3392 2092 scrip“;
3421 2020 3527 2074 sim
3556 2020 3629 2073 ιιω
3653 2016 3737 2084 cpi.

521 2113 652 2166 sicut
681 2113 898 2166 solemus
923 2113 1088 2166 dicere
1111 2115 1329 2165 secundo
1362 2113 1486 2181 pede
1513 2111 1786 2173 introiisse,
1815 2111 1963 2181 cujus
2018 2108 2096 2161 in-
2195 2117 2347 2172 stola;
2377 2132 2482 2172 non
2503 2123 2732 2171 constat.
2753 2114 3010 2169 Referunt
3029 2112 3126 2168 eas‘
3143 2112 3428 2182 novissimi
3452 2110 3666 2165 editores
3689 2103 3736 2157 ad

521 2203 734 2256 troitum
773 2204 1078 2272 prosperitas
1122 2202 1296 2271 aliqua
1338 2211 1510 2255 secuta
1557 2202 1642 2254 sit.
1678 2199 1831 2267 Quod
1872 2199 2096 2254 Domino
2199 2224 2394 2262 annum
2433 2208 2567 2274 390,
2606 2221 2725 2262 cum
2749 2205 2993 2275 sequenti
3026 2204 3290 2260 idolorum
3331 2202 3512 2257 cultus
3556 2199 3738 2265 impera-

523 2303 710 2349 nostro
750 2295 992 2364 apprime
1019 2294 1306 2363 convenit,
1356 2295 1445 2364 qui
1475 2302 1659 2362 optato
1689 2293 1822 2360 pede
1865 2292 1916 2344 in
1945 2305 2099 2345 mun-
2151 2311 2156 2316 ·
2207 2311 2381 2354 torum
2424 2298 2540 2367 lege
2577 2296 2882 2367 prohibitus
2908 2296 2999 2348 sit.
3021 2295 3126 2350 Sed
3151 2294 3357 2348 nullum
3388 2291 3511 2346 inde
3540 2288 3646 2342 duci
3670 2299 3738 2353 po—

522 2387 649 2440 dum
675 2387 838 2450 venit,
861 2395 916 2444 et
933 2386 1297 2441 obambulavit
1325 2388 1617 2462 εὐεργετῶν.
1644 2384 1720 2440 De
1744 2399 1850 2454 quo
1871 2384 2098 2453 prophe-
2205 2399 2309 2444 test
2334 2395 2727 2459 argumentum,
2757 2401 2876 2440 cum
2905 2401 3010 2440 non
3034 2386 3136 2440 hoc
3165 2384 3347 2450 modo,
3382 2382 3478 2437 sed
3516 2391 3567 2432 et
3593 2375 3739 2446 quovis

524 2481 688 2531 ticum
715 2477 841 2532 illud
871 2478 1132 2548 imprimis
1161 2477 1361 2532 dictum
1385 2487 1466 2532 est
1495 2495 1507 2530 :
1533 2478 1696 2544 Quam
1716 2477 1918 2547 pulchri
1945 2491 2099 2545 super
2204 2481 2315 2532 fere
2341 2493 2481 2531 anno
2523 2478 2764 2546 sequenti
2810 2476 3230 2531 Constitutiones
3258 2471 3564 2539 imperiales
3587 2468 3670 2521 hac
3690 2465 3738 2517 de

521 2577 722 2623 montes
775 2577 892 2622 sunt
938 2568 1089 2639 pedes
1114 2558 1441 2638 pradicantis
1499 2581 1713 2636 pacem,
1742 2565 2098 2620 annuntiantts
2203 2585 2259 2623 re
2290 2569 2406 2623 1am
2437 2569 2574 2632 sint,
2626 2578 2682 2621 ιιι
2729 2568 2782 2622 in
2813 2567 2997 2622 codice
3037 2566 3422 2621 ἰἰιοοιιοείεηο
3469 2561 3639 2615 videre
3661 2566 3737 2614 est,

517 2661 734 2724 bonum,
757 2662 1080 2730 praedicantis
1106 2660 1354 2715 salutem!
1375 2659 1598 2714 Nescius
1619 2672 1725 2713 non
1747 2672 1862 2713 sum
1885 2660 1938 2711 in
1961 2657 2096 2710 Mar-
2204 2675 2396 2730 nempe
2435 2675 2561 2715 ann.
2610 2659 2736 2723 392,
2755 2657 2882 2726 595,
2910 2658 3048 2723 596;
3078 2673 3218 2712 anno
3243 2656 3351 2712 599
3377 2666 3615 2724 quatuor,
3642 2661 3738 2717 qua-

531 2752 788 2822 tyrologio
831 2751 1069 2805 llomano
1109 2750 1234 2805 Julii
1285 2752 1320 2806 4
1372 2749 1632 2805 celebrari
1682 2747 1992 2803 memoriam
2035 2746 2092 2802 S.
2203 2769 2322 2807 rum
2367 2752 2486 2807 dua
2521 2750 2588 2805 ad
2643 2750 2876 2806 Africam
2925 2751 3138 2819 proprie
3184 2755 3453 2817 spectant,
3491 2745 3740 2807 iterumque

521 2842 942 2908 samphanionis
972 2841 1219 2911 martyris
1243 2850 1295 2894 et
1319 2840 1610 2902 sociorum,
1638 2855 1766 2907 quos
1779 2836 1864 2891 ille
1889 2837 2100 2891 robora-
2202 2856 2344 2896 anno
2368 2841 2494 2904 408,
2528 2856 2594 2896 ne
2619 2840 2843 2896 ulterius
2872 2855 3108 2910 pergam.
3133 2839 3415 2894 Habentur
3431 2838 3512 2891 hac
3539 2829 3734 2903 epistolae

535 2932 589 2984 ait
618 2932 687 2984 ad
731 2947 957 3003 pugnam
1008 2943 1055 2985 rt
1105 2933 1174 2985 ad
1214 2947 1453 2984 coronam
1480 2931 1735 3000 provexit,
1775 2929 1961 2999 quique
1987 2929 2102 2983 Ma—
2204 2932 2334 2987 edit.
2367 2931 2569 2987 noviss.
2595 2932 2683 2996 l6,
2715 2932 2801 2994 l7,
2826 2932 2878 2986 itt
2911 2923 3218 3001 vulgaribus
3250 2927 3572 2984 editionibus
3618 2933 3730 2975 num-

539 3022 673 3072 lauri
701 3022 752 3073 in
778 3020 957 3089 Africa
989 3022 1127 3087 passi
1147 3028 1284 3076 sunt.
1321 3021 1510 3075 Verum
1535 3018 1650 3073 haec
1692 3019 1894 3084 omnia,
1925 3035 1988 3074 ex
2023 3023 2104 3073 his
2209 3025 2299 3088 47),
2330 3024 2416 3078 Η.

540 3115 3728 3152 .2..—..-————-——————————————————————————__.———————-—‘"

963 3208 1413 3288 MAXIMI
1485 3209 2040 3291 EPISTOLA
2117 3213 2271 3292 AD
2347 3212 2432 3292 S.

1806 3209 2040 3291 ‘OLA
2117 3213 2271 3292 AD
2347 3212 2432 3292 S.
2513 3213 3345 3296 AUGUSTINUM.

604 3337 731 3390 Vide
752 3339 884 3391 hanc
907 3340 1171 3409 epistolam
1201 3343 1329 3394 inter
1351 3343 1766 3412 Augustinianas,
1790 3343 1880 3395 sub
1909 3359 2119 3398 numero
2146 3345 2230 3409 16,
2262 3355 2396 3398 tonio
2428 3345 2638 3400 XXXIII
2667 3357 2852 3400 nostra:
2881 3347 3107 3412 Patrol.,
3136 3348 3235 3401 col.
3261 3348 3319 3401 8|
3339 3389 3352 3401 .
3385 3347 3534 3400 Eutr.

549 3451 3718 3507 Μ

1787 3568 1950 3615 ANNO
1983 3569 2215 3618 DOMINI
2258 3569 2522 3615 CCCLX“.

985 3707 3317 4096 MAMEEEINUS.

763 4179 867 4239 DE
913 4178 1278 4241 AUCTORE
1325 4177 1804 4239 PANEGYBICI
1853 4179 1951 4238 ET
1995 4176 2155 4252 QUO
2198 4175 2575 4235 TEMPORE
2622 4177 2720 4238 AC
2765 4177 2974 4237 LOL‘O
3018 4178 3357 4240 HABITUS
3403 4178 3542 4240 SIT.

602 4321 967 4383 Mamertinus,
996 4335 1024 4372 a
1055 4320 1264 4375 .luliatto
1293 4319 1533 4389 Augusto
1563 4320 1748 4374 consul
1782 4320 1969 4387 lactus,
2005 4319 2101 4375 hac
2128 4318 2172 4378 C
2209 4316 2514 4382 praeit-ctum
2539 4317 2792 4383 praetorio
2813 4331 2905 4383 per
2932 4317 3220 4387 Illyricum,
3247 4319 3296 4372 in
3324 4321 3476 4388 cujus
3499 4309 3735 4386 provincia:

537 4410 772 4466 iratione
803 4411 1027 4480 principi
1070 4411 1269 4479 gratias
1314 4411 1441 4477 agit.
1479 4411 1823 4464 Pronuntiata
1854 4421 1936 4465 est
1965 4427 2106 4465 anno
2214 4406 2676 4460 administratione
2704 4409 2977 4476 peculatus
3007 4425 3130 4464 reus
3156 4413 3434 4465 absolutus
3456 4418 3551 4469 est.
3575 4416 3629 4456 ac
3651 4407 3736 4452 κη’

533 4499 730 4551 Lhristi
761 4496 884 4562 562,
915 4513 1057 4562 cum,
1093 4507 1148 4552 ut
1169 4513 1235 4552 ex
1280 4497 1429 4552 fastis
1467 4510 1726 4568 apparet,
1773 4501 2106 4555 consulatum
2210 4498 2334 4552 dem
2360 4513 2388 4550 a
2415 4485 2626 4553 Iuliano
2665 4499 2853 4554 consul
2899 4499 3088 4556 lactus.
3139 4507 3219 4555 An
3266 4518 3399 4556 veru
3448 4485 3737 4554 Manierlinlls

534 4597 744 4655 gereret
770 4585 954 4640 Nevita
986 4588 1211 4654 collega.
1243 4586 1372 4653 Quis
1418 4603 1579 4656 porro
1625 4588 1972 4644 Mamertinus
2020 4592 2109 4646 ille
2214 4591 2299 4645 hic
2342 4591 2481 4646 idem
2512 4591 2669 4646 fuerit
2694 4601 2854 4661 atque
2883 4593 2972 4648 ille
3001 4593 3086 4649 cui
3119 4595 3422 4665 panegyrici
3464 4591 3497 4644 2
3523 4596 3573 4643 ct
3596 4584 3624 4637 5
3653 4580 3734 4633 Ma'

535 4678 717 4743 fuerit,
749 4691 815 4732 ex
844 4693 945 4747 qua
992 4679 1156 4746 patria
1204 4678 1483 4743 oriundus,
1514 4679 1722 4742 nullihi,
1750 4680 1887 4749 quod
1919 4683 2107 4736 sciam.
2213 4687 2446 4740 ximiano
2497 4686 2620 4741 dicti
2653 4687 3037 4752 attribuuntur,
3070 4673 3446 4754 neque‘velim
3496 4680 3734 4734 afﬁrmare.

538 4770 804 4839 proditum
834 4779 934 4824 est.
969 4770 1076 4837 Ego
1107 4770 1260 4823 facile
1289 4777 1466 4838 putem
1497 4772 1635 4824 hunc
1657 4771 1899 4826 Messana
1929 4773 2112 4827 oriun-
2218 4783 2276 4828 ut
2316 4776 2380 4829 ad
2427 4777 2522 4831 hos
2555 4778 2902 4848 panegyricos
2937 4779 3216 4833 observavi
3236 4819 3250 4840 ,
3302 4787 3514 4847 promer
3555 4763 3735 4838 spatium

536 4866 661 4917 dum
711 4863 908 4928 fuisse;
949 4861 1026 4916 sic
1054 4862 1196 4916 enim
1227 4861 1598 4917 Messanenses
1647 4873 1862 4932 propter
1889 4865 2113 4920 Mamer-
2221 4871 2552 4939 septuaginta
2584 4885 2846 4926 annorum
2877 4871 3015 4925 inter
3042 4871 3256 4926 illorum
3285 4882 3340 4926 et
3365 4869 3518 4940 hujus
3556 4865 3738 4932 paneﬂ'

540 4956 677 5010 tinos
727 4954 960 5023 hospitio
1005 4962 1260 5022 exceptos
1299 4951 1424 5006 dicti
1470 4962 1595 5007 sunt
1636 4954 1954 5011 Mamertini.
1986 4956 2113 5025 Ejus
2225 4962 2319 5015 ri.i
2348 4972 2624 5030 tempora;
2651 4977 2820 5032 neque
2841 4963 3010 5016 ausim
3035 4977 3253 5031 prorsus
3283 4975 3496 5031 negare,
3523 4965 3628 5008 nant
3652 4953 3735 4999 tum

541 5048 744 5103 mentio
785 5048 845 5100 Iit
891 5047 944 5101 in
987 5047 1146 5100 variis
1177 5045 1306 5100 locis
1336 5045 1475 5116 apud
1508 5048 1865 5112 Ammianum,
1897 5048 1989 5103 lib.
2037 5065 2111 5115 vt,
2220 5069 2340 5106 cum
2392 5051 2528 5106 hanc
2567 5054 2862 5108 orationem
2910 5053 3050 5106 dixit
3094 5053 3378 5106 admodum
3420 5061 3572 5105 εοηιιι
3613 5035 3740 5127 ῐυῖεξο

541 5139 634 5194 lib.
663 5154 773 5200 xst,
805 5137 896 5192 lib.
924 5152 1074 5192 χχιιι.
1107 5141 1279 5206 Atque
1304 5139 1462 5191 etiam
1491 5139 1603 5207 ipse
1630 5139 1696 5192 de
1725 5153 1782 5193 se
1813 5154 1916 5193 non
1947 5153 2080 5194 semt

2221 5139 2450 5210 videtur,
2484 5157 2537 5197 ut
2561 5155 2771 5198 constat
2795 5160 2863 5198 ex
2894 5159 3080 5212 paneg.
3112 5160 3257 5198 num.
3291 5145 3356 5198 ΓΙ
3386 5162 3397 5196 :
3426 5139 3525 5197 Sed
3549 5135 3735 5186 αιιηεηδ

543 5231 776 5298 loquitur
802 5231 903 5283 hoc
931 5229 981 5282 in
1011 5228 1362 5298 Panegyrico;
1403 5244 1468 5284 ex
1495 5229 1687 5293 quibus
1718 5230 1847 5284 locis
1867 5232 2114 5287 omnibus
2219 5238 2367 5289 annis
2400 5238 2462 5289 ab
2497 5247 2646 5307 (elate
2691 5237 2876 5302 puerili
2907 5237 2976 5289 ad
3005 5235 3136 5289 hanc
3166 5251 3324 5304 usque
3350 5232 3572 5288 canitiem
3598 5229 3738 5275 consu-

544 5328 754 5372 t-onsmt
783 5319 1152 5372 Mamertinum
1205 5317 1510 5385 prtel'ectum
1557 5320 1746 5373 mrario
1791 5323 1972 5388 luisse,
2004 5331 2114 5376 tum
2219 5329 2355 5380 latus
2375 5344 2544 5381 amore
2570 5329 2801 5396 ﬂagravi.

1717 5523 2083 5587 SYNOPSIS
2127 5526 2628 5589 PANEGYRICI.

657 5639 694 5674 ⁸
735 5638 737 5640 ’
1133 5647 1193 5700 IN
1229 5647 1548 5701 EXORDIO.
2238 5661 2352 5704 tura
2395 5665 2514 5704 cum
2565 5649 2778 5706 luliano
2825 5654 3128 5723 imperatori
3173 5653 3367 5722 gratias
3398 5653 3638 5710 hucusque
3662 5641 3737 5728 ut"!l

623 5736 814 5792 Reddit
843 5737 1098 5792 rationem
1122 5751 1214 5792 cur
1247 5750 1342 5792 oro
1372 5737 1688 5804 prmfectura
1715 5741 1883 5793 mrarii
1913 5750 1958 5794 et
1990 5756 2095 5808 pra:
2239 5741 2404 5811 egerit
2433 5786 2443 5806 ,
2493 5742 2540 5798 id
2571 5757 2726 5812 agere
2755 5747 2937 5802 c0nsul
2969 5744 3324 5816 aggrediatur.
3359 5741 3500 5812 Quod
3527 5732 3737 5796 ηεηινειη
