3898 6460
132 392 234 446 409

785 386 1068 443 ωηικο
1107 385 1425 443 AUGUSTO
1462 384 1867 442 GRATI.\IilIM
1911 385 2107 447 AC'IIO
2146 385 2277 442 PRO
2312 381 2737 440 CONSULATU.

3253 370 3357 441 ut)

136 502 386 574 prioribus
411 498 755 567 dignitatibus
784 500 1071 566 imperator
1096 506 1188 552 aut
1204 512 1314 552 suat
1337 507 1429 552 aut
1457 497 1681 564 publica:
1708 503 1755 559 Α
1786 514 1932 551 num.
1973 499 2058 553 il.
2089 499 2301 564 Castus,
2330 498 2382 551 in
2410 498 2599 552 castris
2643 504 2948 566 perpetuus,
2984 512 3129 551 num.
3163 495 3250 550 13.
3278 495 3365 549 Sic

134 589 366 644 utilitatis
390 588 645 642 rationem
677 588 876 643 habere
907 588 1072 642 videri
1106 589 1367 656 potuerit;
1411 587 1464 642 in
1492 602 1686 642 consu-

131 677 232 734 latu
259 693 385 734 vero
413 678 586 733 dando
608 677 723 746 ejus
753 686 978 744 tatunt,
1009 680 1092 732 cui
1121 677 1276 733 datus
1302 687 1405 733 est.

677 807 1125 866 DISTRIBUTIO.

194 919 368 977 Prima
420 922 578 991 hujus
620 922 878 976 orationis
921 929 1071 991 parte
1104 919 1440 989 imperatoris
1467 920 1688 976 virtutes

127 1023 381 1082 recenset,
407 1013 572 1068 altera
601 1028 698 1082 pro
727 1020 946 1081 accepto
967 1011 1244 1067 consulatu
1273 1011 1474 1082 gratias
1502 1012 1636 1080 agit;

190 1101 317 1156 Pars
347 1103 534 1170 prium.
554 1101 996 1172 Perstringitejus
1015 1101 1287 1166 victorias,
1311 1098 1550 1169 receptas
1573 1100 1690 1170 ejus

127 1192 307 1246 virtute
336 1191 541 1247 Gallias
563 1232 580 1258 ,
628 1193 901 1246 subactam
933 1207 1068 1261 pene
1109 1206 1321 1246 omnem
1364 1192 1684 1256 barbariam,

125 1301 259 1338 num.
286 1286 342 1339 3.
374 1285 566 1340 Iterum
588 1284 656 1340 de
677 1285 846 1340 Gallis
870 1293 978 1338 tum
1000 1300 1028 1338 a
1052 1285 1398 1340 barbarorum
1420 1285 1687 1350 vasﬁtate,

123 1385 223 1429 tum
249 1393 277 1429 a
302 1377 545 1443 judicum
576 1377 765 1445 quibus
794 1377 1073 1431 subesscnt
1094 1377 1372 1446 tyrannide
1394 1387 1447 1433 et
1469 1378 1688 1431 avaritia

123 1468 327 1536 ereptis,
363 1466 573 1522 deletos
602 1466 916 1532 Germanos,
945 1467 1032 1537 jus
1063 1467 1367 1522 restitutum
1390 1509 1406 1533 ,
1435 1466 1689 1524 emenda-

122 1568 194 1612 tos
237 1558 356 1626 ejus
405 1559 660 1613 virtutum
705 1560 949 1630 exemplo
992 1574 1210 1626 mores,
1260 1576 1407 1614 num.
1456 1559 1511 1613 4.
1559 1561 1688 1625 Quae

120 1648 281 1702 omnia
314 1651 515 1704 mirum
548 1661 801 1719 quantum
830 1666 859 1703 a
891 1649 1102 1705 Iuliano
1146 1651 1513 1705 Constantium
1557 1651 1687 1707 alie-

119 1754 146 1790 n
179 1739 301 1803 rint,
336 1755 492 1794 num.
518 1741 570 1794 5.
605 1740 848 1794 Julianus
878 1741 1130 1794 inmedio
1163 1741 1355 1810 Illyrici
1384 1739 1688 1796 sinu'dere-

1794 601 2066 660 peragrata
2111 589 2345 646 victoriis
2374 589 2598 644 Thracia
2628 589 2697 643 de
2725 587 3047 643 sublevanda
3080 587 3239 642 Urbis
3272 601 3365 638 an-

1791 696 1946 734 nona:
1974 681 2189 750 penuria
2217 680 2432 748 cogitat,
2461 694 2607 733 num.
2641 679 2729 732 H.

1861 768 1994 823 Pars
2021 771 2266 823 secunda.
2296 770 2637 839 Imperatoris
2667 769 2719 822 in
2749 782 2808 823 se
2835 767 3146 822 beneﬁcium
3177 765 3363 834 ampli-

1791 860 1915 916 ﬁcat
1937 901 1954 929 ,
1994 861 2135 930 quod
2158 861 2494 916 consulatum
2521 860 2785 928 acceperit
2813 874 2916 913 non
2949 858 3188 923 meritus,
3222 856 3362 924 quod

1791 951 1843 1008 in
1873 966 2077 1006 summa
2123 952 2358 1007 virorum
2402 952 2663 1006 bonorum
2713 950 2865 1017 conia
2887 987 2903 1011 .
2932 945 3072 1019 quod
3105 949 3363 1001 minorem

1791 1041 2156 1111 magistratum
2187 1052 2374 1109 petens
2396 1081 2412 1106 ,
2449 1040 2588 1110 quod
2617 1039 2734 1096 sine
2776 1037 3144 1108 largitionibus
3167 1045 3223 1091 et
3248 1051 3363 1090 am-

1790 1131 1968 1186 biendi
1998 1131 2200 1196 labore,
2232 1131 2370 1201 quod
2397 1132 2450 1185 in
2477 1131 2619 1185 tenui
2651 1144 2710 1184 re
2735 1138 2790 1184 et
2817 1127 3088 1182 ambiendi
3117 1128 3360 1195 ignarus.

1789 1222 1898 1276 voti
1926 1237 2148 1289 compos
2174 1223 2286 1278 ﬁeri
2317 1237 2585 1292 nunquam
2615 1221 2896 1291 potuisset,
2928 1235 3075 1273 num.
3108 1217 3364 1284 l5.Qnod

1795 1328 1907 1368 uno
1949 1313 2246 1384 eodemque
2275 1328 2415 1367 anno
2441 1313 2613 1367 :erarii
2640 1311 2833 1381 publici
2863 1325 2988 1364 cura
3007 1352 3023 1376 ,
3055 1309 3364 1377 praefectura

1790 1414 1847 1460 et
1889 1405 2168 1461 consulatu
2196 1404 2478 1472 insignitus
2507 1403 2597 1467 sit,
2632 1417 2778 1455 num.
2807 1401 2896 1455 ἓξ.
2928 1399 3085 1454 Redit
3108 1398 3174 1451 ad
3214 1411 3364 1452 com-

1792 1494 2230 1550 memorationem
2256 1496 2508 1547 virtutum
2543 1493 2898 1560 imperatoris,
2929 1490 3082 1558 cujus
3107 1489 3156 1541 in
3186 1487 3364 1540 foven-

1790 1587 1874 1641 dis
1903 1586 2094 1643 litteris
2134 1584 2557 1651 revocandisque
2595 1583 2798 1636 artibus
2829 1581 3062 1636 studium
3092 1593 3364 1632 commen-

1791 1677 1922 1742 dat,
1968 1691 2114 1731 num.
2158 1671 2262 1739 25;
2303 1675 2354 1728 in
2383 1673 2622 1727 omnium
2649 1673 2845 1726 animis
2873 1670 2972 1724 sibi
3016 1665 3364 1723 conciliandis

1795 1767 2144 1830 industriam,
2187 1780 2334 1819 num.
2381 1764 2484 1828 25;
2525 1764 2577 1817 in
2607 1762 2870 1832 eligendis
2899 1761 3088 1814 amicis
3133 1758 3366 1827 pruden-

119 1821 262 1897 pente
284 1832 476 1916 adest,
499 1832 584 1886 bic
613 1843 664 1886 et
691 1833 886 1898 ubique
915 1833 1102 1896 tictor,
1147 1850 1203 1888 n.
1233 1833 1286 1888 6.
1318 1833 1508 1886 Istrum
1538 1834 1685 1887 uavi-
1715 1862 1759 1919 Β
1789 1861 1936 1924 mm,
1959 1860 2012 1913 in
2035 1821 2252 1914 whom
2281 1821 2635 1922 “dem"num.
2659 1821 2758 1918 ξω
2790 1855 2841 1908 in
2868 1865 3077 1906 summa
3102 1821 3364 1903 h'onomm

115 1925 204 1978 bus
234 1914 558 1980 transcurrit
607 1926 953 1980 barbarorum
1006 1936 1210 1982 terrore
1254 1935 1424 1991 tanto,
1458 1936 1516 1982 ιιι
1558 1942 1684 1997 sup-

113 2016 266 2083 plices
312 2017 529 2070 veniam
581 2026 790 2085 petant,
841 2034 985 2072 num.
1037 2020 1090 2072 7.
1133 2018 1212 2072 Ad
1255 2019 1504 2083 Adriani,
1547 2020 1685 2090 Τιτ-

113 2106 322 2162 rhenum
348 2150 368 2172 ,
422 2108 716 2164 Marotidem
764 2120 958 2180 pugnat
987 2120 1039 2164 et
1079 2112 1258 2176 vincit,
1285 2111 1578 2181 Nicopolim
1607 2114 1659 2167 itt

111 2208 341 2263 staurat,
401 2199 700 2254 Eleusinam
745 2211 799 2256 et
841 2201 972 2254 alias
999 2203 1352 2266 Macedoniae,
1397 2203 1588 2273 Illyrici
1633 2211 1688 2258 et

111 2289 461 2358 Peloponnesi
521 2291 760 2346 civitates
823 2293 1089 2361 restituit,
1150 2309 1297 2348 num.
1363 2294 1418 2348 9.
1475 2293 1687 2348 Patiens

111 2385 294 2439 laboris
315 2385 524 2448 bellici,
546 2387 800 2441 castrensi
823 2386 945 2442 cibo
967 2395 1266 2451 contentus,
1285 2403 1428 2441 num.
1460 2387 1544 2441 Η.
1572 2386 1682 2442 Sibi

111 2491 274 2546 asper,
300 2477 355 2531 iu
387 2478 523 2531 alios
563 2478 754 2543 facilis,
777 2478 878 2532 sibi
924 2493 1135 2547 parcus,
1159 2479 1210 2532 in
1250 2479 1382 2534 alios
1423 2478 1678 2546 liberalis,

711 2603 2796 2640 ._._________.._._,___.___.____._._.——

1788 1954 1938 2019 aplee
1981 1949 2297 2004 modestiam
2322 1988 2338 2012 ,
2389 1948 2440 2001 in
2471 1943 2838 2000 condonandis
2881 1941 3089 2010 injuriis
3132 1940 3364 1995 clemen-

1791 2045 1917 2097 tiam
1943 2085 1958 2108 ,
1993 2055 2140 2096 num.
2186 2041 2288 2105 27;
2329 2055 2393 2094 ae
2441 2039 2706 2108 praecipue
2756 2036 3074 2106 singularem
3122 2034 3173 2087 in
3215 2046 3273 2086 .se
3312 2039 3365 2084 et

1788 2135 2047 2204 collegam
2080 2133 2484 2188 humanitatem.

2435 2247 2502 2302 IN
2542 2245 2720 2301 FINE.

1865 2385 2102 2455 Denique
2127 2383 2328 2454 accepti
2360 2359 2394 2436 ad
2421 2390 2568 2436 tanto
2614 2382 2934 2449 imperatore
2962 2371 3205 2429 beneﬁcii
3236 2385 3364 2424 nun«

1791 2492 1946 2546 quam
1976 2478 2208 2532 futurum
2235 2491 2292 2530 se
2323 2476 2684 2530 immemorem
2717 2469 3011 2540 pollicetur,
3032 2479 3172 2518 num.
3203 2463 3292 2517 51.

1061 2713 2453 2950 ΜΑΜΕΒΤΙΝΙ

579 3013 653 3068 θ’
784 2981 1982 3131 GRATIARUM
2065 2973 2678 3121 ACTIO

1235 3224 1666 3302 JULIANO
1715 3220 2222 3300 AUGUSTO.

1448 3410 1553 3422 .—

175 3509 213 3566 I.
245 3505 355 3560 Etsi
385 3501 500 3558 scio
546 3508 621 3566 te,
665 3499 978 3566 imperator,
1006 3499 1062 3546 et
1080 3496 1301 3544 cunctos
1325 3496 1350 3523 ιι
1377 3485 1465 3554 qui
1504 3482 1683 3538 eonsi-
1711 3483 1756 3546 C
1789 3497 1873 3536 me
1903 3482 2051 3550 prius
2096 3449 2435 3544 honestaras,
2467 3477 2643 3530 minor
2687 3487 2804 3528 esse
2843 3485 3000 3525 causa
3029 3470 3092 3524 ad
3134 3470 3362 3533 agendas

113 3598 232 3651 lium
267 3605 426 3650 tuum
467 3587 788 3661 participant
818 3597 976 3652 posse
1015 3579 1194 3634 mirari
1232 3577 1370 3647 quod
1407 3588 1548 3628 nunc
1579 3572 1682 3628 de-

112 3703 245 3741 munt
288 3683 496 3756 gratias
524 3695 682 3749 agere
716 3688 945 3730 exorsus
973 3686 1115 3736 sum,
1156 3668 1308 3738 quasi
1337 3663 1589 3720 beneﬁcia
1629 3662 1681 3716 iu

113 3793 190 3833 me
215 3752 342 3833 tuav‘
374 3772 641 3842 coeperint
666 3783 697 3823 a
717 3764 1016 3828 consulatu,
1058 3760 1264 3815 fatebor
1285 3768 1458 3813 tamen
1485 3753 1512 3792 δ
1541 3752 1682 3824 quod

113 3870 297 3938 ingez.ii
329 3865 510 3937 (cujus
547 3876 634 3917 me
660 3856 904 3929 poenitet)
933 3852 1205 3916 conscius,
1246 3851 1404 3906 etiam
1433 3861 1575 3902 nunc
1605 3856 1680 3898 ta-

111 3977 225 4017 cere
253 3961 573 4019 voluissem,
622 3960 677 4008 et
705 3961 1062 4022 prorumpens
1105 3945 1230 3999 licet
1260 3941 1418 4012 hujus
1447 3939 1686 3995 muneris

110 4052 350 4124 gaudium
383 4051 524 4103 intra
546 4059 757 4100 arcanae
783 4041 980 4095 lmtitite
999 4035 1378 4092 conscientiam
1408 4045 1680 4087 coercere.

109 4145 204 4200 Sed
234 4145 350 4199 sive
374 4153 620 4201 errorem
650 4143 914 4196 nostrum,
968 4131 1080 4184 sive
1108 4126 1392 4182 consilium
1435 4130 1686 4192 congesta

110 4244 160 4289 et
185 4240 504 4288 coacervata
534 4228 585 4281 in
620 4238 786 4280 unum
819 4217 1076 4286 beneﬁcia
1133 4216 1406 4279 vicerunt;
1453 4211 1688 4278 atquein

111 4326 157 4378 id
195 4324 526 4393 redegerunt
551 4329 572 4357 ε
599 4312 936 4372 necessitatis
965 4309 1294 4386 ambiguum,
1345 4314 1402 4358 ut
1446 4302 1572 4356 mibi
1599 4310 1692 4355 aut

110 4416 371 4480 indiserti,
395 4422 488 4468 aut
511 4410 703 4480 ingrati
727 4415 871 4462 esset
894 4405 1031 4458 fama
1058 4399 1329 4455 subeunda
1356 4415 1369 4450 :
1397 4393 1554 4450 malui
1577 4394 1690 4447 elo-

112 4507 382 4579 quentiam
422 4503 602 4571 potius
629 4513 788 4569 quam
821 4496 1072 4565 pietatem
1099 4505 1222 4560 erga
1270 4499 1321 4542 te
1349 4485 1689 4552 ofﬁciumque

112 4577 281 4656 meum
313 4593 634 4652 desiderari.
685 4591 751 4644 Et
793 4602 925 4667 sane
971 4587 1023 4639 in
1065 4583 1147 4638 bis
1177 4580 1470 4639 honoribus
1496 4577 1689 4647 quibus

1789 3576 1986 3644 gratias
2009 3573 2311 3629 videbatur.
2353 3571 2486 3625 Nam
2511 3584 2630 3623 cum
2663 3583 2748 3622 me
2767 3570 2787 3598 ³
2814 3566 3062 3620 :nrarium
3092 3564 3361 3632 publicum

1790 3680 1978 3720 curare
2006 3663 2243 3726 voluisti,
2289 3675 2411 3716 cum
2457 3673 2730 3730 qumreres
2761 3657 2930 3710 virum
2976 3654 3138 3708 animi
3186 3652 3363 3720 magni

1789 3755 2046 3810 adversus
2090 3751 2391 3822 pecuniam,
2445 3749 2597 3804 liberi
2646 3749 2903 3800 adversus
2943 3744 3197 3808 oll‘ensas,
3229 3756 3365 3796 con-

1789 3846 1981 3900 stantis
2009 3843 2269 3898 adversus
2290 3839 2565 3905 invidiam,
2598 3853 2703 3899 me,
2731 3836 2842 3902 ’qni
2876 3835 2968 3888 tibi
2998 3834 3203 3887 viderer
3226 3831 3366 3899 ejus-

1793 3936 1960 3998 modi,
2013 3934 2254 4004 delegisti
2300 3950 2314 3986 :
2357 3933 2516 4001 idque
2555 3945 2620 3985 eo
2660 3938 2899 3996 tempore
2947 3941 3050 3994 quo
3096 3925 3368 3978 exbaustat

1793 4026 2080 4098 provinciae
2129 4024 2322 4094 partim
2369 4019 2763 4090 depraedatione
2810 4015 3118 4077 barbarica,
3174 4013 3365 4082 partim

1793 4133 1898 4172 non
1931 4117 2108 4170 minus
2150 4112 2505 4168 exitiabilibus
2550 4124 2707 4178 quam
2764 4105 3026 4175 pudendis
3079 4103 3368 4171 praesidem

1794 4210 1922 4263 tium
1971 4206 2171 4276 rapinis
2218 4205 2358 4258 ultro
2407 4217 2560 4270 opem
2610 4196 2947 4267 imperatoris
2990 4205 3365 4263 exposcerent.

1794 4298 1988 4352 milites
2030 4311 2175 4364 saepe
2219 4293 2480 4347 anteactis
2526 4288 2857 4358 temporibus
2902 4286 3026 4340 ludo
3055 4283 3365 4337 liabiticutn

1799 4405 2033 4461 praesens
2055 4387 2375 4458 stipendium
2393 4383 2714 4454 ﬂagitarent.
2734 4392 2946 4451 quoquo
2969 4377 3128 4432 modo
3152 4376 3369 4432 tidebar

1797 4484 2052 4537 honorem
2082 4494 2247 4534 onere
2277 4492 2521 4547 pensare.
2555 4475 2618 4528 At
2645 4489 2766 4530 cum
2795 4487 2881 4526 nte
2906 4469 2927 4500 ⁸
2951 4467 3212 4552 praetoriis
3237 4483 3369 4536 prte-

1799 4574 1992 4637 lceisti,
2015 4583 2071 4628 ct
2103 4571 2405 4640 provincias
2435 4570 2501 4624 de
2530 4579 2581 4624 te
2605 4567 2816 4638 egregie
2848 4564 3065 4619 meritas
3085 4578 3217 4618 mea:
3249 4559 3370 4616 ﬁdei

178 4718 193 4746 ¹
226 4714 347 4768 .Iam
395 4706 743 4765 Mamertinus
790 4701 962 4754 :rrarii
1010 4696 1445 4768 prtelectnrama
1471 4690 1686 4746 Julianu
1714 4694 1767 4754 ι)
1811 4689 1883 4768 ηδ
1912 4689 2053 4768 _Aute
2098 4685 2433 4768 Constantini
2485 4695 2720 4766 tempora
2778 4679 3090 4757 praefectus
3121 4679 3372 4768 jrzcto‘r'o

112 4764 346 4854 Augusto
375 4764 678 4851 acceperat,
718 4774 826 4842 jam
861 4769 1110 4854 praetorio
1140 4764 1527 4854 pernlll‘yriclnui
1547 4776 1684 4854 prae-

113 4831 531 4913 ié'c'i’ni'i..é'rit'.
578 4831 1054 4901 Cum'eonsulatus
1100 4831 1260 4890 veluti
1295 4831 1386 4913 f9"
1425 4831 1684 4913 “(morum

112 4901 642 4981 eb'm—dlus—acee'ssit.
689 4915 864 4980 Quare
911 4913 1260 4981 int’ra._nnm.
1291 4905 1354 4958 2|
1380 4919 1410 4981 ,ε
1443 4901 1572 4954 Cum
1610 4914 1688 4981 me

113 4973 602 5065 ῑαῇἐειιωη
643 4973 946 5041 innocentia:
970 4979 1204 5032 meritum
1234 4991 1333 5028 uno
1375 4973 1426 5026 in
1454 4986 1590 5023 anno
1620 4980 1691 5022 ter

114 5064 274 5120 rideat
301 5064 630 5116 honoratum.

178 5111 433 5199 rid
459 5111 724 5196 publicam
751 5121 1028 5199 pecuniam
1062 5118 1112 5199 in
1141 5114 1356 5199 Saturni
1386 5111 1586 5199 tempio

115 5180 624 5273 posiia-mvr‘ﬁr‘arii
652 5180 938 5273 przefectos
972 5191 1038 5272 ab
1060 5189 1300 5273 angus-to
1343 5182 1576 5273 primum
1605 5180 1690 5273 in:

647 5249 934 5320 Suetonius
983 5261 1036 5313 in
1067 5249 1316 5328 Αιιξμιδιο,
1344 5249 1475 5320 ἐθμ
1508 5249 1597 5312 49,
1639 5257 1694 5302 et

116 5346 502 5476 m2.\:::l:'e,l‘
526 5408 754 5477 injuria?
783 5403 925 5477 haud
962 5400 1074 5477 scio
1124 5392 1494 5477 Mamertinum
1533 5403 1690 5470 pecn-

120 5459 852 5541 latus‘iizinivizi-bunvitiauo
897 5473 1127 5527 delatum
1180 5467 1339 5522 tradit
1384 5459 1692 5516 Ammianus

119 5560 206 5612 lib.
238 5571 408 5611 xxv".

187 5750 214 5778 ι
247 5739 354 5806 Qui
386 5737 467 5790 tibi
496 5742 610 5788 sunt
637 5749 667 5784 a
696 5727 976 5806 cortsilii§-_
1118 5791 1127 5801 .
1254 5790 1263 5799 .
1357 5791 1365 5799 .
1508 5801 1521 5806 ,
1585 5785 1592 5793 .

185 5810 210 5850 δ
243 5792 402 5875 Quod
419 5805 645 5861 conscius
669 5798 940 5857 tenuitatis
962 5792 1146 5864 ingenii
1167 5792 1263 5844 mei
1283 5792 1426 5856 cujus
1448 5801 1522 5838 me
1544 5792 1695 5853 ptyel.

1791 4759 2086 4822 dicebatur,
2117 4757 2207 4825 qui
2235 4756 2492 4809 militibus
2523 4755 2586 4806 iis
2600 4747 2861 4825 praeerat,
2902 4763 3036 4817 quos
3079 4747 3370 4825 imperator

1793 4832 1844 4883 iu
1875 4830 1954 4881 sni
1985 4815 2280 4882 custodiant
2321 4827 2596 4894 allegerat.
2617 4815 3075 4891 'Postquam‘vero
3106 4815 3368 4884 pra-toria:

1793 4902 2042 4954 cohortes
2067 4912 2162 4966 pro
2174 4897 2444 4950 Maxentio
2467 4894 2647 4948 turbas
2663 4895 3017 4966 excitassent,
3030 4895 3150 4966 post
3173 4899 3370 4966 ea’sum

1796 4955 2098 5037 tyrannum,
2154 4972 2267 5021 Iure
2299 4966 2526 5037 dignitas
2571 4964 2782 5037 penitus
2804 4976 2832 5012 a
2857 4955 3212 5037 Constantino
3238 4955 3367 5037 sub-

1797 5023 1898 5092 lata
1923 5049 2026 5102 est,
2050 5023 2104 5092 et
2133 5040 2265 5092 orbe
2297 5023 2535 5089 Rdmano
2569 5023 2620 5086 in
2653 5040 2880 5102 quatuor
2907 5035 3083 5102 partes
3112 5039 3208 5102 seu
3231 5023 3368 5102 dim:

1795 5091 2161 5170 resesidiviso,
2206 5091 2442 5177 qitatuor
2473 5091 2707 5174 prtefeiti
2754 5091 3004 5176 praetorio
3047 5094 3234 5177 creati,
3278 5091 3367 5159 qui

1797 5178 2017 5248 singulis
2040 5163 2324 5246 praeessent
2349 5163 2601 5248 :qnornrn
2625 5163 3033 5248 untts'prmtorio
3053 5163 3368 5244 “galliarum.

1797 5233 1934 5303 alter
1964 5233 2212 5317 pr.'rtorio
2241 5233 2422 5308 Italize'.
2451 5246 2640 5317 tertius
2681 5233 2930 5317 praitorio
2952 5233 3180 5317 Illyrici,
3211 5245 3370 5317 quar—

1799 5301 1882 5373 tvu's
1910 5301 2159 5385 praetorio
2186 5301 2422 5372 Orientis
2448 5301 2728 5383 prtefecttis
2757 5301 3050 5385 dicebatur.
3082 5301 3366 5385 “Mamerti:

1800 5371 1928 5441 .ιὶιηί
1954 5371 2275 5452 praefectum
2322 5371 2594 5454 praetorio
2624 5397 2718 5452 per
2765 5378 3034 5449 Illyricum
3081 5371 3248 5427 fuisse
3295 5371 3370 5423 ait

1800 5459 2113 5512 Ammianus
2141 5459 2235 5513 lib.
2269 5474 2397 5511 xxii.

1463 5586 2014 5676 tarsumenno

1883 5723 1901 5747 '-
1937 5709 2261 5765 Nccessitalis
2293 5705 2568 5774 angustias.
