3898 6446
97 351 198 405 413

735 347 1018 404 JULIANO
1059 346 1375 403 AUGUSTO
1415 345 1665 403 GIIATIA

1780 345 1825 399 Μ
1865 344 2066 399 ACTIO
2103 343 2238 400 PRO
2274 343 2708 402 CONSULATU.

3259 351 3362 405 614

96 457 344 515 barbaros
373 454 592 512 domitet
616 499 632 523 ,
663 465 754 510 aut
778 457 983 511 civibus
1006 456 1125 525 jura
1160 457 1442 524 restituat,
1475 471 1664 526 perpe-
1690 458 1742 516 Α
1772 455 2034 511 tientism.
2064 455 2244 526 Itaque
2269 471 2389 511 cum
2421 459 2443 488 ³
2473 457 2525 511 in
2555 457 2672 527 ipso
2701 456 2975 515 molimine
3009 439 3364 530 oppressisset

96 559 235 602 tuum
261 546 534 616 professus
566 554 658 600 aut
682 555 868 603 contra
899 546 1107 602 hostem
1134 585 1152 612 ,
1200 556 1291 602 aut
1318 556 1506 602 contra
1537 548 1669 602 vitia

97 647 377 693 certamen.
833 648 838 652 ’

162 730 223 783 V.
261 729 357 782 Ila:
383 742 543 783 voces
573 728 785 784 fuerunt
808 729 874 782 ad
904 728 1278 784 inﬂammanda
1307 730 1426 784 odia
1461 727 1671 797 probris

94 820 333 876 omnibus
363 822 718 890 potentiores.
758 823 812 876 Si
840 823 983 876 enim
1010 823 1346 877 comminisci
1373 822 1548 893 aliqua
1579 823 1672 876 ﬂa-

96 912 210 979 gitia
234 920 550 978 tentassent,
575 911 732 966 facile
755 912 870 977 ipso
897 913 1181 980 Splendore
1210 913 1379 966 laudis
1407 924 1461 967 et
1487 913 1672 981 gloria

98 1002 468 1057 refutarentur.
512 1004 834 1058 Invenerunt
873 1003 1156 1057 accusandi
1185 1018 1352 1071 genus
1378 1003 1521 1072 quod
1551 1003 1672 1056 nul-

98 1097 170 1148 lus
196 1095 487 1151 refelleret.
527 1097 631 1152 Sed
661 1096 810 1165 quid.
840 1111 937 1149 oro
958 1110 1072 1163 vos,
1105 1097 1395 1165 principem
1431 1105 1668 1151 nostrum

99 1185 261 1241 facere
299 1185 560 1241 debuisse
601 1187 874 1258 censetis?
924 1187 1190 1242 Romanas
1233 1188 1394 1243 urbes
1433 1187 1672 1243 hostibus

97 1278 338 1342 dederet,
379 1293 451 1333 ne
491 1280 725 1333 animum
771 1278 944 1332 l'ratris
983 1278 1316 1335 offenderet?
1364 1279 1672 1358 Provinciae

98 1367 414 1422 ﬁrmissimas
436 1409 452 1434 ,
489 1370 900 1439 ntilissimasque
930 1370 1234 1439 reipublica:
1262 1370 1364 1424 sub
1392 1369 1670 1424 obtutibus

96 1460 196 1510 suis
217 1459 392 1512 vexari
423 1473 490 1513 ac
517 1459 675 1528 diripi
718 1460 941 1528 sineret,
975 1476 1041 1514 ne
1067 1460 1194 1530 quid
1226 1461 1500 1529 Augusms
1527 1459 1667 1529 quod

98 1550 248 1605 nollet
272 1552 531 1606 audiret?
580 1553 817 1623 Flagitiis
850 1554 1338 1608 adntinistrautiutn
1374 1571 1478 1609 non
1511 1555 1670 1609 modo

99 1641 225 1696 frena
255 1643 502 1708 laxaret,
545 1644 638 1698 sed
669 1645 829 1698 etiam
861 1644 1164 1699 stimulatur
1203 1646 1557 1711 accenderet,
1601 1661 1669 1701 ne

96 1732 221 1787 inter
261 1735 539 1802 principes
578 1734 775 1788 faceret
804 1750 1012 1789 morum
1056 1735 1436 1790 dissimilitudo
1462 1737 1670 1790 discor-

1773 546 2146 602 Alamanniam
2187 548 2535 605 rebellantem
2556 591 2571 614 ,
2601 555 2692 620 qui
2728 553 2885 622 paulo
2914 563 3038 608 ante
3069 566 3092 594 ο
3125 556 3358 612 inaudita

1776 639 2073 708 regionum,
2107 638 2393 695 ﬂuviorum
2417 683 2430 704 ,
2463 644 2723 698 montium
2755 646 2966 700 nomina
3004 649 3244 704 exercitu
3280 651 3359 704 vi-

1772 744 1922 788 etore
1979 742 2394 804 peragraverat.
2443 749 2538 804 per
2592 735 2778 790 ultima
2831 736 3064 792 ferarum
3120 740 3356 808 gentium

1773 845 1934 898 regna
1961 873 1977 897 ,
2009 828 2212 884 calcata
2249 844 2434 899 regum
2467 830 2641 898 capita
2686 831 3032 899 supervolans
3053 871 3067 895 ,
3096 832 3148 886 itt
3182 833 3358 888 medio

1773 921 1967 991 Illyrici
2022 923 2140 976 sinu
2203 920 2522 989 improvisus
2570 921 2838 990 apparuit.
2890 920 3129 976 Vidimus
3176 921 3356 978 felices

1772 1017 1914 1073 illius
1949 1015 2176 1070 comites
2204 1015 2305 1067 vite
2335 1023 2650 1082 stupentes,
2680 1013 2896 1068 urbium
2933 1014 3158 1084 populos
3197 1014 3354 1068 dubi-

1774 1116 1917 1161 tasse
1953 1105 2176 1160 credere
2201 1119 2320 1173 qua:
2349 1103 2622 1158 videbant.
2652 1103 2766 1159 Non
2804 1088 2959 1159 aliter
2991 1115 3355 1161 coneternatas

1771 1200 2007 1253 arbitror
2039 1206 2227 1266 gentes
2249 1211 2368 1266 qua:
2404 1195 2711 1264 prolapsum
2739 1195 2879 1250 caelo
2900 1210 3161 1264 excepere
3189 1199 3210 1229 ’
3236 1197 3354 1251 Pal-

1771 1291 2002 1345 ladium.
2022 1287 2290 1356 Virgines,
2318 1287 2488 1355 pueri,
2519 1285 2747 1347 feminae,
2782 1285 3022 1340 tremulae
3042 1300 3197 1352 anus,
3232 1285 3354 1340 titu~

1771 1381 1964 1437 bantes
1993 1394 2152 1436 senes
2177 1380 2217 1410 ²⁰
2241 1394 2348 1433 non
2379 1380 2498 1432 sine
2528 1392 2723 1446 magno
2743 1377 2952 1431 attoniti
2982 1377 3209 1433 horrore
3237 1392 3355 1434 cer-

1773 1473 1970 1526 nebant
2010 1471 2387 1539 imperatorem
2427 1469 2636 1536 longam
2669 1469 2809 1522 viam
2850 1468 2952 1523 sub
2988 1468 3227 1538 gravium
3269 1485 3355 1524 ar-

1772 1579 1977 1618 morum
1996 1576 2161 1618 onere
2179 1570 2506 1625 currentem,
2530 1561 2864 1630 properantis
2885 1560 3177 1616 anhelitum
3192 1559 3218 1598 ἀ
3236 1565 3355 1620 sine

1770 1669 1931 1708 sensu
1983 1651 2311 1708 lassitudinis
2344 1695 2360 1719 ,
2408 1651 2710 1707 crebriores
2758 1647 3014 1707 sudorum
3066 1654 3210 1708 rivos
3263 1670 3356 1722 per

1773 1740 1925 1796 fortia
1969 1741 2105 1797 colla
2147 1751 2454 1807 manantes,
2486 1750 2542 1796 et
2570 1750 2593 1778 ⁸
2624 1741 2765 1796 inter
2794 1741 2941 1796 illum
2987 1742 3226 1814 pulveris
3267 1744 3357 1816 qui

97 1824 254 1878 diam?
289 1823 540 1880 Nobilem
580 1827 595 1856 ¹
632 1825 858 1880 Etruria:
889 1826 1282 1880 adolescentem
1311 1826 1517 1892 ferunt,
1544 1843 1664 1881 cum
1696 1822 1742 1882 Β
1773 1832 1993 1888 barbam
2036 1843 2090 1886 et
2123 1833 2375 1902 capillum
2407 1842 2656 1888 onerarat
2683 1834 2962 1890 horrorem
3007 1838 3256 1893 micantia
3285 1839 3358 1894 si-

95 1926 291 1987 propter
315 1919 574 1972 eximiam
616 1917 799 1972 fortnas
837 1919 1147 1989 dignitatem
1189 1919 1478 1973 multarunt
1519 1921 1570 1973 itt
1609 1934 1669 1974 se

97 2009 392 2063 feminarum
427 2025 639 2064 amores
671 2011 973 2074 excitaret,
1017 2011 1205 2065 faciem
1251 2025 1399 2065 suam
1440 2011 1504 2064 ad
1535 2010 1670 2066 ubli-

96 2105 349 2156 terandam
380 2103 836 2173 pulchritudinem
880 2103 1188 2160 vulneribus
1225 2105 1514 2159 sauciasse.
1562 2103 1668 2158 Sed

94 2192 229 2248 facile
265 2193 362 2248 fuit
397 2193 588 2263 juveni
627 2195 870 2263 dignitati
917 2195 1159 2263 corporis
1207 2196 1455 2249 decorem
1503 2193 1667 2248 animi

94 2285 401 2354 praeponenli
431 2294 492 2341 et
518 2287 803 2340 candorem
835 2287 1153 2342 decolorare
1174 2328 1189 2351 ,
1222 2301 1275 2343 et
1299 2288 1408 2341 oris
1438 2287 1664 2341 nitorem

94 2374 186 2429 alte
204 2375 478 2445 impressis
499 2377 835 2432 cicatricibus
857 2381 876 2409 ³
899 2378 1270 2434 devenustare.
1304 2379 1436 2432 Nunt
1464 2378 1664 2446 aliquid

96 2465 373 2534 hujustnodi
424 2467 685 2526 adversus
731 2484 969 2524 amorem
1014 2470 1208 2525 civium
1257 2467 1437 2524 facere
1483 2469 1666 2524 debuit

96 2557 345 2613 Julianus?
373 2561 453 2615 Ac
487 2575 555 2615 ne
589 2561 751 2629 potuit
784 2561 1035 2631 quidem;
1079 2563 1179 2616 nisi
1210 2561 1346 2616 forte
1386 2562 1660 2616 existima-

98 2666 199 2706 mus
224 2651 488 2720 patientes
518 2653 792 2708 vnlnerum
827 2652 1024 2708 formas
1053 2669 1174 2708 esse
1202 2653 1478 2708 virtutum.
1508 2653 1663 2709 Scili-

95 2752 168 2796 cet
193 2753 242 2797 et
274 2743 569 2798 candorem
607 2744 872 2813 :eqnitat‘s
921 2744 1090 2811 potuit
1135 2744 1460 2799 obumbrare
1485 2789 1499 2810 ,
1544 2753 1597 2798 et
1631 2759 1661 2798 a

99 2835 420 2902 temperantia
482 2843 507 2869 ⁸
565 2850 848 2902 purpuram
918 2835 1086 2888 sancti
1151 2835 1362 2890 ruboris
1421 2837 1658 2900 abolere,

100 2921 115 2952 ’
142 2923 295 2978 vicem
353 2925 684 2980 fortitudinis
727 2926 958 2996 indignis
998 2926 1286 2982 confodere
1331 2927 1660 2993 vulneribus,

75 3027 260 3086 fruere
295 3018 485 3072 oculos
524 3017 910 3086 providentiae!
959 3016 1164 3072 Deinde
1203 3018 1304 3071 nisi
1352 3018 1441 3071 ille
1477 3017 1659 3072 adole-

101 3118 232 3160 scens
255 3122 496 3164 severam
539 3124 754 3162 manum
809 3109 1035 3178 propriis
1089 3108 1321 3163 vuitibns
1371 3107 1656 3172 intulisset,

1770 1921 1952 1976 dereis
1986 1922 2198 1991 ignibus
2229 1924 2448 1978 lumina.
2489 1922 2659 1980 Voces
2701 1925 3045 1992 gaudentium
3075 1941 3357 1997 oppresse-

1771 2019 1854 2064 r-t
1891 2012 2133 2066 miraculi
2179 2013 2510 2081 magnitudo.
2549 2011 2842 2070 Cessabant
2887 2014 3062 2072 ofﬁcia
3110 2018 3357 2076 laudandi

1769 2102 1890 2172 plus
1920 2118 2079 2170 quam
2109 2104 2369 2158 laudanda
2391 2107 2756 2162 cernentibus.

1839 2194 1948 2248 VIl.
1981 2194 2267 2250 Sufﬂceret
2305 2196 2521 2266 quidem
2566 2196 2633 2250 ad
2677 2197 3081 2265 expeditionem
3125 2214 3358 2270 praesen-

1767 2284 1898 2338 tium
1951 2285 2283 2355 tegetiorum
2331 2285 2442 2341 sola
2492 2287 2833 2356 properatio,
2872 2286 2967 2342 sed
3013 2303 3118 2343 non
3160 2290 3357 2364 sulﬂci.

1767 2377 1993 2445 principi
2054 2386 2240 2431 nostro
2291 2377 2598 2446 reipublicae
2649 2393 2750 2432 una
2802 2379 3008 2434 ratione
3057 2381 3355 2437 consulere.

1765 2469 1926 2524 Multa
1969 2470 2168 2540 pariter
2193 2469 2498 2540 aggreditur
2528 2480 2716 2541 pectus
2748 2474 2788 2504 ¹¹
2823 2473 2986 2529 nullis
3016 2490 3246 2544 unquam
3277 2477 3356 2539 la-

1769 2558 1989 2614 boribus
2037 2559 2332 2629 iatigatnm.
2386 2561 2453 2617 Ut
2503 2577 2608 2617 uno
2661 2563 2961 2631 eademque
3011 2574 3252 2634 tempore
3306 2577 3360 2622 et

1767 2663 2115 2721 componeret
2164 2655 2542 2709 lidissimarum
2590 2655 2982 2725 provinciarum
3031 2670 3261 2728 statum,
3305 2672 3361 2717 et

1766 2744 2068 2800 barbariam
2110 2761 2322 2801 omnem
2361 2747 2579 2801 admoto
2637 2747 2859 2817 prapius
2910 2761 3114 2804 terrore
3156 2753 3360 2817 percel-

1768 2835 1921 2900 leret,
1942 2837 2251 2905 longissimo
2265 2851 2425 2891 cursu
2444 2837 2633 2891 Istrum
2657 2837 2860 2906 placuit
2875 2839 3130 2907 navigari.
3152 2840 3192 2870 ¹¹
3212 2839 3356 2895 Proh

1764 2939 1944 2982 sancta
1976 2928 2256 2982 divinitas!
2293 2927 2421 2994 Qua:
2455 2927 2808 2996 navigationis
2839 2927 2980 2981 illius
3013 2926 3112 2981 fuit
3141 2942 3359 2997 pompa,

1763 3036 1883 3074 cum
1933 3019 2294 3074 dexteriorem
2343 3017 2534 3088 inclyti
2580 3017 2816 3071 ﬂnniinis
2868 3017 3036 3088 ripam
3087 3019 3360 3088 atriusque

1763 3123 1944 3178 sexus,
1977 3109 2214 3162 omnium
2239 3107 2510 3170 ordinum,
2534 3118 2861 3162 armatorum
2888 3119 3047 3177 atque
3072 3109 3359 3166 inermium

101 3196 118 3224 ⁸
141 3197 242 3254 dies
273 3212 324 3256 et
351 3217 507 3257 mora
533 3244 548 3268 ,
588 3217 694 3256 non
727 3203 880 3272 longa
923 3201 1100 3257 (etatis
1147 3201 1419 3256 successio
1447 3215 1660 3256 omnem
1690 3181 1737 3242 (ἶ
1771 3207 2060 3269 perpetuus
2096 3200 2231 3252 ordo
2272 3208 2612 3268 praetexeret,
2650 3200 3020 3268 despiceretnr
3057 3201 3124 3255 ad
3172 3201 3359 3260 laevam

101 3277 236 3346 illum,
261 3293 448 3351 ﬂorem
493 3297 735 3365 corporis
780 3298 1115 3364 peremisset.
1147 3297 1168 3328 '
1207 3298 1275 3353 At
1303 3295 1356 3351 in
1377 3297 1662 3352 virtutibus

105 3381 327 3451 principis
354 3386 526 3440 nostri
549 3396 749 3456 quanto
779 3395 911 3442 artas
942 3387 1217 3457 prolixior,
1251 3396 1398 3444 tanto
1427 3388 1663 3458 pulchri-

105 3475 211 3527 tudo
237 3478 596 3544 praestantior.

163 3563 236 3622 \‘l.
264 3568 406 3626 II.tto
427 3579 679 3625 cunctam
713 3570 1012 3626 barbariam
1039 3570 1302 3626 adversus
1335 3572 1356 3604 ⁸
1387 3571 1654 3628 vindicem

106 3655 327 3716 Humana-
365 3661 633 3717 libertatis
674 3663 725 3717 iu
765 3679 912 3718 arma
968 3676 1317 3732 commotam,
1374 3674 1666 3735 gentesque

108 3747 120 3776 ’
145 3763 312 3806 recens
340 3753 512 3808 victas
541 3762 598 3808 et
627 3753 886 3808 adversus
925 3754 1114 3824 jugum
1157 3770 1327 3824 nuper
1355 3755 1663 3825 impositum

106 3841 286 3896 cervice
323 3843 486 3898 dubia
520 3853 900 3910 contumaces,
932 3842 958 3882 δ
991 3845 1042 3898 in
1087 3845 1384 3900 redivivum
1430 3847 1662 3900 furorem

107 3928 317 3988 nefandis
350 3933 588 3989 stimulis
626 3934 912 3989 excitatas.
948 3935 1078 4002 Qua:
1116 3935 1296 3990 omnia
1340 3935 1663 3991 obstinatam

107 4030 149 4075 et
181 4023 490 4082 immobilem
534 4027 792 4098 principis
827 4029 1044 4083 maximi
1093 4029 1306 4084 tandem
1349 4031 1526 4087 vicere
1569 4047 1662 4102 pa-

164 4137 266 4212 ‘___ls
292 4141 527 4211 Spurina
569 4141 698 4209 fuit,
740 4151 800 4196 ut
843 4141 1069 4212 margini
1096 4143 1423 4212 adscriptum
1453 4146 1665 4212 reperio

109 4205 150 4280 i_t_t
173 4205 445 4280 Vietménsi
486 4205 742 4267 editione.
785 4205 1290 4280 Quamfhistoriani
1337 4215 1452 4270 inse
1500 4205 1663 4270 refert

112 4273 257 4353 Vales.
284 4281 544 4353 Maximus
569 4283 658 4336 lib.
687 4299 759 4349 tv,
791 4273 911 4353 cap.
942 4279 994 4336 5.

163 4350 179 4378 ²
219 4351 322 4407 Vox
369 4368 401 4406 a
439 4352 614 4408 Gellio
655 4350 906 4424 usurpata
943 4367 1040 4422 pro
1069 4366 1136 4408 eo
1177 4354 1320 4424 quod
1367 4364 1451 4410 est
1488 4357 1661 4410 detur-

110 4433 225 4482 pare.

168 4487 350 4568 ’,μέθες
376 4508 502 4548 cum
530 4493 730 4568 “Lipsio
767 4495 1005 4549 cervicem
1039 4497 1351 4568 fortitudinis
1388 4511 1409 4551 :
1452 4511 1573 4551 nam
1606 4506 1664 4552 ut

1769 3290 1822 3345 in
1873 3290 2212 3346 miserabiles
2256 3306 2444 3360 preces
2491 3306 2631 3361 genu
2679 3293 2800 3346 nixa
2844 3293 3124 3348 barbaria?
3161 3296 3359 3352 Omnes

1770 3385 1929 3439 urbes
1956 3398 2078 3454 qua:
2118 3383 2412 3438 Danubium
2447 3383 2686 3437 incolunt
2709 3384 2886 3449 adiuv,
2911 3386 3147 3442 omnium
3179 3387 3359 3444 audita

1766 3474 2003 3538 decreta,
2036 3473 2193 3527 levati
2225 3481 2415 3538 status,
2449 3471 2468 3510 ί
2501 3473 2915 3543 instauratmqne
2944 3475 3254 3536 fortunae."
3279 3479 3360 3532 in.

1769 3563 2192 3623 nuttwrabilibus
2226 3563 2472 3619 barbaris
2506 3564 2630 3618 data
2663 3566 2848 3630 venia,
2885 3576 2940 3621 et
2979 3583 3172 3622 munus
3211 3570 3356 3635 pacis

1769 3661 2052 3717 indultum.
2081 3657 2180 3726 Qui
2213 3658 2644 3727 properationem
2685 3658 2830 3713 illam
2881 3663 3358 3731 contemplabitur.

1771 3757 1902 3811 nihil
1943 3753 2136 3824 legisse
2178 3760 2375 3822 prteter
2402 3752 2538 3804 viam
2582 3751 2958 3818 imperatorem
3004 3752 3236 3819 putabit;
3267 3755 3358 3823 qui

1768 3860 2038 3920 gestarum
2099 3861 2276 3898 rerum
2338 3842 2731 3895 multitudinem
2789 3841 3188 3907 considerabit,
3236 3859 3360 3913 pro-

1771 3952 1988 4008 perasse
2015 3951 2120 3989 non
2149 3933 2356 3987 credet.

1841 4029 1973 4083 Vltl.
2005 4028 2051 4082 0
2085 4025 2331 4080 facundia
2377 4011 2567 4094 potens
2612 4023 2839 4089 Gracia,
2871 4025 3110 4079 omnium
3148 4034 3358 4082 tuorum

1772 4159 1861 4199 ara
1889 4152 1943 4198 et
1966 4140 2220 4209 templum
2247 4138 2500 4194 Minerva:
2529 4138 2855 4204 struebatur,
2882 4139 2951 4193 tle
2976 4141 3118 4193 cmln
3150 4141 3357 4207 lapsum

1772 4215 1872 4269 sibi
1907 4215 1960 4268 in
1993 4211 2194 4280 templo
2218 4209 2364 4277 legit.
2399 4209 2530 4280 Quia
2568 4217 2746 4280 autem
2778 4219 2891 4280 erat
2933 4210 2984 4263 in
3027 4209 3150 4280 fatis
3177 4213 3358 4264 tandiu

1771 4283 1986 4352 Trojam
2031 4278 2352 4352 incolumem
2399 4278 2541 4343 fore,
2571 4279 2803 4352 quantliu
2839 4279 2973 4352 intra
3009 4279 3359 4352 ejusmmnia

1771 4348 2121 4408 simulacrum
2168 4350 2298 4404 illttd
2343 4357 2647 4403 servaretur
2670 4391 2686 4415 ,
2717 4348 3017 4403 Diomedes
3059 4358 3112 4404 et
3145 4349 3360 4415 Ulysses

1775 4425 1935 4479 fatale
1953 4422 2079 4476 illud
2107 4422 2316 4489 signum
2344 4418 2699 4474 sustulerunt.
2727 4418 2836 4472 Nec
2861 4421 3028 4473 multo
3051 4428 3170 4488 post
3189 4418 3360 4475 Gra'ci

1777 4494 1990 4563 Trojam
2014 4500 2136 4563 post
2163 4489 2347 4545 decem
2375 4500 2634 4563 minorum
2659 4489 2990 4563 obsidionem
3017 4491 3230 4563 tutelari
3262 4494 3361 4547 hoc

112 4560 170 4609 ait
195 4545 497 4637 ilicolibfttt
529 4545 784 4632 Ewpirsvtol;
799 4545 1003 4634 qua-siti.
1590 4545 1667 4637 r21
1693 4545 1746 4607 Β
1773 4545 1990 4637 diuinis
2015 4545 2296 4637 spoliatam
2322 4562 2717 4637 sttbvertcrunt.
2749 4559 2966 4615 1Eneid.
2997 4545 3215 4637 ",16‘5.

113 4631 234 4710 ruendi
249 4643 292 4710 et
308 4631 886 4710 nervorum’conveutus.
912 4637 1278 4710 Mamertinus,
1301 4653 1484 4705 supra,
1513 4631 1658 4693 unm.

116 4705 163 4758 5,
190 4705 274 4784 nisi
318 4709 450 4775 forte
490 4706 839 4760 existimamus
883 4711 1128 4774 patientes
1172 4709 1432 4763 vulnerum
1473 4711 1666 4779 [orntus

115 4784 199 4822 ωε
221 4785 474 4829 virtutum.
1493 4829 1507 4836 _

170 4840 188 4868 ³
211 4843 334 4909 Quid
362 4847 407 4900 si
440 4847 678 4918 legamus
707 4863 826 4901 cum
854 4849 1094 4904 Acidalio
1130 4867 1143 4903 :
1180 4849 1297 4903 Dies
1327 4859 1372 4903 et
1399 4865 1540 4903 mora
1566 4866 1665 4904 non

120 4907 264 4977 longe,
289 4921 453 4970 relatis
477 4907 811 4971 successione.

175 4981 193 5010 ⁵
215 4987 272 5037 At
299 4989 430 5040 enim
455 4989 506 5041 in
534 4989 820 5041 virtutibus.
857 4989 1056 5043 Acidal.

175 5051 193 5081 ⁸
213 5053 491 5112 lulianum.

175 5123 192 5150 ⁷
216 5125 480 5200 Constanti
504 5150 516 5177 ο
545 5138 600 5183 et
621 5128 972 5184 Constantino
1001 5145 1192 5200 magno
1215 5131 1331 5197 ejus
1360 5129 1466 5184 ﬂlio
1496 5130 1670 5184 domi-

125 5197 195 5267 las_
212 5204 260 5248 et
285 5214 311 5249 a
343 5199 668 5253 Francorum
695 5197 1388 5256 incursionibus—liberatas.
1524 5258 1537 5267 ,

142 5329 151 5339 .
181 5263 199 5294 ⁸
223 5266 271 5340 ld
299 5279 408 5333 est,
444 5280 575 5334 tutu,
604 5285 723 5324 cum
758 5285 923 5340 prope
953 5272 1141 5326 abesse
1170 5272 1433 5335 crederet,
1469 5263 1673 5326 nt’Gal-

125 5328 204 5386 lias
226 5328 508 5396 invaderet.

183 5406 200 5433 θ
225 5405 444 5464 Palladis
477 5411 818 5466 simulacrum
858 5411 976 5476 fuit,
1005 5413 1144 5482 quod
1183 5427 1247 5467 eo
1290 5422 1529 5482 tempore
1569 5426 1677 5481 quo

1847 4637 1888 4667 ‘°
1916 4633 2076 4688 Forte
2103 4631 2397 4686 inducenda
2433 4633 2547 4685 lucc
2581 4641 2844 4698 postrema
2881 4646 2980 4684 vox
3006 4632 3230 4686 attoniti.

1848 4708 1888 4738 “
1931 4704 2198 4760 Iulianum
2243 4702 2442 4755 laboris
2473 4701 2645 4755 bellici
2704 4702 3148 4770 patientissimum
3201 4701 3362 4760 fuisse

1777 4787 2039 4833 testantur
2067 4775 2183 4844 ejus
2217 4773 2339 4827 vita:
2367 4772 2657 4841 scriptorcs
2675 4810 2691 4834 ,
2729 4771 3096 4840 imprimisque
3124 4773 3362 4825 Ammia-

1775 4865 1894 4903 IIIIS.

1849 4920 1889 4949 ¹²
1921 4914 2263 4980 Infra,'num.
2289 4913 2358 4969 28
2380 4931 2392 4966 :
2417 4911 2559 4970 Illic,
2585 4911 2712 4977 proh
2741 4922 2918 4966 sancta
2945 4912 3220 4966 divinitas!
3237 4928 3363 4981 gau-

1775 4985 2010 5042 ﬂentibus
2038 4985 2263 5050 cunctis;
2291 4999 2390 5055 quo
2420 4985 2544 5038 ore?
2564 4999 2663 5052 qua
2693 4984 2851 5036 vace?
2871 4985 3068 5050 inquit;
3098 4999 3209 5047 ave,
3241 4998 3362 5034 con-

1773 5061 1854 5112 sul
1882 5059 2213 5125 amplissime.

1848 5129 1891 5160 ¹⁸
1921 5120 2078 5181 Forte
2101 5125 2297 5193 Quadis
2320 5133 2374 5178 ct
2397 5123 2696 5179 Saxonibus
2710 5120 3099 5191 quoanlianns
3125 5120 3365 5193 Chariet-

1780 5201 1918 5252 lonis
1946 5191 2220 5264 ριιίιιειίεηη
2255 5197 2541 5264 transfuga:
2566 5209 2724 5260 Opera
2756 5193 2944 5245 delevit
2967 5236 2980 5257 ,
3011 5204 3064 5246 et
3087 5208 3146 5247 ea
3165 5191 3363 5264 _t-nndi-

1782 5273 1925 5323 tione
1952 5259 2230 5335 adparent
2273 5259 2520 5327 admisit.
2555 5259 2614 5317 ut
2651 5279 2918 5332 nunquam
2950 5268 3130 5317 cuutta
3165 5259 3360 5315 Itoma-

1781 5355 1878 5393 nos
1899 5355 2047 5392 arma
2075 5338 2297 5393 ferrent.

1442 5498 2009 5557 lNTEIiPRETATIO.
2865 5513 2897 5550 ο

185 5576 207 5603 κ
239 5568 478 5627 Ruborem
503 5582 656 5627 et:st
681 5573 1013 5628 uerecundia.

189 5637 209 5673 ι’
233 5642 375 5696 Aetas
402 5645 455 5697 in
482 5660 662 5697 novum
693 5644 938 5711 furorem.

191 5717 209 5745 ε
247 5711 484 5767 l’ictcrem
509 5719 778 5768 exercitum
803 5717 1098 5786 traduxerat
1127 5728 1270 5769 trans
1297 5715 1543 5786 regiones,
1577 5715 1675 5784 [ln-

135 5781 237 5846 tm,
265 5799 446 5840 montes
473 5803 532 5840 ne
560 5797 699 5839 notos
731 5785 930 5853 quidem
950 5789 1013 5840 de
1042 5787 1259 5839 nomine.

1856 5568 1882 5606 ἀ
1912 5573 1986 5623 Ita
2017 5578 2069 5622 ut
2096 5567 2511 5638 defatigationem
2538 5563 2850 5638 sentireiwn
2879 5561 3151 5638 videretur.

1857 5651 1878 5676 ε
1912 5640 2036 5693 Cum
2067 5634 2223 5690 barba
2250 5634 2296 5690 et
2335 5637 2551 5704 capillus
2589 5636 2840 5705 equa/cret
2877 5635 3110 5702 pulvere,
3150 5639 3198 5685 et
3225 5634 3363 5687 ocali

1786 5711 1968 5765 ttrli'sti
1995 5713 2204 5779 ﬂamma
2230 5709 2495 5776 fulgerent.

1863 5781 1878 5818 ί
1917 5783 2089 5834 Aucta:
2115 5796 2252 5833 ones.
