3898 6442
95 370 180 423 M7

691 359 971 416 JULIAN‘O
1011 357 1330 414 AUGUSTO
1370 358 1773 414 GRATIARU.“
1810 357 2010 414 ACTIO
2050 357 2181 412 PRO
2218 357 2616 417 CONSULATU

3181 369 3284 424 ιιδ

94 480 252 546 cipias,
280 475 574 542 imperator,
599 473 682 540 qui
707 471 782 524 sic
811 471 1057 524 omnibus
1089 469 1349 538 largiaris.
1386 470 1490 526 Sed
1518 471 1607 539 qui
1639 477 1685 532 Λ
1717 481 1915 537 truces,
1940 470 2194 524 remissos
2224 471 2426 546 de~idia
2452 473 2764 541 reddiderit,
2791 490 3107 546 semperque
3137 479 3160 516 ιο
3193 494 3279 533 se-

94 585 115 621 ν
135 581 190 620 ta:
211 578 302 620 tua:
323 566 550 620 instituta
581 565 942 631 rationemque
964 564 1293 632 cognoverit,
1322 563 1476 617 facile
1499 563 1614 618 fon-

93 674 177 715 tem
201 659 349 726 copia:
380 656 534 724 hujus
563 654 813 710 inveniet.
843 654 1128 708 Maximum
1152 655 1244 708 tibi
1268 654 1465 723 prabet
1498 670 1615 724 par-

96 749 289 803 cimouia
318 756 430 812 tua,
464 746 700 814 Auguste
721 785 738 810 ,
765 745 988 814 vectigal
1020 760 1035 798 ε
1078 745 1330 814 quidquid
1366 745 1508 800 enim
1531 746 1616 799 alii

96 840 135 891 in
160 837 378 907 prodigas
411 835 728 902 cupiditates
757 835 1105 904 prodigebant
1125 874 1142 899 ,
1195 836 1247 888 id
1289 851 1450 891 omne
1478 851 1620 891 nunc

94 933 134 980 in
156 941 264 980 usus
288 926 520 994 publicos
550 934 878 979 reservatur.

148 1015 223 1069 XI.
252 1015 518 1082 llucusque
542 1013 689 1066 solus
719 1013 807 1070 hic
835 1015 1039 1068 fructus
1070 1013 1279 1083 imperii
1311 1016 1642 1084 ptttahatur,.

97 1117 140 1158 ut
163 1110 420 1173 imperator
455 1121 484 1156 a
525 1104 736 1158 caeteris
781 1103 986 1158 civibus
1024 1120 1128 1158 non
1169 1106 1396 1159 fortibus
1439 1108 1619 1164 lactis.

97 1211 173 1250 nec
198 1195 460 1263 Splendore
506 1194 725 1265 gloriae,
769 1195 862 1249 sed
903 1195 1264 1264 magnitudine
1317 1206 1621 1264 sumptuum

97 1297 450 1355 ‘scpararetur.
479 1286 609 1340 Inde
637 1285 763 1340 nihil
793 1287 1110 1340 necessai'ia:
1136 1289 1151 1316 ¹
1170 1287 1620 1342 substructionum

97 1381 137 1430 in
159 1376 333 1430 aedibus
368 1377 532 1430 moles
555 1417 569 1440 ,
602 1377 850 1446 ingentes
874 1377 1172 1430 aulicorum
1204 1387 1433 1431 caterva:
1461 1377 1625 1445 legio-

99 1486 196 1522 num
222 1479 468 1538 stnnptutu
503 1469 658 1523 facile
689 1470 994 1523 vincebant.
1027 1470 1164 1532 Quin
1191 1471 1350 1524 etiam
1385 1470 1626 1536 prandio-

97 1578 185 1614 rum
211 1571 258 1615 et
285 1575 548 1615 etenarutn
597 1561 864 1616 laboratas
906 1557 1297 1630 magnitudines
1347 1561 1622 1614 ltomanus

100 1651 280 1719 populus
320 1651 610 1714 sentiebat;
666 1667 788 1704 eum
821 1653 841 1681 ¹
881 1651 1270 1720 qttzesitissima:
1317 1652 1481 1719 dapes
1519 1666 1624 1705 non

97 1750 245 1810 gustu,
291 1741 377 1794 sed
435 1741 839 1795 difficultatibus
900 1742 1314 1804 :eslimarentur,
1372 1741 1623 1795 miracula

1721 562 1814 616 riis
1863 559 2271 631 imperatoribus
2305 564 2497 631 gratia,
2543 575 2566 602 ι
2595 566 2614 595 ⁸
2641 568 3013 620 communibus
3057 569 3287 624 defuerit

1721 652 2000 706 industria.
2026 651 2208 722 Neque
2237 654 2514 723 quisquam
2553 655 2654 708 sibi
2687 656 2946 709 molestus
2973 658 3041 709 ita
3065 672 3124 711 se
3155 659 3282 711 facio

1723 742 1826 796 lem
1877 741 2086 796 emteris
2125 743 2368 810 praebuit,
2415 753 2473 796 ut
2514 759 2617 797 non
2668 744 2735 798 ad
2777 761 2930 798 suum
2981 749 3284 816 exemplum

1721 834 1855 886 alios
1888 842 2184 888 coerceret.
2233 835 2424 890 Noster
2459 837 2748 903 imperator
2784 837 2913 890 nihil
2945 839 3046 892 sibi
3090 840 3285 903 νοιιιίω,

1723 923 1853 978 nihil
1879 924 2090 979 exteris
2111 925 2369 979 molestia:
2398 941 2460 981 ac
2497 927 2692 980 laboris
2721 928 3050 996 impartiens,
3075 946 3173 984 suo
3196 949 3287 986 ne-

1721 1015 1866 1084 gotio
1903 1014 2150 1068 omnibus
2180 1015 2347 1068 otium
2391 1026 2630 1082 prmstat,
2658 1013 2685 1051 ἀ
2714 1017 3016 1072 divitiarum
3047 1021 3287 1090 largitor,

1724 1122 1972 1161 curarum
2017 1121 2231 1172 avarus,
2283 1107 2697 1161 laboriosissima
2747 1110 3076 1178 negotiorum
3119 1127 3286 1180 praeo-

1725 1208 1879 1267 ptans
1905 1198 2019 1265 ipse
2043 1212 2201 1267 agere
2226 1213 2380 1266 quam
2402 1199 2522 1252 aliis
2547 1201 2808 1269 imperare

1797 1293 1930 1346 XIII.
1964 1290 2110 1345 Multi
2142 1301 2259 1358 post
2288 1303 2505 1345 exactos
2537 1306 2690 1359 reges
2719 1303 2740 1329 ε
2771 1294 3048 1360 imperium
3081 1309 3288 1348 univer-

1726 1400 1799 1437 sa:
1840 1381 2144 1451 reipublicae
2191 1381 2488 1434 solitarium
2539 1384 2838 1448 cupierunt.
2880 1384 3010 1437 Nota
3051 1394 3173 1438 sunt
3211 1401 3289 1438 re-

1726 1471 2070 1527 cordantibus
2107 1470 2321 1526 nomina
2371 1487 2553 1524 eorum
2586 1471 2828 1524 videlicet
2853 1473 2942 1540 qui
2986 1474 3035 1525 in
3084 1474 3292 1540 propria

1729 1563 1997 1627 furentes,
2044 1562 2066 1592 ⁸
2099 1561 2328 1616 alTectati
2385 1563 2530 1630 regni
2590 1563 2850 1631 supplicia
2906 1565 3292 1630 pependerunt.

1729 1657 1881 1734 Mitto
1899 1665 2108 1712 veteres
2137 1657 2228 1726 qui
2257 1671 2386 1710 saxo
2416 1656 2714 1726 przccipites
2739 1657 2870 1717 dati,
2901 1672 3128 1724 quorum
3159 1659 3294 1712 bona

1731 1747 2018 1816 publicata.
2051 1748 2072 1777 ⁷
2098 1746 2288 1800 domus
2339 1757 2526 1815 erutas,
2577 1747 2854 1802 interdicta
2897 1749 3123 1816 posteris
3151 1750 3173 1779 ⁸
3196 1764 3294 1802 no-

99 1833 258 1894 "illi".
276 1832 534 1901 longinqui
563 1834 731 1887 maris
752 1834 949 1901 Pisces.
977 1834 1133 1886 alicui
1162 1833 1416 1901 temporis
1446 1849 1620 1902 poma,
1661 1847 1704 1904 ιι
1732 1840 1905 1904 mina;
1936 1854 2040 1892 non
2070 1852 2266 1907 paucos
2297 1837 2598 1904 hujusmodi
2627 1838 2807 1891 furore
2831 1838 3088 1891 vecordes
3114 1846 3168 1892 et
3204 1855 3296 1891 tto-

100 1924 298 1978 ‘testiva:
315 1924 479 1989 nives,
505 1924 745 1978 hiberna:
773 1940 927 1979 rosze.
949 1925 1073 1979 llzee
1093 1935 1281 1978 cuncta
1307 1926 1516 1979 animus
1539 1940 1630 1978 vo-

99 2017 308 2083 luptatum
335 2018 568 2070 omnium
599 2016 772 2070 victor
792 2016 1006 2084 abjecit.
1037 2017 1220 2084 Neque
1243 2017 1384 2070 enim
1412 2030 1628 2085 compa-

99 2109 243 2162 randa:
267 2117 383 2163 sunt
418 2109 698 2178 picturatze
729 2121 1053 2161 marmorum
1094 2119 1316 2170 crusm,
1363 2116 1420 2161 et
1459 2107 1630 2182 solido

98 2215 202 2253 auro
227 2210 349 2254 tccta
382 2201 684 2270 laquearia,
727 2203 817 2268 qtti
865 2201 1121 2269 majorem
1161 2195 1288 2253 anni
1334 2209 1538 2269 partem
1572 2199 1625 2252 in

99 2289 205 2343 nuda
245 2289 392 2344 humo
433 2290 625 2355 cubet,
673 2299 728 2344 et
771 2290 909 2344 cmln
954 2300 1158 2344 tantum
1189 2299 1424 2358 tegatur;
1460 2305 1631 2359 neque

100 2381 233 2434 turba:
258 2380 609 2434 institutorum
635 2381 700 2433 ad
733 2380 951 2434 delicias
978 2381 1377 2452 ministrorum,
1405 2378 1492 2432 cui
1523 2388 1628 2432 tam

105 2485 234 2536 pauca
270 2472 369 2525 sint
408 2471 799 2532 ministrando;
845 2487 1015 2540 neque
1050 2479 1259 2540 tempus
1285 2471 1551 2540 cpulatttm
1582 2472 1629 2525 ei

100 2563 168 2630 qui
190 2565 360 2632 sapius
387 2568 673 2618 statarltun
715 2564 994 2632 prandium
1032 2565 1098 2617 ad
1129 2565 1504 2618 necessitatem
1534 2565 1632 2617 htt-

100 2653 210 2705 niani
243 2655 475 2722 corporis.
501 2656 717 2722 capiat,
761 2652 999 2722 gaudens
1039 2653 1296 2706 castrensi
1339 2653 1490 2718 cibo,
1533 2652 1632 2707 mi-

99 2744 228 2795 nistro
250 2744 391 2799 obvio
419 2755 471 2799 et
504 2745 700 2813 poculo
726 2749 746 2772 ⁸
776 2745 1009 2798 fortuito.

153 2831 247 2887 XII.
271 2833 364 2888 Sed
399 2835 532 2888 inter
578 2833 690 2886 h.cc
727 2833 905 2886 mirari
945 2833 1072 2885 satis
1112 2847 1316 2901 nequeo
1342 2830 1484 2899 quod
1519 2839 1624 2883 tam

101 2936 246 2977 severe
282 2938 456 2992 parcus
510 2925 571 2978 iii
625 2933 824 2987 semet,
874 2923 926 2976 in
976 2925 1118 2975 cives
1165 2936 1292 2976 suns
1342 2932 1446 2974 tam
1497 2921 1630 2974 lihe-

102 3013 199 3065 ralis
234 3025 306 3068 est
339 3030 397 3068 ac
443 3015 734 3077 remis~us;
784 3014 1022 3067 laborum
1065 3014 1355 3082 asperrima
1399 3012 1498 3094 sibi
1535 3027 1624 3067 su-

104 3119 239 3170 mens,
267 3119 316 3159 ιιι
344 3123 431 3162 nos
461 3107 662 3176 quietis
693 3107 852 3160 rebus
877 3108 1162 3174 agitemus,
1189 3121 1309 3158 cum
1343 3105 1391 3157 id
1416 3119 1511 3158 usu
1536 3120 1628 3159 ve-

1731 1939 1841 1982 stra
1873 1936 2004 1981 tetas
2035 1927 2173 1991 tulit,
2203 1927 2292 1994 qui
2325 1935 2541 1995 propter
2583 1940 2778 1978 czecam
2811 1925 3104 1994 imperandi
3148 1927 3297 1994 cupi-

1730 2021 1910 2074 dinem
1941 2021 1991 2072 in
2024 2018 2219 2072 ferrum
2263 2024 2502 2069 ruerunt.
2537 2016 2590 2069 Si
2630 2017 2727 2067 hos
2755 2014 2889 2067 deus
2923 2015 3188 2082 pauliSper
3223 2017 3298 2066 vi-

1734 2123 1800 2165 ta:
1854 2109 2093 2164 redditos
2144 2107 2478 2175 alloqtiatur;
2531 2105 2684 2169 heus,
2732 2105 2880 2158 verbi
2933 2104 3298 2173 gratia,’Nc.

1734 2203 1949 2271 potiane
1997 2211 2157 2268 atque
2201 2197 2241 2228 ‘°
2284 2197 2554 2266 Sylvane,
2625 2211 2718 2264 per
2782 2197 3001 2249 inlestos
3053 2195 3300 2264 gladios,

1733 2300 2132 2362 praesentesque
2174 2296 2377 2343 mortes
2418 2287 2699 2357 imperium
2733 2286 3021 2354 petivistis.
3070 2288 3138 2339 At
3167 2302 3302 2339 nunc

1734 2384 1873 2437 ultro
1900 2382 2050 2436 vobis
2083 2389 2317 2448 potestas
2349 2377 2602 2444 regnandi
2641 2377 2816 2440 datur,
2867 2389 2923 2429 ut
2965 2392 3051 2441 ea,
3080 2392 3182 2446 qua
3213 2377 3302 2429 .In-

1736 2475 1930 2538 lianus,
1951 2471 2270 2540 ,conditione
2300 2470 2554 2539 regnetis,
2583 2478 2638 2521 ut
2666 2483 2761 2538 pro
2799 2467 3038 2520 onninm
3081 2467 3192 2519 otio
3219 2467 3303 2520 die

1735 2576 2002 2636 noctuque
2021 2567 2277 2635 .v'giletis,
2310 2578 2360 2620 et
2384 2583 2505 2620 cum
2529 2567 2729 2620 domini
2755 2566 3040 2626 vocemini,
3076 2566 3303 2617 ltltt'rlati

1732 2658 1926 2711 civium
1973 2658 2240 2722 serviatis,
2297 2657 2494 2728 smpius
2539 2657 2781 2726 praelium
2825 2670 2982 2725 quam
3028 2654 3304 2723 prandium

1731 2749 2042 2816 capessatis,
2075 2748 2202 2801 nihil
2225 2750 2472 2817 cuiquam
2504 2745 2776 2806 auferatis,
2805 2758 2860 2799 et
2889 2749 3029 2798 ultro
3057 2744 3305 2797 omnibus

1734 2838 2052 2908 largiamini,
2084 2840 2215 2893 nulli
2244 2837 2634 2908 gratificemini.
2665 2839 2718 2890 in
2749 2835 3014 2890 neminem
3043 2835 3303 2898 szeviatis;

1733 2939 1844 2984 toto
1871 2929 1924 2982 in
1963 2930 2094 2984 orbe
2120 2940 2378 2984 terrarum
2418 2929 2612 2984 nullius
2641 2928 2858 2998 virginis
2889 2928 3025 2982 fama
3059 2929 3304 2990 violetur,

1731 3022 1800 3074 sit
1828 3021 2050 3075 lectulus
2077 3022 2240 3075 etiam
2277 3022 2391 3074 sine
2417 3021 2709 3081 concessis,
2735 3020 2774 3048 “
2802 3019 2896 3073 sed
2936 3018 3183 3087 legitims
3212 3032 3307 3070 vo-

1735 3112 2022 3181 luptatibus
2054 3129 2066 3164 :
2101 3113 2143 3143 ¹²
2179 3111 2468 3183 Vestalium
2509 3111 2640 3164 toris
2690 3110 2902 3179 purior;
2938 3120 3144 3180 testate
3179 3109 3306 3161 Ala-

106 3195 194 3248 nire
217 3197 705 3262 animadvertamus,
735 3207 788 3250 ut
820 3197 907 3266 qui
930 3204 1187 3249 remotam
1218 3211 1246 3247 a
1271 3195 1627 3264 Voluptatibus

1742 3204 2034 3257 mannicum
2067 3205 2377 3272 pulverem,
2423 3203 2601 3257 hieme
2633 3202 2872 3270 pruinam
2903 3202 3142 3254 Thracia:
3174 3201 3309 3252 inte-

105 3286 232 3340 vitam
256 3300 528 3358 sequantur
563 3289 812 3364 difﬁciles
838 3297 891 3342 et
926 3287 1123 3340 morosi
1151 3286 1280 3352 sint,
1311 3287 1408 3340 sibi
1442 3302 1625 3354 parum

107 3381 207 3445 lacti,
255 3384 334 3437 sed
385 3385 501 3438 aliis
549 3382 840 3445 tristiores,
895 3390 1116 3434 maestas
1159 3389 1317 3447 atque
1371 3379 1630 3432 sollicitas

107 3470 231 3523 etiam
260 3473 476 3542 privatas
517 3475 716 3527 domos
747 3471 959 3523 faciant.
1008 3470 1078 3523 At
1127 3469 1494 3522 sanctissimus
1533 3471 1631 3523 itit-

108 3572 276 3622 perator
311 3563 541 3632 impense
575 3561 756 3616 studet
783 3569 840 3613 ut
871 3575 969 3614 nos
1007 3573 1103 3629 pro
1133 3558 1390 3627 digni'ale
1426 3559 1630 3614 habite-

109 3664 213 3715 mns,
235 3664 282 3706 ut
301 3655 594 3708 commodis
623 3654 928 3714 afﬂuamus,
959 3659 1016 3703 ut
1045 3659 1245 3704 castam
1274 3649 1510 3718 quidem,
1537 3651 1631 3704 sed

109 3740 286 3798 hilarem
313 3734 562 3800 ducamus
601 3753 844 3806 :etatem;
872 3757 991 3796 cum
1021 3743 1159 3795 alios
1187 3742 1452 3810 principes
1485 3743 1634 3796 labor

163 3864 175 3892 '
203 3863 463 3932 lugentium
483 3861 1084 3920 aedificiorumﬂ'ullius
1105 3875 1198 3932 pro
1217 3859 1596 3932 Mil.uum._55
1621 3877 1633 3912 :

112 3932 197 3996 Quo
219 3929 270 3986 iii
288 3936 434 4005 fundo
458 3943 667 4005 praplet'
687 3934 897 3986 insanos
925 3933 1039 3984 illas
1070 3931 1357 4005 substrinti-
1378 3929 1639 4005 ttesfucde

111 4005 216 4056 inille
238 3999 474 4059 hominum
497 3999 814 4058 versabatur.
846 4006 908 4054 lat
931 4018 1078 4054 nunt.
1106 4002 1138 4053 8
1156 4020 1174 4050 )
1199 4015 1212 4051 :
1243 3999 1358 4051 Ara:
1379 4002 1500 4061 quas
1521 3999 1639 4050 sub-

112 4079 388 4128 structionum
409 4077 608 4128 insanis
634 4073 852 4125 molibus
875 4081 1213 4141 Oppresserat.

165 4146 180 4172 ²
205 4146 417 4199 Similem
447 4148 628 4200 locum
654 4145 816 4196 habet
845 4138 1070 4196 Pacatns
1096 4157 1239 4194 nunt.
1271 4141 1336 4193 l3
1365 4147 1410 4190 et
1435 4138 1521 4203 II,
1548 4138 1636 4192 ubi

115 4211 395 4285 pluravideri
419 4223 644 4285 possunt
663 4213 727 4268 de
746 4213 1216 4285 lloinatioruntlux
1230 4227 1259 4262 ιι
1282 4211 1332 4262 in
1358 4209 1636 4285 convivns.

168 4282 184 4312 ³
206 4283 260 4338 Ut
288 4287 332 4338 in
361 4279 432 4340 Lf
450 4285 576 4340 Veri
605 4283 940 4352 imperatoris
967 4282 1218 4336 convivio
1244 4279 1529 4344 contigisse
1562 4280 1637 4332 ait

116 4352 412 4419 Capitolinus.

168 4418 185 4451 ⁸
208 4423 302 4476 Nec
335 4428 598 4494 fortuitum
625 4439 858 4490 spernere
888 4425 1125 4490 cespitem
1147 4423 1276 4489 leges
1301 4420 1554 4483 sinebant,
1572 4418 1637 4493 .id

115 4505 176 4542 est
209 4495 420 4550 obvinttt.
468 4496 667 4550 Juliani
713 4495 1087 4547 abstinentiam
1132 4503 1185 4544 et
1231 4494 1636 4559 temperantiam

117 4563 297 4618 iniriltce
317 4569 525 4620 laudant
552 4566 711 4619 etiam
736 4564 824 4633 qni
853 4575 1048 4618 eazlera
1077 4563 1189 4631 ejus
1221 4561 1345 4613 vitia
1377 4564 1638 4614 acerrime

117 4644 316 4688 mttunt.

170 4646 454 4759 Ipiligidalius
477 4705 607 4771 legit
632 4705 874 4758 cantibus.
901 4703 1172 4756 Utrnmvis
1191 4701 1346 4768 elige.

174 4773 389 4828 ‘Alludit
429 4778 492 4828 ad
536 4769 591 4827 id
637 4775 775 4842 quod
807 4775 872 4828 de
902 4773 1095 4842 Manlio
1137 4772 1438 4840 Capnolino
1469 4769 1635 4825 refert

121 4837 260 4913 Livius
285 4847 369 4902 lib.
394 4863 464 4910 νι,
492 4861 610 4913 cap.
636 4837 726 4911 ΞΟ,
751 4846 838 4912 qui
867 4841 1097 4913 affectati
1123 4837 1330 4909 imperii
1357 4843 1636 4913 damnatus

120 4911 170 4962 de
205 4919 315 4966 Salo
356 4911 582 4986 Tarpeio
627 4916 678 4968 in
726 4911 960 4984 praeceps
995 4912 1235 4981 dejecttts
1279 4923 1380 4986 est.
1420 4911 1640 4986 Insuper

121 4995 267 5055 e_\'t_:tsa
293 4987 402 5055 ejus
440 4981 650 5052 donius,
683 4981 859 5038 addita
887 4986 1016 5055 lege
1049 4994 1102 5055 ut
1137 4997 1203 5055 ne
1240 4984 1358 5055 quis
1390 4981 1639 5055 patricius

121 5050 334 5122 deinceps
365 5060 415 5110 in
445 5071 588 5122 arce,
637 5050 730 5108 aut
770 5056 821 5108 in
863 5050 1126 5122 Capitolio
1176 5052 1456 5106 habitaret.
1509 5050 1638 5122 Item

122 5121 479 5192 gentisManlize
495 5126 712 5180 decreto
736 5121 955 5179 cautum
977 5134 1057 5178 est
1095 5140 1162 5178 ne
1198 5123 1316 5192 quis
1340 5122 1533 5176 deinde
1565 5121 1634 5174 Μ.

125 5189 304 5248 llanlins
325 5207 614 5251 vocaretur.

177 5262 330 5334 llaege
357 5268 558 5334 diruta,
584 5279 640 5319 ut
667 5265 880 5320 Juretus
901 5264 1219 5332 suspicatur.

175 5329 376 5405 {Phlius
400 5329 718 5405 praenomina
744 5353 757 5388 :
789 5351 910 5388 nam
938 5329 1089 5388 abeo
1115 5343 1353 5405 tempore
1382 5329 1637 5405 esstilere

124 5401 190 5466 (ιιιί
204 5402 358 5461 Manlii
374 5401 694 5470 dicerentur,
717 5421 871 5461 nemo
886 5406 1041 5475 plane
1051 5403 1142 5473 qui
1159 5404 1366 5458 Marcus
1389 5401 1632 5456 Manlus.

1666 4680 1716 4739 D

1735 3293 1833 3346 ctis
1871 3293 2156 3348 verticibus
2204 3294 2503 3363 perferatis.
2558 3293 2803 3348 l'rofecto
2832 3293 3115 3347 verborum
3165 3291 3310 3358 ipso-

1734 3399 1850 3438 rum
1895 3383 2194 3438 molestiam
2239 3385 2480 3459 delicatte
2518 3399 2676 3437 aures
2725 3399 2828 3436 non
2862 3390 3109 3452 poterunt
3149 3380 3311 3434 susti-

1737 3489 1882 3537 nere,
1914 3475 2074 3528 tantis
2097 3475 2321 3543 negotiis
2349 3477 2540 3538 territi,
2568 3491 2672 3528 non
2704 3473 2862 3527 modo
2892 3471 3192 3542 imperium,
3216 3470 3311 3524 sed

1735 3565 1892 3620 etiam
1921 3567 2080 3619 vitam
2111 3566 2308 3634 perosi,
2350 3567 2414 3620 ad
2448 3565 2728 3620 inferiores
2769 3565 2975 3633 aliquos
3006 3565 3204 3616 inferos
3235 3577 3312 3614 re-

1735 3656 1850 3709 dire
1894 3657 2270 3725 properabunt.
2318 3655 2581 3710 Videbunt
2615 3657 2756 3710 enim
2795 3655 2997 3723 justum
3050 3651 3312 3722 principa-

1739 3757 1846 3800 tum
1890 3747 2183 3816 lahoribus,
2233 3749 2396 3812 curis,
2443 3748 2638 3817 vigiliis
2679 3747 2968 3816 inquietum
2998 3763 3008 3796 :
3043 3745 3198 3812 cujus
3238 3741 3312 3794 illi

1812 3869 1832 3899 ⁹
1863 3866 1914 3920 Is
1956 3881 2018 3920 es
2069 3865 2300 3919 Tristani
2349 3863 2671 3918 numismate
2728 3861 2938 3916 Flavius
2989 3859 3314 3925 Nepotianus

1742 3936 2137 3990 Constantinus.
2182 3936 2258 3989 Ex
2279 3936 2487 3989 Goltzto
2516 3948 2641 3988 vero
2659 3942 2714 3986 et
2742 3933 2951 3987 Occone
2978 3930 3189 3983 Flavius
3214 3928 3314 3981 Ρη·-

1747 4007 1902 4074 pilius
1945 4007 2286 4071 Nepotianus.
2341 4004 2414 4056 Ex
2469 4003 2718 4072 Eutropia
2765 3999 3094 4074 Constantini
3141 3999 3308 4066 Magni

1745 4070 1951 4138 Sorore,
1997 4070 2050 4128 et
2098 4077 2305 4142 I’opilo
2335 4070 2648 4137 Nepotiano'
2671 4074 2786 4126 viro
2830 4070 3307 4142 consularinatus:

1743 4147 1833 4215 qui
1861 4137 1980 4199 cum
2009 4159 2152 4199 caeso
2175 4137 2455 4214 Magnentii
2483 4145 2716 4196 exercitu
2745 4142 2938 4215 urbem
2964 4137 3192 4215 simulet
3214 4137 3311 4189 int-

1747 4208 1952 4285 perium
1983 4208 2283 4280 invasisset;
2319 4215 2430 4282 ipse
2459 4215 2688 4266 vicissim
2719 4227 2748 4265 a
2793 4209 3058 4265 Maxentio
3079 4208 3309 4269 deletus,

1745 4302 2023 4353 czesnsque
2048 4297 2150 4338 est.

1819 4357 1860 4386 ¹⁰
1891 4346 2155 4426 Svlvanus
2194 4355 2245 4408 in
2276 4353 2459 4406 Galliis
2487 4361 2658 4426 ortus,
2682 4346 3181 4426 _Bi_ni_tidcujusdam
3220 4360 3312 4398 na-

1746 4427 1888 4480 tione
1914 4422 2120 4488 Franci,
2148 4425 2376 4478 hominis
2403 4426 2541 4476 bello
2562 4422 2846 4495 claiiSsimi
2869 4423 3046 4495 titius;
3073 4433 3161 4485 qm
3181 4431 3312 4495 ⁸ριιιιι

1743 4511 1772 4548 a
1819 4497 1911 4549 rch
1951 4498 2002 4549 lli
2050 4497 2348 4563 Magnentio
2397 4493 2768 4560 transfugisset
2815 4491 2881 4563 ad
2915 4490 3310 4563 Constantium,

1744 4567 1968 4635 ideoque
1997 4556 2229 4634 pedestri
2256 4564 2564 4630 magisterio
2602 4556 2830 4635 donatus
2861 4560 3074 4635 fuisset,
3100 4556 3313 4635 tandem

1745 4627 2029 4705 purpuram
2061 4643 2291 4699 sumpsit
2311 4627 2547 4689 Coloniae
2574 4633 2900 4707 Agrippinae.
2927 4627 3078 4707 Quod
3107 4629 3224 4707 fecit
3249 4641 3313 4707 enx

1745 4698 2063 4761 necessitate
2093 4698 2265 4774 potius
2285 4721 2443 4774 quain
2467 4720 2530 4758 ex
2559 4698 2852 4772 tyrannidis
2880 4698 3174 4774 cupiditate
3200 4713 3212 4747 :

1744 4776 1924 4830 fectai
1968 4767 2108 4830 enini
2154 4767 2360 4846 imperii
2407 4767 2686 4840 suspectus
2717 4771 2893 4847 _mo_rti
2935 4785 2964 4820 a
3002 4767 3317 4847 constantia

1745 4847 2138 4908 destinabatur;
2162 4835 2319 4914 ιιιιέιιιι
2351 4835 2524 4898 tamen
2549 4858 2652 4894 non
2677 4841 2880 4908 effugit,
2907 4854 3026 4890 nam
3055 4835 3314 4914 ineadem

1749 4919 1879 4970 urbe
1900 4933 1926 4968 a
1957 4905 2351 4970 Constantianus
2375 4928 2658 4984 oppressus
2684 4905 3085 4966 csthminian.
3117 4905 3206 4958 lib.
3243 4919 3312 4964 iv,

1749 4991 1788 5040 A
1801 5025 1814 5036 .
1850 4985 2046 5041 Victor.

1821 5059 1858 5088 “
1891 5060 1988 5110 ΛΜ
2019 5060 2218 5128 legunt,
2248 5071 2293 5112 et
2323 5055 2582 5128 legititttt't-
2732 5121 2742 5128 _
2981 5127 2986 5128 ί
3036 5071 3057 5126 ί
3184 5114 3193 5123 .
3275 5112 3286 5122 .

1819 5130 1860 5158 ³³
1889 5121 2126 5183 νε-ιειιῦε
2151 5121 2382 5197 virgines
2405 5125 2575 5178 Vesue
2607 5121 2777 5197 sacris
2795 5121 3317 5197 perpetuiqueignis

1746 5199 2004 5251 custodia:
2041 5186 2260 5263 dictum:
2302 5214 2331 5250 a
2383 5197 2548 5250 Numa
2604 5186 2864 5263 Pomplio
2895 5189 3119 5256 primum
3167 5186 3318 5235 insti-
3393 5207 3396 5210 ~

1747 5278 1894 5322 tutze.
1921 5270 2073 5323 Ovid.
2101 5262 2344 5323 'l'ristiunt
2391 5269 2478 5321 lib.
2508 5281 2577 5328 tv,
2612 5263 2681 5315 cl.
2715 5262 2770 5314 2.
2803 5263 2996 5352 Quin...

2898 5339 2924 5383 1:
2942 5350 2964 5381 3
3016 5376 3024 5382 .

2081 5407 2326 5471 Perpetua
2350 5416 2546 5456 servant
2571 5402 2845 5462 virginitate
2869 5339 3038 5445 iui-33m

1399 5487 1968 5545 INTERI’IIETATIO.

179 5590 198 5614 ³
225 5581 465 5648 lli/Terret.

179 5647 199 5684 δ
227 5647 314 5727 ραι
339 5672 469 5727 (egre
490 5659 569 5711 sui
597 5658 795 5727 capiant
820 5657 1038 5726 faciunt.

183 5729 199 5793 ξ
231 5721 554 5793 Ρυριιιὶινιὺιιδ
567 5766 579 5778 .

180 5787 201 5823 ά
229 5787 348 5862 Opes
381 5799 465 5852 dat
499 5800 640 5866 larga
685 5815 862 5864 manu,
898 5795 1292 5850 sollic'luilinem
1319 5806 1444 5881 vero
1477 5807 1644 5858 parre,

1754 5581 1890 5648 quod
1925 5579 2278 5649 diﬂicillimum
2307 5585 2378 5632 est
2410 5575 2595 5629 mavult
2629 5575 2734 5640 ipse
2773 5571 2998 5639 exsequi,
3033 5585 3186 5639 quam
3208 5568 3323 5620 aliis

1750 5652 2026 5719 prmcipere
2054 5651 2448 5717 exsequendum.

1824 5731 1845 5756 ο
1877 5717 2051 5774 Totam
2081 5720 2441 5788 rentpublica‘n
2467 5717 2559 5769 soii
2589 5730 2760 5784 regere
2790 5720 3147 5783 pet-optarunt.
