3898 6450
583 397 682 450 H9

1947 363 2414 436 inuenimus.

3683 383 3754 436 ιξο

577 509 764 561 facient
787 518 1051 559 arumnam
1080 513 1134 557 et
1154 500 1435 555 amabilem
1458 496 1881 565 contemplantes
1909 493 2153 548 laborant
2188 499 2234 555 Α
2268 495 2578 562 imperator,
2603 492 2646 546 si
2679 501 2880 546 tantum
2908 491 3122 558 amasti,
3145 500 3204 546 ut
3226 505 3310 546 me
3334 489 3582 545 consulenti
3611 492 3755 546 laceres

578 610 767 665 aSpera
801 608 904 647 non
931 591 1204 646 videbant.

651 686 786 740 XIV.
817 685 952 740 Cum
981 685 1140 752 igitur
1167 683 1304 736 inter
1325 679 1534 749 egregia
1565 678 1776 747 negotia
1810 674 2004 732 iliner’e
2028 690 2159 730 con-

579 781 716 834 fecto
761 791 927 845 usque
958 776 1024 829 ad
1053 773 1294 828 Tltracize
1327 772 1460 825 lines
1502 777 1813 836 perventum
1846 768 2008 829 foret,
2039 780 2155 820 cur-

575 871 677 923 sim
705 867 963 938 disposito
989 865 1256 919 eaerritus
1283 869 1608 925 commeatu,
1639 859 1704 913 ad
1739 858 2032 911 Romanam
2063 872 2154 908 nr-

574 958 721 1021 bem,
761 971 986 1009 annuum
1031 967 1275 1016 Vat-uani,
1320 965 1550 1005 mentem
1598 950 1826 1003 reﬂexit.
1857 945 2158 1014 Quemlibet

573 1047 737 1100 alium
765 1063 794 1098 ει
823 1043 1178 1099 subveniendi
1209 1042 1488 1097 conatibus
1532 1039 1845 1106 gravissima
1884 1035 2073 1100 funes,
2101 1043 2159 1089 et

575 1136 937 1191 tristissimum
977 1134 1285 1203 reipublicae
1317 1133 1609 1200 periculum
1641 1128 2012 1183 deterruisset.
2041 1127 2147 1181 Sed

575 1225 858 1296 stipendiis
883 1225 1301 1294 provinciarum,
1333 1231 1388 1274 ct
1417 1219 1718 1290 patrimonii
1758 1219 1837 1272 sui
1871 1217 2150 1281 fructibus,

576 1331 687 1372 tum
728 1317 957 1384 undique
997 1316 1274 1368 frumentis
1311 1313 1570 1379 coemptis
1617 1327 1786 1380 usque
1829 1310 1895 1363 ad
1930 1308 2152 1378 opulen-

574 1410 701 1461 tiam
737 1407 1221 1476 ahnudantiamque
1261 1405 1584 1459 esurientem
1609 1401 1717 1470 jam
1759 1400 1953 1456 Urbem
1987 1403 2153 1455 reler-

572 1484 674 1552 sit.~
714 1498 859 1552 Dicet
897 1499 1110 1568 aliquid,
1162 1495 1431 1565 quomodo
1483 1504 1589 1548 lam
1636 1495 1798 1546 multa
1853 1503 1958 1546 tant
2003 1493 2149 1547 brevi

572 1587 850 1655 tempore?
891 1586 955 1640 Et
994 1595 1159 1640 recte.
1203 1585 1306 1639 Sed
1338 1585 1628 1653 imperator
1674 1593 1856 1636 noster
1892 1581 2038 1636 addit
2081 1581 2148 1637 ad

574 1688 785 1746 tempus
823 1675 967 1746 quod
1005 1676 1113 1729 otia
1153 1691 1250 1728 suo
1291 1675 1548 1729 detrahit.
1589 1673 1729 1728 Nihil
1760 1688 1973 1737 somno,
2016 1671 2149 1728 nihil

569 1769 764 1837 epulis,
821 1768 950 1822 nihil
991 1769 1102 1821 otio
1147 1766 1353 1834 tribuit,
1389 1777 1414 1802 ι·
1443 1767 1554 1832 ipsa
1599 1782 1659 1820 se
1691 1765 2010 1819 naturalium
2053 1780 2142 1820 ne-

2266 586 2426 640 etiam
2461 600 2567 638 non
2600 595 2918 639 merentem.
2948 583 3054 638 Nec
3088 584 3276 653 ignoro
3319 581 3560 634 maximos
3587 580 3757 637 honores

2261 677 2326 731 ad
2361 693 2544 746 parum
2587 677 2778 745 dignus
2814 678 3033 743 penuria
3066 675 3346 729 meliorum
3391 673 3553 728 solere
3589 672 3754 736 deferri.

2260 767 2356 821 sed
2402 781 2506 820 non
2542 781 2732 820 vereor
2762 781 2830 820 ne
2873 766 2994 833 quis
3038 765 3416 818 malevolorum
3457 762 3505 816 in
3547 763 3756 816 consulatu

2261 871 2382 910 meo
2402 857 2454 909 id
2484 866 2725 909 autumet
2741 855 3024 910 accidisse.
3048 854 3106 910 Si
3137 855 3256 924 quis
3287 854 3387 908 hoc
3405 853 3754 920 lividnsjactim,

2261 948 2312 1015 ip
2329 964 2376 1000 .o
2409 958 2649 1016 tempore
2672 948 2930 1001 refutatur
2947 987 2963 1011 ,
3006 948 3267 1000 adversus
3294 959 3448 1014 quem
3475 943 3650 997 dixisse
3664 945 3756 996 satis

2257 1045 2364 1102 est,
2391 1037 2503 1107 jam
2555 1048 2662 1093 tum
2712 1038 2938 1106 principi
2979 1048 3166 1091 nostro
3211 1039 3376 1091 Itonia
3416 1039 3629 1104 parebat.
3662 1036 3756 1102 Quid

2257 1129 2398 1197 quod
2427 1129 2556 1182 mhil
2588 1129 2825 1198 speranti
2846 1127 2973 1183 tttilti
3005 1127 3072 1182 de
3094 1129 3312 1181 bonuris
3333 1133 3615 1196 augmento,
3635 1141 3757 1190 neque

2256 1220 2397 1274 cnim
2429 1221 2564 1272 ultra
2595 1219 2970 1288 pra-lectttram
3000 1233 3059 1272 se
3091 1229 3336 1271 Votorum
3369 1231 3589 1271 meorum
3625 1215 3757 1268 mode-

2255 1313 2358 1365 stia
2393 1311 2717 1380 porrigebat,
2744 1309 3028 1377 pra-fertur
3045 1311 3262 1363 nuntius
3283 1309 3546 1362 consulem
3565 1323 3636 1360 tne
3652 1321 3757 1358 crea-

2261 1413 2372 1456 tum
2401 1401 2519 1456 sine
2549 1400 2850 1469 impendio,
2880 1400 3022 1467 quod
3051 1402 3160 1466 jam
3184 1400 3275 1453 ditt
3302 1400 3510 1465 paucis;
3537 1400 3635 1451 sine
3655 1398 3757 1448 labo-

2256 1508 2333 1555 re.
2366 1493 2506 1563 quod
2533 1508 2801 1561 nttnqnam
2829 1508 2844 1555 ;
2873 1493 2990 1565 sine
3021 1492 3298 1560 petitione,
3329 1490 3466 1559 quod
3497 1487 3700 1542 nemini?

2328 1585 2460 1639 XVI.
2489 1586 2619 1650 Quis
2643 1585 2844 1654 ignorat
2880 1595 2988 1636 tum
3015 1598 3227 1652 quoque
3246 1597 3368 1636 cum
3393 1583 3608 1636 honores
3630 1578 3756 1648 populi

2255 1677 2480 1732 Romani
2511 1675 2778 1744 sullragiis
2810 1673 3203 1728 mandabantur
3229 1673 3428 1726 multos
3457 1672 3603 1725 fuisse
3627 1670 3758 1724 catuli-

2253 1769 2496 1821 datorum
2549 1767 2799 1821 labores?
2852 1765 3150 1820 Ediscenda
3188 1767 3427 1818 omnium
3474 1764 3659 1817 nomina
3695 1762 3760 1814 tri-

571 1864 1037 1928 cessariarumque
1079 1873 1255 1912 rerum
1289 1857 1633 1926 usurpatione
1675 1858 1970 1917 defmndat,
2003 1865 2144 1911 totus
2177 1863 2224 1922 Β
2252 1861 2433 1927 boum,
2465 1861 2486 1892 ⁸
2513 1861 2781 1925 homines,
2815 1872 2977 1930 atque
2999 1861 3158 1914 etiam
3180 1859 3372 1928 singuli
3400 1856 3656 1914 salutandi,
3681 1869 3758 1922 prc-

567 1948 868 2001 connnodis
899 1948 1122 2015 publicis
1153 1957 1317 2001 vacat.
1349 1947 1528 2016 Itaque
1548 1947 1890 2016 grandzevum
1909 1946 2019 2014 jam
2045 1947 2144 2000 int-

571 2039 779 2107 petium
808 2037 1076 2092 videbitur
1109 2039 1190 2091 his
1229 2038 1317 2106 qui
1367 2051 1472 2091 non
1511 2038 1718 2091 ratione
1755 2039 1984 2099 dierum,
2013 2037 2029 2068 ⁸
2055 2046 2145 2091 aut

571 2128 858 2191 mensium,
913 2128 1008 2181 sed
1049 2144 1268 2195 υιιιτιςιιι
1317 2115 1676 2196 multitudine,
1730 2136 1785 2182 et
1835 2127 2141 2181 elfeclarum

569 2231 749 2272 rerum
792 2219 951 2271 modo
994 2217 1190 2271 Juliani
1239 2228 1477 2286 tempora
1527 2217 1830 2270 metientur.
1877 2218 2007 2270 Cum
2040 2217 2145 2271 [to-

569 2311 710 2364 mani
734 2311 911 2379 populi
942 2310 1130 2374 victus,
1163 2319 1218 2363 et
1248 2311 1516 2364 exercitus
1556 2317 1889 2364 commeatus
1917 2318 2061 2364 esset
2089 2309 2142 2364 in

569 2405 833 2467 manibus,
859 2407 908 2457 in
943 2405 1112 2458 IIlCdI-l
1143 2401 1491 2472 expediendae
1513 2417 1738 2456 annona:
1763 2401 2139 2470 trepidatione,

569 2494 785 2548 nuntius
813 2495 956 2549 venit
984 2494 1238 2562 plurimas
1268 2508 1430 2547 naves
1462 2480 1712 2547 Africano
1743 2493 1919 2546 tritico
1949 2507 2144 2560 graves

567 2589 587 2617 ’
617 2587 764 2640 littus
802 2590 1092 2640 Achaicum
1141 2593 1521 2649 przelervectas
1567 2584 1588 2614 ³
1626 2581 2141 2651 Constantinopolim

569 2675 891 2742 pervolasse.
951 2674 1183 2729 Pcrmoli
1233 2688 1441 2741 omnes,
1493 2684 1548 2728 et
1596 2675 1852 2728 adversus
1902 2687 1996 2728 eos
2051 2675 2142 2743 qui

564 2780 713 2819 oram
746 2767 1064 2819 maritimam
1089 2765 1374 2819 tuebantur
1402 2765 1543 2829 irati,
1575 2766 1814 2819 venimus
1845 2765 1910 2818 ad
1943 2767 2139 2835 princi-

562 2869 708 2922 pem,
739 2855 833 2908 tles
857 2855 939 2907 dia
968 2855 1205 2922 judicutn
1239 2865 1442 2908 tantum
1466 2857 1668 2923 perisse
1691 2857 1939 2911 frumenti
1969 2869 2144 2910 certa-

564 2956 655 2999 tim
682 2962 778 3014 pro
803 2961 861 2998 se
888 2944 1112 3014 quisque
1146 2946 1546 3015 conquerimur.
1580 2947 1648 3000 At
1679 2948 1944 3000 maximus
1973 2948 2140 3017 impe-

559 3046 705 3090 rator
737 3053 988 3090 serenum
1036 3038 1308 3101 renidens,
1358 3038 1489 3091 nihil
1535 3053 1656 3092 esse
1689 3048 1990 3106 peccaturo,
2036 3056 2138 3093 non

555 3129 654 3182 sibi
681 3130 900 3196 peri~se,
935 3145 1054 3195 qn.e
1083 3133 1146 3180 ad
1174 3130 1310 3183 hanc
1335 3130 1520 3184 urbem
1547 3130 1811 3184 frumenta
1835 3133 2135 3188 venissent.

2253 1951 2542 2007 hensandte
2587 1952 2866 2006 obviorum
2899 1967 3122 2017 manus,
3151 1949 3401 2004 omnibus
3454 1945 3756 2005 arfldt'ﬂlilllll;

2253 2061 2358 2098 non
2381 2045 2554 2100 solum
2583 2059 2703 2099 cum
2737 2045 2958 2108 inlimis,
2990 2043 3082 2099 sed
3110 2045 3270 2098 etiam
3299 2058 3422 2096 cum
3459 2040 3633 2109 ignotis
3647 2037 3758 2091 lami-

2253 2139 2498 2193 liaritatis
2527 2137 2702 2208 imago
2723 2138 3043 2201 simulanda,
3074 2139 3349 2202 multaque
3371 2137 3471 2190 alia
3497 2131 3758 2202 propterho-

2248 2244 2430 2283 norem
2468 2230 2694 2299 agenda,
2725 2243 2844 2299 qua:
2882 2229 3015 2282 alias
3047 2229 3219 2282 virum
3265 2227 3472 2281 honore
3502 2226 3685 2294 dignum
3707 2221 3759 2273 la-

2245 2336 2370 2374 cere
2399 2335 2505 2374 non
2534 2320 2772 2375 deceret.
2802 2320 2955 2375 Unde
2985 2319 3112 2373 illttd
3144 2319 3327 2373 Crassi
3360 2318 3565 2373 celebre
3591 2315 3757 2374 dictum,

2245 2425 2367 2464 cum
2399 2425 2431 2478 p
2467 2420 2600 2463 teret
2629 2411 2966 2463 Consulatum
2990 2451 3002 2468 .
3041 2421 3094 2463 et
3142 2413 3279 2463 forte
3309 2423 3434 2462 cum
3473 2405 3759 2461 Sca'volaso-

2245 2516 2372 2555 cero
2405 2517 2498 2568 per
2522 2502 2633 2554 vias
2664 2501 2820 2555 Urbis
2865 2501 3174 2563 incederet,
3207 2513 3304 2553 nec
3335 2506 3592 2568 prasente
3611 2492 3759 2562 gravis

2245 2592 2384 2642 sinio
2432 2600 2485 2643 et
2527 2591 2872 2645 SCVCI‘iSsiIIIO
2903 2591 3016 2645 viro
3062 2590 3288 2644 blandiri
3341 2590 3555 2657 populo,
3601 2585 3760 2656 palpare

2244 2681 2464 2744 obvos,
2514 2691 2566 2742 et
2618 2691 2764 2736 artes
2812 2683 3086 2752 petituras
3116 2682 3340 2737 auderet
3375 2694 3630 2737 exercere.
3653 2678 3760 2744 Qua-

2245 2788 2328 2835 so.
2363 2774 2556 2843 inquit,
2604 2774 2766 2836 Muci,
2787 2825 2796 2831 ,
2819 2775 3089 2843 paulisper
3131 2774 3416 2835 ahscedas.
3449 2789 3543 2830 nec
3567 2770 3760 2826 comitatu

2245 2873 2336 2918 tuo
2386 2865 2657 2918 honesturn
2701 2873 2854 2934 putes
2891 2882 2903 2917 :
2947 2867 3176 2934 impedis
3228 2865 3492 2920 honorem
3521 2869 3762 2923 meum;le

2242 2963 2522 3021 snectante
2553 2955 2767 3022 ineptus
2799 2957 2817 2986 ⁷
2841 2969 2960 3010 esse
3010 2971 3114 3009 non
3161 2971 3405 3024 possunt.
3446 2957 3513 3010 At
3550 2967 3660 3008 vero
3695 2965 3762 3019 ego

2243 3046 2441 3100 nullius
2484 3045 2722 3099 favorem
2756 3047 2894 3115 turpi
2945 3049 3311 3101 assentatione
3355 3048 3640 3116 promerui,
3669 3039 3762 3096 nihil

2242 3136 2340 3190 l‘cci
2361 3139 2619 3204 ineptum,
2647 3135 2777 3189 nihil
2807 3137 2890 3202 egi
2911 3137 3052 3202 quod
3078 3146 3323 3206 Sper-tare
3354 3137 3578 3191 Mucium
3595 3132 3760 3188 nollem.

554 3217 663 3270 Nos
698 3233 882 3272 vocem
914 3219 1057 3272 illam
1079 3220 1189 3273 noti
1217 3221 1417 3272 amoris
1459 3220 1509 3273 in
1545 3223 1768 3290 patriam
1803 3224 2133 3291 putabamus,
2165 3212 2208 3272 C
2243 3227 2358 3282 Non
2392 3228 2552 3282 modo
2582 3227 2786 3282 nullum
2819 3229 3151 3297 popularium
3191 3229 3512 3299 deprecatus
3545 3241 3664 3288 sum,
3697 3220 3762 3276 scd

553 3322 676 3362 cum
704 3307 1056 3376 proditionem
1085 3309 1246 3363 futuri
1284 3311 1572 3365 verborum
1617 3313 1843 3382 ambago
1887 3317 2086 3369 celaret
2117 3334 2128 3368 :

551 3401 658 3470 jam
687 3409 795 3454 tum
842 3403 983 3456 enim
1017 3412 1254 3457 \entnrae
1295 3403 1562 3458 felicitatis
1602 3416 1850 3460 cientum
1883 3409 2128 3462 conscius

550 3491 715 3544 divini
742 3493 948 3545 animus
979 3493 1324 3562 praesidebat.

621 3579 736 3634 XV.
768 3579 859 3635 Cis
887 3583 1142 3649 pauculos
1165 3583 1278 3636 dies
1310 3583 1361 3637 in
1392 3598 1584 3638 novum
1615 3600 1677 3640 ac
1704 3586 1984 3643 ﬂorentem
2017 3599 2129 3645 sta-

549 3683 658 3726 tum
691 3675 961 3742 republica
993 3676 1267 3742 restituta,
1312 3691 1460 3730 sacra
1489 3693 1640 3732 tuens
1684 3682 1747 3732 ad
1782 3679 2042 3737 honorum
2074 3695 2129 3738 et

548 3766 954 3836 magistratuum
983 3780 1295 3822 ornamenta
1325 3770 1580 3836 respexit.
1613 3771 1822 3827 \‘ersari
1851 3775 2048 3844 cmpit‘
2072 3776 2125 3831 in

545 3855 686 3909 sacri
728 3860 960 3924 pectoris
1007 3858 1227 3912 comitio
1255 3859 1590 3915 consulatus.
1622 3863 1758 3929 Quid
1810 3877 2028 3920 secutus
2057 3867 2128 3921 sit

545 3947 660 4013 ipse
690 3948 810 4011 scit,
844 3958 897 4002 rt
920 3965 1253 4020 quaecunque
1284 3952 1504 4006 consilia
1528 3955 1646 4021 ejus
1671 3957 1867 4024 gaudet
1897 3959 2127 4014 formare

544 4040 818 4096 divinitas.
849 4041 924 4097 De
953 4043 1204 4098 omnibus
1247 4044 1473 4100 Romani
1522 4047 1729 4116 imperii
1762 4049 1890 4103 viris
1922 4051 2124 4118 primus

543 4131 744 4186 electus
769 4147 910 4199 sum,
929 4150 1048 4188 cum
1075 4135 1332 4190 honorem
1363 4152 1539 4192 meum
1566 4139 1776 4193 aduri-is
1805 4141 2122 4197 militaribus

543 4222 813 4287 gloriosus
844 4222 864 4252 ⁸
892 4223 1096 4294 colliga
1125 4227 1446 4280 cumu'aret.
1480 4225 1692 4282 Gratias
1720 4229 1844 4293 tibi,
1890 4231 2121 4298 gratias,

541 4315 854 4381 itnpt'ralul‘,
888 4315 932 4369 si
957 4318 1151 4372 mereri
1181 4333 1265 4373 me
1289 4319 1589 4385 credidisti,
1615 4329 1670 4374 et
1696 4321 1876 4391 plures
1901 4323 2120 4392 gratias,

613 4425 631 4457 ⁸
672 4426 857 4479 I-Iahita
886 4438 968 4505 est
990 4430 1131 4484 cnim
1163 4433 1276 4485 Iure
1303 4435 1474 4486 oratio
1502 4434 1674 4488 altero
1698 4444 1975 4505 postquam
2020 4439 2119 4490 im-

544 4509 763 4562 perator
789 4500 1112 4553 acclatnatus
1139 4511 1284 4556 esset
1313 4519 1474 4556 anno.

610 4567 630 4594 ²
661 4565 884 4644 Achaia,
911 4583 1031 4634 quae
1051 4581 1105 4644 et
1133 4570 1334 4644 Gri-cia
1360 4574 1654 4644 dicitur,ex
1679 4590 1781 4629 una
1809 4586 1961 4644 parte
1985 4576 2116 4630 mari

540 4635 828 4711 cit-cunllna
855 4679 869 4693 .
911 4653 974 4689 ex
1015 4642 1176 4692 altera
1207 4640 1496 4696 Thessalia:
1525 4654 1578 4697 et
1611 4643 1772 4711 Epiro
1812 4635 2113 4700 iertttittata.

541 4704 739 4784 Achaia
777 4713 950 4757 tamen
971 4714 1193 4784 proprie
1215 4714 1374 4774 dicta,
1411 4716 1558 4782 regio
1594 4704 1944 4784 I’e'lopomteSt
1981 4718 2118 4771 in'cr

538 4777 612 4827 Uti
647 4778 850 4827 inthtnn
884 4785 938 4828 et
971 4777 1174 4831 Patras.

608 4847 628 4875 ³
663 4845 798 4898 L‘rhs
814 4846 878 4899 ad
908 4850 1534 4914 linsphornmThracium
1560 4855 1656 4908 sita
1680 4870 1741 4907 ac
1764 4855 2008 4909 Thracia:
2029 4877 2040 4905 ε
2061 4873 2116 4909 a-
2144 4848 2194 4906 D

539 4930 653 4982 μη,
684 4918 810 4969 olim
843 4918 1170 4986 Byzantium.

608 4986 626 5016 ³
648 4988 737 5068 Sic
767 4991 926 5069 enim.
953 4991 1040 5056 qui
1071 5005 1250 5043 secum
1284 4993 1396 5059 ipse
1426 4995 1493 5046 de
1518 4997 1690 5063 aliqua
1742 5011 1799 5049 re
1830 4997 2113 5058 deliberat,

535 5071 584 5109 et
619 5067 882 5134 rationum
905 5067 965 5134 in
993 5071 1271 5134 t_t_lrantque
1299 5075 1502 5131 partem
1539 5080 1804 5118 momenta
1837 5071 2113 5134 expendit.

535 5129 683 5194 quasi
737 5131 948 5181 etmtilia
1004 5128 1160 5184 I'tihet
1191 5128 1326 5196 apud
1370 5149 1428 5186 se
1477 5147 1529 5187 et
1566 5136 1828 5188 inanimo
1876 5128 1992 5189 suo.
2029 5141 2117 5191 Sit:

535 5200 773 5262 I’lattltts,
814 5199 1017 5267 Epitlic.
1052 5216 1128 5254 sc.
1152 5201 1207 5267 Ξ,
1233 5215 1334 5255 act.
1364 5206 1384 5256 1
1420 5223 1433 5254 :

652 5289 760 5337 .lam
781 5298 1006 5340 senatum
1029 5295 1306 5341 convocabo
1330 5295 1376 5340 in
1401 5296 1550 5343 corde
1576 5295 1890 5344 consiliorum

605 5372 744 5424 Ideni
772 5375 820 5425 itt
852 5373 1037 5428 .Ilaslel
1061 5392 1078 5428 .'
1799 5445 1801 5447 ι

658 5462 778 5509 Dn.n
803 5465 916 5512 mihi
937 5475 1160 5514 senatuin
1186 5467 1370 5516 consilii
1399 5470 1444 5516 in
1465 5469 1612 5516 corde
1639 5483 1871 5520 convoco.

603 5546 623 5576 ⁸
655 5547 862 5602 Flavius
886 5553 1090 5620 Nevita,
1124 5555 1232 5620 qui,
1265 5554 1406 5607 utail
1440 5557 1759 5611 Ammianus
1781 5558 1877 5610 lib.
1899 5572 2028 5619 ult,
2056 5570 2112 5610 ttt

2242 3333 2310 3373 ne
2341 3329 2391 3372 le
2414 3319 2629 3389 quidem
2663 3318 2858 3388 ipsum,
2893 3320 3206 3388 imperator,
3234 3334 3396 3388 quem
3421 3333 3570 3372 orare
3591 3313 3762 3384 pracla-

2233 3427 2371 3476 rmn,
2403 3412 2486 3466 cui
2521 3427 2706 3481 preces
2744 3411 3004 3466 adhibere
3027 3413 3399 3481 plenissimum
3423 3412 3454 3467 d
3479 3409 3673 3482 gn'tatis
3689 3418 3761 3463 est.

2234 3503 2398 3557 verbo
2429 3505 2618 3558 saltem
2647 3503 2774 3558 adii.
2805 3504 3008 3573 Sponte
3039 3505 3089 3557 in
3123 3503 3378 3558 familiam
3404 3503 3631 3558 divinum
3656 3497 3760 3552 isuul

2235 3611 2263 3648 a
2304 3607 2355 3651 le
2387 3615 2573 3651 tnttnn-
2609 3597 2840 3652 infusum
2872 3609 2974 3653 est.

2306 3687 2466 3741 XVII.
2507 3688 2735 3744 Fatebor
2775 3703 2955 3744 autem
2987 3690 3101 3758 tibi,
3147 3692 3382 3746 maxime
3427 3692 3762 3760 itttperator,l'l

2239 3791 2353 3834 luto
2381 3781 2519 3850 apud
2569 3793 2620 3836 te
2661 3784 2838 3837 omnia
2868 3782 2896 3822 ι’
2924 3784 3086 3837 animi
3129 3794 3318 3850 operta
3373 3782 3632 3838 reSet-abo.
3657 3776 3762 3832 Nutu

2235 3889 2396 3941 quam
2423 3874 2444 3905 ⁸
2476 3875 2527 3927 in
2558 3876 2731 3944 capita
2767 3877 2960 3929 civium
3008 3885 3344 3943 potestatem,
3391 3888 3644 3944 nunquam
3671 3885 3762 3939 pri--

2232 3963 2434 4017 vincias
2467 3964 2770 4032 concupivi,
2803 3967 2894 4020 sed
2918 3966 3040 4035 quia
3061 3966 3293 4034 juvanda
3318 3969 3476 4021 etiam
3505 3984 3531 4018 a
3556 3981 3631 4018 me
3647 3964 3761 4014 valeo

2231 4053 2386 4108 batttr
2407 4059 2428 4088 ⁹
2460 4072 2556 4126 pro
2593 4057 2731 4110 virili
2764 4060 3012 4127 portione
3043 4060 3365 4128 respublica,
3403 4075 3523 4114 cum
3552 4059 3610 4112 ad
3637 4053 3762 4121 magi-

2229 4157 2454 4202 stratum
2484 4165 2727 4215 vocarer,
2750 4163 2972 4222 propter
3011 4151 3321 4222 opinionem
3351 4153 3570 4208 desidize
3595 4161 3762 4204 nonre-

2228 4237 2254 4292 f
2287 4241 2358 4308 gi.
2378 4239 2658 4310 Negotium
2685 4244 2951 4311 publicmn
2975 4259 3147 4312 neque
3163 4243 3367 4297 ambitu
3399 4246 3611 4313 appeti,
3631 4254 3761 4306 neque

2231 4345 2325 4396 per
2357 4331 2717 4396 timiditatem,
2744 4343 2834 4387 aut
2859 4335 3123 4404 ignaviam
3147 4335 3416 4399 recusavi,
3448 4341 3539 4389 sed
3561 4351 3586 4387 :t
3609 4330 3762 4386 teneris

2227 4442 2448 4515 primum
2493 4446 2741 4515 augendw
2767 4447 3044 4501 barbariem
3073 4448 3283 4501 vilitatis
3319 4461 3596 4512 (maturem,
3618 4448 3761 4498 immo-

2223 4513 2398 4564 derate
2428 4513 2692 4568 notarem:
2723 4515 3134 4570 Constantinum.

2295 4582 2323 4655 ᾗ
2346 4583 2402 4636 Id
2432 4595 2535 4647 o-st,
2571 4587 2667 4653 ipsi
2697 4588 2834 4640 adeo
2863 4590 3054 4655 singuli
3089 4589 3334 4643 homines
3370 4587 3646 4643 Salutaudi.
3672 4585 3761 4655 Αιτὶῖ

2222 4652 2395 4708 dalins
2429 4655 2553 4733 legit
2580 4652 3122 4733 otnnes.‘atqueictiam
3147 4662 3360 4733 singuli,
3395 4673 3500 4714 o-tc.
3544 4663 3591 4712 ltt
3629 4653 3759 4733 veleri

2223 4738 2351 4775 vero
2381 4725 2565 4778 codtce
2593 4739 2696 4788 est,
2730 4729 2999 4781 ediscenda
3049 4725 3274 4782 omnium
3305 4733 3554 4783 nomina:
3580 4725 3760 4780 tribulim

2223 4809 2397 4867 armies
2425 4804 2575 4861 atque
2595 4797 2746 4848 etiam
2769 4799 2958 4867 singuli
2997 4801 3280 4854 salutandi.

2291 4864 2310 4893 ⁷
2338 4867 2620 4933 Sutnptunt
2647 4867 2775 4920 illttd
2799 4886 2829 4921 e
2852 4862 3011 4923 ὟιιΙιίἰ
3034 4873 3124 4923 lih.
3159 4890 3167 4920 I
3197 4874 3261 4922 de
3289 4870 3464 4934 ()rm.,
3489 4887 3625 4923 num.
3656 4862 3758 4920 I12:

2222 4930 2610 5002 Equidem'cum
2635 4950 2849 5006 peterem
2871 4942 3246 5006 manistratns,
3271 4953 3376 4994 etc.

2295 5006 2315 5030 "
2345 5006 2396 5057 Id
2428 5017 2529 5066 est.
2560 5024 2828 5077 nunquam
2878 5026 3196 5078 pra-turam,
3247 5027 3519 5078 nunquam
3559 5006 3760 5078 consul»

2223 5082 2332 5148 tum
2364 5078 2619 5144 appeLvi.
2667 5082 2877 5148 utrique
2915 5081 3057 5135 enim

2226 5144 2423 5199 habent
2455 5164 2504 5200 in
2536 5149 2729 5202 civium
2754 5144 2936 5204 vitam.

2294 5216 2316 5245 ’
2342 5215 2393 5268 Iul
2417 5228 2516 5281 est,
2540 5235 2636 5287 pro
2652 5222 2871 5296 viribus.
2889 5221 3108 5296 'I‘ac_lns
3130 5223 3189 5296 in
3207 5222 3292 5275 Jul
3321 5221 3613 5288 iAngcoIm
3636 5217 3759 5296 Yilflf

2227 5281 2490 5346 Tanquam
2542 5281 2633 5357 pro
2693 5293 2824 5343 virili
2878 5293 3108 5358 portione.
3173 5281 3514 5345 innocentiam
3579 5284 3762 5358 prinripi

2224 5367 2440 5429 (nempe
2474 5358 2798 5425 Domitiano)
2823 5361 3060 5414 donares.
3093 5363 3241 5428 Quod
3269 5369 3365 5415 etsi
3398 5363 3535 5429 apud
3567 5360 3759 5414 'I'nllituu

2221 5427 2361 5491 quod
2391 5429 2601 5496 quidem
2633 5432 2822 5492 sciant,
2857 5447 2962 5484 non
2992 5427 3203 5496 legitur,
3233 5449 3336 5485 non
3362 5427 3588 5486 alienum
3614 5439 3759 5482 tamen

2220 5505 2296 5573 "sl
2333 5497 2454 5573 illud
2480 5498 2619 5573 Tull.
2658 5516 2750 5566 pro
2773 5500 2986 5555 Sextio:
3020 5502 3142 5556 "(rc
3171 5507 3256 5572 qui
3278 5520 3370 5571 pro
3391 5505 3521 5556 rit‘ili
3547 5513 3678 5573 parte
3693 5499 3758 5547 de“

2185 5588 2189 5593 ι
2221 5564 2456 5633 fetidum,
2490 5564 2756 5635 aptimetrs
2785 5582 2925 5624 sunt.

3090 5075 3190 5151 pro
3228 5097 3324 5136 suo
3374 5075 3495 5152 iung
3517 5075 3759 5144 stratujus

1883 5649 2450 5712 IN'I'ERPRE'I'ATIO.

529 5796 562 5848 ά
602 5727 874 5850 "agonem,
916 5750 1025 5802 qua:
1053 5737 1334 5790 necessaria
1370 5747 1484 5790 sunt
1524 5737 1592 5788 ad
1622 5741 1793 5802 ritum,
1844 5755 1986 5792 usum
2012 5743 2104 5793 sibi

565 5813 635 5850 eet
677 5809 736 5850 ll.

565 5809 736 5854 ccidit.

2295 5747 2320 5783 δ
2348 5745 2574 5803 Pectoris
2602 5766 2815 5805 arcana.
