3898 6442
529 373 635 428 ιὲὗ

1907 356 2374 413 MAMERTINUS.
3653 368 3728 424 ‘3;

527 481 748 553 gradum
773 476 1042 546 dignitatis
1069 474 1328 541 evexerit,
1356 474 1671 530 libertorum
1711 471 2001 526 artiticiutn
2029 468 2109 523 di-
2141 469 2190 528 Α
2219 468 2455 524 dentiam
2483 486 2497 532 ;
2551 471 2693 525 ultro
2730 472 2796 526 ad
2838 481 2888 527 te
2920 457 3186 528 maximus
3218 474 3498 542 imperator
3522 479 3728 542 accedet,

529 572 767 628 rebatur.
790 571 1088 626 Oratoriam
1129 567 1346 623 dicendi
1368 567 1700 631 facultatem,
1730 563 1882 618 multi
1913 562 2108 616 laboris

528 669 585 716 et
605 660 810 714 minimi
834 675 958 714 usus
980 659 1274 725 negotium,
1297 657 1465 712 nostri
1492 668 1740 726 proceres
1765 651 2107 720 respuebant,

531 751 656 805 dum
705 751 947 805 homines
978 749 1216 805 noluisse
1263 748 1431 818 vide-ri
1458 747 1666 811 volunt,
1700 743 1842 814 quod
1893 743 2108 810 assequi

535 843 910 911 nequiverunt.
955 842 1020 896 Et
1055 856 1182 895 vere
1208 849 1413 894 tantum
1453 839 1652 894 laboris
1701 837 2110 906 vigiliarumque

515 933 810 1002 suscipere
839 932 906 986 ad
951 931 1354 1000 adipiscendum
1385 930 1537 998 cujus
1579 943 1704 983 usus
1733 926 1957 997 agenda:
1986 927 2110 980 vine

531 1033 849 1077 ornamenta
877 1038 980 1076 non
1003 1021 1312 1089 adiuvaret,
1350 1019 1620 1075 dementia
1647 1018 1965 1072 ducebatur.
2011 1019 2113 1070 Ita-

531 1131 636 1185 que
664 1128 825 1168 omne
869 1112 1101 1166 studium
1156 1110 1394 1179 pecuniae
1420 1107 1822 1186 coacervandaa;
1872 1109 1888 1138 ⁸
1939 1106 2112 1162 Tanto

533 1204 675 1259 enim
703 1203 785 1256 vir
809 1202 1034 1271 quisque
1056 1201 1266 1266 melior,
1285 1209 1487 1270 quanto
1514 1199 1850 1268 pecuniosior
1873 1197 2108 1253 habeba-

533 1305 638 1350 tur.
670 1294 786 1348 .Iam
835 1292 1103 1348 serviendi
1149 1292 1452 1346 miseranda
1492 1290 1768 1360 patientia,
1800 1290 2108 1345 assentandi

535 1387 670 1440 mira
714 1384 999 1440 calliditas.
1048 1383 1417 1438 Miuistrorum
1462 1383 1602 1437 sulm
1649 1383 1887 1452 quotidie
1930 1384 2108 1436 limina

533 1475 863 1529 terebantur.
886 1473 968 1528 Ad
1001 1473 1143 1528 fores
1191 1488 1376 1528 eorum
1408 1473 1498 1542 qui
1524 1473 1685 1543 regiis
1734 1473 2112 1541 cupiditatibus

534 1564 844 1619 serviebant
874 1567 893 1596 '
925 1573 1108 1619 ternos
1135 1564 1371 1633 patriciae
1396 1565 1571 1634 gentis
1597 1565 1743 1619 viros
1764 1579 2015 1620 cerneres
2043 1565 2112 1619 ab

532 1656 837 1725 hujusmodi
869 1656 1136 1711 dedecore
1166 1670 1272 1709 non
1307 1655 1488 1721 imbri,
1520 1671 1626 1708 non
1660 1656 1805 1724 gelu,
1838 1669 1944 1708 non
1966 1669 2114 1708 ama-

534 1745 768 1799 ritudine
809 1745 976 1813 ipsius
1001 1745 1210 1814 injuria:
1240 1745 1527 1798 deterreri.
1558 1737 1808 1809 Demissi,
1836 1743 2108 1813 iacentes-

537 1851 640 1903 que
670 1838 756 1890 vix
780 1836 954 1904 capita
985 1850 1145 1904 supra
1189 1849 1376 1890 eorum
1405 1850 1542 1904 quos
1565 1835 1916 1904 precabantur
1937 1850 2109 1904 genua
2141 1819 2188 1879 Β

534 1925 810 1979 tollebant.
845 1923 924 1978 Ad
962 1933 1312 1992 postremum,
1360 1925 1590 1979 honores
1632 1940 1738 1978 non
1763 1924 1984 1992 judicio,
2018 1935 2112 1981 aut

534 2015 908 2071 benevolentia
960 2015 1336 2084 superborum,
1387 2015 1482 2070 sed
1527 2015 1891 2071 misericordia
1933 2032 2109 2071 tuere.

532 2105 744 2158 bantur.

604 2197 745 2251 XXI.
786 2199 855 2252 At
905 2212 1044 2252 nunc
1092 2197 1334 2267 quisquis
1382 2197 1716 2266 provincias,
1770 2197 2109 2261 tribunatus,

533 2290 905 2358 pra-fecturas,
936 2294 1246 2346 consulatus
1276 2296 1422 2357 cupit
1441 2331 1457 2357 ,
1492 2291 1623 2345 nihil
1660 2305 1882 2346 necesse
1909 2298 1992 2344 est
2020 2305 2114 2360 pe-

534 2381 736 2434 cuniam
774 2396 869 2450 per
899 2380 977 2434 fas
1007 2391 1063 2436 et
1089 2382 1239 2436 nefas
1268 2391 1502 2451 quatrat,
1538 2395 1603 2435 ac
1631 2380 1930 2436 libertatem
1961 2395 2112 2436 suam

529 2471 789 2526 salutator
817 2472 934 2524 vilis
962 2471 1263 2526 imminuat.
1303 2473 1515 2537 Quanto
1541 2471 1706 2527 fuerit
1735 2471 1969 2541 paratior
1993 2485 2110 2525 ser-

531 2561 701 2625 vituti,
730 2569 880 2616 tanto
909 2561 1114 2616 honore
1137 2562 1403 2631 indignior
1425 2561 1445 2592 ³
1472 2562 1767 2616 vocabitur.
1803 2562 1937 2615 'I‘um
1969 2561 2111 2616 aliud

529 2653 790 2721 quoddam
841 2653 1112 2708 hominum
1153 2669 1324 2724 genus
1364 2664 1448 2709 est
1492 2655 1544 2709 in
1585 2656 1818 2710 amicitia
1855 2656 2111 2725 principis

533 2744 736 2810 nostri,
779 2745 934 2810 rude,
979 2744 1281 2817 uturbanis
1312 2745 1428 2800 istis
1455 2745 1686 2809 videtur.
1720 2761 1904 2816 parum
1934 2761 2108 2809 come,

531 2835 934 2900 subrusticum;
988 2834 1369 2890 blandimentis
1421 2836 1752 2890 adulantium
1808 2847 2107 2907 repugnat,

529 2927 772 2993 pecunia:
803 2940 934 2979 vero
963 2925 1153 2981 aliena:
1182 2935 1431 2994 tanquam
1474 2928 1552 2981 rei
1583 2927 1759 2981 noxia:
1791 2911 1986 2981 tactum
2022 2945 2110 2980 rc-

527 3017 811 3082 formidat,
878 3017 1140 3072 maximas
1188 3032 1320 3087 opes
1370 3019 1421 3071 in
1473 3018 1782 3087 reipublicae
1826 3018 2000 3072 salute
2056 3028 2111 3074 et

525 3108 760 3175 gloriosa
794 3108 1132 3177 imperatoris
1172 3110 1255 3162 sui
1297 3108 1453 3163 laude
1490 3111 1789 3164 constituit.
1839 3111 1958 3164 Jam
1997 3110 2110 3178 ipsc

2213 569 2267 614 et
2326 569 2389 614 ut
2425 575 2680 631 capessas
2722 564 3107 631 rempublicam
3153 565 3426 635 ﬂagitabit.
3472 568 3633 622 Otiose
3663 572 3730 626 tibi

2210 661 2372 722 atque
2398 653 2503 708 alia
2534 655 2742 709 curanti
2775 656 3090 725 provincim,
3141 655 3500 725 praefecturae,
3541 659 3560 689 '
3584 659 3729 724 fasces,

2212 747 2344 804 sella
2389 748 2628 822 curulis,
2677 756 2837 817 atque
2886 748 3112 818 insignia
3159 750 3337 803 omnia
3385 751 3728 817 magistratuum

2217 836 2571 904 perferentur.
2624 837 2759 904 Quid
2801 838 2945 892 enim
2990 839 3090 893 sibi
3123 854 3265 894 verte
3308 840 3392 893 vir
3434 839 3732 910 perfectaque

2211 929 2423 984 virtutis
2448 945 2552 984 non
2579 938 2888 986 constanter
2910 931 2976 985 de
2995 932 3207 992 honore
3238 931 3526 1000 promittat,
3547 948 3649 1010 cum
3672 949 3734 988 me

2215 1029 2434 1088 pr0pter
2463 1021 2731 1076 tantillum
2763 1022 3086 1077 innocentia:
3125 1023 3376 1078 meritum
3417 1038 3520 1077 uno
3556 1025 3602 1078 in
3633 1039 3737 1078 anno

2214 1112 2234 1142 °
2262 1121 2342 1165 ter
2370 1110 2555 1166 videat
2583 1111 2904 1166 honoratum
2928 1111 2952 1164 ?

2287 1201 2453 1256 XXII.
2499 1201 2694 1270 Ecquis
2715 1201 2849 1257 deus
2871 1216 2980 1257 uno
3008 1203 3060 1256 in
3089 1216 3230 1257 anno
3254 1201 3738 1271 multipliecsfructus

2211 1307 2342 1363 agro
2382 1293 2474 1347 uni
2511 1293 2700 1348 dedit?
2753 1293 2890 1348 Num
2934 1294 3212 1364 quisquam
3241 1296 3258 1325 ⁷
3284 1294 3337 1348 in
3380 1293 3559 1348 eadem
3598 1295 3734 1347 novali

2212 1391 2399 1438 testate
2428 1397 2533 1436 una
2567 1383 2980 1451 ampliusquam
3026 1383 3194 1438 semel
3231 1383 3496 1438 messuit‘l
3541 1382 3658 1436 Num
3679 1383 3737 1436 esi

2214 1489 2321 1528 uno
2347 1483 2626 1538 autumno,
2653 1489 2862 1542 unoque
2887 1475 3067 1528 vincto
3091 1473 3360 1528 vindemia
3393 1473 3574 1541 triplex
3595 1473 3740 1527 fluxit?

2221 1564 2332 1620 Una
2364 1575 2512 1619 certe
2543 1565 2699 1620 unius
2730 1573 2814 1619 est
2856 1563 3049 1619 hiemis
3072 1566 3093 1597 ⁸
3115 1563 3356 1618 olivitas.
3407 1564 3511 1619 Sed
3541 1563 3587 1617 in
3615 1564 3739 1617 nostri

2220 1654 2475 1722 principis
2512 1653 2788 1730 beneficiis
2832 1653 3090 1708 miraculo
3129 1664 3277 1708 caret
3321 1653 3649 1723 multiplicata
3685 1653 3740 1707 fe-

2213 1744 2479 1799 cunditas.
2538 1744 2604 1799 Ut
2643 1745 2710 1799 de
2751 1744 2872 1799 aliis
2912 1745 3128 1814 optimis
3171 1744 3302 1799 vitis
3349 1753 3575 1808 taceam,
3615 1743 3737 1812 quia

2217 1836 2394 1904 priore
2449 1833 2501 1887 itt
2551 1834 2851 1902 proximum
2901 1844 3214 1889 autumnum
3266 1834 3471 1889 fructus
3525 1835 3736 1888 honorum

2216 1923 2583 1992 multipliciter
2633 1934 3008 1988 messuerttut,
3063 1924 3192 1980 mihi
3238 1935 3389 1980 certe
3439 1925 3581 1980 tertia
3624 1925 3740 1977 unius

2215 2014 2341 2066 anni
2383 2013 2598 2068 ubertas
2639 2025 2723 2069 est
2759 2015 3094 2070 consulatus.
3139 2015 3382 2070 Primum
3421 2015 3739 2070 thesaurorum

2215 2110 2452 2163 omnium
2482 2109 2731 2164 mandata
2766 2109 3039 2175 custodia,
3069 2119 3124 2164 et
3151 2110 3484 2178 dispensatio
3511 2108 3737 2179 largiendi.

2214 2198 2516 2256 Secundum
2551 2201 2724 2254 locum
2766 2209 2913 2254 tenet
2954 2201 3006 2254 in
3045 2201 3310 2257 honorum
3344 2215 3576 2255 meorum
3603 2199 3744 2253 fruetiv

2214 2289 2314 2342 ltus
2340 2288 2680 2358 praefectura.
2725 2289 2954 2344 Additus
2982 2291 3086 2353 his,
3115 2305 3222 2359 quo
3250 2290 3336 2344 vel
3368 2291 3487 2343 solo
3511 2288 3742 2357 cujuslibet

2215 2379 2443 2434 aviditas
2462 2380 2784 2446 vinceretur,
2808 2392 3158 2448 proventuum
3187 2389 3403 2433 tuorum
3438 2378 3625 2440 tertius,
3645 2391 3741 2430 cou-

2214 2474 2440 2528 sulatus.
2499 2472 2628 2541 Dein
2677 2489 2796 2528 cum
2843 2487 2972 2543 ager
3015 2471 3330 2527 assiduitate
3376 2471 3624 2525 fructuum
3657 2468 3743 2521 Itiu

2217 2565 2440 2619 maciem
2489 2564 2870 2632 decoquatur:
2924 2562 3264 2634 imperatoris
3315 2563 3483 2616 nostri
3533 2558 3742 2630 posterior

2217 2653 2508 2710 liberalitas
2535 2652 2697 2707 vincit
2722 2653 2978 2722 priorem,
3002 2667 3101 2707 nec
3127 2653 3184 2706 lit
3205 2650 3366 2707 effeta
3393 2650 3656 2720 gignendo,
3673 2647 3742 2701 sed

2213 2761 2309 2814 per
2349 2746 2493 2800 vices
2539 2745 2800 2800 fructuum
2851 2745 3186 2800 fecundatur.
3243 2742 3394 2798 Nova
3442 2756 3642 2812 prorsus
3671 2739 3744 2793 fuit

2213 2835 2472 2916 honorum
2498 2835 2909 2892 deferendorum
2937 2847 2991 2892 et
3019 2836 3290 2906 insperata
3321 2835 3606 2905 congestio.
3634 2831 3742 2887 Non-

2211 2926 2337 2980 dum
2383 2936 2580 2981 statum
2627 2943 2780 2982 suum
2824 2927 3058 2984 siderum
3104 2927 3378 2983 curricula
3420 2933 3737 2981 mutaverant.

2215 3033 2238 3061 ο
2263 3025 2373 3091 jam
2405 3022 2655 3092 princeps
2685 3035 2902 3075 cursum
2929 3021 3202 3089 dignitatis
3229 3020 3456 3076 alterius
3483 3031 3742 3074 commove-

2212 3113 2330 3176 bat;
2363 3121 2416 3167 et
2441 3111 2550 3180 jam
2583 3121 2692 3165 tum
2723 3110 2802 3164 sol
2839 3112 2907 3163 ab
2933 3110 3246 3165 corumdetu
3275 3122 3543 3166 astrorum
3572 3109 3743 3175 regione

527 3199 549 3228 ⁸
573 3201 770 3268 ingenti
803 3199 1093 3269 divinaque
1132 3200 1468 3267 providentia
1510 3202 1770 3256 adversus
1808 3217 1997 3258 omnes
2025 3217 2109 3257 as-
2134 3182 2179 3242 (ἶ
2213 3204 2478 3267 radiabat,
2506 3203 2616 3272 jam
2649 3204 2912 3272 Angustus
2941 3203 3094 3256 tertia
3127 3203 3474 3270 magistratus
3507 3201 3602 3255 mei
3627 3199 3741 3266 signa

529 3297 861 3343 scutatorqu
919 3290 1200 3344 illecebras
1267 3292 1648 3360 captionesque
1712 3294 1950 3348 munitus
2002 3304 2104 3348 est.

533 3385 557 3412 ιι
586 3377 793 3446 Quippe
822 3379 869 3432 ei
899 3394 929 3432 a
957 3378 1147 3432 fucatis
1185 3379 1515 3434 adulantium
1542 3382 1764 3435 venenis
1792 3383 1934 3451 quod
1969 3386 2107 3452 peri-

529 3465 708 3518 culum
749 3476 862 3532 est,
905 3470 992 3536 qui
1035 3483 1194 3522 aures
1223 3469 1384 3523 etiam
1414 3470 1555 3524 veris
1587 3470 1832 3526 laudibus
1860 3483 2122 3542 gravatus.

531 3555 842 3624 impertiat?
894 3557 998 3611 Sed
1047 3558 1212 3610 multo
1261 3559 1534 3626 multoque
1581 3575 1721 3615 nunc
1773 3561 1980 3618 facilior
2023 3574 2107 3618 mt

528 3648 664 3700 ratio
709 3648 968 3701 honorum
1011 3648 1384 3717 petendorum.
1432 3649 1705 3720 Quisquis,
1749 3654 1985 3724 inquam,
2015 3673 2106 3710 ca-

529 3751 654 3805 pere
693 3738 1058 3807 magistratum
1101 3725 1279 3801 voles,
1332 3742 1447 3794 auri
1499 3753 1659 3811 atque
1697 3737 1902 3813 argenti
1943 3748 2107 3815 negli-

527 3841 659 3896 gens
705 3836 854 3892 csto;
906 3829 1076 3881 nullas
1123 3829 1358 3882 estiatitu
1405 3832 1700 3898 potentium
1749 3835 1893 3890 tech
1937 3838 2104 3902 obito,

528 3916 723 3971 nullius
755 3918 937 3986 pedes,
971 3919 1166 3972 Ituilitts
1200 3935 1371 3989 genua
1400 3921 1791 3989 complectitor.
1840 3925 2106 3982 Adhibcto

527 4015 728 4061 tantum
761 4007 852 4061 tibi
882 3998 1142 4077 gratuitas
1199 4017 1252 4063 et
1294 4019 1477 4077 paratu
1518 4010 1798 4067 facitlimas
1848 4017 2104 4083 comites,

527 4096 607 4165 ius
635 4097 816 4166 itiam,
858 4099 1258 4163 fortitudinem,
1303 4101 1708 4170 temperantiam
1729 4143 1744 4167 ,
1784 4116 1948 4174 atque
1971 4123 2106 4176 pru-

527 4275 648 4339 fuit.
686 4291 714 4330 a
752 4291 858 4346 quo
911 4276 976 4329 ad
1004 4275 1138 4346 juris
1181 4277 1352 4332 civilis
1381 4279 1657 4334 scientiam
1704 4283 1969 4339 excitatur
2021 4302 2102 4342 uts

528 4348 704 4426 verbis
735 4363 747 4398 :
777 4345 951 4426 'I:urpc
995 4345 1068 4400 est
1109 4346 1336 4426 [fatrict’o
1372 4365 1552 4426 causas
1591 4354 1776 4426 oranti,
1800 4356 1886 4424 jus
1914 4358 1967 4408 in
1994 4373 2101 4424 quo

528 4424 762 4494 uersatur
802 4419 1061 4494 ignorare.
1111 4419 1358 4494 Omnium
1403 4421 1602 4486 primus
1627 4419 1958 4494 dialecticam
1993 4419 2099 4494 iuri

2218 3293 2640 3358 transcenderat.
2673 3296 2884 3357 Qnteso,
2917 3307 3022 3346 non
3049 3292 3200 3346 vobis
3229 3291 3408 3346 inanis
3437 3292 3608 3361 gloriae
3627 3289 3742 3355 cupi-

2213 3388 2486 3446 dissimus.
2508 3401 2614 3439 non
2634 3385 2865 3454 flagrans
2884 3384 3174 3438 ambitione
3197 3386 3421 3438 notabili
3443 3385 3698 3444 videretur,
3711 3380 3742 3430 si

2212 3479 2331 3547 quis
2359 3478 2411 3530 iu
2439 3490 2497 3530 se
2530 3485 2674 3528 tanta
2718 3477 2914 3543 pariter
2943 3483 3210 3542 Optasset,
3249 3485 3449 3545 quanta
3491 3476 3539 3527 iu
3568 3487 3643 3527 me
3665 3482 3745 3523 uno

2211 3579 2451 3634 tempore
2478 3567 2748 3632 Augustus
2776 3564 3035 3631 ingessit?

2281 3648 2469 3710 XXIII.
2515 3655 2750 3710 IIabitari
2799 3654 2867 3708 ab
2910 3655 3070 3722 justis
3097 3655 3225 3708 virts
3263 3663 3443 3710 terras
3486 3655 3536 3708 in
3574 3652 3749 3707 Oceano

2212 3749 2410 3813 ferunt,
2439 3763 2572 3817 quas
2594 3751 2613 3780 ⁸
2633 3745 3042 3801 Fortunatorum
3071 3745 3272 3799 insulas
3294 3753 3513 3809 vocant,
3532 3742 3655 3814 quod
3674 3753 3744 3809 per

2211 3855 2302 3896 eas
2331 3855 2436 3894 non
2471 3847 2621 3893 arato
2651 3838 2766 3892 solo
2795 3837 3058 3892 frumenta
3086 3846 3401 3900 nascuntur,
3441 3835 3657 3891 fortuitis
3679 3833 3739 3883 vi-

2214 3934 2354 3988 tibus
2389 3933 2516 4004 juga
2559 3931 2776 3986 collium
2804 3931 3123 3996 vestiuntur,
3174 3937 3370 4002 sponte
3415 3929 3580 3998 pomis
3618 3924 3742 3978 arbor

2213 4011 2486 4092 gravatur,
2529 4021 2592 4075 ad
2634 4021 2916 4076 herbarum
2947 4020 3114 4075 vicem
3143 4021 3262 4074 olus
3291 4020 3452 4087 vulgo
3481 4028 3578 4073 est.
3605 4015 3745 4082 Quae

2217 4115 2329 4168 tula
2355 4115 2454 4169 ista
2476 4122 2620 4176 sunt,
2643 4112 2688 4167 si
2707 4111 2864 4166 deum
2887 4119 3156 4165 auctorem
3179 4110 3518 4173 consideres,
3536 4101 3744 4160 mnum?

2209 4361 2224 4415 l
2279 4293 2300 4323 ⁸
2347 4293 2587 4348 Duodent
2635 4308 2665 4348 a
2714 4291 2992 4347 lictoribus
3040 4301 3164 4345 ante
3211 4293 3487 4347 consulem
3533 4287 3744 4361 pra'fcre-

2228 4373 2425 4415 iautnr.
3656 4372 3666 4381 ·

2228 4373 2612 4486 ἀιἬέἰτίΙιιιε
2655 4430 2953 4486 Mamertini
2997 4430 3398 4500 magistratibus
3442 4431 3585 4485 initio
3625 4425 3744 4492 huius

529 4484 876 4560 ad_hil_suit_,__et
893 4487 1083 4560 ordine
1111 4487 1339 4560 quodam
1359 4484 1596 4560 tractare
1627 4491 1812 4560 cmpit.
1856 4484 2103 4550 Cicctoui
2138 4500 2184 4559 D
2209 4484 2476 4556 elationis
2497 4484 2698 4556 dictum
2727 4484 2829 4556 est.

532 4553 631 4632 fuit
660 4551 1244 4632 familiarissimtts,'qui
1271 4559 1452 4632 etiipsi
1487 4561 1553 4613 ad
1597 4551 1876 4627 Mutinam,
1904 4581 2010 4632 quo
2041 4567 2104 4619 ad

532 4623 844 4691 placandum
864 4624 1165 4694 eloquentia
1195 4641 1291 4681 sua
1316 4623 1602 4682 Antonium
1639 4646 1665 4682 a
1694 4623 1882 4686 senatu
1908 4623 2106 4689 missus

531 4702 681 4766 erat,
719 4703 931 4766 m_ortno
976 4701 1201 4749 statuam
1243 4713 1436 4752 :vream
1483 4699 1782 4766 pedestrem
1811 4703 1860 4755 it
1915 4708 2106 4760 roStris

532 4763 727 4834 posuit.
758 4762 830 4817 De
857 4765 956 4819 hoc
983 4779 1129 4834 stupe,
1153 4769 1288 4833 apud
1322 4762 1553 4822 Tullium
1585 4773 1785 4826 mentio
1816 4783 1918 4827 est.

605 4834 620 4862 ⁸
650 4833 942 4900 Iuvenalis,
975 4841 1077 4890 sat.
1105 4835 1157 4901 3,
1193 4838 1324 4891 155.

622 4933 861 5012 Quantum
880 4951 1091 5012 quisque
1112 4965 1199 4999 sua
1223 4965 1523 5002 nummorum
1546 4965 1710 5006 servat
1728 4959 1774 5012 in
1796 4970 1903 5009 arca

622 5005 829 5060 Tantum
853 5005 1075 5061 hatiet'et
1099 5013 1228 5061 tidei.
1697 5005 1707 5006 ί
1736 5010 1744 5026 ‘

531 5183 562 5238 ὅ
598 5115 618 5143 ²
643 5109 1032 5238 1,εξξεεηιιιοδ,
1056 5128 1108 5170 ιιι
1132 5117 1379 5171 ob-etvat
1398 5117 2029 5233 I.ip.~ius‘Epistol.,qu;e
2064 5136 2104 5179 t.

568 5223 583 5238 .
611 5199 695 5238 en.
797 5219 812 5235 .

568 5199 964 5377 “cingimur:
989 5262 1044 5307 et
1063 5255 1326 5309 Gruterus
1350 5258 1522 5326 legunt
1541 5199 1900 5330 judicabitur:
1930 5263 2107 5334 itaque

568 5333 608 5376 st
637 5324 689 5377 in
716 5339 746 5377 e
789 5325 951 5377 itione
979 5325 1289 5377 Viennensi.

530 5333 608 5377 est
637 5324 689 5378 in
716 5324 951 5379 editione
979 5325 1289 5378 Viennensi.

597 5393 618 5422 ⁸
639 5394 908 5449 Acidalius
934 5395 1058 5465 legit
1084 5396 1274 5465 ingenti
1299 5397 1597 5467 diutinaque
1621 5400 1976 5468 providentia.

2282 4573 2301 4603 "
2327 4571 2540 4625 Navalis
2567 4573 2649 4624 vel
2696 4571 2875 4624 navale
2912 4579 3051 4624 terra
3093 4577 3177 4623 e-t
3213 4585 3333 4638 quae
3377 4569 3591 4624 alternis
3624 4565 3744 4638 anuis

2210 4641 2435 4710 quiescit
2455 4657 2517 4696 ac
2538 4641 2754 4702 seritur,
2779 4655 2885 4708 quo
2911 4655 3073 4694 sen~u
3099 4634 3284 4707 Virgil.
3305 4638 3524 4709 Georg.,
3544 4639 3674 4699 lib.t,
3695 4634 3742 4684 ἴε

2453 4730 2669 4780 Alternis
2691 4730 2818 4779 idem
2838 4737 3000 4779 tonsas
3022 4742 3220 4778 cessare
3246 4728 3462 4778 novales.

2211 4835 2320 4888 Iloc
2344 4833 2463 4887 loco
2488 4847 2586 4902 pro
2611 4841 2755 4902 terra
2778 4831 3091 4902 simpliciter
3116 4832 3362 4902 sumitur.

2277 4906 2298 4936 ⁸
2324 4903 2432 4958 Vos
2454 4899 2726 4965 a'CatOne,
2749 4899 2986 4955 Varrone
3023 4909 3076 4954 et
3103 4899 3394 4955 Columella
3419 4907 3653 4968 usurpata
3669 4908 3744 4963 ιντο

2213 4983 2450 5042 tempore
2474 4972 2897 5042 colligendorum
2921 4971 3205 5042 olivarum.

2281 5046 2301 5077 θ
2327 5035 2400 5098 De
2429 5042 2510 5096 his
2539 5035 2735 5111 passim
2763 5041 2902 5110 apud
2933 5049 3136 5109 poetas.
3167 5039 3375 5102 Ilorat.,
3406 5039 3563 5109 epod.
3592 5035 3676 5088 I6:

2545 5163 2696 5212 Beata
2721 5167 2941 5223 petamus
2957 5172 3089 5215 srva,
3111 5159 3290 5223 divites

2548 5224 2609 5274 Et
2636 5222 2832 5283 insulas,
2861 5223 3023 5271 reddit
3046 5223 3126 5271 ubi
3151 5222 3386 5270 Cererem

2608 5284 2777 5333 Tellus
2801 5287 2980 5346 inarata
3004 5291 3218 5346 quotsnu
3239 5295 3281 5340 s,

2610 5345 2672 5395 Et
2695 5347 2929 5407 imputata
2951 5345 3093 5395 tloret
3111 5356 3266 5405 usque

2547 5409 2722 5467 Vinea,
2751 5413 2848 5455 etc.

1869 5506 2441 5565 INTERPRETATIO.

594 5601 619 5628 ⁸
652 5592 826 5667 Neque
854 5594 986 5646 enim
1019 5595 1338 5649 metuendum
1376 5605 1449 5650 est
1470 5612 1531 5650 ne
1561 5596 1706 5667 falsis
1733 5607 2103 5652 assentatorum

527 5663 836 5740 sermonibus
878 5667 989 5734 rupi
1016 5682 1069 5718 se
1097 5667 1231 5740 sinat
1261 5669 1305 5720 is
1338 5669 1424 5736 qui
1448 5663 1597 5720 etiam
1625 5683 1758 5738 a'gre
1786 5685 1934 5722 aures
1965 5687 2101 5740 pra}-

526 5737 634 5787 Iveat
667 5734 790 5786 reris
821 5736 1212 5790 laudauerabus.

2283 5601 2309 5638 δ
2338 5599 2638 5653 Macilentus
2667 5598 2931 5651 reddatur.

2286 5683 2306 5708 ο
2338 5670 2448 5726 Iam
2482 5671 2756 5738 imperator
2790 5685 2968 5722 novam
2998 5665 3289 5738 digu'tatem
3324 5662 3450 5716 mihi
3473 5655 3740 5716 destinabat.
