3898 6470
140 462 250 518 ιεδ

788 456 1072 516 JULIANO
1107 452 1431 513 AUGUSTO
1469 449 1881 508 GRATIARUM
1921 448 2123 506 ACTIO
2163 447 2299 505 PRO
2336 447 2766 507 CONSULATU.

3312 455 3419 512 426

139 574 351 640 Nempe
380 569 533 626 nobis
561 584 807 641 quoque,
853 583 975 625 cum
1018 581 1206 639 agrum
1248 581 1356 622 non
1385 563 1583 620 nostris
1613 576 1728 618 ma.
1755 564 1809 624 Α
1835 571 1964 628 tem,
1988 561 2081 617 sed
2109 560 2398 631 plurimum
2427 561 2588 617 etiam
2616 561 2740 616 novi
2772 560 2990 616 honoris
3016 561 3313 632 adjeceris?
3341 567 3428 621 An

141 667 301 722 nibus
331 665 682 732 excolamus,
702 665 817 720 haec
848 663 1132 720 illaborata
1162 668 1475 718 nascuntur.
1519 658 1733 726 Quanto

141 760 354 816 [elicior
370 769 550 816 nostra
572 757 832 824 conditio,
846 763 1046 828 quanto
1066 754 1342 816 beatitudo
1359 750 1734 824 praestantior?

139 849 257 906 Non
285 852 301 881 ¹
327 850 476 921 spica
517 848 751 915 triticea,
796 863 904 905 non
934 847 1073 903 viles
1101 861 1323 903 uvarum
1358 844 1594 910 racemi;
1637 841 1732 899 sed

140 957 274 1013 opes
321 951 486 1018 atque
530 941 731 997 divitia:
775 940 911 997 nihil
960 939 1328 997 laborantibus
1376 938 1728 1008 ingeruntur;

141 1036 469 1105 provinciae,
518 1033 884 1105 praefectura,
936 1033 1107 1088 fasces
1154 1041 1346 1104 sponte
1392 1029 1731 1101 proveniunt.

141 1126 220 1182 Tu
253 1137 333 1196 tu,
369 1129 620 1199 inquam,
652 1125 886 1182 maxime
915 1125 1231 1194 imperator,
1260 1124 1569 1180 exsulantes
1597 1121 1736 1176 rele-

144 1230 398 1292 gatasque
436 1219 668 1274 virtutes
716 1219 783 1273 ad
831 1216 1216 1288 rempublicam
1248 1215 1482 1287 quodam
1506 1217 1527 1246 ²
1550 1212 1738 1284 postli-

146 1314 310 1370 minio
342 1312 650 1368 rcduxisti:
696 1321 751 1367 tu
791 1311 1054 1368 exstincta
1094 1310 1203 1381 jam
1233 1310 1532 1365 litterarum
1559 1306 1734 1363 studia

156 1405 176 1435 ³
197 1405 468 1462 ﬂammasti
493 1422 506 1460 :
532 1405 552 1436 ⁵
576 1414 630 1461 tu
659 1403 1052 1476 philosophiam
1077 1403 1239 1474 paulo
1261 1410 1385 1458 ante
1405 1410 1728 1472 suspectam,

157 1511 215 1553 ac
238 1497 468 1554 “nedum
501 1496 786 1568 spoliatam
826 1495 1153 1565 honoribus,
1195 1495 1292 1553 sed
1320 1505 1627 1553 accusatam
1671 1510 1735 1550 ac

147 1607 288 1648 ream
319 1607 430 1649 non
458 1592 621 1648 modo
645 1591 852 1663 judicio
879 1589 1156 1654 liberasti,
1202 1589 1298 1646 sed
1327 1590 1577 1646 amictam
1611 1605 1735 1658 pur-

143 1697 306 1754 pura,
355 1697 488 1738 auro
530 1683 866 1754 gemmisque
916 1679 1222 1737 redimitam
1247 1681 1342 1736 ‘in
1385 1680 1553 1752 regali
1598 1681 1735 1735 solio

141 1778 440 1834 coliocasti.
490 1776 777 1848 Suspicere
807 1777 918 1848 jam
954 1775 1008 1832 in
1043 1776 1241 1833 coelum
1269 1777 1417 1844 licet,
1449 1786 1505 1833 et
1531 1777 1735 1833 securis

137 1870 495 1942 contemplari
516 1878 663 1927 astra
685 1871 996 1939 luminibus,
1023 1870 1115 1940 qui
1142 1871 1300 1940 paulo
1324 1879 1448 1927 ante
1474 1886 1730 1942 pecorum

1838 655 2066 725 populus
2089 662 2173 710 est
2191 653 2460 710 timendus
2481 657 2502 688 ’
2530 653 2867 724 procuratori
2893 654 3269 712 alimentorum
3293 673 3421 715 suo-

1838 763 1955 802 rum
1977 789 1992 816 ,
2023 747 2146 804 vitae
2179 747 2407 816 vindici,
2446 746 2710 804 libertatis
2744 748 2985 804 auctori?
3027 748 3158 804 Nam
3193 750 3318 820 quid
3357 751 3425 806 de

1838 839 2099 898 militibus
2139 840 2368 912 loquar?
2404 842 2446 872 ¹⁰
2478 842 2614 912 Duo,
2647 850 2739 896 aut
2776 843 2875 898 tria
2918 843 3088 900 ferme
3135 859 3201 899 ex
3241 853 3424 901 vetere

1837 934 2098 991 memoria
2133 933 2429 991 amicorum
2470 935 2614 1005 paria
2656 936 3019 1005 proferuntur.
3060 936 3206 1009 Nego
3241 955 3428 1010 quem-

1835 1027 1979 1095 piam
2009 1027 2078 1082 ab
2103 1041 2212 1082 uno
2246 1027 2420 1084 amico
2449 1028 2570 1098 plus
2609 1027 2862 1093 dilectum
2893 1044 3050 1100 quam
3083 1040 3159 1098 tu,
3188 1031 3424 1103 impera-
3462 1078 3471 1093 λ

1838 1128 1941 1188 tor,
1962 1135 2068 1175 non
2098 1121 2258 1177 modo
2279 1136 2308 1177 a
2344 1123 2382 1154 “
2411 1123 2717 1189 comitibus,
2745 1124 2972 1180 tribunis
3003 1124 3128 1192 tuis,
3160 1125 3254 1182 sed
3283 1141 3312 1181 a
3343 1128 3424 1184 ie-
3454 1122 3457 1124 ’

1837 1213 2084 1283 gionibus
2112 1217 2341 1281 cunctis,
2369 1216 2637 1288 equitibus
2683 1233 2744 1272 ac
2791 1217 3077 1288 peditibus,
3098 1220 3140 1250 υ
3167 1220 3426 1290 gregariis

1835 1305 1998 1363 etiam
2029 1307 2289 1365 militibus
2319 1308 2580 1381 diligaris.
2617 1310 2815 1380 itaque,
2847 1310 2987 1379 quod
3019 1311 3085 1367 ad
3130 1321 3181 1368 te
3210 1313 3424 1378 attinet,

1836 1411 2029 1458 cuncta
2046 1402 2157 1472 jam
2184 1417 2215 1458 a
2245 1403 2487 1459 custodia
2517 1405 2590 1459 tui
2615 1418 2763 1459 arma
2788 1418 3116 1474 removeres,
3144 1406 3239 1462 sed
3260 1422 3429 1477 quan-

1838 1495 1908 1550 do
1946 1495 2049 1551 hoc
2090 1505 2243 1566 potes
2281 1496 2604 1566 persuadere
2643 1497 2943 1553 militibus?
2969 1498 3144 1552 Anxia
3178 1507 3260 1554 est
3296 1499 3428 1554 lide-

1838 1587 1966 1642 lium
1997 1589 2291 1660 diligentia.
2318 1599 2344 1628 α
2377 1591 2609 1646 Maximo
2629 1579 2800 1646 amori
2825 1592 3092 1647 maximus
3119 1591 3278 1648 timor
3302 1593 3428 1660 jun-

1835 1692 1950 1739 ctus
1980 1693 2081 1740 est.
2123 1684 2238 1741 Non
2269 1685 2423 1740 nobis
2453 1684 2652 1740 sufﬁcit
2684 1683 2829 1756 quod
2857 1685 3135 1741 obtinuisti
3171 1693 3230 1740 ut
3268 1701 3426 1743 nemo

1836 1785 1889 1833 te
1913 1779 2042 1834 velit
2079 1780 2295 1846 laedere,
2327 1779 2427 1834 nisi
2462 1793 2560 1835 nos
2583 1793 2834 1835 curamus
2858 1788 2917 1834 ut
2943 1795 3100 1836 nemo
3130 1780 3320 1850 possit.

1915 1869 2079 1924 XXV.
2116 1871 2425 1927 llabuerunt
2457 1870 2698 1926 nonnulli
2734 1871 2821 1926 alii
2870 1871 3139 1942 principes
3181 1872 3427 1928 devotam

134 1972 299 2033 atque
316 1962 727 2034 quadrupedum
754 1962 1106 2018 animantium
1127 1961 1235 2017 ritu
1255 1962 1311 2017 in
1333 1962 1554 2019 humum
1583 1964 1732 2020 visus
1761 1945 1808 2006 Β
1837 1969 1891 2016 et
1919 1969 2191 2018 amantem
2229 1962 2312 2016 sui
2346 1961 2628 2018 cohortem
2655 2003 2669 2027 ,
2698 1962 2793 2018 sed
2831 1962 2938 2018 alio
2979 1962 3208 2033 quodam
3234 1962 3428 2028 modo;

134 2056 384 2128 trepidos
415 2056 728 2127 iigebamus.
779 2055 911 2124 Quis
940 2055 1086 2112 enim
1115 2063 1364 2127 spectare
1393 2056 1618 2113 auderet
1645 2072 1732 2114 or-

132 2158 246 2204 tum
293 2148 510 2216 sideris,
560 2149 680 2220 quis
726 2147 1019 2205 occasum?
1069 2147 1147 2204 Ne
1191 2148 1442 2219 agricola:
1491 2149 1730 2219 quidem,

131 2257 366 2313 quorum
398 2256 562 2312 opera
602 2242 668 2298 ad
713 2251 916 2298 motum
956 2241 1232 2312 signorum
1262 2241 1564 2297 cmiestium
1597 2251 1733 2298 tem-

130 2335 376 2406 peranda
425 2343 581 2403 sunt,
633 2342 1012 2406 tempestatum
1063 2334 1325 2404 praesagia
1373 2333 1728 2390 rimabantur.

132 2426 237 2496 ipsi
286 2435 497 2492 nautae,
545 2425 635 2495 qui
679 2435 970 2482 nocturnos
1010 2438 1203 2480 cursus
1252 2424 1321 2480 ad
1365 2433 1509 2481 astra
1550 2425 1735 2481 mode-

135 2527 354 2587 rantur,
411 2517 692 2573 stellarum
742 2515 1049 2573 nominibus
1095 2515 1454 2572 abstinebant.
1507 2517 1733 2574 Prorsus

140 2619 281 2666 terra
323 2610 572 2680 marique
606 2624 712 2666 non
749 2608 960 2666 ratione
997 2607 1239 2676 caelesti,
1282 2609 1377 2666 sed
1407 2624 1535 2667 casu
1565 2625 1629 2666 ac
1657 2619 1730 2668 te-

144 2717 295 2758 nere
321 2701 624 2758 vivebatur.

208 2793 407 2849 XXlV.
438 2791 580 2848 Nihil
618 2791 778 2864 igitur
805 2793 1001 2849 mirum
1037 2802 1155 2861 est,
1183 2794 1498 2863 imperator,
1529 2793 1575 2848 si
1616 2802 1736 2849 tan-

143 2897 228 2942 tus
266 2901 449 2954 amor,
481 2894 537 2941 et
578 2893 686 2940 tam
716 2900 876 2942 verus
915 2885 969 2940 in
1007 2895 1059 2942 te
1102 2885 1302 2941 civium
1330 2885 1522 2941 fervet.
1553 2885 1738 2957 Neque

137 2979 286 3035 enim
328 2981 496 3034 ullum
539 2987 668 3049 puto
710 2987 832 3048 post
875 2977 1121 3034 homines
1159 2987 1313 3033 natos
1343 2986 1490 3035 tanto
1524 2978 1740 3048 generis

135 3070 370 3127 h‘umani
409 3072 600 3129 ardore
647 3071 923 3127 dilectum.
968 3069 1301 3128 Caeterorum
1349 3086 1534 3141 regum
1583 3078 1742 3142 atque

137 3165 539 3235 imperatorum
559 3165 853 3221 charitates
881 3164 1168 3220 admodum
1197 3178 1353 3232 rarae,
1380 3179 1480 3219 nec
1510 3180 1741 3235 unquam

139 3255 427 3312 diuturnae
456 3257 675 3313 fuerunt.
709 3257 728 3287 ⁷
764 3255 820 3312 ln
856 3257 1081 3315 summis
1111 3256 1254 3311 enim
1285 3254 1562 3311 hominum
1593 3256 1744 3313 habi-

1837 2053 2070 2125 primum
2125 2053 2266 2124 quod
2302 2054 2345 2085 ¹³
2387 2053 2621 2122 imperiti
2670 2069 2731 2108 ac
2785 2053 2946 2109 rudes
3005 2054 3430 2109 indoctissimum

1834 2159 2102 2216 quemque
2133 2146 2185 2201 in
2216 2145 2499 2202 consilium
2523 2145 2852 2216 deligebant,
2876 2145 3083 2202 scilicet
3107 2154 3165 2202 ut
3190 2147 3429 2217 ipsorum

1835 2239 2118 2310 prudentia
2154 2241 2312 2311 vulgo
2347 2255 2446 2297 suo
2487 2241 2826 2312 aliquatenus
2851 2242 3174 2298 eminerent.
3209 2242 3282 2297 lta
3309 2258 3432 2299 cum

1835 2331 2133 2388 vilissimus
2182 2333 2412 2403 quisque
2460 2332 2726 2388 honorum
2775 2344 2828 2387 et
2876 2333 3182 2388 divitiarum
3234 2334 3432 2403 potitus

1840 2422 2022 2489 foret;
2056 2437 2152 2479 sua
2183 2423 2467 2480 commoda
2491 2465 2507 2490 ,
2551 2433 2602 2479 et
2633 2423 2759 2479 vitia
2788 2425 3089 2496 principum
3119 2425 3429 2497 diligebant.

1837 2515 1920 2571 Ab
1973 2515 2058 2573 his
2107 2516 2341 2587 optimus
2389 2517 2617 2588 quisque
2667 2516 2984 2588 abigebatur
3032 2519 3211 2588 procul
3240 2561 3255 2587 ,
3310 2532 3431 2574 cum

1837 2617 2088 2680 suspecta
2126 2619 2270 2666 esset
2312 2609 2549 2680 probitas
2579 2619 2634 2666 et
2660 2609 2866 2676 invisa;
2900 2617 2955 2666 et
2983 2620 3182 2682 quanto
3209 2611 3435 2682 quisque

1838 2701 2141 2767 honestior,
2171 2701 2200 2742 δ
2231 2711 2380 2759 tanto
2415 2703 2772 2774 importunior
2799 2704 3035 2775 turpium
3063 2705 3268 2761 arbiter
3295 2705 3434 2760 vita-

1840 2803 2011 2850 retur.
2045 2796 2114 2850 At
2138 2804 2196 2850 tu
2215 2835 2230 2860 ,
2260 2796 2530 2865 Auguste,
2559 2795 2812 2852 omnibus
2834 2797 2987 2865 nugis
3016 2798 3261 2865 remotis,
3291 2799 3435 2868 opti-

1843 2900 1990 2941 mum
2037 2895 2092 2942 et
2144 2887 2515 2943 doctissimum
2559 2893 2827 2957 quemque
2871 2886 3156 2957 perquiris.
3213 2888 3268 2943 Si
3317 2889 3436 2955 quis

1842 2983 2067 3048 praestat
2085 2974 2373 3034 virtutibus
2397 2977 2608 3034 bellicis
2633 2988 2687 3033 et
2711 2977 2866 3033 laude
2902 2978 3108 3033 militiae
3126 3019 3139 3042 ,
3175 2979 3226 3033 in
3251 2979 3437 3035 amicis

1844 3068 2106 3137 habetur;
2151 3071 2240 3141 qui
2293 3071 2347 3126 in
2389 3070 2623 3126 oratoria
2676 3070 2959 3137 facultate,
2990 3071 3081 3141 qui
3124 3072 3175 3126 in
3215 3071 3437 3127 scientia

1842 3161 1980 3233 juris
2009 3161 2184 3219 civilis
2216 3163 2456 3232 excellit,
2487 3163 2630 3218 uitro
2660 3162 2725 3219 ad
2751 3162 3167 3220 familiaritatem
3195 3174 3436 3221 vocatur.

1846 3255 2164 3327 Quicunque
2193 3257 2245 3312 in
2276 3255 2740 3312 administratione
2772 3253 3080 3325 reipublicae
3101 3257 3438 3313 innocentem

139 3357 336 3404 tavere
371 3349 676 3420 pectoribus
697 3392 713 3418 ,
752 3349 926 3404 subita
967 3357 1023 3405 et
1056 3349 1326 3404 fortunata
1365 3349 1742 3408 benevolentia
1767 3335 1816 3402 C
1847 3363 1909 3406 se
1938 3363 2173 3419 unquam
2201 3349 2256 3404 et
2286 3357 2564 3405 strenuum
2592 3347 2840 3417 prazhuit,
2874 3349 2927 3402 in
2958 3349 3287 3406 consortium
3315 3365 3438 3404 mu-

145 3449 490 3511 provocataz,
527 3457 634 3498 non
664 3442 918 3497 virtutum
958 3439 1316 3497 admiratione
1349 3441 1630 3499 devinctae.
1669 3444 1741 3501 At

147 3549 280 3590 vero
320 3544 504 3594 noster
542 3536 766 3593 allectus
810 3536 922 3591 veri
973 3535 1212 3605 certique
1237 3535 1425 3605 judicii
1463 3545 1579 3606 est,
1619 3537 1740 3594 imis

166 3630 362 3684 mentis
389 3629 604 3688 sedibus
627 3629 875 3701 alligatus
897 3627 1129 3696 animus,
1161 3637 1217 3684 et
1240 3630 1363 3684 vitae
1392 3628 1667 3685 immixtus
1688 3638 1744 3686 et

165 3719 356 3792 unitas,
375 3722 620 3778 resolutis
642 3720 802 3778 etiam
831 3728 1005 3776 morte
1033 3719 1350 3789 corporibus
1373 3734 1496 3776 cum
1518 3721 1740 3778 immor-

150 3817 249 3873 tali
293 3828 475 3875 mente
518 3819 781 3876 victurus.
824 3820 988 3874 Arma
1017 3818 1215 3889 igitur,
1255 3825 1308 3875 et
1340 3817 1566 3888 juvenes
1617 3833 1737 3874 cum

143 3909 342 3980 gladiis
370 3921 537 3982 atque
585 3911 711 3982 pilis
750 3925 858 3967 non
892 3910 1149 3966 custodiae
1183 3912 1426 3981 corporis
1458 3921 1612 3978 sunt,
1649 3911 1745 3968 sed

145 4002 377 4074 quidam
436 4003 805 4074 imperatoriae
852 4003 1147 4075 majestatis
1191 4003 1448 4060 solemnis
1502 4014 1743 4061 ornatus.

140 4095 288 4163 Quid
331 4098 480 4152 enim
520 4096 639 4154 istis
666 4113 801 4168 opus
828 4106 911 4153 est
933 4138 948 4163 ,
981 4111 1101 4154 cum
1132 4096 1440 4154 ﬁrmissimo
1479 4099 1552 4154 sis
1591 4113 1746 4154 muro

138 4191 301 4248 civici
333 4193 538 4247 amoris
566 4191 860 4262 obseptus?
883 4195 961 4247 An
990 4190 1276 4248 metuenda
1306 4191 1401 4247 tibi
1423 4194 1444 4225 ⁸
1472 4195 1619 4249 curia
1639 4203 1744 4262 est,

138 4300 271 4343 cum
309 4285 530 4342 senatui
563 4299 669 4342 non
700 4283 876 4341 sohrm
905 4293 1144 4341 veterem
1183 4283 1485 4341 reddideris
1519 4286 1750 4357 dignita-

216 4492 234 4522 ³
263 4492 309 4543 Δ
357 4485 692 4542 nominativo
737 4485 963 4556 spicum,
1009 4500 1116 4556 quo
1155 4500 1284 4544 usus
1321 4495 1406 4544 est
1434 4487 1642 4543 Tullius
1690 4490 1746 4545 in

142 4563 350 4626 Arato,
382 4558 583 4624 spicum
607 4557 810 4611 illustre
834 4561 1020 4626 ferens.

214 4633 237 4663 ³
265 4629 617 4684 Postliminio
646 4627 898 4693 redeunt,
945 4629 1246 4699 quicunque
1287 4629 1508 4695 eodem,
1555 4646 1650 4688 seu
1679 4631 1744 4688 ad

137 4701 296 4758 idem
329 4701 500 4755 limen
529 4707 888 4765 revertuntur,
915 4699 1060 4754 unde
1086 4701 1349 4756 exierant.

213 4773 237 4804 ³
261 4770 392 4842 Vox
420 4785 526 4842 non
553 4769 716 4825 semel
742 4769 928 4842 Tacito
954 4779 1233 4842 usurpata,
1267 4787 1361 4839 pro
1386 4773 1743 4842 inﬂammasti.

210 4844 236 4874 ’⁸
260 4841 465 4900 Melior
488 4840 711 4897 fortasse
737 4840 925 4896 fuisset
943 4841 1209 4909 Julianus,
1235 4845 1280 4898 si
1305 4840 1510 4899 naturae
1537 4841 1747 4903 arcanis

141 4913 571 4986 perscrutandis
599 4913 775 4986 minus
804 4927 862 4967 se
893 4911 1148 4986 dedisset.

209 4987 236 5019 ⁸
259 4985 324 5041 Id
356 4995 465 5049 est,
495 4999 593 5037 non
623 4984 774 5038 modo
803 4983 1097 5051 spoliatam.

213 5057 240 5090 ⁸
270 5057 374 5113 Sic
403 5053 628 5110 Pacatus
647 5055 701 5110 in
734 5053 1004 5109 Theodos.
1035 5053 1166 5109 Pan.
1199 5070 1347 5110 num.
1375 5056 1439 5111 i6
1468 5074 1480 5112 :
1513 5057 1589 5112 Tu
1617 5064 1748 5115 ami-

135 5129 331 5183 citiam
383 5143 486 5180 non
526 5126 693 5182 solum
739 5127 874 5178 intra
919 5125 1092 5179 aulam
1131 5128 1349 5191 vocasti,
1395 5130 1485 5182 sed
1512 5129 1750 5187 indutam

133 5215 419 5271 purpura,
450 5213 576 5252 auro
599 5198 903 5269 gemmisque
924 5197 1211 5251 redimitam
1239 5197 1368 5252 solio
1392 5200 1642 5270 recepisti.

209 5272 233 5303 "
272 5271 333 5326 ω
368 5277 474 5335 est,
519 5271 574 5323 in
627 5268 810 5322 intima
840 5274 992 5335 parte
1021 5269 1276 5340 pectoris,
1310 5277 1367 5323 ut
1419 5271 1475 5323 lit
1529 5275 1716 5340 opposi

216 5287 229 5303 '
272 5287 333 5326 ια
368 5287 474 5335 εει,
519 5287 574 5323 In
627 5287 810 5322 inllma
840 5287 992 5335 parte
1021 5287 1276 5336 pecwrts,
1310 5287 1367 5323 Ill.
1419 5287 1475 5323 ιιι
1529 5287 1749 5343 ορροεια

134 5342 220 5398 tio
252 5356 390 5397 cum
431 5341 496 5394 iis
525 5354 644 5409 qua:
674 5354 796 5411 mox
827 5346 1124 5411 sequuntur
1159 5357 1186 5411 εγ
1203 5339 1266 5393 At
1293 5355 1408 5395 vero
1437 5353 1606 5396 noster
1630 5343 1755 5411 affe-

132 5422 258 5468 ctus
283 5412 409 5466 imis
437 5408 615 5464 mentis
638 5409 838 5465 sedibus
860 5408 1121 5480 alligatus.
1151 5410 1513 5481 Expungenda
1539 5408 1750 5472 videtur

133 5483 406 5540 Acidalio
430 5497 530 5536 vox
554 5496 674 5552 qua:
701 5481 965 5552 sequitur,
997 5496 1188 5552 nempe
1218 5483 1440 5538 animus.

210 5555 239 5589 ⁸
271 5555 456 5610 Locus
484 5551 581 5608 ubi
601 5553 667 5608 de
693 5551 854 5607 rebus
885 5551 1110 5620 publicis
1139 5553 1410 5622 agebatur.

211 5629 237 5661 ³
261 5625 514 5683 Julianus
534 5624 677 5681 enim
700 5622 923 5680 Romam
948 5630 1164 5694 propter
1183 5623 1433 5680 diuturna
1454 5625 1592 5682 bella
1612 5625 1751 5682 fame

1847 3455 2037 3499 uerum
2076 3448 2402 3512 receptatur.
2438 3439 2707 3511 Regendis
2747 3439 3034 3510 provinciis
3077 3456 3186 3496 non
3215 3440 3442 3497 familia-

1846 3535 2117 3591 rissimum
2145 3549 2441 3606 quemque,
2477 3531 2573 3589 sed
2602 3531 3097 3589 innocentissimum
3126 3533 3278 3604 legis.
3309 3534 3442 3590 0m-

1847 3643 1945 3685 nes
1969 3643 1997 3683 a
2022 3636 2074 3685 te
2100 3637 2361 3706 augentur
2379 3625 2623 3699 pecunia,
2657 3625 3042 3696 locupletantur
3080 3627 3278 3686 divitiis
3299 3670 3315 3697 ,
3345 3628 3443 3686 ho-

1847 3723 2070 3780 noribus
2105 3723 2477 3780 honestantur.

1920 3814 2112 3872 XXVI.
2145 3814 2373 3871 Prorsus
2399 3813 2661 3870 amicitias
2688 3813 2855 3870 tueris
2894 3813 3086 3884 privati
3124 3812 3249 3878 ﬁde,
3273 3814 3443 3886 impe-

1855 3909 2051 3966 ratoris
2086 3909 2395 3978 cpulentia,
2423 3923 2545 3977 quae
2574 3915 2847 3978 perpetuae
2875 3916 2930 3962 et
2959 3907 3251 3964 constantis
3278 3909 3445 3964 bene-

1855 4003 2107 4060 volentiae
2153 4002 2322 4072 prima
2352 3999 2545 4057 ﬁducia
2590 4012 2693 4069 est,
2725 4001 3022 4057 certissima
3071 4001 3360 4068 virtutum,
3391 4011 3448 4058 et

1857 4097 2104 4169 princeps
2125 4096 2342 4151 veritas.
2372 4091 2419 4125 “
2441 4092 2576 4148 Num
2603 4108 2760 4164 quem
2788 4093 2838 4147 in
2862 4092 3043 4147 animo
3070 4107 3188 4147 esse
3210 4094 3446 4162 suspica-

1859 4199 1971 4246 tum
2000 4189 2217 4245 audivi?
2246 4188 2413 4243 Nemo
2451 4185 2720 4242 simulatis
2758 4186 3030 4242 blanditiis
3053 4226 3070 4254 ,
3117 4201 3275 4242 nemo
3313 4186 3446 4241 falsa

1858 4282 2246 4356 pollicitatione
2270 4279 2526 4352 deceptus
2546 4287 2650 4336 est.
2674 4278 2803 4347 Quis
2827 4279 3000 4337 nescit
3019 4277 3243 4336 aliorum
3271 4279 3445 4350 impe-

1853 4487 2107 4544 alllictam
2133 4484 2486 4557 suppeditatis
2514 4485 2781 4557 alimentis
2813 4491 3159 4557 sustentarat.

1928 4560 1970 4592 ¹⁰
1999 4559 2132 4615 Nota
2161 4552 2250 4614 est'
2267 4557 2462 4612 Thesei
2494 4566 2550 4612 ct
2576 4555 2825 4623 Pirithoi,
2855 4555 3108 4610 Damonis
3137 4561 3189 4609 et
3220 4552 3446 4625 Pythiae,

1852 4631 1913 4688 C.
1947 4631 2094 4714 Laelii
2141 4639 2197 4686 et
2239 4625 3285 4714 Africani.Scipioniswarnicitia.Plura
3332 4626 3447 4696 ejus

1851 4703 2066 4774 generis
2094 4700 2335 4770 exempla
2368 4699 2564 4770 passim
2597 4697 2718 4754 vide
2741 4698 2879 4768 apud
2907 4707 3172 4753 auctores.

1929 4775 1968 4805 ”
2000 4773 2078 4830 De
2117 4771 2284 4828 tribus
2323 4771 2576 4826 comitum
2607 4769 2882 4825 ordinibus
2917 4783 2946 4822 a
2987 4768 3336 4824 Constantino
3362 4769 3450 4824 in-

1858 4845 2118 4900 troductis
2151 4860 2165 4896 :
2197 4842 2324 4914 quid
2353 4841 2579 4912 singulis
2608 4856 2701 4910 pro
2734 4841 2940 4914 ratione
2968 4841 3048 4914 sui
3080 4839 3450 4914 ordinis__con-

1772 4910 1829 4974 D
1855 4916 2064 4972 veniret
2092 4935 2106 4970 :
2145 4910 2508 4970 de’comitibus
2534 4913 2942 4985 prouinciarum,
2967 4911 3028 4985 de
3057 4911 3238 4985 comite
3265 4910 3450 4985 diuina:

1854 4987 2060 5053 domus,
2099 4986 2455 5058 largitionum,
2483 4979 2588 5040 etc.
2618 4983 2754 5039 Vide
2782 4981 3120 5040 Grutherium
3151 4981 3214 5034 de
3262 4979 3449 5049 Οθῖσὶἱδ

1857 5059 2042 5127 domus
2063 5059 2330 5127 Augustae.

1931 5130 1973 5161 “
2005 5123 2292 5199 Gregarius
2322 5127 2478 5183 miles
2505 5125 2700 5199 dicitur
2727 5137 2863 5179 unus
2899 5137 2931 5178 e
2962 5135 3143 5193 grege,
3170 5130 3226 5177 et
3253 5123 3449 5176 tumui-

1859 5200 2030 5257 tuarie
2056 5198 2408 5268 undecunque
2438 5198 2716 5252 collectus.

1936 5270 1980 5302 ³⁸
2007 5271 2084 5326 Ita
2115 5261 2502 5326 restituendum
2531 5268 2628 5323 fuit
2655 5284 2721 5324 ex
2751 5263 3060 5332 Cuspiniani
3092 5261 3297 5329 codice,
3325 5277 3446 5316 cum

1863 5343 1918 5399 in
1949 5341 2220 5424 plerisque
2251 5342 2409 5424 libris
2440 5341 2646 5424 legatur
2683 5336 2940 5424 imperitia
2978 5335 3156 5389 rudes.
3188 5332 3448 5390 Similiter

1858 5414 2412 5540 prgpammieaiiggz'
2431 5411 2889 5552 ἑῑξὲιῗιξαιίέέιζὲῳᾶΐ
2921 5496 2974 5535 se
3001 5477 3312 5552 suspicatum
3347 5492 3446 5531 au-

1857 5555 2028 5611 divit?
2053 5554 2127 5612 lta
2158 5555 2397 5612 Livineio
2417 5552 2642 5609 videtur.

1510 5760 2089 5820 INTERPRETATIO.

217 5911 250 5942 ιι
290 5900 422 5969 Ejus
443 5911 622 5963 causa,
646 5909 804 5968 quem
825 5895 1042 5969 multum
1066 5895 1256 5968 diligis,
1279 5894 1553 5966 plurimum
1576 5895 1741 5950 times.

215 5973 249 6013 δ
290 5966 459 6028 Tanto
480 5966 736 6023 molestidr
756 5969 893 6022 testis
924 5966 1182 6040 {ageretur
1208 5981 1379 6025 eorum
1409 5982 1522 6037 quit
1542 5982 1750 6039 ageren-

408 6061 678 6128 Punoa.
723 6058 950 6127 XVlll.

1853 5905 1936 5952 tur
1961 5897 2188 5966 turpiter.

3066 6044 3139 6106 15
