3898 6440
559 485 659 538 ην

1247 471 1712 532 MAMEBTINUS.
1741 504 1810 516 —
1839 473 2247 533 GRATIARUM
2286 473 2488 532 ACTlO
2527 473 2663 531 PRO
2703 471 3128 534 CONSULATU.
3654 485 3729 544 428

557 606 790 653 ratorum
819 592 1040 648 hilarem
1066 589 1335 646 diritatem
1355 629 1370 656 ,
1401 591 1416 620 ί
1447 589 1961 658 cachinnantemque
1985 591 2138 644 savi-
2163 591 2217 651 Α
2244 597 2461 645 ventare
2485 605 2581 645 nos
2612 590 2864 661 principi,
2904 590 3042 648 forte
3070 601 3178 646 tum
3209 589 3352 647 danti
3371 606 3567 664 Operam
3585 599 3601 629 ι
3626 599 3731 653 mlh

561 694 720 754 tiam;
761 702 791 740 a
833 685 1026 756 quibus
1068 681 1298 753 ingenita
1329 679 1619 737 crudelitas
1656 680 1906 751 ﬁgmento
1949 681 2144 736 latitia

561 780 876 854 tegebatur?
899 779 1028 835 Mira
1049 787 1131 835 est
1160 778 1213 833 in
1237 777 1478 848 principe
1504 784 1690 832 nostro
1713 779 1906 830 mentis
1930 775 2146 846 lingua-

557 891 660 949 que
703 874 1008 932 concordia.
1049 872 1164 929 Non
1206 870 1367 926 modo
1414 869 1629 926 humilis
1674 879 1726 924 et
1770 872 1918 937 parvi
1957 866 2140 936 animi,

555 968 652 1027 sed
681 971 704 1004 ⁸
736 967 932 1025 servile
958 967 1141 1022 vitium
1189 965 1288 1022 scit
1329 978 1448 1020 esse
1487 963 1845 1019 mendacium.
1879 961 1944 1016 Et
1972 976 2101 1017 vere
2123 1004 2137 1028 ,

555 1077 677 1120 cum
706 1061 992 1120 mendaces
1025 1059 1267 1116 homines
1299 1065 1393 1112 aut
1417 1055 1613 1128 in0pia,
1646 1066 1739 1111 aut
1765 1055 1922 1110 timor
1952 1053 2141 1121 faciat,

557 1154 978 1229 magnitudinem
1021 1151 1248 1208 fortuna
1287 1165 1397 1206 sua
1440 1148 1728 1216 imperator
1767 1148 1855 1219 qui
1890 1148 2142 1203 mentitur

557 1248 788 1320 ignorat.
817 1243 981 1312 Quis,
1010 1256 1106 1299 oro
1133 1255 1229 1296 vos
1249 1281 1263 1305 ,
1296 1239 1448 1311 plura
1478 1239 1702 1308 praebuit
1733 1236 1852 1294 ﬁdei
1894 1246 2138 1292 constan-

557 1339 756 1410 tiaque
793 1334 1143 1394 documenta?
1171 1331 1373 1391 Omnes
1402 1347 1536 1402 quos
1567 1331 1805 1402 privatus
1834 1333 1887 1386 in
1918 1330 2142 1386 familia-

556 1433 766 1488 ritatem
793 1429 1013 1497 recepit,
1028 1425 1219 1482 eodem
1241 1423 1404 1481 habet
1427 1423 1718 1493 imperator
1738 1421 1948 1478 aii‘ectu.
1973 1422 2142 1478 Nemo

558 1523 724 1594 gradu
768 1519 978 1590 pulsus,
1027 1532 1187 1573 nemo
1228 1517 1376 1572 aditu
1420 1515 1750 1588 prohibitus,
1785 1516 1915 1571 nulli
1961 1515 2139 1586 palatii

556 1619 700 1672 fores
728 1613 924 1669 clausa
950 1619 1094 1668 sunt.
1120 1611 1139 1643 ³
1163 1611 1361 1667 Omnes
1388 1611 1557 1666 bonos
1587 1611 1762 1666 habet.
1794 1611 1848 1665 ln
1881 1611 2140 1681 recipien-

558 1711 634 1761 die
678 1706 865 1762 amicis
903 1704 1137 1775 optimus
1163 1703 1328 1775 judex
1353 1713 1455 1760 est.
1483 1704 1538 1762 Si
1566 1703 1729 1775 aliqui
1760 1713 1883 1760 sunt
1912 1705 2138 1775 improbi

554 1796 856 1866 tolerandi,
892 1796 1227 1854 familiarium
1256 1796 1395 1851 vitiis
1426 1796 1768 1852 immutabilis
1797 1805 1878 1853 est
1913 1796 2133 1852 amicus.

621 1888 834 1948 XXVII.
867 1889 936 1945 At
963 1897 1172 1947 mutant
1195 1888 1444 1944 secunda
1473 1905 1560 1946 res
1586 1891 1840 1946 animos?
1877 1889 2133 1946 Nostrum

2249 681 2531 752 tatoribus,
2562 682 2855 740 nuntiatur.
2890 677 3083 739 Statim
3116 700 3148 740 e
3169 685 3302 742 solio
3327 685 3368 718 ί·
3395 693 3614 760 tanquam
3636 706 3733 761 pra.

2248 786 2436 846 ceptus
2463 773 2702 843 exsiluit,
2727 774 2882 832 vultu
2909 776 3120 849 trepido
3150 787 3308 849 atque
3325 788 3590 851 satagente,
3608 785 3734 854 qualis

2248 881 2402 922 mens
2430 881 2547 923 mea
2578 882 2698 926 esse
2727 870 3011 939 potuisset,
3043 869 3089 926 si
3125 871 3346 943 principi
3373 886 3513 928 serus
3549 887 3736 932 occurre-

2246 974 2383 1015 rem.
2425 957 2590 1032 A'igre
2624 961 2847 1016 remotis
2893 963 3070 1034 populi
3109 963 3200 1034 qui
3239 979 3336 1021 nos
3367 965 3737 1036 pragrediebatur

2247 1048 2569 1122 agminibus,
2600 1059 2658 1107 ut
2687 1066 2846 1122 quam
2872 1049 3180 1125 longissime
3206 1054 3358 1111 nobis
3385 1053 3574 1111 obviam
3603 1073 3737 1127 proce-

2245 1141 2400 1200 deret
2424 1141 2707 1199 laboravit.
2735 1142 2865 1213 lllic,
2892 1145 3024 1216 prob
3057 1157 3244 1203 sancta
3273 1146 3735 1219 divinitaslgauden-

2246 1235 2388 1292 tibus
2407 1237 2631 1302 cunctis,
2653 1252 2759 1310 quo
2779 1253 2872 1294 ore
2889 1238 2911 1292 τ
2937 1253 3040 1309 qua
3069 1240 3234 1296 voce?
3263 1241 3445 1311 inquit.
3468 1239 3633 1311 Ave,“
3649 1255 3738 1298 con-
3837 1301 3840 1308 ,

2245 1325 2329 1383 sul
2368 1326 2716 1399 amplissime.
2762 1327 3020 1402 Dignatus
3063 1332 3248 1387 osculo
3288 1331 3397 1388 oris
3436 1333 3563 1389 illius
3598 1333 3738 1390 divinis

2245 1415 2493 1476 aii'atibus
2516 1420 2815 1476 consecrati
2839 1419 3113 1479 dexteram
3141 1421 3310 1493 dedit,
3346 1423 3485 1481 illam
3507 1424 3738 1492 dexteram,

2245 1512 2548 1570 immortale
2599 1515 2787 1587 pignus
2833 1514 3084 1585 virtutis,
3138 1529 3193 1574 et
3218 1517 3362 1576 ﬁdei.
3413 1518 3572 1577 Poeta
3613 1519 3742 1576 ferunt

2243 1605 2558 1663 altissimum
2608 1607 2786 1679 illum,
2838 1618 2892 1667 et
2939 1619 3130 1668 cuncta
3176 1620 3436 1684 potestate
3474 1613 3742 1670 cohibentem

2244 1697 2433 1770 deum,
2481 1700 2570 1772 qui
2608 1699 2812 1759 ditione
2865 1712 3120 1776 perpetua
3162 1701 3340 1763 divina
3378 1712 3526 1779 atque
3569 1705 3741 1762 humans

2245 1789 2571 1863 moderatur,
2586 1807 2707 1850 cum
2729 1792 2988 1865 despiciat
3008 1795 3063 1852 in
3090 1805 3263 1853 terras
3287 1797 3328 1830 “
3351 1794 3522 1855 habitu
3535 1798 3628 1853 oris
3648 1807 3741 1854 tem-

2244 1893 2507 1958 pestatum
2533 1883 2738 1944 incerta
2765 1898 3001 1959 mutare,
3045 1890 3161 1962 ejus
3189 1900 3319 1947 nutu
3351 1890 3587 1948 mundum
3609 1891 3743 1948 tremi-

556 1982 856 2054 principem
887 1982 932 2037 si
953 1981 1185 2038 nondum
1216 1982 1557 2049 mutaverint,
1577 1983 1790 2054 quando
1819 1984 2140 2040 mutabunt?
2172 1988 2218 2050 Β
2243 1993 2414 2048 scere,
2460 1977 2599 2036 illius
2626 1979 2892 2038 hilaritate
2933 1980 3173 2040 turbines
3211 1983 3376 2056 abigi,
3424 1983 3578 2041 nubes
3601 1982 3742 2056 fugari,

552 2075 717 2145 Cujus
748 2088 978 2144 unquam
1002 2073 1230 2129 divinior
1260 2074 1482 2130 felicitas
1511 2075 1650 2130 fuit?
1683 2075 1847 2132 Paulo
1877 2088 2002 2135 ante
2023 2079 2043 2110 ‘
2073 2080 2126 2136 in

552 2164 804 2222 laceratis
833 2163 1020 2221 Gallia
1057 2164 1349 2236 provinciis
1397 2166 1578 2237 lapsus
1616 2168 1636 2199 ⁸
1675 2167 2011 2226 inimicorum
2041 2187 2130 2226 ca-

553 2257 796 2328 pitalium
818 2259 1017 2328 apertis
1038 2259 1226 2328 armis,
1253 2269 1308 2314 et
1338 2259 1562 2316 occultis
1587 2257 1798 2316 insidiis
1821 2263 2127 2332 petebatur;

552 2351 608 2407 in
638 2351 877 2421 pauculis
902 2351 1176 2407 mensibus
1192 2351 1372 2408 divino
1395 2369 1617 2411 munere
1642 2353 1845 2428 Libya,
1877 2356 2124 2430 Europa,

551 2443 799 2514 Asiaque
843 2455 1090 2516 regnator
1139 2454 1238 2500 est.
1283 2445 1414 2514 Qua
1461 2447 1665 2519 majora
1693 2450 2128 2522 exspectabimus

551 2533 638 2590 dei
667 2535 916 2604 pramia,
959 2549 1149 2604 quave
1181 2535 1428 2592 uberiora
1458 2537 1598 2594 dona
1630 2538 1894 2596 fortuna?
1941 2539 2129 2600 Videte

551 2639 678 2681 num
720 2626 972 2682 secundis
1018 2626 1178 2683 rebus
1213 2627 1386 2683 elatus
1423 2629 1621 2700 aliquid
1663 2631 1731 2686 de
1774 2633 1967 2702 prioris
2006 2634 2129 2691 vitae

550 2715 960 2774 mansuetudine
1009 2726 1064 2773 et
1117 2717 1484 2777 moderatione
1528 2724 1837 2779 mutaverit.
1909 2723 2129 2780 Mutavit

550 2808 724 2879 plane,
757 2810 1000 2866 mutavit.
1033 2807 1164 2865 Nam
1189 2809 1402 2867 civilior
1424 2811 1595 2870 factus
1627 2829 2010 2886 prosperorum
2043 2817 2126 2873 in-

543 2899 705 2972 fregit
751 2899 1027 2959 invidiam.
1084 2903 1180 2958 Cui
1226 2918 1333 2959 non
1363 2905 1448 2960 vel
1491 2902 1622 2961 illud
1669 2915 1882 2979 tempus
1927 2908 2127 2967 sedata

545 2994 770 3065 prabuit
801 2996 996 3051 mentis
1027 2994 1312 3066 indicium,
1369 3013 1476 3069 quo
1525 2997 1781 3055 horrendi
1817 2998 1940 3056 belli
1980 3012 2129 3058 metu

543 3085 818 3158 republica
849 3087 1093 3156 liberata,
1121 3088 1250 3145 elati
1280 3103 1464 3145 sumus
1493 3091 1672 3147 cuncti
1701 3092 1962 3163 gestiente
1994 3093 2126 3150 lati-

540 3177 650 3234 tia?
675 3178 782 3236 Sed
824 3179 1138 3247 imperator,
1167 3195 1468 3253 quanquam
1512 3182 1721 3239 calcati
1761 3199 1862 3254 ope
1897 3185 2124 3244 salutem

540 3269 854 3342 reipublica
877 3281 1220 3345 pr0pagatam
1241 3274 1469 3344 videret,
1492 3284 1547 3332 et
1566 3276 1928 3335 conditionem
1954 3279 2125 3336 doluit

2239 2071 2461 2128 nitentia
2483 2086 2578 2144 per
2600 2071 2785 2131 orbem
2817 2089 3008 2132 serena
3035 2075 3268 2132 refundi.

2309 2163 2500 2222 XXIX.
2541 2165 2653 2224 Hoc
2679 2167 2750 2222 ita
2776 2182 2918 2235 esse,
2947 2170 3105 2240 paulo
3133 2180 3259 2226 ante
3284 2169 3450 2228 oculis
3476 2171 3606 2228 licuit
3624 2182 3742 2238 expe-

2235 2259 2350 2314 riri.
2381 2267 2407 2296 α
2438 2257 2493 2314 in
2519 2267 2774 2330 quantam
2805 2257 3015 2317 laxatus
3042 2271 3125 2318 est
3161 2263 3393 2334 populus
3427 2270 3479 2320 te
3503 2261 3739 2320 consulibus

2234 2352 2339 2408 tuis
2368 2351 2638 2411 arridente
2664 2353 2949 2410 latitiam?
2989 2353 3230 2413 Vidimus
3261 2357 3510 2415 attonitos
3533 2355 3738 2412 adminu-

2234 2446 2369 2502 tium
2399 2446 2604 2514 vultus,
2647 2446 3002 2505 multiformes
3045 2449 3343 2506 Iatantium
3379 2458 3572 2515 status,
3613 2447 3742 2504 varios

2233 2554 2516 2611 corporum
2553 2550 2752 2599 motus.
2802 2540 3083 2601 Clamores
3130 2543 3433 2601 inconditos
3460 2541 3742 2614 profundebat

2234 2631 2484 2689 laudandi
2513 2633 2678 2690 effusa
2709 2634 2948 2692 libertas.
2984 2634 3334 2705 Tripudiabat
3362 2635 3555 2694 crebris
3579 2632 3741 2689 saltibus

2235 2725 2538 2783 multitudo.
2590 2725 2779 2783 Nimia
2813 2727 3014 2784 latitia
3043 2728 3254 2785 decoris
3280 2739 3407 2785 sunt
3437 2738 3487 2786 et
3527 2724 3740 2798 gravitatis

2235 2817 2595 2874 immemores.
2649 2817 2741 2874 illa
2781 2818 3008 2889 jactatio
3055 2829 3335 2891 togarum,
3388 2819 3474 2876 illa
3518 2815 3741 2874 exsultatio

2232 2921 2520 2978 corporum
2549 2907 2916 2966 nescientibus
2941 2924 3080 2980 pene
3107 2908 3416 2968 hominibus
3455 2908 3740 2966 excitabatur.

2231 2996 2457 3056 Omnem
2485 2998 2806 3057 modestiam
2837 3001 3042 3073 populi,
3079 3017 3297 3058 omnem
3331 2999 3667 3059 verecundiam
3685 2994 3739 3050 tui

2231 3087 2425 3164 gaudia
2465 3090 2671 3150 eﬂ‘rena
2709 3103 3112 3164 superaverant.
3182 3095 3319 3164 Ave,
3364 3093 3540 3150 consul
3579 3086 3740 3158 amplis-

2230 3183 2386 3241 sime.
2433 3188 2580 3242 Aveo
2625 3185 2812 3256 plane,
2859 3187 3154 3258 imperator
3182 3231 3196 3256 ,
3240 3195 3297 3242 et
3325 3186 3512 3244 avebo.
3542 3183 3565 3223 δ
3609 3180 3740 3250 Neque

2229 3273 2375 3330 enim
2417 3285 2639 3332 eventus
2677 3290 2800 3334 esse
2847 3284 3024 3348 potest
3064 3277 3234 3348 optati
3285 3277 3442 3348 hujus
3484 3273 3738 3343 ambiguus;

542 3363 852 3429 humanam,
903 3372 980 3432 et,
1025 3361 1354 3421 olfensarum
1391 3367 1617 3438 gratiam
1671 3368 1894 3439 faciens,
1950 3370 2121 3430 induit
2145 3375 2193 3441 C
2227 3381 2347 3423 cum
2379 3368 2424 3424 is
2446 3383 2608 3426 avere
2628 3369 2835 3438 jubeat,
2866 3369 2959 3439 qui
2981 3369 3093 3442 jam
3123 3369 3249 3426 fecit
3269 3377 3331 3425 ut
3349 3381 3571 3426 averem.
3591 3358 3740 3420 Consnl

540 3452 779 3521 fratrem,
803 3462 857 3510 et
881 3454 1037 3524 cujus
1061 3457 1223 3510 armis
1245 3456 1267 3489 ⁸
1291 3457 1456 3514 vitam
1483 3459 1843 3532 impugnatam
1875 3463 2114 3534 sciebat;

539 3555 766 3606 mortem
797 3547 914 3616 ejus
941 3547 1172 3616 ornavit,
1218 3563 1278 3606 ac
1301 3558 1484 3620 postea
1527 3553 1641 3624 ipse
1668 3553 1804 3625 justa
1838 3557 2113 3626 persolvit.

537 3635 603 3693 Et
621 3638 905 3709 memoria,
932 3648 986 3696 et
1009 3640 1281 3698 oblivione
1307 3642 1585 3712 mirabilis,
1609 3647 1629 3678 ⁷
1660 3647 1858 3704 oblitus
1891 3648 2112 3720 inimici,

535 3730 782 3787 meminit
808 3731 1060 3789 haredis.

605 3819 845 3878 XXVIII.
895 3823 1003 3881 Sed
1042 3825 1172 3897 quid
1214 3841 1315 3900 ego
1360 3828 1570 3900 longius
1613 3829 1808 3887 indicia
1859 3833 2002 3889 mitis
2053 3842 2110 3889 et

535 3923 828 3971 mansueta
855 3915 1051 3974 mentis
1075 3921 1333 3977 accerso?
1355 3919 1452 3978 llic
1473 3922 1606 3993 ipse,
1637 3921 1726 3979 hic
1755 3924 1970 3994 inquam
1993 3925 2108 3996 ipse

531 4006 647 4065 dies
695 4007 923 4079 praebuit
959 4010 1131 4069 civilis
1179 4013 1340 4069 animi
1394 4015 1525 4070 satis
1571 4016 1715 4071 clara
1765 4015 2103 4073 documenta.

533 4097 646 4171 Ego
675 4109 730 4156 et
757 4102 780 4135 ⁸
808 4101 1010 4174 collega
1058 4117 1234 4172 meus,
1260 4120 1330 4161 ne
1367 4105 1492 4176 quid
1524 4107 1787 4163 maximus
1814 4109 2102 4179 imperator

533 4192 852 4263 propensius
895 4194 1243 4254 humanitatis
1287 4197 1466 4253 studio
1513 4197 1712 4255 faceret
1762 4201 2102 4257 verebamur.

528 4283 712 4356 itaque
751 4287 1014 4344 matutino
1050 4291 1370 4360 crepusculo
1411 4290 1664 4361 palatium
1707 4293 1958 4362 petimus.
2004 4294 2108 4350 Ad-

2222 3459 2572 3533 amplissime.
2624 3462 2755 3518 Sum
2798 3461 2954 3534 plane
3005 3471 3060 3518 et
3095 3460 3309 3530 consul,
3353 3471 3405 3518 et
3445 3454 3740 3530 amplissimus

2222 3553 2428 3610 consul.
2446 3551 2577 3622 Quis
2596 3553 2738 3610 enim
2755 3568 2841 3610 me
2859 3551 2958 3610 fuit
2970 3554 3196 3626 amplior
3211 3553 3420 3624 consul,
3439 3565 3582 3622 quem
3595 3546 3632 3580 "
3645 3543 3738 3602 sub-

2220 3645 2372 3702 limat
2411 3653 2466 3702 et
2510 3643 2742 3702 illustrat
2785 3639 3112 3712 consulatus,
3146 3658 3307 3715 quem
3355 3639 3616 3700 tribuisti:
3659 3649 3740 3689 atu-

2221 3738 2446 3810 piitudo,
2479 3752 2636 3810 quam
2667 3735 2878 3794 tribuis.
2910 3734 3038 3793 Post
3064 3733 3252 3808 prima
3277 3730 3595 3792 salutationis
3614 3727 3738 3783 fausta

2221 3829 2509 3904 colloquia,
2536 3830 2662 3903 quid
2692 3844 2787 3903 pro
2812 3829 2934 3900 jure
2954 3827 3219 3887 consulari
3239 3841 3400 3900 agere
3425 3823 3565 3882 nobis
3584 3819 3739 3894 placeat

2219 3923 2545 3994 sciscitatur,
2592 3923 2923 3980 senatorium
2956 3920 3274 3992 impleturus
3302 3917 3528 3976 officium
3555 3914 3594 3970 si
3619 3907 3740 3967 libeat

2223 4015 2267 4050 “
2297 4017 2530 4075 tribunal
2561 4023 2774 4089 petere,
2803 4014 2850 4072 si
2875 4013 3186 4071 concionem
3215 4012 3498 4078 advocare,
3547 4007 3588 4102 si
3611 4008 3740 4102 rostri

2218 4109 2603 4168 conscendere.
2636 4108 2745 4169 Sed
2774 4123 2872 4166 nos
2898 4107 2967 4165 ad
2991 4108 3194 4165 curiam
3221 4104 3478 4163 solemnia
3506 4098 3641 4170 huius
3663 4092 3737 4194 (ξεί

2217 4202 2680 4261 senatusconsulta
2705 4201 2991 4259 ducebant.
3023 4199 3206 4273 itaque
3237 4213 3298 4255 se
3340 4196 3577 4255 comitem
3604 4190 3738 4282 statui!
3850 4190 3851 4232 1

2223 4297 2466 4368 prabet,
2512 4305 2569 4354 et
2615 4304 2900 4364 utrumque
2937 4291 3079 4351 latus
3117 4291 3427 4349 consulatus
3473 4282 3739 4359 praetextatis

601 4419 618 4503 ξ
649 4417 719 4503 id
734 4425 1022 4503 est,__quam
1051 4419 1312 4503 cachinno
1341 4438 1435 4503 seu
1457 4422 1626 4503 effuso
1652 4425 1762 4483 risu
1790 4427 2100 4503 dissimuia-
2129 4431 2185 4494 D
2209 4445 2286 4498 sv,
2319 4446 2409 4503 ep.
2432 4431 2467 4488 8
2493 4448 2506 4486 :

527 4488 637 4569 bat.
679 4488 1035 4569 Domitianum
1057 4499 1265 4569 _no_tat,
1292 4492 1415 4562 qui,
1445 4498 1867 4569 quotiescunque
1914 4500 2104 4556 savire

524 4559 582 4612 in
600 4558 906 4640 quempiam
931 4558 1258 4640 destinabat,
1283 4558 1578 4636 composito
1616 4569 1682 4623 ad
1718 4558 1858 4625 ris'us
1881 4576 1937 4626 et
1953 4570 2106 4640 jocos

526 4627 694 4703 vultu,
726 4627 1053 4703 iracundiam
1081 4627 1309 4703 tegebat.

597 4699 618 4730 ³
647 4697 929 4781 Sumptum
957 4701 1087 4781 illud
1115 4695 1182 4781 ἐχ
1211 4705 1495 4781 lflutarclio
1520 4708 1587 4763 de
1615 4710 1951 4768 Institutione
1975 4725 2106 4781 pue-
2213 4695 2217 4697 l

527 4781 734 4851 rerum,
765 4771 1105 4851 δουλοπρεπὲς
1135 4779 1191 4851 eo
1221 4775 1515 4851 ψερδεσθᾳι.

598 4838 620 4930 ξ
649 4840 730 4930 θη
751 4851 887 4930 amat
907 4859 926 4898 :
948 4838 1050 4930 bisi
1073 4838 1602 4930 habet'idsigniticat,
1627 4853 1767 4921 quod
1791 4853 1931 4924 apud
1957 4851 2102 4911 Gra-

525 4922 622 5014 oo:
649 4921 789 4995 ἔχει,
823 4927 916 5039 pro
947 4921 1109 4998 tenet,
1137 4921 1349 4999 retinet.
1824 4921 1841 4924 “

655 4983 819 5040 Actda
847 4999 927 5041 tus
982 4985 1129 5056 legit,
1205 5005 1257 5042 ιη
1307 4989 1555 5046 laceratus
1627 4989 1815 5051 Gallia
1888 4997 2096 5069 provin-

525 5067 872 5208 “afiye‘mpe
885 5125 1200 5208 Constantii,
1231 5129 1453 5208 ejusque
1471 5131 1736 5192 factionis.

595 5194 618 5280 ς
652 5194 1042 5280 gittersliusius
1073 5194 1218 5280 legit,
1249 5194 1404 5280 nitaris
1424 5221 1570 5258 suam
1598 5207 1972 5280 impugnqtam.

591 5265 633 5352 '_
649 5264 860 5352 Oblitus
881 5282 940 5323 se
966 5264 1238 5352 inimicum
1266 5271 1450 5343 fuisse,
1473 5264 1715 5334 meminit
1738 5264 1796 5336 se
1823 5264 2093 5337 baredem

521 5338 638 5408 ejus
665 5351 785 5420 esse
814 5338 1041 5408 imperii.
1376 5413 1386 5425 I
1437 5338 1446 5343 '

589 5409 614 5481 Ψ
648 5407 852 5481 genta,
884 5409 952 5465 de
979 5425 1086 5481 quo
1117 5427 1220 5467 non
1246 5427 1352 5468 uno
1374 5430 1426 5469 in
1459 5415 1578 5471 loco
1612 5421 1943 5476 Ammianus.

589 5480 612 5512 ⁸
648 5477 778 5564 Nam
808 5482 971 5537 moris
996 5477 1114 5564 erat
1134 5483 1271 5554 apud
1301 5483 1590 5564 Romanos,
1621 5499 1676 5545 ut
1699 5490 1794 5545 viri
1824 5492 2094 5564 principes

517 5563 613 5605 seu
642 5556 734 5632 qui
756 5565 912 5632 supra
939 5562 1162 5632 caeteros
1212 5556 1441 5632 potentia
1481 5556 2012 5632 eminerentfprima'
2037 5573 2093 5618 et

516 5622 758 5678 secunda
783 5619 915 5679 hora
942 5619 1227 5681 matutina'
1245 5625 1636 5720 salutarentur.
1669 5619 1922 5688 Marii-alis
1940 5674 1956 5701 ,
1992 5634 2086 5689 lib.

2367 4524 2533 4575 Prima
2551 4523 2817 4575 salutantes
2838 4525 2989 4586 atque
3009 4520 3168 4573 altera
3187 4519 3403 4571 conterit
3421 4517 3550 4570 hort.

2208 4612 2222 4624 ⁴
2293 4610 2334 4641 ³ο
2377 4608 2432 4664 Id
2459 4615 2578 4676 est,
2609 4585 3028 4678 pravantus,ut
3056 4603 3241 4675 Virgil.
3284 4601 3496 4659 Aineid.
3535 4611 3597 4660 vr,
3634 4585 3737 4646 105³

2372 4698 2547 4752 Omnia
2567 4698 2797 4763 precept,
2815 4703 2962 4763 atque
2985 4696 3145 4748 animo
3163 4706 3356 4747 mecum
3376 4681 3492 4745 ante
3508 4683 3672 4754 petes!»

2291 4782 2333 4856 _“
2368 4780 2692 4856 Utrumhoc
2715 4776 3739 4856 bou_oris_gtitulo_cobonestab‘anturucog-

2215 4853 2365 4910 sules
2381 4835 2406 4920 ξ
2423 4835 2580 4932 ῥίζα
2590 4835 2778 4932 "sagi;
2789 4835 3023 4932 ‘9',""lib'.
3038 4835 3436 4932 inponimus
3458 4835 3737 4932 Siclloqigffj

2215 4913 2400 5001 servat
2419 4925 2574 5001 Joan.
2604 4913 2806 4981 Savaro
2817 4913 2857 4979 τ’
2871 4937 2936 4980 an
2953 4913 3473 5001 quodADianiertinus
3495 4913 3564 5001 ες
3581 4917 3737 5001 399$;

2216 4975 2397 5073 ῑᾱίιέέι-
2413 4975 3739 5073 ὖῖζῖίίὶβῖιίῇἒὶνῖἰιἱέἕὲέξὶιλῄξῃιηίξιψιὶι’ἓξὲξ

2217 5044 2838 5139 inﬂammatis;
2859 5044 3118 5139 sanitas
3139 5044 3171 5120 ξ
3186 5044 3546 5139 ᾘίὶὲῖὄεάεὶκτ
3577 5044 3740 5139 qua!“

2213 5131 2394 5207 simus,
2422 5140 2512 5210 qui
2536 5157 2631 5195 sua
2657 5131 2841 5194 virtute
2865 5138 2921 5193 in
2945 5133 3181 5192 altiorem
3210 5131 3636 5212 locumpersenit.

2287 5210 2331 5242 ¹³
2369 5211 2452 5280 An
2475 5209 2678 5264 halitu?
2698 5209 3010 5280 Quanquam
3032 5216 3086 5264 et
3104 5204 3303 5260 habitus
3326 5218 3428 5259 om
3448 5195 3579 5270 apud
3602 5190 3732 5248 Lucr

2211 5294 2344 5337 num
2371 5279 2586 5337 dicitur.

2291 5350 2336 5384 “
2380 5351 2615 5408 Extollit.
2640 5349 2756 5406 Vox
2783 5349 2945 5406 Ennii
2971 5355 3026 5404 et
3049 5345 3226 5404 Nonii.

2288 5421 2506 5506 ".Nom
2559 5423 2708 5515 varia
2751 5419 3032 5515 εοηειιιυιξι
3080 5409 3740 5515 °‘“°‘i:.‘§2.“."“‘ai’°.‘ﬁiii

2211 5496 2525 5583 οοηεὲοειεεη
2542 5481 3741 5583 sensualem:99°22'393'8a.1‘:f“21

2211 5547 2681 5635 séiia'iiiic'dnsuiia’
2710 5547 2986 5635 proferre.
3022 5559 3168 5635 ‘Hoc
3212 5553 3409 5630 passim
3459 5547 3625 5609 videre
3680 5550 3722 5592 ω

2207 5636 2355 5708 apud
2387 5633 2622 5691 historia
2647 5629 2904 5689 Romana
2930 5629 3239 5703 scriptores.

1845 5765 2434 5829 lNTERPRETATlO.

588 5880 616 5909 ι
643 5869 982 5952 Ιρμααηςςιξη
997 5873 1244 5952 gaudium
1267 5875 1459 5943 s/fusus
1486 5888 1556 5934 est
1579 5882 1814 5952 papulas,
1839 5882 1960 5938 dum
1985 5885 2086 5937 suis

515 5941 802 5998 consulibus
823 5941 1212 6001 adblaridirsris.

2240 5878 2307 5926 ’δ
2349 5884 2531 6013 meque
2578 5885 2712 5940 enim
2757 5890 2920 5955 potest
2963 5879 3150 5939 dubius
3191 5893 3300 5935 esse
3333 5884 3580 5936 successus
3618 5860 3740 5931 hij!“

2240 5959 2313 6012 loti
2339 5965 2359 6013 t

2208 5959 2313 6013 uoti
2339 5965 2359 6013 t
