3898 6502
186 548 295 605 4Ξ9

702 547 789 602 ΑΙ)
827 544 1204 605 MAMERTINI
1241 542 1651 605 OPUSCULUM
1692 538 2033 601 APPENDIX
2063 570 2132 585 —
2162 539 2321 598 VITA
2353 541 2457 597 FL.
2501 542 2604 597 CL.
2636 541 2919 599 JULlANl.

3338 539 3444 596 450

188 669 363 716 tectus
393 659 610 727 incedit,
639 675 745 716 non
774 660 996 718 multum
1026 659 1279 718 diﬁerens
1305 675 1337 719 a
1362 656 1766 731 magistratibus
1793 659 1849 722 Α
1873 661 2028 727 putes
2055 667 2176 710 esse
2200 651 2561 711 tribuendum.
2592 652 2760 709 Nemo
2787 668 3018 723 unquam
3051 661 3168 723 post
3200 650 3446 708 homines

183 754 299 809 suis
321 762 378 808 et
402 768 597 823 genere
622 761 676 809 et
700 753 880 809 colore
907 754 1153 811 vestitus.

1871 756 2027 804 natos
2058 746 2322 817 ampliora
2348 747 2571 817 prtemia
2607 762 2637 801 a
2677 746 2890 816 regibus
2914 756 3076 816 atque
3101 746 3447 818 imperatori-

256 840 430 901 XXX.
472 842 811 915 Superﬂunm
846 843 986 902 forte
1024 844 1269 903 videatur
1308 860 1427 918 quae
1456 844 1765 915 vosmetipsi
1870 839 1971 896 bus
1994 847 2312 896 consecutus
2341 846 2453 904 est;
2483 838 2613 895 nulli
2631 840 2749 909 plus
2767 841 2950 895 oneris
2977 838 3445 913 lmpositum.Non

183 932 401 993 vidistis
430 935 658 1005 iterare,
680 950 855 1008 neque
878 936 1021 995 enim
1047 936 1267 995 auribus
1294 944 1617 1010 expetuntur
1642 951 1763 1007 quae

178 1027 385 1085 fuerint
396 1036 647 1100 usurpata
660 1027 966 1097 luminibus,
988 1029 1079 1086 sed
1098 1029 1392 1086 mandanda
1410 1038 1535 1087 sunt
1551 1028 1762 1095 litteris,

178 1120 471 1178 inserenda
488 1121 866 1189 monumentis,
890 1120 1148 1179 mittenda
1174 1122 1228 1177 in
1254 1124 1763 1193 posterossventuris

178 1213 397 1272 saeculis
424 1216 514 1272 vix
541 1214 808 1275 credenda
837 1216 1117 1275 miracula.
1142 1214 1291 1275 Pene
1326 1218 1461 1276 intra
1499 1219 1644 1289 ipsas
1667 1234 1761 1292 pa-

178 1307 365 1366 latina
390 1310 585 1367 domus
615 1311 827 1378 valvas,
870 1312 1089 1369 lecticas
1134 1314 1443 1371 consulares
1478 1314 1639 1385 jussit
1676 1314 1760 1370 in.

186 1398 349 1467 tetri;
384 1408 439 1459 et
465 1414 613 1470 eum,
654 1402 845 1459 honori
881 1403 998 1474 ejus
1027 1403 1462 1478 venerationique
1486 1404 1757 1472 cedentes,

189 1491 349 1549 sedile
376 1491 508 1549 illud
543 1492 814 1565 dignitatis
838 1495 1179 1567 amplissimae
1213 1511 1616 1564 recusaremus,
1648 1497 1758 1553 suis

181 1600 277 1641 nos
306 1600 481 1657 prope
506 1587 754 1645 manibus
778 1588 1056 1660 impositos
1084 1590 1283 1648 mixtus
1318 1592 1517 1663 agmini
1548 1600 1756 1663 togato-

177 1690 295 1731 rum
326 1678 522 1748 pmire
544 1678 709 1749 coepit
739 1678 922 1750 pedes,
949 1680 1173 1751 gradum
1200 1681 1487 1738 moderans
1518 1696 1655 1754 pene
1691 1683 1757 1737 ad

176 1766 386 1824 lictoris
409 1777 617 1836 nutum,
648 1777 703 1828 et
728 1770 948 1828 viatoris
967 1769 1270 1845 imperium.
1316 1772 1513 1832 Credet
1534 1774 1637 1833 hoc
1661 1775 1759 1833 ali-

176 1860 298 1929 quis
323 1861 419 1931 qui
440 1860 530 1918 illa
560 1872 969 1935 purpuratorum
1010 1866 1143 1923 vidit
1183 1868 1340 1939 paulo
1368 1879 1492 1925 ante
1518 1868 1754 1938 fastidia,

172 1954 261 2025 qui
316 1954 443 2012 ideo
491 1965 693 2014 tantum
740 1957 999 2017 honorem
1041 1961 1095 2017 in
1138 1975 1265 2018 suos
1290 2004 1304 2027 ,
1350 1977 1418 2019 ne
1456 1962 1753 2020 inhonoros

1868 931 2096 987 abnuam
2141 931 2506 1003 praefecturas,
2547 941 2601 988 et
2633 930 2944 987 consulatus
2984 932 3169 988 multis
3198 947 3316 988 esse
3343 931 3442 988 de»

1868 1021 2023 1092 latos,
2068 1022 2165 1080 sed
2206 1022 2289 1079 his
2324 1032 2447 1094 post
2476 1024 2767 1080 immensos
2808 1024 3041 1090 labores,
3088 1023 3260 1080 honos
3287 1022 3445 1094 quasi

1866 1115 2077 1171 debitus
2107 1116 2381 1172 restitutus
2421 1126 2503 1171 est
2537 1133 2550 1170 :
2591 1116 2721 1173 mihi
2747 1132 2867 1172 cum
2891 1117 3001 1188 jam
3030 1118 3291 1173 honorem
3314 1117 3439 1174 ade-

1866 1214 1987 1278 ptus
2024 1207 2145 1276 sim,
2184 1223 2325 1264 nunc
2354 1208 2568 1265 demum
2607 1222 2659 1265 ut
2694 1224 2904 1265 merear
2944 1209 3295 1267 laborandum
3333 1220 3433 1267 est

1866 1296 2032 1355 Versa
2075 1299 2282 1356 ratione
2315 1309 2635 1371 temporum,
2669 1310 2966 1372 permutata
2996 1318 3280 1360 munerum
3322 1304 3434 1360 vice

1863 1393 2023 1450 modo
2041 1395 2351 1452 enitendum
2372 1404 2454 1451 est
2471 1404 2530 1451 ut
2552 1396 2776 1467 praemio
2790 1396 2979 1467 dignus
3000 1398 3296 1464 existimer,
3314 1412 3439 1454 cum

1858 1484 1968 1554 jam
1992 1487 2270 1559 praemium
2293 1486 2547 1558 ceperim.
2577 1487 2622 1543 Ο
2649 1488 2779 1543 mihi
2818 1490 3026 1546 festinae
3067 1500 3171 1546 tuae
3200 1493 3405 1547 benevo

1861 1578 2041 1635 lentiae
2064 1580 2440 1651 gravissimum
2472 1580 2704 1650 pondus!
2742 1579 2942 1639 Vereor
2970 1593 3029 1639 ut
3054 1594 3237 1653 aperte
3260 1585 3427 1653 ριρισὶι

1860 1685 2011 1728 mere
2038 1671 2412 1729 difﬁcultatum
2444 1688 2686 1729 mearum
2705 1674 2948 1729 ordinem
2963 1675 3433 1731 valeam.Faciliua

1860 1774 1965 1835 est,
1994 1768 2306 1838 imperator,
2334 1765 2488 1823 bonis
2516 1767 2720 1823 artibus
2763 1768 2958 1825 mereri
2991 1768 3264 1823 consulem
3293 1767 3431 1839 ﬁeri,

1860 1871 2022 1929 quam
2051 1855 2312 1916 industria
2341 1866 2397 1916 et
2437 1858 2623 1917 labore
2660 1859 2919 1931 perﬁcere
2963 1872 3020 1918 ut
3065 1860 3293 1919 videaris
3322 1875 3436 1918 me-

1859 1950 2037 2007 ruisse
2056 1964 2179 2008 cum
2202 1950 2377 2009 factus
2400 1951 2498 2009 sis.

170 2054 602 2116 contemnerent,
627 2048 1009 2109 conferebant?
1037 2050 1229 2109 Credet
1254 2050 1448 2125 aliquis
1466 2061 1613 2110 tanto
1634 2062 1754 2125 post

1927 2040 2142 2098 XXXII.
2180 2043 2352 2109 Absit,
2402 2044 2660 2115 Auguste,
2704 2053 2759 2100 et
2796 2043 2939 2101 istud
2975 2053 3160 2101 sancta
3186 2044 3436 2101 divinitas

171 2150 412 2196 veterem
438 2138 583 2197 illam
628 2140 924 2213 priscorum
964 2151 1265 2215 temporum
1305 2145 1609 2203 libertatem
1647 2146 1755 2203 rei-

168 2230 402 2301 publiem
431 2232 736 2289 redditam?
763 2234 949 2306 Neque
974 2235 1117 2292 enim
1141 2249 1242 2307 ego
1274 2236 1291 2268 ¹
1327 2235 1472 2292 Lucii
1505 2236 1670 2305 Bruti,
1700 2244 1755 2292 et

170 2323 350 2381 Publii
384 2323 618 2397 Valerii,
661 2326 749 2397 qui
789 2326 949 2398 primi
985 2328 1186 2385 exactis
1232 2328 1445 2400 regibus
1491 2336 1755 2401 potestate

167 2430 348 2473 annua
378 2414 586 2475 civibus
614 2416 971 2489 przfuerunt,
1011 2419 1344 2477 consulatum
1391 2429 1577 2477 nostro
1606 2428 1757 2477 ante-

173 2510 488 2581 ponendum
520 2522 666 2583 puto.
701 2510 936 2584 Uterque
963 2513 1103 2570 bono
1132 2514 1367 2585 publico,
1394 2524 1618 2585 uterque
1644 2511 1755 2570 Ro-

166 2616 345 2660 mana
372 2603 681 2676 reipublicae
705 2603 981 2672 salutaris,
1025 2612 1250 2678 uterque
1294 2607 1517 2678 insignis
1554 2603 1755 2677 princi-

171 2697 273 2768 piis
303 2697 755 2767 commodorum;
804 2699 897 2756 sed
949 2699 1111 2757 habet
1158 2700 1358 2775 aliquid
1391 2701 1753 2774 unusquisque

165 2794 519 2865 praecipuum.
550 2793 633 2851 illi
659 2801 979 2864 potestatem
1001 2795 1342 2852 consularem
1376 2811 1472 2868 per
1500 2795 1752 2867 populum

162 2896 526 2958 acceperunt,
570 2901 670 2943 nos
716 2898 810 2959 per
846 2886 1117 2944 lulianum
1156 2888 1481 2961 recepimus.
1532 2888 1753 2947 Illorum

161 2993 311 3036 anno
338 2979 562 3037 libertas
591 2989 710 3037 orta
737 2991 841 3050 est,
876 2989 1063 3038 nostro
1090 2984 1359 3041 restituta.

233 3070 438 3129 XXXI.
468 3071 576 3131 Sed
604 3072 733 3141 sint,
765 3072 1099 3131 sanctissime
1126 3074 1439 3145 imperator,
1470 3089 1532 3131 ea
1555 3089 1676 3145 quas
1699 3084 1755 3131 tu

153 3165 339 3235 justo,
382 3167 678 3235 moderate,
718 3169 946 3226 civiliter
973 3169 1107 3227 facis
1143 3170 1262 3227 aliis
1287 3169 1425 3228 forte
1454 3170 1753 3234 miraculo;

160 3257 311 3313 mihi
358 3270 480 3314 esse
529 3270 628 3315 non
666 3270 913 3332 possunt,
962 3263 1051 3332 qui
1093 3271 1145 3319 te
1180 3261 1429 3318 omnibus
1457 3264 1477 3294 ³
1507 3261 1756 3320 humanis

160 3349 318 3405 vitiis
333 3348 635 3411 absolutum
653 3358 712 3409 et
736 3351 985 3421 liberum,
1001 3352 1166 3409 sciam
1193 3353 1312 3412 solo
1337 3355 1755 3412 immortalitatis

157 3458 353 3501 amore
379 3443 610 3517 ﬂagrare
627 3488 643 3514 ,
675 3446 910 3518 dirigere
937 3461 1128 3505 omnes
1155 3463 1291 3520 opes
1317 3458 1371 3504 et
1399 3449 1753 3521 cogitationes

162 3546 285 3592 tuas
329 3538 397 3594 ad
423 3538 739 3595 memoriam
780 3540 1114 3610 posteritatis
1142 3550 1423 3610 uernam,
1468 3552 1629 3613 atque
1671 3543 1753 3598 his

170 3630 410 3687 maxine
446 3633 651 3688 servire
693 3631 963 3704 iudicibus
1001 3633 1093 3704 qui
1134 3634 1205 3691 de
1242 3634 1405 3691 rebus
1443 3635 1608 3707 gestis
1648 3636 1755 3690 tuis

173 3721 296 3779 sine
316 3720 436 3779 odio
454 3731 508 3781 et
532 3725 706 3795 gratia
733 3727 979 3782 venturis
1016 3728 1232 3784 saeculis
1252 3727 1591 3799 judicabunt.
1636 3728 1753 3786 Non

163 3824 349 3886 potest
374 3817 666 3890 quidquam
700 3817 964 3890 abiectum
1004 3828 1061 3877 et
1107 3820 1310 3878 humile
1354 3823 1614 3893 cogitare,
1660 3820 1755 3894 qui

159 3910 266 3965 scit
287 3908 358 3966 de
381 3923 445 3966 se
472 3925 687 3981 semper
720 3910 1064 3982 loquendum.
1101 3910 1252 3968 Nunc
1286 3912 1331 3968 si
1361 3912 1478 3978 tibi,
1517 3914 1751 3985 impera-

159 4010 269 4067 tor,
304 4015 496 4072 parum
526 4002 729 4074 ampla,
752 4015 854 4059 nec
877 4001 1236 4074 respondente
1266 4003 1475 4060 meritis
1500 4003 1607 4061 tuis
1632 4019 1755 4060 ora-

157 4093 313 4151 tione
336 4108 469 4151 usus
492 4094 737 4163 videbor,
763 4110 949 4168 quaeso
968 4095 1315 4167 obtestorque
1338 4106 1409 4166 te,
1433 4112 1567 4154 mea:
1586 4096 1638 4154 id
1660 4113 1756 4153 na-

158 4196 297 4244 turae
329 4187 509 4259 potius
536 4202 696 4259 quam
724 4188 1078 4262 magnitudini
1124 4188 1508 4246 beneficiorum
1538 4199 1749 4247 tuorum

235 4316 254 4346 ¹
296 4317 379 4374 De
422 4317 509 4375 his
545 4319 733 4379 primis
766 4319 1134 4376 Romanorum
1161 4321 1474 4378 consulibus
1501 4323 1751 4379 abstineo

155 4384 395 4457 referre,
407 4404 529 4460 quae
546 4384 754 4447 habent
770 4389 892 4447 fuse
906 4391 1146 4448 historiae
1158 4391 1414 4449 Romanis
1433 4395 1744 4463 scriptores.

235 4462 256 4490 ¹
300 4459 455 4515 Haud
482 4462 554 4515 ita
581 4476 705 4515 esse
744 4461 811 4515 ad
846 4461 1044 4515 Iuliani
1078 4464 1202 4515 vitm
1234 4463 1395 4515 ﬁnem
1424 4464 1743 4515 observabo.

236 4462 256 4490 '
300 4461 455 4515 Haud
482 4462 554 4517 ita
581 4476 705 4518 esse
744 4461 811 4518 ad
846 4461 1044 4519 Juliani
1078 4464 1202 4521 vita:
1234 4463 1395 4519 ﬁnem
1424 4461 1743 4520 observabo.

236 4529 258 4559 ³
297 4528 359 4584 In
391 4530 629 4604 editione
673 4532 907 4589 Puteaua
952 4542 1037 4604 est
1072 4552 1103 4589 α
1143 4550 1221 4590 me
1264 4535 1439 4589 animo
1480 4535 1742 4604 defecerit.

164 4601 308 4657 Duas
334 4602 555 4659 voculas
582 4604 813 4673 expunxi
850 4618 974 4662 cum
1003 4603 1263 4662 Acidalio.
1296 4604 1353 4661 ln
1378 4605 1499 4662 aliis
1524 4601 1610 4661 est
1626 4622 1747 4661 cum

1779 3406 1828 3474 C

1858 2152 2019 2195 omen
2042 2148 2268 2207 avertat,
2300 2148 2356 2195 ut
2380 2147 2433 2194 tu
2473 2154 2505 2195 a
2526 2154 2793 2211 quoquam
2824 2138 3126 2196 mortalium
3158 2149 3437 2211 exspectes

1856 2233 2030 2289 vicem
2051 2232 2299 2291 beneﬁcii
2321 2234 2341 2287 ι·
2375 2231 2770 2301 Verumtamen,
2799 2233 2939 2305 quod
2968 2235 3139 2290 solum
3172 2235 3253 2290 vel
3295 2235 3436 2290 acci-

1856 2338 1988 2395 pere
2007 2332 2186 2395 potest
2205 2324 2305 2381 ista
2335 2322 2663 2392 fortuna,vel
2684 2338 2713 2381 a
2738 2325 2894 2383 nobis
2919 2326 3109 2398 opibus
3125 2328 3229 2383 tuis
3251 2327 3434 2398 tribui,

1857 2414 2313 2472 immortalitatem
2336 2430 2619 2473 munerum
2647 2426 2859 2475 tuorum
2886 2418 3060 2476 colam
3082 2418 3273 2478 ofﬁciis
3292 2436 3435 2478 sem-

1856 2510 2101 2583 piternis.
2141 2510 2314 2569 Omne
2346 2513 2642 2585 negotium,
2673 2529 2831 2572 omne
2873 2516 3040 2573 otium
3066 2532 3244 2574 meum
3275 2518 3326 2573 in
3355 2532 3435 2575 oro

1859 2606 2049 2663 nandis
2065 2606 2227 2664 rebus
2250 2608 2357 2663 tuis
2386 2608 2830 2681 celebrandisque
2858 2620 3117 2681 ponetur;
3142 2627 3314 2683 neque
3343 2627 3433 2669 so-

1857 2700 1967 2756 lum
1996 2700 2211 2758 vivente
2231 2716 2317 2758 me
2343 2716 2407 2759 ac
2436 2704 2649 2774 vigente
2682 2705 2818 2775 grati
2852 2707 3015 2763 animi
3062 2707 3433 2765 benevolentia

1855 2792 2243 2862 declarabitur;
2275 2793 2371 2852 sed
2397 2796 2561 2852 etiam
2592 2796 2613 2827 ³
2651 2812 2770 2852 cum
2796 2800 2974 2854 anima
2996 2799 3276 2867 defecerit,
3319 2817 3435 2857 mo-

1856 2894 2112 2942 numenta
2136 2887 2210 2941 tui
2235 2886 2289 2942 in
2320 2901 2406 2943 me
2425 2885 2674 2943 beneﬁcii
2711 2890 3121 2960 permanebunt.
3153 2890 3176 2923 ‘
3216 2891 3269 2947 ln
3295 2894 3434 2951 refe-

1856 2976 2025 3036 renda
2053 2986 2231 3035 autem
2260 2980 2452 3050 gratia,
2496 2981 2836 3039 sanctissime
2865 2982 3175 3056 imperator,
3214 2985 3317 3042 hoc
3339 2986 3431 3044 tibi

1856 3070 2137 3143 polliceor,
2172 3086 2494 3144 semperque
2528 3074 2814 3144 prastabo,
2855 3074 2987 3131 mihi
3025 3092 3200 3147 neque
3225 3077 3281 3133 in
3311 3092 3435 3151 sug-

1857 3162 2111 3233 gerendis
2147 3164 2386 3220 consiliis
2424 3165 2725 3235 veritatem,
2775 3182 2946 3239 neque
2982 3171 3037 3224 in
3066 3168 3346 3241 adeundis,
3387 3172 3433 3228 si

1857 3269 1950 3312 res
1968 3257 2295 3327 poposcerit,
2328 3256 2579 3326 periculis
2605 3258 2865 3332 animum,
2884 3274 3056 3331 neque
3086 3260 3139 3316 in
3168 3264 3433 3320 sententia

1856 3348 2171 3422 simpliciter
2197 3349 2420 3409 ferenda
2441 3349 2626 3421 ﬁdem,
2662 3367 2838 3424 neque
2866 3354 2919 3410 in
2951 3356 3225 3414 hominum
3247 3358 3429 3414 volum

1858 3446 2057 3501 tatibus
2073 3459 2172 3515 pro
2181 3444 2454 3516 republica
2470 3456 2630 3517 teque
2650 3446 2907 3505 laedendis
2920 3448 3245 3520 libertatem,
3261 3468 3435 3525 neque

1858 3536 1911 3590 in
1938 3534 2212 3592 laboribus
2238 3535 2569 3605 perferendis
2598 3536 3124 3614 industriam,neque
3154 3542 3207 3598 in
3234 3558 3435 3616 augen-

1857 3629 1943 3687 dis
1972 3628 2180 3699 imperii
2210 3628 2289 3684 tui
2316 3628 2614 3685 commodis
2634 3631 2771 3701 grati
2803 3630 2967 3687 animi
2998 3632 3436 3691 benevolentiam

1857 3720 2188 3786 defuturam;
2222 3720 2383 3790 idque
2424 3722 2571 3777 omni
2597 3722 2719 3778 vitae
2758 3738 2890 3780 mete
2931 3735 3172 3792 tempore
3208 3730 3432 3784 summis

1858 3815 2050 3885 opibus
2078 3813 2814 3885 enixurum,elaboraturum,
2831 3816 3167 3885 eﬂecturum,
3189 3826 3245 3873 ut
3266 3819 3435 3875 hono-

1858 3921 1947 3965 res
1977 3909 2029 3964 in
2051 3922 2136 3963 me
2159 3906 2232 3963 tui
2261 3920 2367 3963 non
2394 3906 2515 3978 quia
2533 3920 2755 3963 necesse
2783 3907 2946 3963 fuerit
2973 3908 3039 3964 ad
3069 3925 3441 3981 quemcunque

1864 4000 2049 4071 delati,
2078 4002 2176 4060 sed
2194 4004 2317 4074 quia
2344 4002 2645 4074 oportuerit
2672 4011 2819 4059 recte
2840 4004 2998 4073 positi
3023 4011 3078 4060 et
3102 4005 3312 4063 ratione
3330 4006 3443 4064 col-

1861 4096 2022 4154 locati
2042 4109 2166 4153 esse
2192 4095 2501 4154 videantur.

1862 4339 1943 4394 me
1963 4324 2136 4378 anima
2161 4324 2422 4394 defecerit.

1933 4392 1956 4425 ⁸
1992 4392 2274 4467 Sumptum
2305 4394 2457 4467 illud,
2488 4402 2547 4452 ut
2576 4394 2679 4467 vel,
2703 4395 2943 4451 omnium
2971 4396 3188 4453 minime
3215 4398 3442 4455 oculatis

1858 4473 2029 4538 patet,
2065 4462 2144 4522 ex'
2172 4462 2513 4538 Ciceroniaita
2552 4466 2779 4523 oratione
2815 4475 2928 4538 post
2966 4468 3183 4523 reditum
3221 4470 3288 4522 ad
3316 4470 3441 4538 Qui-
3564 4482 3569 4485 ‘

1858 4535 2001 4606 rites,
2033 4538 2133 4594 sub
2159 4536 2344 4595 finem.

1284 4828 2301 4946 APPENDIX.

980 5127 1253 5214 VITA
1326 5128 1491 5213 FL.
1572 5123 2062 5211 CLAUDII
2133 5128 2632 5217 JULIANI.

1778 5026 2175 5053 ξ...-

1648 5272 1985 5289 -ω--ι-

166 5354 318 5410 Διιηο
369 5352 527 5410 Urbis
571 5356 794 5435 condite
836 5355 997 5435 rost,
1047 5353 1237 5435 Christi
1258 5355 1386 5425 351,
1428 5354 1755 5413 Constantini
1778 5337 1836 5402 D
1859 5359 1959 5415 ιη.
1992 5357 2060 5414 υ.
2088 5356 2150 5413 c.
2184 5358 2724 5435 tosoLcmmsssv,
2769 5360 3113 5435 omnium,
3156 5363 3443 5426 Constantii

735 5422 915 5498 Magni
939 5427 1066 5497 imp.
1098 5426 1191 5482 26.

238 5536 459 5611 Flavius
487 5537 740 5611 Claudius
778 5539 1042 5610 Julianus,
1090 5549 1447 5611 cognomento
1469 5540 1750 5610 Apostata,

168 5608 314 5733 quod
354 5623 385 5664 a
412 5608 714 5665 Christiana
744 5608 1035 5679 religione,
1078 5608 1236 5681 quam
1280 5608 1600 5667 adolescens
1630 5608 1754 5682 pro?

192 5694 349 5733 essu:
364 5689 500 5733 erat.
518 5693 695 5733 rerum
718 5682 919 5733 ootitus
946 5680 1236 5733 foedissime
1255 5681 1567 5733 defecisset:
1601 5691 1754 5733 natre

192 5680 349 5752 essu:
364 5689 500 5745 erat,
518 5693 695 5752 rerum
718 5680 1236 5752 potitusfmdis’sime
1255 5681 1567 5747 defecisset;
1601 5680 1754 5752 patre

171 5750 492 5823 Constantio
516 5751 848 5823 constantini
894 5751 1068 5823 Magni
1110 5754 1295 5817 fratre,
1325 5763 1495 5808 matre
1521 5750 1752 5809 Basilina

172 5820 509 5877 nobilissima
554 5821 746 5877 femina
791 5820 1112 5889 Christiana,
1164 5825 1400 5880 secunda
1446 5822 1747 5880 Constantii

174 5906 369 5964 uxore,
400 5908 488 5946 vm
512 5892 655 5964 idus
693 5892 951 5964 Novemb.
992 5894 1226 5949 nascitur
1264 5893 1743 5964 Constantinopoli.

2247 5440 2296 5485 et
2324 5426 2613 5487 Constantis
2630 5426 2798 5506 Auyg.
2830 5435 2960 5506 ἔπερ.
2991 5437 3043 5493 1.

1929 5543 2290 5627 Constantius.
2327 5544 2569 5627 ejusque
2597 5547 2759 5627 frater
2789 5548 3197 5627 A_nni_balianus,
3228 5566 3293 5607 ac
3312 5554 3442 5627 pal-

1859 5612 2215 5694 matiieornm
2240 5612 2421 5671 fratris
2448 5612 2586 5674 illius
2609 5618 2898 5677 Dalmatius
2910 5621 3113 5687 Caesar,
3137 5612 3275 5694 quos
3298 5625 3441 5681 Con-

1858 5685 2124 5763 stantinus
2156 5685 2375 5763 Magnus
2423 5703 2689 5763 purpurea
2730 5706 2999 5763 aureaque
3027 5685 3172 5749 veste
3193 5705 3249 5752 et
3279 5698 3441 5753 nobi-

1860 5756 2149 5812 lissimatus
2200 5756 2352 5811 titulo
2405 5756 2735 5827 donaverat,
2791 5762 2845 5819 in
2896 5756 3162 5821 seditione
3217 5769 3436 5823 militari

1859 5828 2254 5899 opprimuntur,
2306 5828 2387 5883 vel
2413 5830 2721 5899 instigante,
2778 5834 2861 5890 vel
2888 5833 3261 5893 dissimulante
3288 5848 3440 5895 certe

1859 5895 2175 5979 Constantio
2192 5900 2484 5979 augusto:
2516 5895 2629 5957 sive
2670 5895 2726 5957 ut
2772 5906 2933 5979 tutius
2966 5905 3294 5979 imperaret,
3326 5909 3440 5965 sive

175 5960 345 6049 hister
374 5962 555 6032 paucis
587 5974 703 6049 post
730 5963 1000 6021 mensibus
1027 5967 1253 6020 excessit
1276 5983 1304 6020 e
1328 5967 1450 6021 vita.
1487 5960 1749 6037 (Julianus
1862 5978 1920 6049 ut
1949 5960 2317 6049 Constantino'
2330 5971 2462 6049 patri
2492 5960 2925 6049 porrectumpuﬁti
2953 5960 3443 6049 sﬁbiéiii'uirfst}

178 6033 229 6084 in
265 6030 639 6106 Misopogone.)

1862 6037 1927 6091 iis
1956 6052 2215 6093 venenum
2248 6037 2558 6096 vindicaret.
2608 6042 2707 6097 Vix
2742 6037 2987 6103 Julianus
3027 6037 3080 6105 et
3109 6049 3293 6109 Gallus
3325 6037 3444 6122 ejus
