3898 6442
1272 306 1298 318 ν-
1347 303 1372 314 ~‘

253 424 364 481 455

1411 413 1571 474 Vl’l'A
1608 415 1714 473 Π..
1755 413 2031 473 CLAUDII
2065 416 2350 476 JULIANI.

3413 421 3517 478 454

251 514 579 583 clanculum,
629 511 936 586 sed_palant
980 509 1182 580 ejurata
1233 507 1533 565 Christiana
1573 508 1831 580 religione
1854 511 1907 570 Α
1934 509 2034 563 Αη.
2060 509 2129 566 U.
2157 511 2218 568 C.
2254 509 2431 577 1115,
2479 510 2666 586 Christi
2718 512 2848 580 560,
2896 513 3186 586 Constantii
3224 516 3354 573 Atto.
3407 518 3512 586 ει,

248 587 605 659 gentilitatem
634 583 905 655 professus
942 591 1046 638 est.

247 703 350 756 An.
399 699 465 755 U.
496 699 554 753 C.
588 698 753 761 1109,
777 695 959 750 Christi
985 693 1112 761 556,
1136 691 1422 748 Constantii
1441 694 1577 764 Aug.
1613 691 1701 758 20,
1734 692 1832 746 Ju-

822 767 948 822 liani
988 776 1127 821 artat.
1175 763 1266 818 25.

317 866 665 924 Constantius
691 863 747 918 in
769 862 952 918 urbem
990 859 1334 929 triumphanti
1363 857 1554 929 similis
1593 858 1831 928 regredi-

241 949 358 1003 tur;
383 939 624 994 Julianus
653 950 781 990 vero
811 935 910 988 hoc
953 946 1096 986 anno
1122 928 1331 992 consul,
1373 928 1565 1000 hyeme
1598 931 1829 1003 Viennae

237 1002 429 1066 exacta
458 1012 514 1066 in
541 1008 796 1063 barbaros
817 1011 993 1059 movet
1018 1020 1030 1054 :
1063 1016 1125 1058 ac
1154 1003 1381 1070 primum
1414 1017 1504 1055 vm
1527 1002 1626 1054 cal.
1657 1002 1828 1056 Jutias

237 1081 672 1148 Augustodunum
717 1076 940 1148 pervenit
990 1089 1107 1148 ευρ
1146 1071 1588 1148 cataphractariis
1633 1074 1754 1127 solis
1780 1083 1828 1128 et

239 1141 524 1208 balistariis
562 1141 955 1204 Autos'iodorum
990 1155 1036 1197 et
1067 1141 1328 1198 Tricassas
1377 1144 1643 1214 derepente
1675 1160 1827 1198 occu-

236 1234 343 1295 pat.
372 1222 505 1279 Inde
535 1236 631 1292 per
661 1222 857 1295 liesz
885 1216 976 1295 ubi
996 1217 1062 1270 ab
1092 1214 1320 1295 Ursicini
1347 1228 1658 1270 successore
1688 1215 1825 1295 Mar-

239 1287 374 1351 cello
428 1287 588 1362 atque
633 1291 768 1346 adeo
791 1287 1054 1362 _Ursicino
1105 1289 1238 1362 ipso
1269 1300 1389 1341 cum
1433 1295 1542 1339 toto
1587 1287 1825 1342 exercitu

248 1357 671 1436 exspectabatur,
701 1362 766 1416 ad
791 1359 1152 1442 Decempagos
1176 1357 1527 1438 Rhenumque
1551 1366 1820 1426 properat,

248 1438 330 1491 ubi
351 1435 720 1506 Brotomagum
751 1431 980 1506 (Atratus
1007 1432 1190 1506 urbem
1225 1427 1381 1506 hodie
1408 1426 1693 1506 Brumathj
1720 1429 1820 1482 Ta-

248 1455 328 1491 ιω
351 1455 720 1491 urowmaaum
751 1455 979 1491 tutatuta:
1007 1455 1190 1484 urucm
1225 1455 1381 1484 uuurc
1408 1455 1681 1491 urummu;
1722 1455 1822 1482 xu-

238 1511 437 1576 bentas,
489 1498 770 1567 Alisonem,
825 1500 1214 1576 Netnetassive
1260 1500 1499 1576 Spiram,
1527 1498 1822 1576 Vangionas

233 1569 388 1633 hodie
415 1569 755 1642 Vormatiam,
783 1581 830 1626 et
861 1571 1178 1643 Moguntiam
1213 1571 1408 1640 recipit.
1456 1569 1614 1624 Nullo
1640 1571 1819 1643 itaque

230 1650 460 1720 posthac
496 1642 1187 1720 repugnantepccupatam,
1228 1651 1286 1697 ut
1325 1643 1476 1695 aiunt
1506 1642 1819 1720 Ammianus

227 1712 283 1777 et
305 1721 420 1777 Jul.
448 1735 537 1790 ep.
560 1712 714 1774 ad'S.
745 1716 806 1772 P.
828 1714 896 1790 Ω.
924 1715 1050 1790 Aih.
1070 1755 1086 1781 ,
1120 1723 1481 1790 antemenses
1516 1714 1604 1779 10,
1637 1727 1664 1765 a
1691 1712 1817 1768 bar-

225 1793 374 1848 baris
405 1783 750 1863 Agrippinam
793 1783 933 1863 circa
964 1785 1294 1863 Septembris
1319 1783 1480 1863 tinem
1506 1795 1809 1863 recuperat,

2470 581 2670 638 «ξιιιὶαηὶ
2699 594 2839 640 aatat.
2887 585 2978 641 29.

2001 675 2245 749 Julianus
2285 676 2503 749 tertium
2551 677 2882 732 consulatum
2937 679 3158 749 gerebat
3206 695 3328 736 cum
3373 680 3490 738 Con

1931 748 2157 801 stantius
2198 746 2525 820 ejusglorias
2568 749 2813 820 invidens
2856 746 2962 820 pef
2998 750 3307 806 Decentium
3337 753 3510 809 tribu-

1931 828 2136 896 num_et
2166 818 2430 896 notarium
2461 819 2708 896 Herulos,
2744 818 2993 896 Batavos,
3022 820 3223 896 Geitas,
3268 824 3508 896 aliasque

1927 888 2219 962 auxiliares
2247 891 2430 959 copias
2457 889 2524 944 ad
2551 904 2612 945 se
2657 893 2957 958 revocavit,
3009 888 3214 962 quibus
3248 888 3506 951 adversus

1931 958 2122 1032 Persas
2163 958 2420 1016 uteretur.
2467 963 2536 1015 At
2582 962 2686 1018 illa:
2717 981 2729 1014 :
2761 977 2854 1018 seu
2885 958 3180 1018 Constantii
3221 965 3368 1032 odio,
3415 975 3508 1022 aut

1930 1029 2122 1104 Jniiani
2166 1045 2372 1104 amore,
2423 1042 2515 1087 aut
2567 1043 2680 1088 arte
2715 1053 2727 1088 :
2771 1048 2868 1090 seu
2919 1035 3061 1104 quod
3092 1029 3502 1094 transmarinam

1929 1101 2172 1177 militiam
2204 1103 2580 1177 detrectarent,
2613 1104 2876 1177 Julianum
2909 1101 3158 1169 invitum,
3188 1107 3380 1177 utipse
3405 1109 3502 1177 ait,

1929 1171 2546 1246 Auguﬁstumiacclamant
2568 1176 2803 1230 Parisiis.
2842 1176 2889 1230 Is
2928 1178 3106 1231 statim
3135 1171 3338 1246 legatos
3364 1171 3506 1235 Con-'-

1926 1244 2328 1316 stantinopolim
2374 1246 2440 1300 ad
2481 1247 2851 1301 Constantium
2892 1263 3012 1302 cum
3065 1244 3260 1304 litteris
3301 1251 3500 1316 mittit,

1925 1314 2418 1390 quibus_l’acti_sui
2462 1317 2720 1390 rationem
2765 1317 3033 1373 redderet.
3068 1320 3132 1374 lli
3157 1321 3295 1390 apud
3326 1314 3503 1376 Cassa;

1924 1399 2071 1458 ream
2113 1385 2463 1458 Cappadociae
2493 1388 2726 1455 superbe
2750 1390 3083 1458 accipiuntur
3109 1406 3138 1445 a
3162 1385 3498 1449 Constantio.

1923 1454 2100 1528 Quare
2147 1456 2390 1528 Julianus
2435 1454 2736 1528 Traiectum
2786 1454 3102 1516 ad'Mosam
3151 1462 3280 1527 abit,
3309 1463 3505 1522 deinde

1928 1526 2233 1602 Hattuarios
2272 1526 2564 1602 Galliarum
2593 1542 2832 1585 extrema
2861 1540 3134 1587 vastantes
3158 1543 3213 1587 et
3248 1526 3499 1602 Securos,

1922 1597 2064 1672 quod
2112 1614 2171 1652 se
2195 1599 2432 1654 locorum
2465 1600 2609 1655 aditu
2649 1601 2943 1672 difﬁcilium
2993 1605 3243 1672 prasidio
3269 1597 3503 1662 munitos

1921 1670 2228 1746 crederent,
2269 1672 2546 1746 opprimit,
2577 1681 2631 1727 et
2652 1671 2716 1726 ad
2749 1687 2933 1746 pacem
2977 1670 3260 1746 petendam
3314 1677 3500 1746 adigit.

1935 1739 2070 1822 'i‘um
2102 1739 2586 1824 Vienittehyentat,
2615 1739 3106 1824 etquinquennalia
3121 1739 3502 1824 _celebrat.'l_bi

1919 1812 2037 1884 ejus
2063 1826 2198 1884 uxor
2235 1812 2435 1884 Helena
2464 1813 2606 1881 obit,
2641 1812 2864 1884 ejusque
2893 1829 3091 1884 corpus
3121 1815 3342 1872 Romam
3376 1819 3501 1872 mit-

224 1855 482 1958 territols:
497 1855 735 1944 Francos
761 1857 826 1958 ald
855 1855 1576 1958 'pacenipetendamqadigit.
1621 1855 1811 1958 Quibus.

1920 1855 2067 1958 titur.
2113 1881 2331 1958 [nterim
2351 1857 2606 1958 Julianus
2640 1855 2890 1958 difﬁdens
2913 1855 3146 1941 imarum
3169 1855 3411 1958 Enim}.
3444 1855 3505 1944 ut

222 1935 464 1989 vincendi
495 1931 759 2003 principiis
788 1925 931 2003 littus
960 1925 1223 2003 Julianus,
1244 1944 1340 2003 per
1370 1925 1601 1980 Treviros
1631 1929 1815 1982 transit

219 1999 566 2076 hyematurus
611 1999 748 2076 apud
790 1999 1065 2076 §_enonas,
1097 1999 1343 2076 oppidum
1391 2009 1513 2076 tunc
1571 2009 1818 2076 opportu-
1869 2025 1877 2034 -

220 2069 348 2130 num
369 2069 756 2148 (Ammianus).
787 2069 883 2124 llic
911 2069 1340 2154 potentissimum
1388 2079 1444 2124 ut
1472 2069 1586 2152 ipse
1623 2069 1700 2152 ait
1723 2085 1812 2154 ep.

219 2148 291 2202 ad
318 2147 378 2203 S.
410 2146 472 2201 P.
498 2145 562 2213 ρ.
595 2144 720 2200 Ath.
750 2187 764 2210 ,
800 2145 1099 2199 exercitum
1135 2157 1247 2210 ipse
1274 2155 1396 2197 cum
1426 2154 1608 2210 paucis
1628 2142 1812 2213 ιιιιιιιι-

217 2187 872 2282 busjcttm‘tiiltilmatt’xiiii
909 2214 1012 2270 sibi
1039 2229 1070 2269 a
1108 2187 1357 2269 Marcello
1386 2187 1643 2281 mragistro
1663 2212 1815 2284 equi-

220 2297 338 2343 tum
367 2291 690 2352 mitteretur,
720 2297 838 2354 post
860 2295 1189 2344 menstruam
1213 2283 1546 2340 obsidionem
1561 2283 1810 2354 dissipat.

218 2361 295 2414 At
323 2359 605 2414 Marcellus
645 2359 1024 2425 Mediolanum,
1071 2357 1159 2410 ubi
1190 2355 1532 2411 Constantius
1559 2355 1814 2411 versaba-

218 2439 331 2496 tur,
364 2439 422 2484 ut
451 2430 573 2487 lacti
605 2431 686 2485 sui
730 2431 980 2486 redderet
1008 2429 1266 2484 rationem
1295 2437 1569 2490 evocatus,
1597 2426 1812 2482 abdica-

219 2510 306 2556 tur
333 2499 561 2572 imperio
586 2510 641 2556 et
665 2501 940 2557 Sardicam
969 2516 1088 2572 qua:
1111 2499 1278 2572 patria
1302 2499 1418 2569 ejus
1445 2506 1564 2554 erat
1595 2497 1811 2567 ablegao

218 2581 328 2637 tur,
353 2571 546 2628 eadem
576 2573 735 2642 epist.
755 2573 820 2627 ad
852 2572 911 2628 S.
946 2573 1004 2626 Ρ.
1029 2571 1095 2640 Q.
1119 2571 1239 2625 Ath.

217 2685 323 2740 An.
356 2684 426 2740 U.
448 2685 508 2740 C.
544 2685 710 2751 1110,
741 2684 929 2741 Christi
957 2684 1080 2748 557,
1110 2683 1393 2739 Constantii
1425 2685 1557 2755 Aug.
1587 2683 1678 2749 21,
1709 2683 1807 2738 Ju-

803 2756 933 2810 liani
961 2764 1100 2812 rctat.
1131 2756 1223 2810 26.

286 2850 428 2905 Dum
463 2848 698 2904 Julianus
738 2865 772 2904 ll
806 2849 991 2904 consul
1021 2863 1138 2904 sese
1172 2859 1357 2904 contra
1401 2849 1695 2907 Germanos
1726 2867 1808 2908 ac-

211 2923 406 2992 cingit,
437 2920 747 2990 Lugdunum
779 2921 847 2974 ab
876 2921 941 2974 iis
969 2920 1258 2992 invaditur,
1289 2920 1429 2975 unde
1453 2929 1630 2976 tamen
1665 2922 1806 2978 haud

210 2991 392 3050 multo
433 3001 550 3061 post
593 2992 954 3061 expelluntur.
1005 2991 1148 3046 Idem
1196 3002 1304 3045 tres
1333 2991 1604 3048 Tabernas
1636 2996 1808 3051 muni-

210 3075 464 3122 mentum
516 3064 869 3135 Argentorato
911 3064 1210 3132 proximum
1255 3063 1322 3118 ad
1357 3063 1551 3132 Vogesi
1597 3067 1807 3123 radices

212 3151 334 3192 non
361 3137 436 3190 ita
463 3136 658 3204 pridem
689 3137 1007 3191 subversum
1049 3136 1342 3200 instaurat;
1393 3143 1596 3204 septem
1643 3139 1805 3194 totius

215 3207 534 3263 Germanias
589 3207 986 3275 potentissimos
1036 3221 1209 3276 reges,
1264 3205 1754 3263 Chonodomarium
1788 3251 1802 3275 ,

214 3278 584 3346 Vestralpum,
630 3278 832 3343 Urium,
886 3277 1186 3333 Ursicinum
1217 3277 1623 3346 ,Serapionem,
1670 3280 1806 3335 Suo-

207 3351 450 3404 marium
478 3358 531 3403 et
553 3349 856 3404 Hortarium
877 3364 980 3403 una
1002 3349 1202 3417 ingenti
1229 3347 1654 3420 difﬁcillimoque
1670 3366 1806 3420 pras-

206 3421 284 3493 l_io
308 3420 556 3490 prolligat
590 3421 643 3476 in
672 3422 874 3493 campis
899 3419 1438 3493 Argentoratensibus
1459 3419 1804 3493 (Ammian.).

216 3488 729 3560 Julianus‘captivos
759 3488 897 3546 bene
917 3488 1113 3545 multos
1135 3490 1201 3545 ad
1216 3488 1586 3545 Constantium
1620 3488 1802 3561 mittit,

220 3563 314 3632 qui
344 3576 522 3614 eorum
555 3563 735 3632 specie
778 3571 833 3616 et
867 3561 1232 3632 magnitudine
1272 3563 1549 3632 perculsus
1578 3572 1680 3620 est.
1725 3563 1805 3617 Ex

230 3631 522 3685 Alamannis
554 3649 672 3697 sex,
705 3650 812 3686 non
843 3632 931 3696 60,
967 3631 1025 3687 ut
1065 3632 1204 3686 male
1229 3633 1301 3686 ait
1346 3631 1612 3697 Zosimus,
1643 3635 1806 3689 millia

221 3719 491 3769 corporum
513 3715 779 3757 numerata
805 3715 920 3757 sunt
943 3704 995 3756 in
1025 3719 1205 3770 campo
1228 3713 1504 3774 prostrata,
1538 3715 1583 3758 et
1614 3706 1807 3759 inwsti-

215 3775 430 3845 mobiles
461 3782 776 3828 mortuorum
808 3776 973 3828 acervi
1005 3790 1093 3845 per
1121 3776 1282 3845 undas
1324 3776 1551 3844 ﬂuminis
1574 3777 1806 3845 fereban-

211 3853 322 3897 tur.
349 3844 427 3914 Ex
452 3856 601 3914 parte
623 3846 821 3900 Juliani
853 3845 958 3900 247
985 3844 1272 3900 desiderati
1301 3852 1443 3900 sunt.
1477 3844 1803 3901 Francorum

209 3929 309 3970 rex
353 3913 817 3971 Chodonomarius
865 3918 915 3970 in
946 3931 1142 3986 pugna,
1177 3925 1233 3969 ut
1278 3917 1352 3970 ait
1384 3915 1601 3984 Victor,
1635 3918 1716 3973 vel
1750 3925 1806 3972 ut

208 3987 570 4058 Ammianus,
617 3989 668 4042 in
698 3988 940 4043 cmuviizio
970 4002 1065 4058 per
1103 3986 1281 4042 dolum
1328 3999 1546 4056 captus,
1589 3987 1805 4043 Juliano

211 4056 449 4121 oblatus,
471 4058 710 4128 humique
741 4060 911 4129 fusus,
940 4056 1136 4111 vcniam
1167 4066 1386 4128 rcgans,
1427 4058 1602 4112 diebus
1631 4070 1804 4126 postea

209 4129 399 4198 paucis
426 4131 495 4181 ad
521 4131 818 4183 comitatum
869 4130 1188 4198 imperatoris
1219 4131 1548 4195 Constantii,
1571 4146 1687 4185 cum
1718 4131 1806 4185 ille

210 4197 241 4250 ε
267 4197 472 4262 Quadis
514 4199 870 4265 Sarmatisque
919 4197 1043 4252 lstri
1082 4200 1275 4253 accolis
1297 4201 1557 4254 commode
1594 4202 1802 4267 rediret,

208 4271 391 4322 statim
422 4271 702 4325 submissus
741 4282 814 4324 est
871 4270 1124 4335 Romam,
1157 4280 1209 4324 et
1245 4271 1326 4339 (ut
1366 4271 1511 4324 addit
1558 4271 1805 4327 Julianus

207 4355 304 4410 ep.
335 4341 403 4394 ad
428 4342 654 4411 Athen.)
679 4343 732 4395 in
757 4344 934 4395 castris
954 4344 1140 4395 montis
1169 4341 1312 4395 Caelii
1334 4342 1610 4412 peregrinis
1631 4344 1804 4397 morbo

208 4414 409 4484 aeterni
438 4423 762 4484 consumptus
784 4423 877 4469 est.
913 4412 1091 4466 Victor
1116 4412 1359 4484 J_ulianus
1392 4415 1580 4466 iterum
1612 4413 1677 4467 ad
1702 4414 1806 4468 Ta-

215 4481 422 4554 bernas
461 4499 523 4538 ac
553 4481 875 4554 Moguntiam
906 4487 1079 4549 venit,
1114 4482 1559 4538 Transrhenanos
1590 4495 1799 4550 vastat,

209 4553 546 4624 aequinoctio
573 4553 864 4609 autumnali
893 4569 988 4609 eos
1031 4556 1095 4609 ad
1146 4569 1329 4624 pacem
1367 4555 1649 4624 petendam
1691 4555 1806 4610 adi-

1922 1950 2267 2029 Constantius
2315 1955 2636 2029 placaretur,
2684 1956 2870 2010 statuit
2911 1967 3100 2026 aperto
3137 1950 3304 2029 Marte
3335 1959 3504 2029 impe-

1918 2024 2059 2097 rium
2089 2033 2257 2097 totum
2281 2038 2567 2096 occupare,
2600 2028 2784 2097 Itaque
2817 2024 3033 2096 scriptis
3061 2029 3129 2083 ad
3159 2028 3399 2085 diversas
3415 2024 3502 2086 ἐἱ-

1917 2096 2110 2150 vitates
2136 2096 2350 2164 litteris,
2382 2098 2572 2166 quibus
2617 2108 2673 2152 ut
2696 2096 2804 2154 sibi
2821 2099 3006 2154 ﬁdeles
3036 2110 3221 2154 essent
3261 2116 3499 2156 commo-

1917 2175 2091 2232 neret,
2141 2168 2194 2222 in
2225 2168 2553 2224 Pannoniam
2596 2170 2744 2225 venit
2791 2179 2975 2226 contra
3007 2169 3378 2228 Constantium
3424 2174 3504 2228 di—

1916 2238 2229 2294 micaturus.

1914 2330 2014 2386 An.
2043 2330 2108 2386 [Ι.
2137 2330 2198 2386 C.
2225 2332 2391 2401 HM,
2417 2332 2606 2406 Christi
2635 2333 2767 2400 561;
2794 2333 3083 2406 Constantii
3125 2336 3259 2406 Aug.
3280 2335 3352 2391 25
3404 2336 3504 2390 Ju-

2500 2405 2625 2459 liani
2653 2415 2792 2459 tetat.
2821 2405 2910 2472 50,

1982 2496 2299 2552 Constantio
2328 2497 2569 2567 Augusto
2604 2499 2657 2552 in
2687 2497 3032 2572 expeditione
3075 2499 3286 2572 Persica
3334 2516 3502 2572 prope

1912 2566 2138 2622 Tarsum
2171 2583 2231 2622 ιιι
2270 2566 2439 2623 nonas
2458 2572 2578 2623 Oct.
2625 2576 2858 2634 mortuo,
2905 2568 3150 2626 Julianus
3193 2566 3503 2629 Constanti-

1911 2639 2147 2714 nopolim
2189 2639 2500 2714 Alamannis
2531 2639 2726 2714 iterum
2762 2639 2940 2714 victis,
2965 2641 3335 2714 ordinatisque
3374 2641 3500 2700 Gal-

1911 2708 1997 2781 liis
2033 2720 2178 2765 recta
2207 2711 2486 2767 contendit
2519 2727 2532 2764 :
2565 2726 2632 2766 ex
2679 2711 2889 2781 imperii
2930 2713 3217 2780 primariis,
3245 2708 3504 2772 'amicisve

1910 2780 2210 2856 Constantii
2236 2781 2370 2838 alios
2395 2795 2549 2850 nece,
2579 2783 2724 2837 alios
2761 2780 2987 2838 ’mulctat
3018 2784 3233 2856 exsilio.
3278 2787 3501 2856 Episco-

1910 2865 2008 2923 pos
2038 2853 2248 2907 exsules
2277 2863 2514 2920 revocat,
2565 2863 2723 2923 atque
2772 2861 2829 2908 ut
2857 2855 3058 2910 mutuis
3104 2853 3341 2912 dissidiis
3381 2873 3503 2914 sese

1909 2920 2228 2997 allligerent,
2254 2939 2412 2993 quam
2442 2920 2668 2994 quisque
2686 2924 2842 2997 vellet
2870 2934 3071 2982 sectam
3098 2928 3252 2994 sequi
3279 2929 3502 2997 permit-

1916 2992 2002 3047 tit.
2027 2992 2392 3066 Christianam
2423 2992 2735 3064 religionem
2763 2996 2936 3065 palam
2965 2998 3160 3066 ejurat,
3179 2992 3301 3054 ‘nec
3324 2999 3503 3055 minus

1909 3065 2200 3120 crudeliter
2216 3081 2382 3140 quam
2397 3067 2590 3122 callide
2624 3066 2950 3140 insectatur;
2985 3067 3267 3140 gentilium
3300 3071 3500 3140 templa

1909 3145 2116 3208 reserat
2145 3137 2442 3208 reﬁcitque,
2473 3148 2523 3193 et
2575 3140 2688 3207 ipse
2740 3139 2792 3192 in
2843 3137 3158 3194 Pontiﬁcem
3211 3137 3502 3197 maximum

1913 3206 2155 3275 profanis
2180 3206 2371 3264 ritibus
2399 3206 2771 3264 consecratur.

1914 3319 2012 3373 An.
2042 3319 2108 3374 U.
2136 3320 2194 3374 C.
2222 3320 2380 3387 1115,
2408 3321 2596 3376 Christi
2625 3317 2749 3386 562,
2776 3320 2973 3376 Iuliani
2995 3324 3120 3391 imp.
3155 3324 3210 3392 1,
3239 3332 3378 3380 atat.
3408 3325 3499 3381 5|.”

1987 3414 2065 3469 Ad
2090 3413 2360 3486 Julianum
2387 3415 2548 3470 Variae
2578 3415 2814 3484 undique
2854 3415 3152 3486 legationes
3190 3416 3499 3474 adveniunt.

1910 3485 2028 3554 lpse
2057 3496 2243 3540 contra
2264 3485 2457 3541 Persas
2485 3487 2831 3555 proﬁciscens
2862 3487 3225 3542 Nicomediam
3246 3497 3300 3544 et
3329 3499 3502 3545 trans-

1907 3570 2125 3628 gressus
2147 3557 2444 3612 Antiochiae
2473 3557 2708 3628 hyemat.
2742 3558 2836 3612 llic
2865 3558 3055 3614 irrisus
3083 3558 3151 3613 ab
3171 3559 3501 3616 Antiochen-

1908 3627 2056 3682 sibus
2105 3628 2156 3680 in
2191 3627 2524 3701 primisque
2535 3629 2703 3701 jactis
2738 3629 2791 3684 in
2823 3631 2938 3697 ejus
2967 3630 3188 3685 barbam
3231 3644 3352 3700 qua)
3378 3632 3500 3701 plus

1909 3713 2063 3771 aequo
2089 3699 2347 3766 prolixihr
2376 3708 2491 3754 erat
2520 3699 2758 3754 dicteriis
2786 3701 2952 3756 iratus
2983 3703 3212 3771 primum
3241 3699 3357 3766 est;
3379 3699 3500 3758 tum

1909 3769 2127 3844 satirico
2169 3780 2223 3824 et
2245 3771 2491 3844 iocorum
2522 3771 2680 3844 pleno
2707 3771 2888 3844 libello
2908 3769 3066 3841 quem
3090 3771 3498 3844 Misopogonem,

1909 3841 1963 3896 id
1992 3849 2075 3894 est
2103 3854 2315 3895 osorem
2362 3841 2544 3913 barbas
2583 3842 2892 3912 inscripsit,
2936 3857 3029 3898 eos
3058 3841 3402 3913 perstrinxit;
3443 3841 3501 3901 in

1907 3927 2014 3981 quo
2047 3918 2302 3981 perpetua
2351 3912 2521 3967 ironia
2572 3913 2780 3968 videtur
2829 3929 2937 3968 non
2987 3912 3174 3970 eorum
3222 3915 3404 3970 luxum
3444 3927 3500 3973 et

1911 3981 2188 4038 mollitiem
2213 4023 2230 4049 ,
2277 3984 2370 4056 sed
2417 3999 2476 4039 se
2521 3983 2692 4052 ipsum
2723 3998 2977 4040 accusare
3003 3985 3144 4056 quod
3176 4000 3271 4042 eos
3297 3987 3500 4044 imitari

1911 4069 2016 4126 non
2044 4063 2266 4126 posset.
2297 4054 2644 4110 Mamertinus
2676 4057 2864 4126 consul
2894 4054 3187 4126 gratiarum
3227 4059 3505 4120 actionem

1909 4125 2018 4195 agit
2041 4123 2354 4198 imperatori
2383 4139 2481 4198 pro
2509 4125 2785 4181 consulatu
2812 4123 2971 4197 quem
3014 4127 3117 4182 hoc
3157 4141 3301 4182 anno
3328 4131 3499 4198 gessit

1908 4194 2026 4249 cum
2069 4194 2278 4250 Nevita.
2309 4196 2551 4251 Julianus
2587 4194 2936 4251 Athanasium
2966 4198 3019 4251 in
3058 4197 3305 4253 exsilium
3331 4194 3499 4256 mittit

1908 4265 2122 4321 Arianis
2180 4269 2251 4321 ita
2307 4267 2739 4338 deprecantibus.
2798 4266 3132 4323 Christianos
3193 4268 3495 4326 liberalium

1906 4338 2101 4392 artium
2127 4338 2374 4410 doctores
2399 4341 2472 4392 ita
2493 4338 2804 4410 insectatur,
2824 4347 2884 4394 ut
2903 4339 3291 4407 Proharesius,
3307 4355 3496 4410 quam-

1909 4411 1986 4463 vis
2012 4409 2064 4464 in
2097 4409 2273 4464 edicto
2300 4409 2616 4465 nominatim
2645 4419 2932 4479 exceptus,
2963 4410 3263 4478 Musonius,
3295 4409 3350 4466 et
3373 4412 3487 4466 Ma-

1909 4481 2016 4535 rius
2072 4479 2374 4536 Victorinus
2426 4481 2664 4536 scholam
2719 4481 3075 4538 deseruerint.
3134 4481 3492 4539 Themistium

1908 4566 2038 4624 vero
2072 4551 2467 4622 philosophum,
2499 4551 2777 4624 Libanium
2808 4552 3128 4624 sophistam,
3159 4553 3491 4622 Oribasium,

212 4628 322 4701 git,
383 4623 620 4680 Francos
667 4641 697 4680 a
748 4627 893 4680 Mosa
942 4621 1184 4696 repellit,
1235 4641 1296 4680 ac
1327 4621 1538 4680 tandem
1590 4621 2300 4701 ParisiisDPerga’menunt
2324 4623 2608 4701 quemdam
2658 4621 2921 4701 medicum
2945 4665 2985 4701 ,_
3006 4625 3294 4701 Maximum
3339 4621 3494 4701 cynié

213 4697 458 4766 hyemat.

213 4815 322 4866 An.
361 4809 429 4865 Π.
484 4809 741 4878 (1.1111,
775 4809 968 4884 Christi
1007 4813 1141 4878 558,
1201 4813 1483 4867 Constantii
1529 4815 1657 4884 Aug.
1699 4813 1800 4882 22,

771 4883 800 4934 J
811 4884 967 4936 uliani
997 4893 1133 4939 attat.
1163 4885 1254 4938 27.

288 4974 537 5029 Julianus
559 4971 658 5026 sub
682 4987 918 5027 mensem
949 4973 1142 5028 Julinm
1170 4974 1373 5038 Salios,
1407 4975 1630 5040 Frisios,
1675 4975 1804 5029 llat-
1845 5003 1850 5006 -

219 5046 429 5099 tuarios
452 5085 466 5103 ,
493 5043 814 5110 Chamavos,
848 5055 901 5099 et
938 5045 1244 5110 Bructeros,
1290 5047 1378 5115 qui
1406 5045 1587 5100 sedem
1618 5047 1718 5100 sibi
1753 5047 1803 5100 in

215 5117 624 5187 ltomanosolo
655 5115 899 5187 ﬁxerant,
941 5117 1119 5184 ibique
1159 5118 1570 5187 grassabantur,
1603 5125 1802 5184 terret,

214 5197 280 5257 et
303 5188 359 5239 in
389 5185 714 5240 deditionem
733 5186 922 5253 accipit
955 5204 967 5237 :
1002 5187 1067 5240 iis
1095 5185 1252 5257 agros
1277 5190 1510 5257 assignat
1536 5205 1550 5241 :
1580 5188 1801 5242 castella

215 5256 287 5311 ad
317 5257 522 5311 Mosam
551 5271 736 5310 eversa
771 5257 1004 5312 restituit
1025 5256 1410 5329 (Ammianus).

219 5371 322 5424 An.
353 5367 422 5424 υ.
447 5365 505 5422 C.
531 5367 668 5423 1112
688 5409 702 5433 ,
732 5368 927 5444 Christi
948 5369 1087 5438 559,
1113 5369 1397 5444 Constantii
1421 5373 1550 5444 Aug.
1583 5371 1673 5438 25,
1705 5368 1804 5425 Ju-

801 5439 929 5494 liani
964 5451 1100 5495 astat.
1139 5443 1230 5496 28.

292 5531 537 5606 Julianus
576 5533 850 5606 iterumhin
889 5533 1216 5589 Alamannos
1260 5535 1615 5604 proﬁciscitur
1644 5537 1806 5606 traje-

217 5611 310 5659 cto
331 5603 399 5658 ad
416 5603 749 5674 Moguntiam,
763 5603 968 5670 Rheno,
990 5606 1231 5660 hostibus
1254 5603 1608 5674 nequidquam
1633 5603 1807 5662 trans-

218 5676 357 5730 itum
415 5673 878 5740 custodientibus;
912 5686 966 5731 et
1014 5677 1365 5739 Macrianum,
1410 5673 1806 5733 llariobaudum

219 5755 278 5803 et
306 5743 687 5818 Vadomarium
731 5759 884 5817 reges
911 5746 976 5801 ad
1023 5751 1166 5815 pacis
1189 5746 1521 5803 conditiones
1551 5749 1808 5818 petendas

222 5817 525 5876 compellit.
543 5817 638 5872 llic
664 5817 810 5870 varia
842 5818 1152 5875 custodibus
1176 5818 1346 5874 llheni
1377 5817 1633 5875 militihus
1661 5823 1806 5876 alen-

221 5888 312 5944 dis
344 5888 538 5945 horrea
580 5889 886 5946 constituta.

1909 4692 2054 4768 cum,
2089 4692 2397 4768 Ecebolium
2429 4694 2725 4768 sophistam
2753 4735 2769 4761 ,
2814 4692 3052 4768 aliosq’uc
3079 4695 3258 4768 impia:
3285 4692 3497 4768 gentili-

1910 4765 2032 4820 tatis
2062 4766 2394 4836 professores
2421 4766 2641 4820 summis
2672 4765 2964 4821 honoribus
2990 4765 3233 4836 insignit.

1910 4882 2009 4937 An.
2044 4883 2085 4936 U
2098 4923 2110 4936 .
2130 4882 2189 4938 C.
2223 4883 2380 4950 1116,
2415 4881 2604 4937 Christi
2628 4883 2753 4949 565,
2786 4881 2988 4937 Iuliani
3015 4885 3142 4952 imp.
3163 4884 3219 4949 2,
3245 4893 3384 4938 tetat.
3405 4885 3491 4940 52.

1983 4974 2222 5046 Julianus
2269 4990 2320 5028 ιν
2368 4977 2556 5030 consul
2604 4975 2810 5046 adscito
2844 4975 2916 5046 Ain
2963 4976 3224 5046 collegam
3263 4974 3496 5032 Salustio

1917 5045 2178 5098 idolorum
2229 5046 2373 5100 cultu
2430 5047 2531 5100 sibi
2587 5044 3025 5114 coniunctissimo
3075 5044 3194 5114 post
3246 5047 3493 5116 hyemem

1913 5115 2214 5170 Antiochiae
2262 5125 2625 5183 transactam,
2676 5117 2847 5186 pridie
2889 5130 3057 5170 nonas
3104 5115 3324 5171 Martias
3371 5118 3496 5173 inde

1912 5187 2204 5257 digressus,
2236 5187 2562 5257 Euphratem
2592 5187 2789 5256 trajicit
2828 5202 2899 5241 vn
2941 5187 3060 5242 idus
3089 5186 3290 5257 Aprilis
3318 5195 3373 5242 et
3398 5204 3494 5243 ur-

1912 5256 2069 5312 bibus
2113 5255 2330 5327 aliquot
2359 5259 2413 5312 in
2461 5258 2653 5313 itinere
2701 5258 3054 5328 expugnatis,
3087 5255 3496 5326 Ctesiphontem

1913 5329 2165 5398 pervenit
2203 5345 2216 5382 :
2256 5329 2365 5400 ubi,
2393 5343 2514 5384 cum
2562 5343 2732 5400 pugna
2779 5329 3062 5400 commissa
3114 5336 3260 5400 esset
3288 5329 3404 5398 ipse
3438 5331 3494 5386 in

1912 5400 2214 5470 promiscua
2266 5399 2416 5454 turba
2468 5399 2656 5470 sagitta
2702 5399 3046 5470 transfoditur
3074 5413 3126 5454 γι
3153 5399 3260 5454 kal.
3292 5400 3400 5455 Jul.
3447 5401 3496 5458 Α

1913 5469 2018 5540 quo
2062 5484 2189 5523 vero
2236 5469 2549 5524 vulneratus
2592 5470 2752 5524 fuerit
2796 5471 2850 5522 in
2896 5469 3060 5525 dubio
3098 5479 3218 5525 est:
3251 5482 3430 5528 utrum
3459 5489 3494 5529 a

1915 5539 2074 5595 Persa
2107 5539 2377 5610 transfuga
2401 5582 2417 5607 ,
2456 5551 2510 5595 ut
2552 5549 2634 5596 est
2663 5541 2718 5611 in
2763 5541 2997 5606 epitome
3043 5541 3295 5611 Victoris,
3327 5556 3396 5599 an
3424 5544 3494 5600 ab

1917 5627 2022 5665 uno
2045 5627 2075 5666 e
2102 5612 2210 5665 suis
2233 5653 2246 5674 ,
2303 5621 2359 5665 ut
2405 5612 2478 5665 ait
2525 5610 2836 5664 Ammianus
2858 5651 2874 5676 ,
2905 5627 2974 5666 an
3004 5628 3034 5666 a
3076 5610 3402 5681 Christiano,
3431 5623 3493 5670 ut

1918 5682 2075 5736 habet
2105 5682 2376 5747 Libanius,
2401 5697 2468 5735 an
2490 5697 2519 5735 a
2540 5681 2785 5736 daemone
2814 5683 2950 5750 ipso,
2974 5690 3031 5737 ut
3061 5683 3221 5738 tradit
3239 5681 3490 5740 Callistus

1916 5753 2108 5807 Jnliani
2138 5753 2370 5816 satelles,
2397 5752 2486 5821 qui
2517 5752 2632 5820 ejus
2659 5766 2745 5806 res
2773 5764 2948 5823 gestas
2986 5759 3224 5809 carmine
3270 5755 3490 5810 heroico

1917 5823 2333 5895 conscripsit,_an
2361 5823 2427 5876 ab
2455 5823 2676 5895 angelis,
2694 5834 2747 5876 ut
2771 5826 2930 5879 refert
2946 5823 3232 5895 Gregorius
3258 5823 3486 5878 Nazian-

1921 5910 2107 5963 zenus,
2138 5907 2204 5948 an
2229 5893 2448 5950 demum
2487 5907 2518 5948 a
2549 5893 2811 5950 Mercurio
2837 5893 3093 5966 martyre,
3123 5911 3177 5952 ut
3206 5895 3487 5952 Damasce-
