3898 6474
135 421 214 479 ΙιὸΊ
1282 410 1615 471 EPISTOLA
1657 415 1674 472 1

1806 409 2138 470 lCATORlA.
3239 405 3345 467 ιω

198 523 459 582 Secundam
489 529 699 597 partem
727 521 891 581 ellicit
915 523 1276 582 Grammatice
1299 527 1504 594 critica,
1537 544 1655 598 quae
1703 528 1827 584 cum
1870 529 2014 585 circa
2061 524 2340 599 generales
2378 523 2591 584 Gothici
2639 521 2901 580 sermonis
2927 519 3188 587 theorias,
3232 529 3351 578 tum

149 619 259 675 circa
282 615 593 671 difﬁcultates
617 623 794 672 textus
825 614 1038 672 Ullilani
1067 618 1425 674 eruditissime
1449 629 1713 675 versatur.
2243 629 2262 644 ’

205 707 355 762 Tertia
381 721 496 777 pars
519 707 619 762 duo
641 707 810 764 lexica
833 708 1074 764 c'ontinet
1099 727 1111 762 :
1139 727 1300 764 unum
1329 710 1534 766 scilicet
1557 689 2083 782 Gothico-Latinum,
2107 729 2215 784 quo
2241 712 2450 786 singula
2479 711 2720 768 Ulﬁlantc
2756 711 2950 781 linguai
2981 709 3240 767 vocabula
3259 723 3358 765 ex-

149 812 375 876 ponuntur
409 809 497 856 aut
527 802 683 856 etiam
711 802 1105 871 discutiuntur;
1149 805 1379 861 alterum
1417 804 1942 878 Grmco-Gothicum,
1985 827 2052 866 ex
2099 827 2206 883 quo
2232 819 2432 882 quanta
2463 825 2880 884 synonymorum
2909 809 3063 880 copia
3099 806 3361 863 Gothicus

151 908 295 947 sermo
321 891 524 962 polleat,
553 893 851 963 comperirc
882 893 939 946 fit
967 895 1203 952 obvium.
2616 962 2620 964 ,

206 989 262 1041 At
284 1002 398 1041 vero
425 984 830 1044 Grammaticem
870 988 1168 1060 lcxicaque,
1207 1007 1327 1047 cum
1360 992 1681 1052 Germanice
1707 997 1904 1068 scripta
1929 1006 2130 1067 essent,
2160 998 2426 1054 latinitate
2451 997 2639 1054 donari
2665 1011 2886 1053 necesse
2915 995 3034 1065 fuit,
3059 1003 3113 1050 et
3135 994 3225 1048 hic
3244 993 3367 1064 qui-

154 1077 250 1134 dem
290 1094 411 1148 opus
459 1087 513 1133 et
539 1077 708 1146 labor,
759 1095 859 1135 nec
889 1090 1036 1136 certe
1079 1080 1250 1142 facilis
1275 1085 1496 1154 patebat
1521 1087 1626 1152 via,
1663 1087 1759 1142 sed
1802 1089 1981 1160 potius
2027 1090 2320 1146 innumeris
2365 1090 2572 1145 hirsuta
2616 1089 3034 1160 asperitatibus:
3067 1087 3208 1141 inter
3232 1101 3368 1155 quas

154 1171 400 1241 principem
428 1171 602 1226 locum
645 1172 960 1228 obtinebant
1006 1172 1363 1230 arctissimum
1418 1178 1562 1247 pacti
1612 1180 1869 1250 temporis
1911 1181 2273 1251 intervallum,
2317 1180 2464 1252 quod
2509 1181 2782 1253 praeterire
2809 1179 3028 1235 omnino
3055 1177 3204 1233 nefas
3228 1183 3367 1244 erat,

157 1261 500 1333 identidemque
529 1263 816 1319 verborum
840 1265 1280 1324 Germanicorum
1304 1270 1511 1326 indoles
1531 1272 1727 1341 linguae
1756 1272 1960 1329 Latina:
1982 1276 2192 1347 penitus
2221 1276 2500 1346 impervia.
3051 1319 3054 1323 ι

212 1350 439 1418 Qui-'nuid
466 1353 552 1416 sit,
579 1352 723 1422 quod
750 1354 889 1409 intra
919 1357 1059 1412 vires
1080 1356 1211 1427 fuit,
1243 1359 1349 1416 hoc
1375 1361 1605 1417 libenter
1624 1363 2000 1435 relligioseque
2041 1367 2335 1437 praestitum
2366 1385 2378 1420 :
2412 1382 2514 1423 nec
2537 1366 2730 1422 saltem
2762 1363 3188 1435 interpretationi
3215 1361 3373 1419 deest

168 1445 240 1500 dos
259 1459 468 1504 omium
497 1445 972 1515 desideratissima,
1002 1465 1196 1522 nempe
1220 1450 1472 1528 ἀκρίϐεια,
1491 1471 1607 1523 seu,
1634 1463 1693 1511 ut
1714 1455 1885 1525 aiunt,
1910 1458 2162 1528 ﬁdelitas,
2181 1474 2284 1515 nec
2306 1459 2590 1530 interpreti
2611 1473 2736 1530 spes
2758 1458 2860 1514 sibi
2883 1456 3103 1513 lectoris
3122 1455 3370 1525 gratiam,

166 1537 422 1606 veniamque
440 1554 549 1595 stur.
575 1539 764 1610 opellae
792 1539 1090 1598 defectibus
1115 1544 1454 1601 conciliandi.

161 1707 3368 1747 Μ

973 1836 1568 2018 QZ-pistota
1696 1837 2248 1979 uehiculo
2265 1837 2501 1984 ria.

781 2187 2729 2490 MAXIMILIANO

253 2699 261 2761 ί
1095 2643 1401 2727 REGNI
1477 2647 1934 2729 BAVARICI
2011 2649 2386 2730 HEREDI

1449 2870 2024 2948 EDITORES.

1624 3067 1890 3124 «ωδ

230 3301 347 3362 Tuo
369 3303 628 3376 nomine,
679 3301 972 3384 princeps
1006 3300 1360 3380 celsissime,
1412 3299 1528 3363 hoc
1556 3311 1844 3364 nostrum
1875 3321 2034 3382 opus
2065 3321 2290 3367 ornare
2313 3322 2444 3368 non
2470 3304 2627 3386 alio,
2655 3321 2842 3388 quam
2869 3321 3118 3369 summa
3142 3321 3404 3369 venera-

163 3401 325 3465 tionis
353 3423 513 3469 sensu
545 3407 735 3470 ducti
760 3425 970 3468 sumus
999 3407 1139 3468 ausi
1161 3429 1182 3468 :
1224 3407 1364 3487 quis
1389 3407 1550 3468 enim
1583 3413 1640 3467 te
1665 3409 1923 3486 gravior
1952 3405 2171 3468 harum
2231 3408 2588 3472 litterarum
2632 3417 2945 3492 patronus
2975 3409 3248 3487 exstitit,
3293 3411 3406 3468 aui

163 3501 272 3579 quis
294 3505 438 3568 alius
460 3507 873 3589 prxclariore
909 3509 1032 3571 haec
1063 3508 1275 3571 studia
1305 3507 1686 3572 liberalitate
1729 3507 2050 3580 accendit,
2088 3508 2306 3586 auxit,
2339 3511 2587 3572 ornavit
2615 3511 2644 3571 Υ
2674 3513 2898 3593 Itaque
2928 3525 3056 3571 non
3091 3505 3407 3568 metueba-

171 3619 296 3673 mus,
318 3625 379 3670 ne
408 3612 821 3694 o/fendereris
852 3610 1181 3674 conatibus
1205 3610 1476 3688 nostris,
1512 3610 1646 3691 qui,
1688 3628 1827 3671 cum
1882 3608 1999 3671 tibi
2031 3612 2430 3691 propositum
2462 3619 2614 3674 esset
2644 3612 2726 3675 ad
2766 3609 3284 3694 perscrutandum
3314 3626 3409 3669 ce-

174 3700 498 3776 leberrimum
525 3714 700 3779 illud
729 3714 1112 3780 bibliothecas
1148 3714 1536 3794 Upsaliensis
1564 3714 1872 3776 cimelium
1901 3712 2064 3774 alios
2092 3714 2269 3776 viros
2305 3713 2525 3776 doctos
2552 3716 2822 3790 mittere,
2853 3721 3178 3794 antequam
3218 3711 3409 3790 huius

163 3809 368 3875 consilii
397 3817 562 3896 fama
602 3817 690 3878 ad
727 3835 844 3878 nos
879 3818 1280 3896 pervenisset,
1324 3817 1447 3896 ipsi
1489 3816 1644 3878 illuc
1687 3816 1965 3895 profecti
2008 3834 2175 3878 nova
2215 3818 2415 3879 animi
2465 3836 2600 3879 vere
2639 3819 2800 3898 regii
2849 3817 3216 3879 documenta
3261 3814 3411 3875 dare

159 3907 253 3970 tibi
280 3917 538 3995 cupienti
584 3920 857 4001 fortasse
891 3917 1326 3998 impedimento
1373 3919 1565 3996 fuisse
1594 3915 1946 3978 videremur
1971 3939 1992 3980 :
2023 3917 2128 3978 sed
2145 3920 2364 3997 potius
2392 3920 2703 3998 persuasi,
2732 3919 3013 3999 principi
3041 3916 3282 3979 excelso
3313 3920 3411 3973 at-

151 4030 242 4089 que
265 4024 578 4103 magniﬁco
612 4032 839 4082 nostra
880 4039 992 4082 nos
1019 4019 1229 4081 studia
1255 4018 1665 4099 probaturos.
1720 4018 1836 4080 tibi
1861 4018 2021 4079 hanc
2052 4018 2317 4098 opellam
2340 4029 2620 4082 nostram
2648 4037 3011 4082 consecrare
3040 4017 3408 4090 statuimus,

150 4127 300 4193 quam
322 4131 384 4182 ut
412 4127 572 4205 aequi
600 4124 868 4204 bonique
893 4127 1098 4203 facere
1133 4121 1320 4197 velis,
1367 4121 1743 4202 suppliciter
1790 4137 2110 4201 rogamus.
2160 4121 2546 4199 Collegimus
2594 4141 2728 4202 quae
2763 4121 2831 4184 in
2879 4126 3181 4202 promptu
3229 4118 3412 4176 erant

144 4225 243 4295 pro
285 4225 518 4287 viribus
554 4245 677 4288 nos
709 4225 952 4306 quidem
999 4248 1019 4287 :
1071 4235 1134 4286 at
1177 4243 1310 4305 qum
1350 4233 1406 4286 te
1449 4223 1963 4298 acclamationes,
2011 4231 2261 4303 quantas
2308 4223 2522 4286 laudes
2589 4225 2786 4287 totius
2823 4223 3027 4304 gentis
3072 4221 3407 4292 litteratce,

146 4324 323 4400 quales
355 4329 937 4410 congratulationes
968 4328 1316 4407 excipient,
1365 4327 1422 4387 si
1450 4325 1623 4389 missi
1662 4325 1759 4388 tui
1787 4325 1964 4404 regia
2003 4326 2437 4406 muniﬁcentia
2484 4326 2693 4407 adjuti
2728 4345 2806 4388 ex
2836 4324 3045 4389 Gallia
3075 4331 3132 4384 et
3161 4321 3409 4401 Hispa-

141 4425 264 4501 nia,
300 4446 447 4508 quas
495 4441 704 4492 terras
736 4429 927 4492 Gothi
959 4430 1111 4490 olim
1150 4447 1563 4510 occupavere,
1609 4430 1822 4509 copias
1859 4429 2420 4492 desideratissimas
2469 4448 2545 4490 ex
2579 4431 3102 4492 monasteriorum
3150 4425 3404 4490 latebris

145 4529 409 4609 tanquam
437 4552 516 4594 ex
547 4533 861 4594 diuturna
889 4533 1255 4611 captivitate
1292 4532 1636 4612 rcdemptas
1677 4533 1747 4593 in
1777 4533 1948 4594 atria
2001 4542 2113 4592 tua
2140 4544 2409 4613 augusta
2447 4536 2873 4614 reportarint!
2907 4535 3044 4611 Qua
3079 4553 3183 4614 spe
3219 4530 3408 4594 erecti

139 4639 232 4686 nos
254 4675 268 4699 ,
320 4632 373 4691 si
399 4635 477 4694 ad
511 4642 592 4707 te,
630 4633 918 4712 princeps
955 4633 1284 4694 celsissime
1314 4643 1494 4714 atque
1523 4633 2107 4715 indulgentissime,
2141 4634 2392 4697 libellus
2421 4638 2900 4714 noster/acilem
2933 4637 3246 4701 invenerit
3276 4633 3425 4696 adi-.

141 4729 246 4788 tum
270 4773 287 4805 ,
317 4733 769 4814 amplissimum
794 4733 1121 4813 praemium
1150 4742 1514 4797 consecutos
1544 4753 1665 4796 esse
1691 4733 2224 4797 existimabimus.

921 5113 1054 5175 Tuo
1082 5117 1322 5176 nomini
1354 5115 1687 5176 celsissimo

2394 5451 2808 5514 addictissimi
2881 5439 2884 5443 ’

2040 5598 2119 5663 Η.
2166 5598 2236 5661 C.
2281 5601 2357 5662 de
2399 5598 2770 5662 Gabelcnlz.
2857 5599 2912 5660 J.
2976 5599 3211 5668 [ορδερ

247 6057 516 6120 Pnnon.
572 6058 802 6122 XVIII.
1777 6141 1782 6146 ψ

1777 6141 1782 6146 ,
3004 6065 3079 6129 ιδ
