3898 6454
217 605 3452 674 m

892 779 2853 999 PBOLEGOMENA.

291 1250 490 1309 Ullilas
521 1249 575 1317 ⁸,
618 1255 796 1304 utrum
833 1262 1034 1320 genere
1058 1246 1380 1319 Cappadox,
1431 1248 1814 1318 Sadagolthino

213 1346 348 1402 vico
390 1343 688 1413 oriundus,
728 1343 882 1414 cujus
907 1354 1179 1414 parentes,
1212 1343 1520 1400 incursione
1547 1360 1578 1398 a
1621 1344 1814 1402 Gothis

222 1441 331 1495 sub
360 1439 519 1494 ﬁnem
545 1437 714 1493 seculi
736 1435 882 1492 tertii
911 1436 965 1492 in
981 1435 1374 1506 Cappadociam
1402 1436 1561 1501 facta,
1582 1452 1614 1492 a
1644 1437 1814 1493 victo-

217 1532 377 1588 ribus
408 1532 570 1586 domo
613 1531 668 1586 in
698 1531 966 1600 Europam
1002 1529 1262 1586 abductos
1307 1531 1471 1586 fuisse
1515 1530 1812 1587 Philostor-

212 1627 344 1697 gius
374 1627 396 1656 ²
448 1632 653 1692 narrat,
681 1639 748 1678 an
782 1623 1092 1680 testimonio
1123 1624 1452 1694 reliquorum
1488 1623 1810 1693 scriptorum

209 1718 534 1790 parentibus
578 1725 634 1772 et
672 1717 807 1786 ipsis
834 1715 1078 1772 GOthicis
1116 1725 1275 1770 natus
1304 1715 1484 1781 fuerit,
1513 1714 1812 1786 dijudicare

208 1825 364 1868 nunc
393 1811 715 1875 omittimus,
745 1810 871 1878 quia
899 1808 967 1863 ad
999 1823 1112 1864 rem
1142 1817 1381 1864 nostram
1414 1823 1598 1878 parum
1632 1808 1812 1863 valere

207 1905 470 1970 videtur;
511 1917 632 1957 nam
666 1900 880 1958 Ullilam
928 1901 1067 1972 apud
1110 1901 1318 1957 Gothos
1355 1901 1572 1957 circiter
1609 1917 1809 1957 annum

207 1997 323 2054 518
354 2006 543 2053 natum
581 1995 976 2065 educatumque
1001 2004 1185 2066 postea
1220 1996 1458 2067 reliquos
1491 1995 1689 2066 gradus
1722 2012 1811 2052 ec-

205 2093 557 2150 clesiasticos
603 2106 744 2146 anno
790 2090 896 2146 548
953 2098 1365 2161 praetervectum
1423 2091 1583 2160 hujus
1637 2090 1810 2159 gentis

209 2190 536 2260 episcopum
581 2185 772 2254 fuisse,
813 2194 1008 2254 praeter
1045 2185 1280 2255 reliquos
1317 2195 1566 2240 auctores
1595 2185 1615 2216 ³
1647 2185 1805 2241 etia

206 2281 612 2352 Philostorgius
650 2279 740 2335 ille
782 2278 974 2345 tradit,
1016 2292 1311 2349 eorumque
1350 2277 1682 2343 Gothorum,
1714 2281 1804 2348 qui

207 2374 459 2430 Minores
486 2372 662 2427 vocati
693 2372 748 2426 in
780 2370 968 2426 Mmsia
995 2369 1255 2425 inferiore
1279 2372 1478 2426 ﬂumen
1509 2370 1805 2425 Danubium

207 2470 358 2526 inter
378 2477 437 2523 et
463 2473 702 2522 montem
733 2464 976 2521 Haemum
1006 2463 1382 2520 incolebant‘.
1415 2464 1508 2520 llis
1537 2466 1680 2521 enim
1712 2480 1807 2522 ne-

207 2567 332 2623 scio
357 2578 468 2636 quo
517 2562 740 2618 doctore
781 2576 881 2616 nec
923 2575 1030 2631 quo
1072 2570 1314 2628 tempore
1343 2560 1365 2591 ⁸
1393 2558 1639 2615 doctrina
1679 2559 1806 2614 reli-

207 2657 396 2732 gionis
421 2656 746 2713 Christianas
792 2653 958 2710 imbui
989 2668 1110 2709 sese
1147 2656 1322 2726 passis
1358 2653 1681 2724 Theophilo,
1711 2653 1803 2724 qui

204 2751 568 2809 Constantino
624 2749 814 2819 Magno
874 2747 1198 2817 imperatore
1249 2747 1456 2826 primus
1509 2748 1798 2819 episcOpus

204 2843 317 2901 fuit
343 2845 387 2911 ⁸,
417 2843 636 2901 circiter
660 2855 858 2897 annum
891 2839 994 2898 555
1012 2841 1032 2872 ⁷
1063 2839 1248 2897 Ultilas
1275 2855 1550 2904 sacrorum
1577 2841 1804 2896 antistes

209 2940 484 2995 successit
513 2951 746 3008 eumque
775 2950 878 2991 non
911 2936 1084 2991 solum
1116 2936 1498 3006 peritissimum
1537 2933 1801 3004 evangelii

203 3033 604 3103 explicatorem
633 3039 688 3085 et
711 3038 968 3100 spettata:
995 3027 1210 3083 virtutis
1239 3027 1566 3084 hortatorem
1597 3026 1802 3084 habue-

203 3136 368 3193 runt,
399 3123 494 3178 sed
524 3124 713 3179 merita
745 3123 863 3179 hate
885 3121 1114 3177 maxima
1156 3121 1208 3177 in
1241 3122 1386 3178 cives
1415 3137 1544 3177 suos
1575 3119 1800 3176 laudan-

211 3228 332 3285 tur,
350 3216 496 3288 quod
510 3216 667 3273 libros
681 3231 868 3272 sacros
887 3217 941 3271 in
953 3230 1138 3272 eorum
1154 3230 1456 3272 sermonem
1474 3216 1735 3271 convertit
1757 3216 1797 3270 ⁸.

206 3310 684 3380 Constantinopoli
707 3320 908 3378 autem,
935 3312 987 3364 in
1007 3323 1166 3380 quam
1195 3310 1382 3365 urbem
1402 3309 1514 3380 jam
1535 3325 1676 3366 anno
1698 3309 1804 3366 560

206 3402 497 3475 profectus
515 3411 684 3472 esset,
710 3411 764 3458 et
789 3416 947 3472 quam
977 3416 1119 3457 anno
1146 3399 1250 3458 588
1278 3399 1383 3456 hoc
1406 3402 1632 3458 consilio
1667 3405 1805 3458 revi-

209 3498 400 3564 sisset,
419 3504 477 3551 ut
491 3503 851 3566 contemptam
864 3492 1273 3549 condemnatam
1284 3505 1390 3562 que
1404 3509 1627 3552 suorum
1642 3494 1803 3553 ﬁdem

220 3587 560 3658 defenderet,
589 3587 778 3644 morbo
799 3596 1083 3657 correptus
1109 3586 1245 3642 obiit
1262 3589 1306 3642 ο.

297 3727 315 3758 ⁸
339 3726 538 3783 Nomen
573 3725 744 3784 Ulﬁla:
780 3731 977 3795 prater
1006 3721 1244 3794 Ulpltilat
1295 3721 1424 3794 (οὐλ
1459 3724 1567 3787 ίλας
1614 3767 1628 3789 ,
1664 3725 1805 3796 apud

297 3799 510 3850 intortas
555 3797 710 3850 vario
756 3799 916 3850 modo
963 3796 1260 3850 scribitur:
1305 3747 1530 3850 Urﬁfas.
1575 3722 1800 3850 llrﬁlua.

217 3799 510 3868 scriptores
555 3797 710 3853 vario
756 3794 916 3868 modo
963 3796 1260 3868 scribitur:
1305 3794 1530 3868 (Ir/itas,
1575 3794 1800 3868 llr/ilus,

219 3865 738 3954 Gnthlasdhdﬁhs,
764 3867 1012 3954 ρὶιίκιαε,
1039 3865 1277 3937 Gal/itas,
1311 3865 1550 3954 U‘l'pht'us,
1578 3867 1802 3954 Gul/ina,

225 3938 723 4008 Gudila,Gudillas,
764 3938 956 4006 Unila,
989 3955 1212 4010 quarum
1254 3942 1648 3994 mutilationum
1688 3941 1806 4008 plu-

221 4016 388 4067 rim-us
420 4013 689 4082 llispanici
717 4009 1013 4082 scriptores
1040 4009 1405 4077 admiserunt,
1434 4011 1545 4066 vid.
1574 4012 1802 4066 Essher-

223 4085 367 4152 gium
400 4086 545 4140 Ullil.
581 4085 630 4139 l.
659 4085 977 4139 Rectissime
1008 4083 1124 4136 sine
1151 4082 1336 4147 dubio,
1369 4085 1492 4151 quia
1526 4084 1596 4137 ita
1625 4083 1804 4139 indole

225 4156 419 4224 lingua:
460 4157 691 4225 gothicze
747 4155 1152 4211 commendatur
1176 4194 1192 4219 ,
1229 4153 1423 4223 Vulﬁla
1476 4155 1806 4210 scriberetur

227 4228 358 4300 (vid.
385 4227 550 4282 Grim.
583 4227 717 4300 1,57
747 4230 879 4297 sq.),
917 4225 1057 4300 quod
1092 4228 1318 4300 verbum
1343 4240 1537 4300 nomen
1560 4226 1806 4300 deminu-

224 4298 394 4353 tivum
421 4301 565 4353 vocis
595 4298 724 4368 vulfs
754 4299 976 4368 (lupus),
1012 4300 1223 4366 proprie
1251 4298 1492 4367 lupulum
1519 4299 1800 4368 signiﬁcat,

223 4371 336 4423 vid.
368 4370 578 4425 Massm.
615 4369 785 4425 Skeir.
818 4385 871 4439 p.
897 4370 988 4439 97.

305 4442 326 4472 ⁸
356 4440 548 4496 Hister.
578 4437 858 4497 ecclesiaat.
887 4441 942 4505 2,
973 4437 1006 4492 5
1059 4437 1128 4494 cf.
1158 4439 1482 4496 Aschbachii
1506 4439 1807 4495 Geschichte

222 4517 321 4585 der
345 4511 670 4585 Westgotlren
693 4529 746 4584 p.
773 4512 835 4566 51
870 4512 990 4585 Not.
1022 4510 1110 4565 65.

300 4582 320 4614 ³
349 4581 606 4640 Libellum
636 4601 664 4637 a
695 4581 922 4639 Knnstio
957 4583 1176 4637 Parisiis
1208 4583 1481 4636 inventum
1510 4590 1565 4636 et
1586 4598 1612 4634 ιι
1636 4581 1807 4638 Wait-

225 4651 662 4727 giogdescriptntn
709 4667 778 4727 et,
801 4655 1000 4710 editum
1041 4651 1552 4727 (llebergdaalmben
1581 4655 1688 4708 und
1726 4656 1809 4708 die

225 4723 388 4782 μήτε
409 4728 496 4783 des
515 4723 707 4797 ’Ul/ila,
733 4726 1010 4797 Hannoner
1032 4723 1194 4791 1840,
1226 4725 1282 4797 4)
1317 4725 1388 4780 cl.

306 4797 326 4824 ⁸
352 4795 646 4855 Jornandes
675 4801 737 4854 de
763 4799 911 4853 rebus
939 4795 1127 4854 Geticis
1150 4812 1205 4866 p.
1233 4796 1334 4851 155
1359 4796 1444 4851 ed.
1469 4796 1732 4852 Lindenh.

305 4865 325 4897 ⁸
353 4869 499 4938 Apud
522 4871 774 4926 Basilium
805 4870 1048 4940 Magnum
1067 4865 1214 4940 epist.
1247 4867 1350 4924 558
1372 4883 1454 4938 sq.
1486 4878 1540 4924 et
1574 4868 1808 4938 Epipha-

231 4937 672 5010 gifnm’adverstts
699 4937 910 4996 Haeres:
951 4941 1015 5006 5,
1068 4939 1158 5006 14,
1189 4937 1472 4994 Ascholius
1526 4937 1809 5010 episcOpus

234 5007 719 5081 Thessalonicensis
739 5022 793 5066 et
814 5011 1044 5075 Audies,
1070 5011 1322 5081 llranius,
1350 5007 1616 5081 Sylvanns
1637 5007 1812 5066 sacer-

235 5079 385 5153 dotes
410 5085 564 5153 primi
595 5080 1195 5153 cbristianteAdoctrina:
1213 5079 1503 5153 praecones
1530 5083 1674 5152 apud
1703 5083 1811 5138 Go-

239 5152 355 5224 thos
379 5150 536 5211 luisse
564 5153 839 5224 feruntur;
868 5150 940 5208 cf.
966 5151 1182 5224 Massm.
1211 5151 1330 5222 1.1.,
1357 5168 1412 5224 p.
1436 5153 1526 5224 90.

309 5223 330 5255 ⁵
365 5227 610 5281 Socrates
653 5223 850 5280 Hister.
903 5221 1182 5293 ecclesiast.
1238 5224 1303 5288 9,
1349 5221 1436 5278 32.
1478 5222 1813 5293 Nicephorus

243 5294 480 5364 Callistus
510 5298 566 5363 9,
596 5297 686 5352 44.
716 5295 1069 5353 Cassiodorus
1088 5291 1290 5349 Hister.
1312 5295 1496 5350 ποια.
1519 5291 1732 5364 tripart.
1756 5295 1809 5362 5,

243 5362 323 5422 38.
350 5369 684 5439 Essbergium
713 5369 753 5425 1.
777 5370 839 5434 1.,
869 5371 924 5424 8.
954 5366 1351 5439 Aschbachium
1376 5367 1412 5421 l.
1439 5368 1502 5435 l.,
1527 5362 1703 5439 p.39.

309 5437 752 5520 fPhilos'torgius
804 5455 924 5495 cum
977 5437 1185 5520 Ullilam
1229 5437 1457 5520 primum
1513 5437 1810 5520 Gothorum

248 5511 537 5582 episcopum
569 5514 810 5579 haberet,
833 5527 942 5568 non
968 5511 1162 5566 mirum
1187 5519 1292 5577 est,
1319 5513 1362 5565 si
1397 5525 1517 5564 eum
1548 5511 1814 5565 Constan-

250 5579 345 5637 tino
365 5583 552 5655 Magno
573 5585 831 5655 aqualem
856 5584 1018 5639 fuisse
1037 5582 1286 5655 scripsit;
1309 5581 1380 5636 cf.
1403 5579 1637 5655 Benaelii
1659 5582 1809 5655 praef.

252 5663 294 5716 ι).
323 5652 470 5710 XXXI:
498 5652 652 5720 Apud
679 5656 985 5712 Scholaium
1017 5654 1151 5709 Not'.
1181 5654 1330 5708 Test.
1375 5653 1486 5708 vol.
1512 5652 1558 5719 1,
1606 5654 1812 5722 rrzel'at.

253 5729 297 5797 ρ.
315 5739 488 5797 _C_xxtx,
505 5727 691 5786 Ullilas
719 5727 918 5784 saeculo
939 5727 1128 5797 quinto
1156 5725 1317 5781 biblia
1337 5724 1673 5783 convertisse
1698 5725 1818 5781 sine

253 5788 394 5847 dubio
415 5788 508 5862 per
535 5801 832 5864 typotheta:
853 5788 1097 5856 errorem
1120 5797 1296 5853 dictus
1327 5806 1432 5851 est.

309 5865 328 5896 ⁸
353 5864 601 5940 Socrates
627 5872 713 5940 _4,
731 5870 817 5922 33.
861 5875 1224 5940 szomenus,
1257 5869 1310 5934 6,
1346 5869 1436 5924 57.
1480 5869 1814 5940 Nicephorus

253 5929 334 6004 11,
373 5934 460 5995 48.
489 5929 842 5996 CassiodOrus
885 5935 943 6006 8,
975 5939 1061 5992 15.
1103 5929 1404 5997 Jornandes
1448 5953 1501 6011 p.
1534 5929 1669 6012 106,
1703 5941 1813 5998 vid.

1990 1252 2324 1324 Scriptorum
2353 1264 2531 1313 autem
2563 1267 2830 1327 veterum,
2860 1263 2949 1332 qui
2978 1265 3301 1330 Litterarum
3329 1286 3508 1333 sacra-

1916 1359 2039 1400 rum
2077 1347 2346 1417 gnthicam
2391 1350 2796 1408 translationem
2829 1354 2998 1414 Ulﬁlae
3030 1363 3299 1431 tribuunt,
3328 1365 3422 1421 alii
3452 1368 3504 1423 id

1915 1435 2115 1493 factum
2147 1456 2266 1496 esse
2299 1441 2350 1497 in
2382 1443 2690 1500 universum
2733 1447 2939 1516 dicunt,
2979 1468 3083 1508 non
3116 1456 3283 1512 libros
3326 1461 3502 1515 nomi-

1915 1540 2106 1588 nantes
2154 1549 2285 1602 quos
2329 1539 2691 1606 converterit,
2732 1555 2865 1610 qu0s
2912 1550 3358 1617 praetermiserit;
3410 1553 3500 1607 alii

1914 1639 2104 1683 omnes
2125 1629 2463 1698 complexum
2487 1645 2609 1688 esse
2637 1635 2878 1690 scribunt
2901 1636 2966 1705 ¹⁰,
2993 1648 3050 1695 ut
3067 1639 3185 1711 ipse
3212 1641 3507 1701 Philostor-

1913 1720 2051 1791 gius,
2090 1723 2178 1792 qni
2222 1733 2399 1779 tamen
2439 1724 2605 1780 libros
2639 1726 2841 1799 Regum
2886 1732 3120 1800 excipit,
3168 1736 3391 1808 ejusque
3421 1739 3500 1795 rei

1913 1827 2129 1870 causam
2169 1816 2352 1884 allert,
2389 1819 2533 1890 quod
2582 1834 2703 1876 cum
2735 1823 2802 1878 iis
2829 1825 2884 1879 in
2924 1825 3077 1882 libris
3117 1830 3501 1898 permultorum

1911 1905 2180 1964 bellorum
2217 1912 2421 1967 mentio
2463 1911 2596 1982 ﬁat,
2637 1912 2821 1970 Ulﬁlas
2859 1919 3064 1974 veritus
3095 1921 3199 1988 sit,
3249 1937 3316 1978 ne
3357 1923 3504 1980 cives

1913 2002 2018 2068 sui,
2055 2018 2082 2056 a
2117 2003 2246 2060 belli
2293 2005 2471 2062 studio
2509 2007 2687 2076 potius
2731 2010 2992 2079 arcendi,
3022 2027 3191 2069 seem
3219 2015 3502 2085 scriptum

1910 2096 2232 2152 auctoritate
2272 2097 2482 2154 seducti
2509 2113 2576 2154 eo
2605 2097 2898 2158 ferociores
2925 2113 3088 2173 atque
3126 2105 3499 2164 bellicosiores

1911 2183 2109 2242 ﬂerent
2154 2188 2218 2241 ιι.
2271 2187 2348 2243 Ea
2401 2190 2742 2262 Philostorgii
2791 2198 3054 2252 sententia
3095 2213 3127 2252 a
3155 2199 3288 2255 viris
3331 2201 3504 2256 doctis

1911 2286 2163 2349 tanquam
2216 2279 2440 2336 ridicula
2491 2283 2788 2354 improbata
2819 2294 2982 2357 atque
3022 2291 3243 2359 explosa
3275 2302 3402 2354 est;
3449 2291 3501 2346 id

1909 2370 2053 2441 quod
2081 2373 2292 2429 etiamsi
2324 2373 2378 2429 in
2409 2375 2650 2444 caneris,
2682 2393 2802 2447 quae
2831 2379 2899 2434 de
2927 2379 3087 2436 Uliila
3116 2384 3376 2453 narravit,
3407 2399 3501 2454 pa-

1908 2479 2033 2521 rum
2071 2475 2252 2522 certus
2293 2478 2483 2524 auctor
2509 2469 2946 2540 deprehendatur
2985 2475 3502 2547 mendaciorumque

1910 2557 2268 2628 plurimorum
2325 2571 2548 2632 propter
2600 2564 2831 2634 partium
2885 2565 3205 2622 Arianarum
3262 2567 3498 2624 studium

1908 2652 2064 2724 argui
2090 2654 2282 2724 possit,
2315 2663 2496 2712 tamen
2541 2658 2662 2729 quia
2709 2659 2808 2714 hac
2841 2659 2894 2714 in
2935 2675 2997 2716 re
3025 2662 3170 2718 nulla
3202 2664 3499 2722 mentiendi

1908 2759 2070 2801 causa
2111 2756 2252 2816 erat,
2287 2747 2653 2805 calumniandi
2693 2752 2863 2823 magis
2890 2754 3104 2823 studio,
3141 2771 3300 2825 quam
3349 2769 3499 2813 recto

1901 2835 2104 2907 judicio
2116 2837 2313 2895 factum
2339 2841 2569 2898 videtur.
2593 2843 2732 2910 Quid
2759 2846 2928 2914 enim,
2948 2860 3156 2919 quaeso,
3171 2848 3495 2905 Arianorum

1905 2928 2284 3001 Cappadocum
2314 2931 2579 2990 interesse
2606 2942 2838 3004 poterat,
2868 2935 3056 2994 Ultilas
3092 2937 3260 2995 libros
3287 2939 3493 3012 Regum

1906 3023 2246 3080 translationi
2289 3041 2401 3081 sua:
2428 3026 2716 3094 addiderit,
2747 3041 2816 3084 an
2843 3030 2996 3084 non?
3041 3028 3156 3086 Nisi
3187 3032 3369 3087 omnia
3399 3046 3498 3089 nos

1905 3113 2115 3185 fallunt,
2133 3118 2234 3173 viri
2249 3118 2466 3188 eruditi,
2486 3121 2580 3191 qui
2602 3135 2816 3178 omnem
2844 3122 3004 3178 (idem
3029 3125 3080 3179 in
3102 3123 3184 3179 his
3204 3124 3366 3182 rebus
3381 3125 3500 3182 Phi-

1907 3209 2168 3282 lostorgio
2195 3211 2524 3283 abjudicant,
2562 3222 2765 3272 temere
2789 3231 2912 3272 eum
2945 3217 3312 3275 condemnant
3339 3217 3499 3290 idque

1907 3305 2146 3362 maxime
2163 3315 2368 3375 errant,
2386 3310 2528 3380 quod
2549 3325 2663 3366 rem
2688 3311 3097 3382 ipsatn,scilicet
3114 3311 3497 3370 inﬁrmioribus

1905 3397 2199 3455 stabilitam
2209 3401 2526 3470 rationibus,
2540 3403 2608 3457 ab
2621 3402 2707 3459 his
2717 3405 3010 3462 rationibus
3024 3419 3129 3460 non
3140 3404 3499 3478 satisdiligen-

1906 3500 1991 3548 ter
2010 3492 2374 3564 sejungunt“.
2399 3493 2628 3553 Causam
2657 3497 2981 3554 amissorum
3003 3496 3261 3554 librorum
3279 3496 3495 3570 illorum

1907 3605 1938 3645 a
1971 3590 2332 3664 Philostorgio
2364 3593 2581 3650 allatam
2627 3609 2733 3650 non
2777 3594 3128 3665 probantibus
3157 3594 3312 3652 nobis
3343 3609 3409 3652 ea
3439 3595 3493 3652 in

1905 3728 2261 3856 Esiber'gniuﬂ
2279 3731 2366 3788 l2.
2391 3733 2705 3792 Knittelinm
2727 3749 2781 3806 p.
2803 3731 2912 3791 442
2933 3748 3017 3807 sq.
3029 3731 3238 3792 Castill.
3261 3731 3494 3806 Specint.

1948 3818 2063 3857 fill.
2099 3820 2148 3859 17.
2186 3820 2261 3859 XI.

2381 3877 2526 3949 laud.
2569 3877 2716 3949 (not.
2750 3875 2784 3930 5
2821 3861 3018 3949 supra)
3062 3894 3113 3949 p.
3146 3878 3216 3949 56
3253 3893 3406 3949 seqq.
3439 3877 3498 3949 in

1907 3945 2100 4002 eodem
2132 3944 2316 4002 libello
2349 3963 2405 4016 p.
2434 3947 2500 4004 l7
2541 3944 2702 4004 etiam
2745 3944 3120 4005 testamentum
3170 3948 3294 4006 ﬁdei
3320 3944 3496 4006 conti-

1909 4026 2088 4082 netur,
2112 4018 2253 4088 quod
2287 4018 2472 4074 Ultilas
2505 4019 2857 4075 moribundus
2884 4019 3030 4076 fecit.
3106 4017 3118 4028 '

1984 4088 2024 4119 ¹⁰
2043 4089 2187 4145 Inter
2215 4091 2352 4143 alios
2373 4088 2607 4161 Isidorus
2631 4092 2962 4161 Hipalensis
2982 4090 3232 4146 Chronico
3249 4091 3318 4145 ad
3343 4101 3500 4146 teram

1907 4160 2051 4240 5576
2080 4179 2092 4214 :
2129 4169 2257 4240 tunc
2285 4160 2817 4240 Gulﬁlasutrumque
2849 4171 3228 4218 testamentum
3260 4161 3496 4232 linguam

1906 4234 1962 4284 in
1996 4234 2265 4302 propriam
2302 4235 2590 4287 transtulit.

1982 4303 2035 4380 “7
2064 4301 2109 4357 1.
2134 4303 2168 4380 1,.
2219 4305 2479 4380 ΟὐρφίλοιςΔ
2526 4307 2838 4380 μετέφρασξν
2877 4306 2949 4366 εἷς
2983 4309 3086 4380 Δδιττὴν
3132 4301 3270 4371 (τῶν
3305 4304 3500 4380 Γότθων

1907 4379 2070 4450 {mania
2103 4377 2196 4434 τὰς
2225 4373 2419 4450 wares.-
2460 4373 2724 4450 érro'mu';
2762 4377 2940 4448 πλήνιγε
2978 4373 3041 4435 δὴ
3058 4382 3158 4432 τῶν
3193 4379 3497 4450 Bacticis-iv,

1908 4445 1998 4523 εἴτε
2038 4445 2770 4523 τῶνλμὲϊῖτρλέμωνὶστρρίαν
2809 4445 3083 4523 ﬁxo-uadis,
3108 4453 3199 4502 τοῦ
3218 4445 3283 4523 Δδὲ
3323 4446 3496 4508 ἔθνους

1909 4513 2073 4591 narro;
2106 4513 2435 4591 ςιλοπολέμοὶ)
2487 4523 2570 4574 καὶ
2620 4513 2875 4591 δνὲομένοῦ
2906 4519 3107 4591 μᾶλλον
3139 4518 3354 4588 χαλινοῦ
3386 4525 3497 4591 ’τῆς

1909 4588 1993 4642 ἐπὶ
2020 4589 2112 4649 τὰς
2149 4588 2550 4664 μάχας-ὁρμῆς,
2585 4590 2688 4647 ἀλλ’
2706 4588 2774 4644 ’os
2803 4588 3050 4665 τοῦπρὸς
3078 4595 3245 4644 ταῦτα
3271 4588 3495 4665 παρὸξύ·

1908 4679 2023 4714 νοντ
2028 4679 2080 4718 ος
2088 4700 2099 4710 .

1990 4733 2032 4761 ¹³
2065 4729 2351 4784 Knittelius
2382 4745 2436 4799 p.
2473 4730 2582 4787 465
2606 4747 2688 4802 sq.
2733 4731 2852 4786 inde
2885 4729 3302 4801 Philostnrgium
3333 4730 3497 4786 refelli

1911 4815 2071 4874 posse
2100 4803 2478 4874 opinatnsiest,
2514 4801 2661 4874 quod
2686 4802 3016 4869 Tlteodalus,
3048 4801 3344 4874 Gothorum
3379 4818 3493 4867 rex,

1912 4875 1965 4926 in
1988 4873 2213 4942 epistola
2239 4873 2467 4942 quadam
2509 4871 2874 4928 testiinonium
2902 4889 2933 4927 e
2963 4874 3110 4927 libris
3138 4871 3341 4943 Regum
3374 4888 3499 4940 pro-

1914 4943 2143 5015 tulisset,
2177 4945 2317 5013 quod
2350 4943 2449 5014 (sic
2476 4945 2608 5000 dicit
2636 4943 2944 5015 Knittelius)
2976 4957 3224 5009 proceres
3256 4952 3311 5015 et
3341 4956 3496 5015 reges

1949 5014 2115 5068 othici
2146 5029 2252 5069 non
2285 5013 2560 5081 fecissent,
2594 5017 2638 5071 si
2668 5016 2874 5079 Ullllas,
2904 5013 3057 5084 cujus
3085 5014 3312 5069 consilia
3340 5022 3395 5067 et
3420 5013 3499 5068 ei-

1937 5088 2021 5138 ata
2072 5086 2211 5155 apud
2269 5085 2472 5142 Gothos
2531 5089 2872 5142 oraculorum
2926 5087 3093 5141 instar
3145 5085 3493 5150 haberentur,

1916 5151 2122 5228 Gothos
2143 5175 2169 5210 a
2193 5157 2420 5211 lectione
2442 5157 2698 5213 librorum
2727 5157 2928 5228 Regum
2950 5171 3203 5228 revocare
3217 5156 3498 5228 voluisset.

1916 5227 1986 5283 At
2012 5227 2094 5280 vir
2123 5228 2314 5292 bonus,
2338 5230 2426 5297 qui
2455 5225 3330 5296 Cassiodorum,non'l'heodatum
3356 5225 3501 5278 illam

1917 5299 2198 5376 epistolam
2224 5301 2518 5376 scripsisse
2540 5303 2938 5376 recortlaretur,
2961 5301 3012 5353 id
3037 5298 3202 5376 etiam
3229 5297 3502 5376 recurtlari

1920 5370 2171 5438 debebat,
2224 5370 2395 5427 Ullila:
2437 5383 2491 5426 et
2539 5372 2798 5427 Theodati
2854 5380 3040 5426 aetates
3067 5369 3277 5425 duobus
3303 5369 3502 5420 secutis

1921 5440 2159 5496 diversas
2203 5457 2352 5504 esse,
2399 5442 2534 5497 intra
2583 5443 2722 5512 quod
2771 5453 2982 5510 tempus
3024 5441 3183 5512 libri,
3237 5439 3306 5493 ab
3351 5439 3503 5512 pltila

1919 5513 2126 5579 omissi,
2158 5513 2223 5567 ab
2251 5514 2370 5568 aliis
2398 5508 2648 5569 conver'si
2670 5528 2788 5568 esse
2812 5508 3078 5581 poterant.
3105 5511 3330 5566 Causam
3357 5508 3502 5564 illam

1922 5585 2135 5638 allatam
2170 5585 2574 5654 improbabilem
2602 5600 2742 5647 esse,
2769 5583 2998 5638 maxime
3028 5599 3092 5638 ex
3123 5581 3505 5654 Jornanﬁdeﬂdi-

1921 5657 2142 5719 erimus,
2171 5653 2260 5723 qui
2309 5656 2526 5710 eosdem
2563 5656 2682 5710 illos
2711 5654 2952 5721 Gothos,
2985 5654 3123 5722 apud
3155 5669 3288 5724 quos
3319 5653 3504 5708 Ulliltts

1920 5728 2203 5796 episeopus
2235 5727 2359 5789 fuit,
2393 5737 2605 5795 gentem
2651 5727 2871 5781 multam
2904 5726 3144 5794 quidem,
3181 5727 3275 5782 sed
3308 5736 3506 5793 paupe—

1922 5815 2036 5854 rem
2079 5808 2133 5852 et
2161 5797 2506 5869 imbecillem,
2552 5799 2682 5853 nihil
2716 5799 3099 5859 abundantem.
3128 5797 3231 5852 nisi
3261 5802 3504 5851 armento

1923 5870 2121 5942 diversi
2147 5871 2383 5942 generis,
2398 5887 2651 5942 pecorum
2675 5880 2730 5928 et
2749 5871 2960 5942 pascuis
2981 5871 3222 5941 silvaque
3238 5869 3503 5935 lignorum

1923 5941 2108 6010 fuisse,
2134 5940 2263 5996 dicit
2300 5955 2353 6010 p.
2385 5941 2505 5996 153.
