3898 6464
530 393 639 452 ιθδ

531 530 591 571 re
618 513 996 583 Philostorgio,
1029 512 1146 584 ipso
1170 511 1340 569 Ullilae
1369 511 1582 582 aequali,
1600 511 1703 568 title
1725 511 1935 582 dignior
1957 510 2110 565 testis

532 623 692 663 nemo
721 606 953 662 videtur.
998 606 1203 661 Abesse
1231 622 1262 659 a
1294 603 1538 660 versione
1567 605 1782 676 gotliica
1814 605 1981 658 libros
2010 601 2116 656 Re-

532 715 659 770 gum
706 715 826 755 cum
879 700 1043 754 sciret
1094 700 1210 769 ipse
1267 699 1350 753 vel
1407 698 1546 754 fama
1605 699 1940 768 accepisset,
1999 696 2118 766 ejus

533 792 845 850 omissionis
873 807 1088 847 causam
1129 792 1362 861 aliquam
1411 790 1672 861 subjicere
1716 789 1966 855 volebat,
2008 802 2115 843 non

533 903 730 944 curans
763 902 890 943 vera
936 895 1108 953 esset,
1139 902 1331 943 necne.
1376 885 1566 941 Libros
1610 885 1812 956 Regum
1846 884 2005 953 igitur
2048 883 2116 937 ab

534 980 696 1038 Ulfila
738 996 842 1035 non
881 995 1003 1036 esse
1030 995 1324 1037 conversos
1352 983 1479 1050 quin
1518 978 1820 1041 credamus,
1851 976 1984 1032 nihil
2017 977 2117 1030 im-

530 1074 680 1144 pedit
704 1075 753 1141 ¹;
788 1090 883 1130 cur
908 1091 1014 1130 non
1037 1075 1382 1140 converterit,
1408 1073 1617 1129 nescire
1647 1089 1745 1128 nos
1769 1071 1998 1126 fatentes
2026 1085 2118 1124 su-

531 1168 820 1237 spicamur,
842 1168 1050 1224 Ulfilam
1081 1169 1147 1223 ad
1169 1183 1302 1240 Opus
1331 1179 1437 1223 tam
1464 1167 1700 1238 amplum
1721 1166 2114 1223 conficiendum

531 1270 627 1316 aut
649 1261 789 1316 vires
819 1271 905 1316 aut
935 1271 1144 1330 tempus
1170 1260 1472 1327 defecisse;
1505 1261 1793 1315 maximam
1827 1257 2116 1313 bibliorum

529 1363 738 1424 partem
780 1357 822 1410 si
863 1356 1153 1422 transtulit,
1187 1356 1240 1411 id
1283 1356 1458 1426 ipsum
1487 1357 1774 1410 maximam
1803 1360 1981 1409 movet
2024 1351 2120 1407 ad-

529 1449 901 1518 mirationem,
951 1465 1072 1505 cum
1120 1457 1318 1520 prteter
1368 1449 1505 1503 hanc
1552 1463 1737 1504 curam
1784 1462 1890 1502 non
1942 1446 2116 1500 solum

527 1543 676 1600 domi
708 1545 966 1614 permulta
995 1544 1205 1615 negatia
1234 1551 1418 1600 essent
1442 1542 1697 1613 gerenda,
1728 1541 1821 1597 sed
1849 1541 2010 1596 etiam
2040 1538 2120 1594 le-

527 1637 770 1708 gationes
801 1638 868 1693 ad
889 1637 1512 1708 Constantinopolitanos
1541 1651 1762 1692 suorum
1793 1635 1988 1690 civium
2017 1647 2116 1688 no-

527 1730 674 1784 mine
702 1729 1060 1799 snscipiendtc
1088 1731 1132 1783 ⁸.

595 1821 793 1876 Totum
822 1830 1001 1876 autem
1023 1821 1280 1875 librorum
1305 1833 1583 1876 sacrorum
1607 1833 1803 1890 corpus
1829 1817 2041 1874 Gothos
2064 1816 2117 1873 in

525 1930 680 1971 suum
711 1929 1018 1969 sermonem
1055 1928 1372 1968 conversum
1406 1913 1690 1978 habuisse,
1737 1911 1788 1966 id
1816 1913 1956 1982 quod
1988 1911 2113 1966 olim

524 2008 871 2076 scriptorum,
900 2007 1090 2061 harum
1120 2022 1299 2062 rerum
1327 2007 1698 2076 imperitorum
1729 2016 1783 2060 et
1804 2006 1972 2059 relata
2001 2014 2117 2060 tau-

526 2110 638 2156 tum
688 2101 1070 2171 referentium,
1106 2099 1212 2156 fide
1259 2101 1597 2166 credebatur,
1643 2116 1785 2156 nunc
1837 2089 2116 2170 permultis

525 2195 858 2265 argumentis
902 2193 1305 2264 comprobatur.
1358 2193 1561 2249 Praeter
1607 2192 1884 2262 evangelia
1927 2193 2072 2246 enim
2098 2231 2114 2258 ,

525 2293 681 2341 antea
711 2286 826 2341 sola
857 2286 1089 2356 cognita,
1120 2294 1302 2340 nostra
1334 2293 1492 2340 :etate
1534 2283 1826 2354 fragmenta
1866 2284 2119 2354 epistula-

525 2393 646 2435 rum
669 2379 1010 2434 Paulinarum
1032 2390 1084 2434 et
1110 2379 1179 2434 de
1202 2379 1399 2434 veteris
1426 2378 1731 2434 testamenti
1759 2379 1911 2433 libris
1934 2379 2118 2434 Esdra:

525 2481 582 2528 et
603 2473 878 2529 Nehemic
907 2473 1151 2543 quaedam
1183 2482 1366 2543 partes
1390 2472 1624 2528 inventae
1650 2482 1775 2525 sunt
1799 2487 1814 2538 ;
1837 2472 1979 2526 unde
2008 2471 2120 2526 col-

525 2565 762 2636 ligimus,
810 2566 1069 2623 Gothicos
1115 2567 1398 2638 theologos
1443 2567 1605 2622 etiam
1655 2567 1891 2634 reliquos
1919 2565 2118 2620 veteris

529 2660 835 2716 testamenti
876 2660 1044 2715 libros
1076 2675 1184 2715 non
1226 2659 1458 2716 intactos
1498 2657 1799 2729 reliquisse.
1832 2659 1962 2713 Nam
1991 2657 2118 2728 quid

524 2767 868 2809 commovere
897 2752 1018 2807 illos
1040 2753 1232 2823 potuit,
1258 2761 1316 2807 ut
1338 2752 1553 2809 omissis
1578 2752 1700 2807 aliis
1725 2762 1830 2807 tam
1860 2760 2118 2820 praestano

525 2845 672 2902 tibus
699 2856 860 2918 atque
886 2847 1161 2917 gravibus,
1186 2847 1352 2902 libros
1377 2859 1483 2902 tam
1506 2847 1674 2917 jejuni
1700 2847 1998 2918 argumenti
2025 2860 2120 2902 ne-

523 2956 630 3010 que
659 2942 725 2996 ad
749 2941 909 2996 fidem
937 2951 1030 2997 aut
1053 2943 1117 2996 ad
1145 2943 1346 2997 cultum
1373 2942 1660 3013 quidquam
1685 2942 1926 2997 valentes
1949 2952 2122 2996 trans-

523 3033 664 3090 latos
685 3035 798 3089 suis
822 3034 1138 3090 traderent?
1188 3035 1360 3102 Quid?
1387 3035 1532 3106 quod
1563 3037 1724 3091 etiam
1751 3051 1961 3102 eorum,
1990 3049 2120 3104 quo-

522 3143 644 3185 rum
678 3130 822 3184 nulla
856 3130 1161 3201 fragmenta
1191 3130 1364 3186 adhuc
1386 3142 1513 3186 sunt
1542 3139 1781 3201 reperta,
1813 3129 2038 3200 vestigia
2067 3130 2119 3185 in

523 3222 646 3277 aliis
688 3224 1024 3279 conservatis
1077 3224 1582 3295 deprehendimus:
1631 3225 1684 3280 in
1732 3224 1910 3280 Skeir.‘
1946 3240 2001 3295 p.
2051 3225 2121 3278 37

523 3330 714 3372 versus
743 3317 880 3372 alter
921 3327 977 3373 et
1024 3323 1218 3373 tertius
1269 3319 1464 3373 Psalmi
1510 3319 1941 3390 quinquagesimi
1979 3317 2120 3373 tertii

522 3408 790 3463 citantur:
809 3408 916 3463 saei
939 3408 1142 3481 [rapjui
1162 3411 1211 3462 ai
1217 3409 1260 3482 [5
1264 3409 1378 3482 [)au
1393 3409 1557 3482 sokjai
1575 3410 1712 3483 gap.
1727 3411 1851 3463 allni
1878 3409 2122 3464 usvandi-

522 3499 718 3554 dedun.
751 3517 964 3555 samana
1002 3501 1274 3573 unbrultjui
1303 3503 1570 3576 vaurftun,
1598 3505 1632 3558 i.
1661 3524 1711 3558 e.
1744 3505 1830 3574 qui
1866 3505 2121 3576 intelligat

522 3602 614 3648 aut
650 3596 878 3664 requirat
924 3593 1136 3662 Deum;
1167 3613 1337 3651 omnes
1366 3599 1787 3664 declinaverunt;
1821 3600 1972 3652 simul
2002 3599 2122 3651 inu-

522 3686 638 3742 tiles
665 3687 789 3758 facti
815 3697 951 3742 sunt.
991 3687 1196 3744 Deinde
1235 3689 1438 3758 Ephes.
1479 3706 1562 3757 tv,
1598 3691 1631 3746 8
1671 3691 1724 3744 in
1756 3690 1997 3760 margine
2027 3703 2120 3744 co-

521 3779 657 3834 dicis
687 3782 729 3832 Α
758 3778 1093 3849 adscriptum
1121 3789 1205 3836 est
1231 3783 1523 3850 psalmo...,
1557 3799 1662 3852 quo
1692 3784 1942 3839 librarius
1973 3783 2117 3840 hunc

521 3869 700 3927 locum
721 3887 752 3927 e
779 3874 914 3927 libro
943 3876 1269 3944 psalmorum
1294 3875 1406 3947 (68,
1437 3876 1524 3946 19)
1555 3878 1799 3931 haustum
1831 3892 1952 3932 esse
1983 3877 2122 3933 indi-

522 3978 648 4021 care
675 3966 1035 4022 voluit.-Hine
1065 3967 1309 4023 Psalmos
1357 3971 1570 4039 gothice
1614 3985 1904 4026 conversos
1954 3973 2120 4028 fuisse

519 4057 644 4114 sine
690 4059 857 4114 dubio
902 4062 1376 4132 recte,conjicitur
1405 4062 1500 4134 ⁶);
1545 4074 1692 4118 certe
1745 4065 2121 4134 explicationis

520 4151 668 4209 illius
694 4162 885 4210 auctor
929 4156 1108 4210 omnia
1155 4157 1278 4211 novi
1323 4160 1628 4213 testamenti
1661 4160 1777 4216 loca
1810 4175 1842 4215 e
1873 4161 2120 4217 versione

522 4257 706 4302 nostra
725 4249 930 4314 citavit,
951 4264 1125 4320 neque
1152 4264 1248 4304 nos
1271 4249 1487 4320 quidem
1516 4251 1840 4318 dubitamus,
1865 4253 1915 4307 id
1941 4253 2117 4324 ipsum

521 4337 741 4406 fecisse,
763 4342 808 4394 si
834 4357 953 4411 quae
981 4342 1098 4398 loca
1121 4357 1152 4397 e
1177 4343 1398 4413 reliquis
1423 4343 1711 4398 bibliorum
1735 4345 1885 4399 libris
1908 4345 2119 4399 laudata

521 4431 700 4487 affert.
730 4434 808 4488 Ex
831 4435 1019 4489 cadent
1045 4437 1306 4505 evangelii
1329 4436 1557 4491 Joannei
1581 4439 1938 4507 explicatione
1955 4441 2116 4493 etiarn

521 4523 692 4579 libros
717 4525 914 4597 Moysis
944 4528 1210 4598 gothicam
1247 4531 1550 4585 versionem
1582 4532 1919 4602 complexam
1954 4534 2120 4589 fuisse

521 4619 932 4687 cognoscimus;
967 4637 1087 4674 nam
1126 4637 1178 4691 p.
1201 4621 1264 4676 41
1298 4639 1378 4692 sq.
1408 4624 1619 4678 etiamsi
1650 4641 1756 4680 non
1789 4626 1949 4680 verba
1978 4627 2115 4696 ipsa,

521 4720 704 4767 tamen
736 4727 930 4766 sensus
960 4727 1210 4768 versuum
1251 4714 1394 4770 2—9
1421 4716 1611 4785 capitis
1648 4733 1735 4771 xtx
1775 4719 1894 4772 libri
1921 4718 2121 4776 Nume-

516 4819 707 4860 rorum
745 4806 1026 4861 redditur:
1057 4809 1214 4861 vasuh
1243 4807 1358 4880 ‘ban
1389 4809 1487 4882 jalt
1527 4809 1702 4881 frauja
1738 4809 1816 4882 po
1848 4809 2122 4866 ahmeinott

517 4897 846 4968 artaﬁlhands
874 4899 1119 4970 daupein.
1137 4902 1186 4954 ei
1186 4900 1300 4973 pan
1319 4901 1624 4974 garaihtaba
1652 4903 1786 4975 vat-1)
1817 4906 1865 4958 bi
1892 4906 2121 4960 svikneiu

516 4993 716 5047 sokeins
743 4994 1012 5065 gauagida.
1029 5005 1148 5048 unte
1175 4995 1325 5067 vita];
1352 4996 1478 5068 piae
1505 4998 1907 5067 unfaurveisane
1933 5002 2121 5055 missa-

515 5084 649 5138 dede
697 5086 927 5140 ainaizos
975 5085 1123 5158 υἱιορ
1175 5089 1380 5142 raidida
1425 5106 1636 5162 αις]οη
1686 5091 2116 5166 Ιςαιὺοηδῃα-

513 5175 1001 5244 brannidaizps
1057 5188 1259 5236 utana
1323 5183 1856 5256 bibaurgeinais.
1919 5189 2113 5258 afaruh

513 5267 628 5341 pan
650 5269 730 5343 ῥυ
767 5275 822 5327 in
861 5281 1010 5328 cata
1049 5275 1488 5346 vairpandans
1518 5279 1705 5333 Itrain
1734 5279 1849 5350 jah
1890 5281 2113 5352 hysso-

513 5380 634 5430 pon
671 5368 792 5437 jalt
831 5367 1044 5423 vullai
1086 5369 1332 5425 raudai
1376 5373 1897 5446 ufartrusnjandans.
1934 5393 2112 5434 svasve

587 5521 606 5601 ξ
747 5521 966 5601 ⁸(Σίιξιίη.
1000 5525 1219 5582 Excurs.
1244 5530 1312 5583 ad
1341 5528 1574 5601 Philipp.
1610 5547 1661 5600 p.
1695 5532 1785 5589 65.

512 5677 550 5736 Ρ
585 5591 784 5718 ’ἳογίὼ
833 5597 1174 5668 Essbergium
1229 5603 1338 5670 ιδ,
1390 5591 1726 5658 t.t."za'tmit
1783 5602 2111 5682 Einleitung.

587 5735 612 5769 ³
641 5732 866 5791 Membr.
900 5738 1098 5794 Salisb.
1131 5742 1259 5798 Nro.
1296 5742 1396 5799 HO
1421 5745 1549 5802 olim
1577 5745 1775 5803 Salisb.
1804 5765 1958 5805 mu.

580 5805 604 5886 ξ
911 5810 960 5865 J.
989 5827 1111 5865 thtI
1147 5830 1197 5881 p.
1233 5816 1299 5870 15
1319 5831 1439 5886 sqq.

517 5876 607 6018 ﬂ"
831 5875 1184 5941 Sozomenum
1235 5886 1302 5954 7,
1357 5875 1446 5944 Η.
1497 5889 1855 5961 Nicephorum
1896 5895 2107 5954 Callist.

1642 389 2011 449 BlBLlORUM
2041 387 2378 448 ULFILANA
2413 387 2681 448 VERSIO.
3617 390 3692 450 ιδῃ

2217 507 2380 579 gadob
2395 507 2532 579 pana
2553 507 2829 578 ufarmiton
2854 508 3194 577 munandans,
3209 508 3308 565 i.e.
3323 509 3413 582 fuit
3430 518 3571 566 autem
3585 513 3696 568 etiam

2223 602 2455 655 dominus
2477 601 2674 670 (Jesus)
2697 603 2830 655 hunc
2855 603 3174 674 spiritualem
3210 610 3537 661 commendans
3558 607 3700 676 baptis-

2221 710 2359 746 mum
2385 710 2404 758 ,°
2437 693 2595 763 igitur
2624 704 2755 748 recte
2786 695 2880 765 fuit
2912 697 2975 748 de
2999 697 3350 767 puriﬁcatione
3377 699 3559 768 quintio
3575 715 3701 767 mam;

2220 802 2341 838 nam
2386 786 2467 838 lex
2501 786 2683 839 lterum
2727 789 3259 842 non-voluntariorum
3289 804 3574 858 peccatorum
3596 798 3704 849 suist

2221 876 2379 950 legem
2409 879 2585 932 statuit
2608 880 2825 934 cinerem
2851 897 3014 936 cacare
3043 883 3308 936 combusta:
3335 896 3463 937 extra
3486 887 3705 940 munimen.

2220 982 2362 1036 tum;
2387 972 2598 1039 posthac
2619 984 2790 1027 autem
2821 975 2957 1028 hunc
2980 977 3032 1029 in
3054 992 3235 1045 aquam
3260 977 3554 1048 conjicien:es
3579 996 3709 1045 puram

2219 1072 2267 1118 et
2289 1065 2506 1136 hyssopo
2528 1075 2572 1118 et
2601 1066 2722 1120 lana
2742 1067 2896 1122 rubra
2922 1078 3274 1142 contegeutes;
3295 1071 3367 1123 uti
3393 1069 3539 1123 decuit
3561 1069 3712 1124 hosts-

2221 1157 2418 1227 perbire
2455 1160 2738 1230 cogitantes
2777 1163 2838 1214 “.
2869 1161 3036 1216 Multo
3074 1164 3271 1218 clarius
3302 1179 3476 1218 eorum
3519 1163 3712 1218 librorum

2218 1264 2396 1305 versro
2426 1253 2766 1319 c0gnoscitur
2787 1269 2853 1309 ex
2879 1254 2984 1311 alio
3004 1255 3212 1325 codice,
3236 1257 3322 1327 qui
3342 1256 3632 1312 Vindobona:
3650 1258 3714 1312 ad-

2219 1345 2565 1401 serVutur’et
2584 1357 2778 1416 prmter
2799 1363 3052 1404 rttnorum
3076 1351 3224 1419 signa
3247 1352 3400 1406 etiam
3425 1351 3634 1420 pleraque
3653 1364 3714 1420 go-

2221 1437 2363 1492 thica
2392 1439 2553 1493 verba
2581 1449 2632 1494 et
2662 1439 2868 1495 litteras
2891 1458 3233 1498 numerorum
3258 1445 3498 1507 continet,
3513 1457 3716 1515 quaspos-

2223 1540 2420 1586 tremas
2452 1533 2744 1588 maximam
2787 1546 2992 1606 partem
3031 1553 3061 1593 e
3098 1538 3371 1594 Geneseos
3403 1540 3558 1608 capite
3587 1539 3717 1606 quinto

2219 1624 2406 1680 ductas
2427 1642 2546 1682 csse
2573 1627 2897 1686 Wilhelmus
2918 1630 3232 1700 Grimmius,
3255 1633 3334 1688 vir
3356 1633 3616 1688 litterarum
3638 1643 3718 1700 ger-

2219 1721 2550 1776 manicarum
2587 1723 2965 1793 peritissimus,
3000 1727 3202 1796 primus
3231 1726 3360 1780 vidit
3383 1725 3430 1790 ⁸;
3455 1737 3565 1780 sunt
3593 1733 3717 1779 autem

2221 1813 2335 1868 hae:
2361 1830 2520 1870 versu
2551 1817 2584 1871 5
2611 1817 2862 1872 διε-250
2886 1819 3065 1890 (Vulg.
3102 1818 3262 1889 £50);
3294 1835 3372 1874 vs.
3404 1819 3435 1873 5
3457 1811 3522 1873 τι
3549 1841 3600 1869 =
3623 1817 3716 1881 950;

2217 1921 2299 1962 vs.
2340 1907 2371 1960 7
2409 1923 2484 1960 wz
2515 1929 2576 1955 =
2612 1910 2713 1964 707
2747 1910 2928 1982 (Vulg.
2968 1912 3142 1982 807);
3207 1929 3292 1967 vs.
3335 1913 3368 1968 8
3401 1902 3488 1966 ‘ib
3530 1933 3582 1961 =
3623 1910 3718 1976 illi;

2219 2013 2302 2054 vs.
2332 1999 2397 2056 15
2422 2016 2516 2054 wm
2547 2023 2607 2048 =
2643 2002 2746 2057 740
2777 2002 2956 2076 (Vulg.
2983 2003 3143 2076 840);
3178 2006 3301 2061 inde
3331 2013 3499 2061 autem
3527 2004 3719 2076 sequitur,

2221 2091 2369 2146 illum
2406 2093 2683 2148 librarium
2715 2096 2985 2163 codicem,
3027 2100 3388 2154 continentem
3417 2098 3645 2170 gothicam
3662 2111 3721 2151 ve-

2221 2187 2351 2240 teris
2399 2190 2704 2243 testamenti
2735 2190 3046 2246 versionem
3069 2229 3084 2256 ,
3116 2200 3242 2248 ante
3289 2193 3467 2248 oculos
3512 2191 3720 2254 habuisse,

2221 2281 2362 2336 unde
2395 2282 2511 2336 illas
2538 2285 2846 2353 exscripsit.

2295 2375 2496 2431 Omnes
2519 2375 2678 2446 igitur
2701 2377 2818 2433 libri
2843 2378 2982 2434 sacri
3007 2379 3059 2433 in
3080 2379 3349 2450 gothicam
3376 2379 3584 2451 linguam
3605 2384 3721 2431 trans-

2223 2465 2316 2521 lati
2360 2467 2526 2522 fuisse
2555 2468 2827 2537 videnlur,
2867 2485 3187 2542 quamquam
3220 2474 3510 2542 aliquorum
3538 2471 3606 2525 vel
3643 2467 3721 2524 noti

2221 2559 2440 2616 {traderis
2470 2561 2726 2617 librorum
2767 2563 2914 2618 nulla
2947 2564 3122 2619 adhuc
3175 2575 3434 2637 apparent
3463 2563 3664 2634 vestigia,
3688 2575 3720 2613 ν.

2222 2668 2273 2710 c.
2303 2665 2544 2710 actorum
2574 2655 2978 2726 Apostolorum,
3009 2659 3363 2728 epistularum
3395 2659 3720 2719 catholicarum,

2221 2751 2604 2821 apOCalypseos
2625 2750 2912 2816 Joannem;
2942 2767 3062 2822 qua:
3083 2766 3264 2808 autem
3299 2755 3502 2819 desunt,
3527 2753 3722 2806 latcantnc

2222 2842 2277 2898 in
2293 2847 2741 2900 monasteriorum
2761 2847 2996 2902 tenebris
3016 2858 3105 2901 aut
3122 2850 3367 2904 codicum
3381 2849 3723 2904 oblitteraton

2223 2939 2520 3007 sepultura,
2551 2955 2618 2994 an
2653 2940 3097 2996 bibliothecarum
3129 2943 3374 2999 cladibus
3416 2944 3609 2999 omnino
3631 2940 3722 2994 inle-

2225 3031 2449 3098 rieiint,
2491 3031 2610 3102 quis
2639 3032 2879 3088 divinare
2923 3023 3142 3104 potest?
3171 3037 3283 3092 Sed
3315 3035 3492 3092 Ullilas
3520 3049 3625 3090 num
3652 3031 3724 3100 ipse

2225 3123 2368 3178 illam
2415 3124 2814 3181 translationem
2867 3127 3195 3196 coniecerit,
3255 3129 3362 3184 alia
3406 3129 3605 3200 quaestio
3637 3130 3723 3185 est;
3825 3113 3827 3116 i

2227 3217 2516 3286 perfecisse
2564 3226 2729 3273 totam
2761 3233 2857 3273 cur
2887 3236 3162 3291 negemus,
3197 3237 3360 3293 supra
3413 3218 3723 3278 indicavimus;

2227 3321 2281 3364 at
2311 3326 2431 3366 cum
2483 3319 2593 3367 tota
2643 3313 2959 3381 antiquitate
3002 3316 3141 3368 fama
3201 3325 3447 3372 manaret
3489 3328 3589 3370 eum
3614 3307 3726 3363 biblia

2193 3405 2282 3458 ‘in
2327 3405 2596 3474 gothicam
2642 3405 2874 3478 linguam
2903 3409 3258 3478 convertisse,
3305 3411 3454 3466 facile
3491 3408 3581 3464 fieri
3601 3398 3729 3474 potuit

2225 3506 2286 3552 ut
2318 3501 2406 3568 qui
2449 3501 2658 3555 initium
2704 3501 3089 3571 interpretandi
3112 3503 3331 3560 fecisset
3355 3506 3581 3575 cujusque
3600 3492 3730 3564 περί·

2225 3592 2324 3647 ciis
2340 3601 2394 3648 et
2422 3592 2651 3650 fortasse
2677 3597 2995 3652 auctoritate
3035 3613 3118 3665 ea,
3151 3615 3274 3668 quae
3299 3600 3410 3671 ip<c
3437 3616 3528 3654 non
3557 3592 3730 3666 perfece'

2225 3695 2338 3754 rat,
2366 3686 2432 3740 ab
2454 3687 2575 3742 aliis
2596 3675 2724 3742 viris
2758 3689 2986 3744 eruditis
3026 3692 3265 3759 perfecta
3299 3702 3491 3760 essent,
3517 3689 3574 3742 ab
3597 3683 3727 3740 eodem

2226 3782 2345 3851 ipso
2383 3786 2618 3854 profecta
2651 3799 2770 3839 esse
2800 3785 3124 3840 dicerentur.
3160 3786 3219 3842 Si
3261 3789 3313 3842 in
3351 3797 3484 3842 tanta
3508 3795 3653 3839 rerum
3669 3776 3730 3831 ob-
3827 3795 3829 3798 ‘

2226 3888 2481 3932 scurttate
2503 3878 2810 3948 conjectura
2835 3881 2906 3933 uti
2934 3881 3076 3946 licet,
3111 3882 3200 3951 qui
3229 3883 3459 3936 maxime
3488 3887 3649 3949 preter
3671 3867 3730 3923 ΕΙ·

2226 3967 2370 4021 lilam
2414 3967 2830 4038 interpretandis
2871 3970 3050 4026 bibliis
3097 3988 3322 4042 operam
3365 3989 3506 4028 suam
3555 3969 3730 4040 poneret.

2227 4061 2437 4118 Selinas
2481 4063 2696 4132 quidam
2739 4065 2902 4120 fuisse
2933 4065 3165 4134 videtttr,
3202 4084 3362 4138 quem
3400 4066 3611 4123 Ulfilasa
3634 4069 3732 4114 com'

2226 4157 2506 4212 mentariis
2560 4168 2613 4212 et
2655 4159 2706 4214 in
2755 4159 3068 4229 episcopatu
3113 4154 3479 4218 successore't'n
3526 4156 3672 4214 habuit
3698 4151 3730 4211 ⁵,

2225 4247 2319 4304 ille
2383 4249 2526 4302 enim
2585 4258 2640 4303 et
2698 4251 2851 4320 patrii
2921 4260 2976 4305 et
3039 4255 3197 4322 grmci
3258 4254 3517 4309 sermonis
3559 4255 3731 4319 gnarus.

2225 4355 2360 4410 Opus
2398 4355 2427 4394 a
2453 4340 2738 4398 decessore
2769 4343 3098 4412 inchoatum,
3128 4356 3216 4400 aut
3244 4357 3512 4416 receptum
3551 4352 3623 4396 aut
3652 4347 3731 4390 sus-

2225 4443 2476 4500 ceptum,
2521 4434 2574 4488 in
2602 4435 2842 4491 ecclesia:
2867 4452 2978 4492 suae
3005 4440 3346 4493 commodum
3375 4439 3522 4493 facile
3545 4429 3733 4505 pellicere

2225 4530 2396 4598 potuit
2429 4529 2469 4584 ⁸.

2299 4620 2542 4676 Gothica‘.
2565 4619 2761 4676 deinde
2791 4622 3158 4678 translationis
3188 4640 3295 4679 non
3323 4625 3489 4680 solum
3521 4615 3732 4676 confecta.

2227 4715 2322 4772 sed
2353 4716 2511 4771 etiam
2545 4731 2640 4786 per
2669 4717 2850 4772 secula
2881 4731 3172 4774 asservatte
3198 4723 3474 4791 complura
3504 4714 3622 4787 apud
3645 4705 3734 4763 βοεί-

2226 4822 2412 4883 plores
2431 4812 2774 4869 inveniuntur
2797 4814 3124 4882 testimonia,
3142 4832 3313 4886 eaque
3335 4817 3570 4878 maxime,
3591 4823 3643 4862 ei
3666 4811 3734 4870 (1¹¹⁰

2227 4905 2526 4960 Gothorum
2555 4922 2744 4975 magna
2764 4922 2910 4977 pars,
2934 4907 3135 4964 relictis
3155 4910 3374 4964 sedibus
3402 4905 3603 4966 Istricis,
3619 4895 3735 4952 ’Πιθο-

2226 4995 2413 5051 dorico
2441 4997 2577 5052 duce
2604 4999 2767 5067 Alpes
2800 5000 3120 5066 transgressi
3153 4995 3356 5053 Italiam
3398 5002 3667 5064 occupatam
3686 4993 3736 5037 te-

2227 5099 2482 5146 nuerunt.
2503 5089 2664 5145 Gothi
2691 5090 2835 5146 enim
2858 5091 2964 5145 illic
2986 5089 3284 5146 incolentes
3304 5099 3462 5162 atque
3479 5083 3736 5154 imperantes

2224 5203 2333 5243 nun
2365 5185 2557 5241 mirum
2597 5195 2709 5256 est,
2743 5185 2790 5241 si
2834 5201 2930 5256 per
2972 5184 3131 5256 hujus
3177 5194 3335 5242 terrae.
3374 5187 3530 5248 lines,
3557 5186 3673 5234 certe
3694 5169 3736 5223 ῐὶε

2223 5280 2566 5352 regionibus,
2598 5280 2688 5334 ubi
2719 5281 2869 5351 regni
2909 5279 3068 5335 sedes
3096 5291 3230 5348 erat,
3272 5279 3480 5351 gothica
3509 5277 3660 5344 lingua
3682 5265 3737 5318 lo-

2222 5376 2334 5432 cuti
2356 5386 2409 5432 et
2431 5376 2484 5432 in
2511 5375 2756 5433 ecclesiis
2779 5375 2890 5431 suis
2915 5374 3147 5447 gothicis
3171 5376 3335 5432 etiam
3355 5373 3526 5432 bibliis
3549 5368 3616 5425 usi
3634 5363 3738 5418 sunt.

2299 5539 2321 5572 ⁸
2358 5537 2442 5594 Cf.
2463 5536 2762 5637 Castillion.
2793 5536 3335 5637 Specint'sprzeiathp.
3359 5543 3590 5637 ξ

2267 5593 2709 5666 rettuttrcreditu
2763 5593 2851 5664 est
2897 5593 3110 5680 gothi'tra
3162 5593 3323 5666 liibli'a
3367 5593 3736 5681 dictante

2267 5628 2456 5666 ronum
2500 5626 2709 5666 creuttu
2763 5626 2846 5664 est
2897 5626 3110 5680 gomura
3162 5626 3323 5666 mutta
3367 5626 3590 5681 ate-tame

2222 5626 2390 5739 Fuisse
2416 5684 2722 5750 conscripta
2743 5690 2799 5737 et
2821 5699 2920 5752 pro
2949 5696 3047 5738 suo
3074 5683 3279 5738 librarii
3305 5690 3516 5737 munere
3543 5667 3735 5726 distincta

2221 5766 2384 5823 atque
2414 5756 2722 5808 emendata.

2295 5833 2311 5850 '
2339 5828 2424 5881 Cf.
2457 5826 2675 5881 Massut.
2703 5823 2872 5881 Skeir.
2905 5842 2960 5895 ρ.
2983 5825 3074 5881 88.

2293 5871 3103 5968 ..*éggi;g;;"§,},}"3{$53.13..
3142 5895 3208 5945 ad
3250 5889 3496 5968 ηεδτεφς
3523 5871 3737 5937 citavisse,

2217 5967 2436 6026 Massm.
2463 5971 2500 6024 l.
2526 5971 2587 6036 l.,
2618 5984 2672 6038 p.
2691 5968 2763 6023 65
2784 5980 2871 6036 sq.
2898 5964 3053 6021 nobis
3076 5977 3182 6020 non
3205 5964 3484 6034 persuasit.

3827 3230 3829 3378 l

3827 3493 3829 3642 4

3827 3663 3829 3746 l
