3898 6464
144 423 253 479 ιδδ

145 541 221 596 Ea
249 542 564 606 tempestate
582 533 669 589 illa
693 532 1046 598 oratiuncula,
1068 532 1120 586 in
1141 531 1245 587 ﬁne
1269 529 1468 586 codicis
1493 528 1724 582 Brisiani

147 633 344 704 posita,
382 629 622 685 confecta
657 642 778 681 esse
811 627 1039 691 videtur,
1072 625 1124 679 in
1167 639 1270 694 qua
1300 633 1359 677 ut
1389 629 1618 676 caveant
1648 619 1730 672 in-

146 738 413 800 lerprctes
453 725 754 779 litterarum
804 736 1077 776 sacrarum
1118 729 1424 782 monentur,
1456 731 1518 769 ne
1548 715 1731 787 legenti

143 825 379 878 rideatur
400 818 544 872 aliud
561 818 614 870 in
632 832 796 887 grwca
817 815 1012 887 lingua,
1026 811 1168 865 aliud
1191 813 1240 864 in
1262 807 1508 864 lutinavel
1528 806 1731 877 got/lica

144 917 414 985 designata
443 928 547 966 esse
579 910 866 979 conscripta
890 908 928 962 ί.
984 905 1132 961 Unde
1164 903 1429 974 gothicam
1471 902 1624 968 inter;
1647 914 1732 954 re-

145 1011 406 1064 tationem
454 1020 558 1059 non
608 1001 780 1056 solum
826 1001 879 1054 in
929 997 1075 1052 Italia
1125 996 1348 1064 aliisque
1381 993 1566 1060 terris,
1603 1006 1732 1060 quas

145 1098 306 1157 Gothi
361 1096 650 1161 tenebant,
685 1092 983 1163 posteriore
1025 1099 1267 1158 tempore
1307 1087 1607 1150 exstitisse,
1637 1083 1731 1139 sed

149 1193 311 1250 etiam
356 1205 478 1245 cum
511 1188 674 1242 latina
703 1186 813 1254 pari
844 1182 1162 1237 auctoritate
1190 1179 1421 1234 valuisse
1450 1177 1730 1232 discimus.

124 1286 392 1343 'Alterum
440 1281 508 1336 de
559 1280 808 1334 versione
861 1274 1075 1345 gothica
1124 1271 1484 1328 testimonium
1540 1267 1734 1340 legitur

158 1379 291 1449 apud
320 1375 675 1432 Walafridum
705 1373 953 1427 Strabum
974 1414 989 1436 ,
1020 1370 1337 1439 scriptorem
1384 1367 1548 1422 seculi
1581 1365 1729 1433 noni,

163 1473 239 1545 qui
283 1471 624 1542 gothicorurn
669 1467 953 1521 bibliorum
980 1471 1326 1518 monumenta
1365 1477 1463 1515 suo
1493 1470 1734 1528 tempore

155 1566 284 1634 apud
309 1562 598 1618 nonnullos
622 1559 802 1614 haberi
825 1558 953 1612 dicit
974 1558 1023 1620 ’ς
1055 1555 1207 1624 cujus
1233 1554 1363 1608 ﬁdes
1389 1554 1470 1607 his
1497 1553 1549 1606 in
1573 1552 1734 1607 rebus

152 1672 213 1714 eo
241 1655 422 1725 major
451 1666 550 1720 est,
586 1652 726 1721 quod
756 1649 1087 1704 monasterio
1123 1645 1565 1702 lteichenaviensi
1600 1660 1737 1714 pra-

150 1751 380 1821 positus,
417 1749 469 1801 in
499 1745 728 1801 conﬁnio
761 1743 878 1798 fere
901 1741 1174 1796 habitabat
1219 1755 1405 1796 earum
1434 1737 1733 1808 regionum,

147 1856 276 1913 quas
321 1839 482 1896 Gulhi
511 1837 720 1906 utrique
744 1835 872 1890 olim
901 1833 1256 1889 incoluerant.

212 1933 514 2002 Postquam
545 1930 738 1984 deinde
778 1943 875 1998 per
915 1942 1009 1983 sex
1043 1926 1225 1983 secula
1251 1940 1281 1980 a
1312 1924 1527 1982 nemine
1554 1922 1734 1995 gotbi-

146 2041 341 2083 eorum
373 2023 655 2078 bibliornm
692 2021 894 2075 mentio
947 2018 1082 2074 facta
1108 2026 1212 2083 est,
1251 2017 1354 2072 nisi
1385 2017 1428 2071 si
1459 2017 1580 2088 quis
1619 2030 1739 2086 qute

144 2118 284 2188 apud
318 2116 612 2185 scriptores
637 2113 885 2183 antiquos
912 2112 1150 2181 legisset,
1174 2109 1428 2177 reddidit,
1447 2125 1621 2180 neque
1643 2108 1740 2164 ali-

145 2211 265 2268 cubi
324 2207 609 2277 vestigium
655 2205 913 2259 librorum
954 2204 1098 2258 illam
1130 2201 1429 2257 versionem
1459 2201 1742 2256 continen-

147 2306 275 2360 tium
311 2298 647 2368 comparuit:
692 2295 874 2351 seculo
911 2303 1064 2349 sexto
1099 2293 1305 2349 decimo
1335 2294 1385 2346 in
1416 2291 1733 2348 monasterii

151 2391 583 2458 Werdenensis,
616 2390 667 2444 in
707 2388 876 2444 Gallia
923 2387 1129 2458 Belgica
1175 2387 1243 2441 ad
1285 2386 1484 2440 Ruram
1515 2383 1738 2451 conditi,

151 2489 483 2548 bibliotheca
513 2485 688 2543 codex
740 2498 880 2539 unus
921 2484 1172 2539 inventus
1199 2490 1302 2538 est.
1334 2483 1568 2537 Antonio
1597 2481 1738 2537 enim

151 2582 429 2643 Morilloni
462 2582 503 2647 ³,
552 2580 639 2649 qui
667 2578 902 2633 Antonio
934 2577 1248 2641 Perrenoto,
1283 2575 1543 2631 cardinali
1570 2574 1742 2632 Gran-

154 2677 399 2742 rellano,
441 2673 508 2727 ab
563 2670 804 2742 epistolis
831 2677 979 2734 erat,
1011 2669 1350 2730 bibliothecae.
1385 2668 1529 2724 illius
1579 2668 1743 2724 libros

156 2767 560 2835 manuscriptos
600 2762 957 2834 perscrutanti
1007 2762 1060 2817 in
1103 2777 1294 2817 manus
1336 2763 1519 2817 incidit
1547 2762 1738 2830 codex,

154 2877 311 2932 quem
341 2858 626 2915 Ulﬁlanam
646 2857 948 2912 versionem
977 2855 1257 2910 continere
1280 2855 1366 2910 ille
1387 2855 1567 2910 statim
1585 2855 1737 2926 vidit,

153 2964 205 3008 et
232 2952 538 3007 oratiOoem
567 2949 890 3004 dominicam
919 2963 1039 3003 cum
1075 2948 1198 3002 aliis
1225 2947 1543 3016 quibusdam
1573 2949 1738 3017 parti-

157 3045 289 3101 culis
318 3045 389 3099 ab
438 3057 504 3097 eo
533 3041 655 3098 inde
689 3041 1012 3107 descriptam
1057 3039 1474 3107 Maxitnilianus,
1521 3042 1741 3097 Antonii

156 3137 348 3201 frater,
391 3151 512 3191 cum
555 3134 790 3203 GorOpio
834 3135 1044 3189 Becano
1089 3133 1526 3199 communicavit,
1556 3136 1646 3205 qui
1677 3152 1738 3192 ea

161 3230 508 3287 Gotodanicis
539 3230 646 3286 suis
676 3228 963 3284 inseruit‘.
998 3228 1165 3284 Paulo
1195 3239 1316 3298 post
1343 3227 1603 3286 Gruterus
1633 3231 1738 3286 ali-

155 3334 286 3394 quot
316 3339 523 3391 versus,
555 3323 621 3377 ab
646 3321 884 3378 Arnoldo
914 3322 1211 3378 Mercatore
1234 3337 1301 3378 ex
1332 3325 1522 3379 eodem
1553 3325 1737 3381 codice

155 3428 460 3487 excerptas,
493 3417 543 3472 in
573 3417 824 3473 thesauro
850 3417 1257 3486 inscriptionum
1283 3415 1452 3472 edidit
1480 3419 1520 3471 ⁵.
1547 3419 1737 3475 Omnia

161 3509 448 3580 fragmenta
470 3549 485 3572 ,
513 3508 566 3563 in
599 3509 689 3563 illo
725 3508 913 3562 codice
937 3517 1147 3564 servata
1167 3550 1182 3574 ,
1225 3509 1394 3564 multo
1426 3519 1546 3580 post
1575 3512 1738 3583 (anno

169 3599 320 3669 i695)
348 3616 509 3670 opera
558 3599 827 3655 Francisci
855 3599 996 3655 Junii
1031 3608 1086 3656 et
1124 3600 1320 3657 deinde
1350 3604 1547 3672 sapius
1592 3603 1737 3660 edita

165 3702 298 3748 sunt.
341 3694 446 3749 Sed
477 3693 578 3748 viri
621 3693 849 3764 gothicae
881 3693 1075 3764 linguae
1104 3694 1332 3750 studiosi
1361 3696 1454 3751 diu
1483 3697 1738 3753 multum-

157 3800 254 3856 que
280 3789 460 3857 questi
488 3796 666 3853 erant,
697 3787 839 3856 quod
866 3787 932 3842 de
961 3788 1058 3842 hac
1084 3787 1246 3844 totius
1265 3789 1548 3858 scripturae
1568 3805 1736 3847 sacrae

155 3881 400 3936 versione
457 3890 565 3935 tam
621 3895 831 3951 pauca,
893 3896 1062 3952 eaque
1119 3883 1517 3953 evangeliorum
1574 3885 1736 3942 modo

147 3971 447 4042 fragmenta
480 3975 666 4030 relicta
695 3983 896 4044 essent,
925 3991 1044 4046 qua:
1065 3975 1132 4030 ad
1155 3976 1537 4034 enodandaset
1566 3994 1738 4035 remo-

151 4066 356 4121 vendas
397 4066 788 4136 interpretandi
835 4067 1176 4123 difﬁcultates
1219 4084 1326 4123 non
1377 4070 1683 4128 sufﬁcerent
1718 4089 1732 4128 :

145 4175 262 4216 cum
295 4159 625 4225 Knittelins,
677 4161 808 4216 tedis
854 4162 1281 4232 metropolitana:
1320 4164 1460 4232 apud
1493 4165 1737 4222 Guelfer-

145 4251 382 4324 bytanos
409 4251 841 4320 archidiaconus,
879 4252 1064 4308 seculo
1096 4253 1344 4322 proxime
1372 4255 1650 4325 superiore
1679 4257 1733 4312 in

142 4347 326 4404 codice
351 4347 695 4402 bibliothecae
719 4347 1156 4420 Guelferbytanae
1174 4349 1472 4418 fragmenta
1495 4350 1736 4421 epistola

143 4439 289 4496 Pauli
318 4440 398 4496 ad
429 4441 701 4496 Romanos
734 4445 948 4512 scripta:
978 4442 1200 4498 invenit.
1231 4442 1288 4497 In
1334 4445 1544 4520 ἕρμαιον
1568 4459 1732 4515 gran-

142 4532 259 4590 dius
289 4533 564 4604 incidere,
590 4549 695 4606 quo
724 4534 883 4590 biblia
912 4535 1150 4606 gothica,
1181 4535 1395 4591 etiamsi
1423 4552 1528 4590 non
1560 4537 1735 4592 omni-

210 4694 226 4724 ¹
259 4692 396 4747 Vid.
438 4691 769 4748 Garbellum.
819 4708 906 4762 ap.
965 4691 1332 4747 Blanchinittrn
1392 4694 1729 4764 Evangeliar.

141 4765 436 4832 quadrupl.
467 4766 705 4833 prolcgg.
732 4781 785 4832 p.
809 4765 841 4818 7
872 4780 950 4834 sq.
986 4765 1057 4818 Ea
1087 4768 1248 4820 verba
1277 4766 1470 4819 vitiose
1495 4770 1735 4822 conscri-

138 4844 224 4902 pta
267 4847 328 4890 et
369 4835 614 4890 vitiosius
666 4835 934 4903 descripta
971 4836 1216 4892 Semlero
1251 4837 1316 4890 ad
1366 4839 1730 4902 prmfatiOoem

139 4909 458 4974 quamdam,
481 4906 862 4974 comparationi
892 4908 1119 4976 gothicre
1143 4909 1404 4963 versioois
1424 4924 1544 4962 cum
1568 4910 1732 4966 latina

141 4985 194 5031 et
228 4988 384 5032 textu
425 4991 602 5045 grmco
655 4975 914 5030 faciendae
971 4978 1263 5045 prmﬁxam,
1313 4981 1581 5044 pertinere
1607 4989 1734 5036 sunt

139 5048 271 5111 visa,
303 5048 424 5102 vid.
458 5047 613 5116 hujus
639 5047 736 5100 viri
769 5048 1086 5103 venerabilis
1119 5047 1343 5102 γενεαεή
1373 5051 1512 5103 einer
1542 5051 1733 5105 Eritiu-

139 5125 321 5195 τίφης
345 5119 492 5195 εξτξςτ
520 5119 657 5195 allen
685 5118 826 5190 Spur
855 5120 992 5174 einer
1015 5121 1312 5191 gothischea
1336 5119 1730 5195 Uebersetzung,

140 5187 492 5255 11411161764,
513 5192 566 5245 4.

207 5263 228 5293 ³
256 5261 340 5317 De
373 5263 523 5314 rebus
553 5261 924 5326 ecclesiasticis,
955 5275 1078 5328 cap.
1108 5261 1160 5316 7.

206 5332 228 5363 ³
260 5333 508 5387 Primum
533 5331 772 5388 Ullilnnas
813 5333 1076 5388 versionis
1105 5341 1432 5402 repertorem
1468 5348 1588 5388 cum
1615 5333 1734 5391 lhre

140 5400 191 5456 in
213 5403 603 5476 dissertatione
633 5405 700 5476 de
722 5406 898 5472 lingua
921 5404 1122 5476 codicis
1142 5400 1394 5474 argentei
1426 5405 1732 5476 Conscripta

140 5484 191 5528 et
219 5491 372 5529 anno
413 5474 547 5527 1734
582 5475 725 5530 edita
763 5485 908 5532 recte
946 5475 1278 5530 Morilloneut
1318 5474 1730 5545 appellavisset,

139 5547 298 5613 paulo
333 5556 456 5614 post
481 5545 542 5617 in
590 5551 760 5600 altera
811 5547 878 5600 de
906 5549 1095 5601 codice
1135 5550 1406 5617 Argentuo
1437 5548 1560 5602 anni
1593 5549 1728 5604 1739

139 5618 444 5669 Ατηοιόιιιη
478 5616 827 5671 Mercatorem
861 5618 1023 5672 fuisse
1055 5616 1230 5672 minus
1263 5629 1408 5674 recte
1442 5619 1591 5684 dicit,
1616 5619 1724 5674 vid.
1810 5633 1817 5643 '

141 5685 338 5741 Zahnii
382 5685 594 5760 Einleit.
654 5707 706 5755 p.
740 5690 808 5744 59
855 5704 936 5758 sq.
993 5691 1255 5744 Caeterum
1304 5692 1582 5760 t‘luaasitutn
1624 5704 1724 5758 est,

145 5769 327 5829 utrum
380 5759 466 5811 ille
515 5760 681 5814 codex
716 5763 1040 5829 Argenteus,
1073 5777 1141 5815 an
1183 5764 1320 5815 alius
1362 5761 1556 5827 fuerit;
1606 5763 1729 5819 lhre

144 5823 288 5880 Ullil.
325 5829 671 5899 illustr.pag.
709 5823 982 5887 98'fuiSse
1014 5823 1170 5899 negat
1221 5836 1355 5886 hanc
1398 5823 1628 5888 [niaxiine
1659 5835 1729 5891 ob

144 5911 388 5972 causam,
407 5898 545 5972 quod
567 5897 812 5972 blorillon
835 5897 1168 5970 compendiis
1189 5903 1458 5958 scribendi
1480 5919 1606 5958 usos
1633 5905 1723 5972 sit,

147 5981 268 6036 qua:
297 5968 355 6023 in
381 5967 567 6026 codice
581 5971 870 6042 Argenteo,
887 5967 1038 6030 certe
1065 5975 1194 6040 locis
1224 5978 1290 6032 ab
1319 5989 1386 6039 eo
1413 5967 1720 6049 exscriptis,

1493 406 2028 468 PROLEGOIIENA.

3305 419 3411 474 466

1834 525 1932 583 bus
1971 525 2213 596 partibus
2253 527 2457 598 integra
2481 567 2496 590 ,
2540 527 2797 596 ampliora
2843 537 3021 585 tamen
3060 529 3410 600 plurimorum

1833 619 1956 673 novi
1999 618 2215 674 fmderis
2255 621 2510 674 librorum
2542 621 2837 692 fragmenta
2882 624 3025 678 nacti
3054 639 3260 688 sumus,
3283 627 3413 681 viris

1831 711 1999 765 doctis
2042 711 2215 764 nostri
2251 711 2418 766 seculi
2459 724 2786 769 reservatum
2819 722 2970 769 erat:
3005 715 3058 768 in
3091 714 3414 771 bibliotheca

1831 806 1970 860 enim
2006 805 2388 860 Medio’lanensi
2418 806 2485 860 ab
2510 807 2714 875 Angelo
2735 807 2870 876 Majo
2895 819 2949 863 ct
2977 808 3170 863 Carolo
3191 811 3416 865 Octavio

1830 897 2194 952 Castillionteo
2231 899 2444 953 codices
2476 900 2720 970 rescripti
2758 909 2882 954 sunt
2930 902 3152 969 reperti,
3185 917 3414 972 quorum

1831 990 2063 1059 priorem
2084 990 2434 1058 scriptionem
2459 990 2770 1061 diligentius
2797 993 3126 1047 intuentibus
3154 994 3260 1048 illis
3284 993 3416 1050 viris

1831 1080 2025 1146 doctis,
2055 1081 2299 1137 Ulﬁlaoa:
2335 1083 2600 1137 versionis
2630 1085 2893 1154 evangelii
2928 1086 3182 1153 Mattbari,
3211 1085 3417 1155 episto-

1833 1175 2000 1228 larum
2034 1174 2374 1231 Paulinarum
2403 1179 2468 1232 ad
2498 1177 2770 1233 Romanos
2798 1181 3020 1248 ejusque
3051 1181 3222 1250 plura,
3253 1198 3416 1252 quam

1832 1269 2253 1350 qumKnittelius
2269 1272 2378 1341 jam
2402 1283 2697 1342 repererat,
2714 1276 2992 1344 utriusque
3007 1275 3072 1329 ad
3088 1275 3419 1346 Corinthios,

1834 1361 2069 1426 Galatas,
2103 1364 2387 1433 Ephesios,
2414 1366 2809 1435 Philippenses,
2835 1368 3424 1432 Colossenses,ntrius~

1835 1471 1939 1526 que
1984 1456 2050 1512 ad
2095 1457 2602 1514 Thessalonicenses
2645 1468 2698 1514 et
2733 1460 3076 1529 pastoralium
3127 1461 3191 1514 ad
3241 1461 3423 1515 Timo-

1836 1547 2041 1608 theum.
2074 1547 2252 1603 Titum
2307 1558 2364 1605 et
2407 1549 2802 1618 Philemonem,
2852 1562 3110 1622 praeterea
3143 1552 3328 1608 Esdrte
3370 1564 3426 1609 et

1835 1640 2140 1708 Nehemite,
2189 1643 2446 1698 librorum
2489 1646 2686 1700 veteris
2738 1647 3076 1713 testamenti,
3127 1647 3424 1716 fragmenta

1836 1734 2114 1788 continere
2151 1735 2466 1804 apparebat,
2497 1751 2616 1805 qua:
2641 1736 2938 1806 fragmenta
2970 1739 3197 1806 primum
3229 1740 3427 1794 duum-

1840 1825 1939 1880 viri
1967 1825 2044 1884 illi
2081 1821 2385 1897 conjunctis
2425 1829 2589 1895 curis,
2623 1829 2820 1885 deinde
2853 1829 3248 1888 Castillionteus
3277 1833 3427 1890 solus

1841 1916 1967 1973 inde
1991 1919 2057 1973 ab
2079 1933 2222 1974 anno
2248 1920 2404 1990 hujus
2430 1922 2600 1977 seculi
2631 1923 3032 1979 undevicesimo
3055 1926 3244 1980 edidit.

1916 2011 2021 2067 Sed
2038 2011 2359 2083 jampridem
2389 2016 2740 2085 qumstiooem
2771 2028 3066 2088 posuerunt
3088 2019 3186 2075 viri
3209 2020 3428 2090 eruditi,

1842 2112 2020 2160 utrum
2062 2120 2158 2168 ea,
2190 2121 2310 2176 qua:
2347 2123 2443 2177 pro
2481 2108 2724 2164 Ulﬁlanze
2763 2124 2859 2165 seu
2895 2112 3128 2180 gothicte
3165 2115 3431 2171 versionis

1842 2195 2157 2267 fragmentis
2199 2196 2545 2267 haberentur,
2595 2217 2721 2257 vere
2762 2202 2976 2272 gothica
3018 2215 3221 2274 essent,
3265 2221 3332 2260 an
3362 2207 3433 2264 ad

1843 2289 2025 2355 aliam,
2059 2290 2112 2344 in
2160 2305 2313 2345 usum
2359 2293 2498 2349 alius
2543 2293 2839 2351 barbaricae
2883 2299 3057 2367 gentis
3105 2298 3430 2367 confectam,

1844 2384 2194 2454 pertinerent.
2225 2385 2366 2440 Inter
2387 2387 2521 2442 alios
2542 2377 2829 2463 Lacrozius
2851 2390 3066 2460 negavit
3083 2401 3137 2448 et
3151 2393 3433 2464 francicam

1843 2490 1966 2533 esse
2014 2477 2247 2547 linguam
2295 2487 2492 2536 nostra:
2556 2481 2818 2537 versionis
2865 2485 3093 2554 probare
3143 2485 3346 2542 studuit
3384 2487 3426 2542 '.

1843 2568 2013 2637 Quam
2056 2573 2179 2628 trita
2209 2581 2292 2629 est
2321 2588 2384 2628 ac
2409 2589 2575 2644 prope
2605 2574 2892 2640 decantata
2913 2577 3004 2632 illa
3025 2577 3274 2648 quaestio,
3321 2589 3429 2635 tam

1843 2661 2022 2732 inepta
2052 2672 2212 2732 atque
2242 2663 2451 2719 inﬁrma
2479 2674 2605 2721 sunt
2631 2678 2970 2737 argumenta,
3001 2670 3195 2738 quibus
3235 2670 3421 2727 Lacro-

1845 2757 1961 2812 zius
1981 2758 2220 2827 opinioni
2257 2774 2367 2814 sua:
2395 2760 2551 2815 Iidem
2587 2759 2765 2816 facere
2791 2761 3081 2830 laboravit;
3114 2765 3255 2836 quod
3285 2768 3432 2822 enim

1847 2849 2075 2920 primunt
2105 2850 2256 2919 dicit,
2304 2851 2544 2907 codicem
2592 2864 2789 2910 nostra:
2819 2856 3086 2910 versionis
3116 2873 3222 2911 non
3267 2859 3318 2913 in
3366 2859 3432 2914 iis

1843 2940 2174 3012 regionibus,
2204 2943 2294 2998 ubi
2326 2942 2486 2998 Gothi
2517 2944 2836 3012 incolerent,
2860 2948 2955 3003 sed
2984 2949 3070 3003 ubi
3107 2947 3320 3015 Franci,
3345 2964 3434 3006 re-

1844 3048 2056 3108 pertum
2085 3050 2239 3102 esse;
2267 3036 2462 3092 deinde
2483 3037 2771 3094 nonnullos
2797 3041 2984 3096 harum
3008 3040 3304 3096 litterarum
3333 3041 3432 3096 du-

1843 3137 1960 3186 ctus
1983 3129 2048 3183 ad
2081 3128 2409 3184 Francorum
2438 3139 2674 3186 veterem
2705 3132 2977 3188 scribendi
3001 3133 3264 3188 rationem
3297 3148 3428 3204 pro-

1845 3223 1965 3294 pius
1994 3222 2288 3289 accedere;
2319 3233 2430 3279 tum
2459 3224 2592 3281 alias
2613 3226 2871 3296 quasdam
2907 3228 3096 3282 latinas
3124 3242 3265 3294 esse,
3297 3241 3431 3299 quas

1843 3314 2000 3370 Gethi
2035 3317 2086 3370 in
2128 3315 2313 3372 Mtesia
2345 3316 2643 3374 habitantes
2669 3319 2910 3389 cognitas
2944 3319 3143 3375 habere
3169 3335 3274 3376 non
3304 3337 3432 3392 pos-

1839 3416 1991 3474 sent;
2033 3418 2307 3478 postremo
2360 3409 2502 3464 inter
2532 3410 2735 3465 litteras
2784 3411 2941 3480 hujus
2972 3410 3168 3482 linguae
3203 3421 3432 3483 quatuor

1842 3514 2008 3555 novas
2029 3511 2084 3556 et
2105 3515 2133 3552 a
2154 3514 2455 3570 gramarum
2478 3509 2534 3555 et
2555 3502 2840 3557 latinarum
2865 3504 3213 3560 similitudine
3233 3505 3431 3562 abhor-

1839 3602 2022 3649 rentes
2051 3593 2302 3660 inveniri,
2349 3610 2574 3665 quarum
2625 3604 2736 3652 tres
2785 3596 2975 3653 litteris
3023 3611 3052 3651 a
3102 3598 3427 3668 Chilperico,

1841 3685 2173 3760 Francorum
2197 3701 2346 3758 rege,
2377 3688 2646 3744 renovatis
2668 3703 2966 3758 congruere
2993 3707 3008 3744 :
3032 3691 3152 3760 quis
3172 3699 3274 3759 est,
3300 3691 3430 3760 quin

1838 3758 2018 3836 videat
2068 3795 2132 3836 ea
2161 3791 2495 3851 argumenta,
2527 3798 2648 3853 quae
2685 3781 3002 3838 refellantur
3041 3758 3131 3838 vix
3176 3758 3330 3853 digna
3372 3792 3428 3838 et

1839 3889 1900 3929 ea
1929 3874 2195 3946 posuisse,
2225 3889 2346 3930 esse
2371 3875 2673 3930 refutasse?
2700 3875 2889 3930 Mirum
2929 3873 3108 3943 igitur,
3139 3875 3281 3945 quod
3313 3874 3430 3930 hmc

1836 3969 2243 4042 argumentandi
2272 3971 2596 4040 perversitas
2642 3970 2779 4026 inter
2829 3970 2964 4024 alios
2993 3971 3012 4001 ⁷
3043 3968 3428 4036 Wetstenium,

1837 4065 2013 4128 virum
2042 4080 2249 4136 magnas
2278 4064 2607 4136 sagacitatis,
2651 4072 2710 4118 ut
2739 4064 2992 4132 probaret
3021 4064 3178 4118 istam
3221 4063 3430 4132 opinio-

1839 4173 1984 4226 nem,
2016 4174 2333 4230 permovere
2383 4159 2554 4226 potuit
2592 4160 2634 4212 ⁸.
2707 4158 2959 4213 Omnium
3002 4159 3226 4227 optime,
3266 4173 3428 4227 quam

1835 4253 2043 4324 frigidis
2071 4252 2372 4309 rationibus
2397 4267 2528 4309 usus
2557 4259 2702 4308 esset
2745 4251 3058 4316 Lacrozius,
3090 4251 3429 4306 demonstra-

1836 4349 1912 4404 vit
1939 4347 2056 4404 lhre
2086 4349 2139 4402 in
2183 4345 2565 4402 dissertatione
2602 4345 2672 4400 de
2713 4344 2892 4414 lingua
2937 4342 3139 4398 codicis
3171 4343 3428 4412 Argentei

1837 4454 1980 4498 anno
2020 4439 2158 4494 1754
2200 4438 2344 4493 edita
2369 4440 2391 4472 ⁸
2438 4445 2493 4492 et
2541 4436 2896 4508 sapientiores
2945 4435 3263 4508 jampridem
3305 4434 3428 4492 illas

1835 4546 2004 4605 nugas
2032 4531 2468 4602 improbaverunt.
2498 4532 2561 4585 ⁸ο.
3413 4516 3418 4522 ’

1836 4711 1943 4750 non
1991 4695 2368 4761 inveniantur,
2411 4694 2606 4751 deinde
2658 4709 2870 4763 quoque
2923 4693 3070 4749 illum
3125 4693 3424 4749 litterarum

1836 4766 2036 4822 formas
2078 4768 2388 4822 exhibuisse
2415 4809 2430 4833 ,
2476 4783 2609 4835 quas
2649 4767 2820 4821 codex
2864 4767 3165 4832 Argentens
3203 4767 3425 4822 omnino

1836 4853 1946 4894 non
1989 4848 2265 4909 agnoscat.
2298 4840 2402 4893 Alii
2438 4840 2642 4894 nullum
2670 4839 2865 4903 alium,
2899 4851 3057 4905 quam
3094 4838 3424 4909 Argenteam

1837 4920 1962 4992 ante
2009 4905 2197 5036 ferinos
2240 4911 2493 4966 habuisse
2551 4911 3072 4980 comprobaverunt,
3125 4905 3236 4964 vid.
3283 4905 3426 4962 Zah-

1839 4996 1984 5034 mum
2035 5021 2047 5036 .
2108 5022 2122 5036 .

1839 4996 1984 5034 nium
2016 4996 2047 5036 Ι.
2086 4996 2122 5038 Ι.

1911 5050 1935 5124 ξ
1965 5051 2082 5106 Vid.
2117 5052 2340 5124 Goropii
2375 5051 2622 5123 Origines
2660 5053 3064 5122 Antuerpenses
3099 5048 3235 5105 libro
3264 5064 3335 5104 vn
3365 5065 3420 5119 ρ.

1839 5121 1944 5179 739
1973 5138 2056 5194 sq.
2086 5124 2212 5179 750.
2266 5121 2280 5124 ⁷
2475 5121 2493 5123 ’
2874 5121 2879 5122 ν
3099 5151 3102 5157 ·

1910 5195 2026 5267 ῩΡι
2055 5197 2154 5267 147
2185 5211 2269 5267 stt.

1909 5265 1929 5296 ⁸
1970 5265 2091 5320 Vill.
2138 5261 2377 5322 Lacrozii
2430 5266 2699 5335 epistolam
2754 5265 2823 5318 ad
2851 5263 3103 5337 Joannem
3137 5261 3422 5337 Chamberu

1838 5336 2070 5414 Ingnium
2097 5339 2149 5414 in
2177 5334 2797 5414 Thesauro‘epistolqtgtm
2821 5345 2952 5390 tom.
2982 5335 3049 5391 lll
3078 5350 3130 5406 p.
3163 5334 3240 5414 92⁴
3263 5334 3348 5404 Sq.

1910 5409 1929 5439 ⁷
1963 5410 2079 5463 Viti.
2114 5408 2302 5464 Zahnii
2330 5406 2543 5465 Εἱηιεὶι.
2574 5424 2627 5478 p;
2658 5406 2750 5463 27.

1908 5481 1934 5553 ἦ
2003 5480 2308 5553 Wetstenii
2360 5480 2607 5553 Prolegg.
2679 5479 2733 5533 in
2799 5494 2982 5533 novum
3063 5484 3420 5533 testamentum

1836 5566 1892 5622 ρ.
1923 5552 2026 5606 ’504
2056 5568 2137 5622 sq.
2171 5557 2257 5610 ed.
2291 5552 2534 5608 Scmler.

1904 5627 1924 5658 ⁹
1983 5624 2100 5678 Vid.
2138 5624 2286 5691 Ulﬁl.
2320 5625 2564 5678 illustrat.
2598 5638 2653 5691 p.
2681 5622 2787 5677 259
2814 5637 2932 5692 sqq.

1905 5696 1949 5726 ¹⁰
2006 5695 2280 5750 Semlcrns
2307 5696 2372 5748 ad
2403 5695 2650 5749 Wetsten.
2708 5691 2951 5766 Prolegg.
2998 5707 3050 5762 p.
3087 5691 3194 5749 505
3235 5691 3418 5761 (quem

1833 5776 2012 5822 tamen
2062 5769 2318 5820 miramur
2350 5767 2506 5834 paulo
2538 5778 2660 5833 post
2691 5782 2741 5834 p.
2777 5768 2883 5820 308
2927 5771 3272 5833 interpretem
3323 5775 3419 5814 no-

1833 5849 2004 5895 strum
2042 5835 2460 5908 Francogot/mnt
2503 5837 2796 5908 appellare)
2848 5837 2918 5890 cf.
2971 5836 3158 5892 Zabnii
3202 5832 3416 5888 Emisit.

1835 5926 1888 5982 p.
1919 5911 1988 5966 26
2018 5923 2170 5980 seqq.
2202 5907 2598 5976 ASchbachium
2629 5908 2671 5974 l.
2703 5907 2740 5960 ι.
2771 5925 2829 5978 p.
2860 5908 2930 5981 '56
2960 5925 3041 5978 sq.
