3898 6446
504 415 606 474 467

576 533 712 591 Cum
741 541 922 592 autem
950 533 1286 591 Francorum
1314 547 1438 590 esse
1463 530 1627 587 biblia
1653 538 1834 584 nostra
1866 543 1934 582 ne
1963 540 2091 599 pro-

505 625 686 684 babile
710 627 928 706 quidem
961 627 1189 684 reddere
1218 626 1293 682 illi
1325 626 1618 696 potuerint,
1646 637 1789 677 nunc
1815 635 1948 675 vere
1989 618 2096 673 Go-

506 721 654 777 thica
673 736 805 777 esse
832 721 1163 794 argumentis
1195 720 1529 794 gravissimis
1558 717 1927 772 conﬁrmatur.
1957 714 2100 770 Con-

508 822 617 870 stat
642 816 785 870 enim
816 823 1013 885 praeter
1042 813 1326 870 bibliorum
1361 811 1762 866 translationem
1807 808 1874 863 de
1909 806 2100 862 litteris

508 905 740 976 gothicis
763 906 871 962 duo
911 915 1253 962 monumenta
1297 914 1509 961 servata
1538 918 1677 968 esse,
1713 915 1935 969 quorum
1969 897 2103 953 alte-

510 1011 633 1052 rum
651 1007 881 1068 quatuor
899 999 1128 1071 gothicis
1151 997 1631 1068 subscriptionibus
1653 1002 1886 1058 constat,
1911 992 2101 1063 positis

513 1091 614 1148 sub
660 1073 983 1150 venditionis
1025 1093 1299 1164 cujusdam
1330 1091 1638 1146 testimonio
1658 1089 1822 1142 latine
1849 1086 2050 1155 scripto
2083 1084 2100 1117 ⁸

512 1201 738 1256 quarum
763 1203 868 1241 una
892 1188 968 1242 sic
999 1187 1159 1242 habet
1184 1204 1197 1242 :
1229 1184 1279 1239 ik
1301 1184 1483 1240 merita
1506 1183 1736 1237 bokareis
1758 1180 1964 1234 handau
1985 1178 2104 1232 mei-

513 1281 603 1334 nai
631 1281 878 1352 ufmelida
899 1280 994 1352 jalt
1040 1280 1348 1334 andnemum
1393 1275 1692 1349 skilliggans
1724 1275 1783 1345 .j.
1819 1272 1917 1348 jah
1962 1271 2105 1342 four-

514 1373 604 1448 In’s
630 1373 791 1448 pairh
831 1373 1061 1444 kavtsjon
1085 1371 1182 1444 ,ἱαὴ
1223 1369 1341 1445 mil)
1381 1369 1608 1426 dlakuna
1658 1367 1899 1420 alamoda
1945 1380 2103 1418 unsa-

513 1483 714 1521 ramma
732 1467 832 1540 jah
866 1464 983 1539 mip
1022 1464 1304 1536 gahlaibim
1334 1463 1600 1519 unsaraim
1631 1461 1941 1515 andnemum
1971 1456 2100 1512 skil-

513 1561 712 1633 liggans
736 1561 835 1618 .rk.
860 1560 1012 1634 t'airp
1056 1559 1181 1636 piae
1208 1561 1366 1626 saive,
1393 1559 1429 1613 i.
1463 1574 1512 1614 e.
1546 1572 1644 1626 ego
1670 1554 1876 1617 Merila,
1901 1551 2095 1621 scriba,

514 1637 674 1710 manu
705 1668 821 1709 mea
853 1653 1146 1724 subscripsi
1175 1661 1230 1708 et
1257 1652 1562 1723 accepimus
1595 1647 1795 1704 solidos
1824 1643 2101 1714 sexaginta

512 1755 569 1804 et
593 1756 744 1810 antea
775 1763 870 1819 per
898 1748 1202 1803 cautionem
1233 1755 1288 1802 et
1318 1761 1439 1800 cum
1466 1744 1704 1798 Diacono
1729 1738 1988 1794 Alamodo
2005 1752 2100 1791 no-

511 1850 626 1896 stro
643 1848 698 1895 et
721 1827 842 1895 cum
867 1838 1086 1907 collegis
1109 1837 1305 1892 nostris
1331 1835 1638 1905 accepimus
1661 1831 1862 1888 solidos
1885 1837 2100 1886 centum

511 1930 721 2002 viginti,
754 1931 980 2000 pretium
1009 1930 1200 1985 horum
1227 1930 1458 1984 lacuum.
1517 1927 1786 1992 Alterum,
1824 1923 2002 1978 simile
2031 1931 2103 1977 te-

513 2023 849 2091 stimonium,
879 2039 1040 2079 unam
1073 2023 1342 2095 gothicam
1373 2019 1820 2089 subscriptionem
1841 2017 2100 2080 continet,

512 2133 634 2196 qua:
658 2117 769 2173 fere
801 2117 880 2173 sic
906 2119 1065 2173 habet
1098 2135 1112 2172 :
1142 2117 1193 2171 iis
1222 2115 1434 2189 gudilub
1465 2111 1657 2167 diakun
1704 2110 1782 2183 po
1809 2109 2100 2178 {rabatthtm

513 2209 685 2263 boka'
716 2213 850 2283 frum
900 2211 997 2264 mis
1036 2208 1317 2283 gavaurltta
1345 2206 1454 2281 [ius
1483 2205 1670 2259 diakun
1709 2202 1968 2257 alamoda.
2000 2200 2101 2270 ﬁd-

511 2319 602 2358 aor
631 2302 862 2375 unkjana
891 2301 962 2378 (1))
1008 2303 1184 2373 hugsis
1212 2299 1499 2372 kaballarja
1526 2297 1625 2372 jalt
1657 2296 1932 2367 killiggans
1976 2294 2097 2363 .rlg.

511 2396 736 2450 andnam
773 2394 869 2470 jalt
894 2393 1168 2465 ufmelida,
1196 2394 1233 2448 i.
1261 2407 1312 2448 e.
1347 2409 1439 2464 ego
1469 2389 1694 2446 Gudilub
1726 2390 1971 2443 diaconus
1992 2387 2104 2440 haec

514 2487 719 2542 vendidi
743 2504 764 2558 ;
829 2485 1057 2541 libellum
1109 2502 1140 2540 a
1173 2503 1253 2540 me
1297 2483 1392 2556 feci
1429 2484 1519 2538 tibi
1557 2484 1775 2536 diacono
1818 2482 2103 2548 Alantodo;

512 2591 729 2652 quatuor
773 2582 950 2636 uncias
982 2581 1130 2652 fundi
1170 2579 1430 2636 Cabaliari
1461 2588 1509 2633 et
1548 2580 1738 2654 solidos
1776 2588 1977 2632 centum
2011 2578 2105 2631 tri-

513 2675 656 2747 ginta
677 2684 776 2730 tres
803 2677 976 2747 accepi
1002 2664 1050 2729 3t
1094 2674 1388 2744 subscripsi.
1432 2674 1631 2728 Horum
1655 2673 2102 2728 documentorum

516 2767 664 2838 prius
690 2767 910 2838 Neapoli
937 2777 1266 2834 asservatur,
1298 2767 1529 2838 indeque
1559 2769 1777 2822 nomine
1807 2765 2104 2836 Neapolita-

513 2843 639 2915 num
699 2862 1056 2922 documentum
1112 2872 1334 2917 vocatur
1377 2877 1418 2918 ξ·
1453 2862 1679 2916 alterum
1741 2859 1912 2915 Aretii
1973 2859 2103 2914 olim

511 2967 628 3011 erat
651 2952 695 3023 ³,
727 2965 1052 3028 quapropter
1076 2955 1346 3011 Aretinum
1376 2956 1736 3010 documentum
1762 2953 2100 3024 appellatur;

511 3058 798 3130 utrumque
827 3060 1003 3105 autem
1032 3049 1306 3115 Ravenna,
1339 3048 1428 3104 ubi
1453 3049 1707 3117 scriptum
1731 3055 1834 3115 est,
1866 3045 1921 3101 in
1944 3045 2102 3102 sedes

512 3143 842 3222 posteriores
871 3143 1139 3214 pervenit.
1186 3143 1259 3196 Ea
1291 3140 1454 3210 igitur
1498 3141 1700 3210 lingua,
1731 3154 1834 3210 qua
1877 3147 2102 3210 utuntur

515 3243 686 3294 testes
728 3237 826 3304 illi,
856 3250 978 3307 quae
1005 3235 1106 3290 alia
1151 3247 1274 3290 esse
1308 3241 1517 3304 potest,
1555 3231 1657 3288 nisi
1689 3231 1936 3300 gothica,
1977 3245 2100 3286 cum

510 3329 781 3404 Ravennae
806 3327 963 3384 sedes
993 3326 1188 3381 nullius
1217 3325 1391 3395 gentis
1417 3323 1760 3396 germanicae,
1794 3322 1894 3376 nisi
1924 3321 2104 3392 gothi-

509 3438 610 3491 cte,
643 3423 941 3494 imperante
968 3418 1329 3484 Theoderico,
1354 3415 1516 3473 luerit
1539 3424 1593 3472 et
1618 3415 1672 3470 in
1703 3413 1926 3484 reliquis
1954 3412 2102 3469 litte-

513 3519 610 3584 ris,
656 3516 824 3578 latino
871 3527 1123 3569 sermone
1171 3511 1469 3581 conceptis,
1511 3517 1674 3564 testes
1721 3507 1800 3562 illi
1846 3520 2103 3577 expresse

513 3607 745 3690 gothicas
791 3607 1035 3664 ecclesiae
1080 3603 1390 3660 sacerdotes
1440 3601 1819 3674 appellentur?
1872 3601 1940 3655 Et
1979 3613 2099 3654 cum

511 3701 706 3759 horum
751 3702 1194 3758 documentorum
1243 3697 1425 3768 lingua
1468 3696 1679 3764 eadem,
1729 3710 1850 3765 quae
1899 3703 2100 3757 nostra:

511 3793 777 3869 versionis
808 3793 896 3860 sit,
929 3794 1044 3852 haec
1075 3793 1274 3859 versio,
1311 3791 1398 3848 cui
1429 3789 1519 3846 alii
1557 3789 1726 3862 genti,
1760 3790 1861 3844 nisi
1888 3787 2098 3854 Gothis,

515 3885 798 3944 tribuenda
840 3885 964 3942 est?
999 3884 1220 3942 Accedit
1256 3884 1398 3940 aliud
1440 3882 1600 3939 etiam
1646 3881 1810 3954 idque
1849 3881 2103 3953 gravissi-

513 3993 661 4035 mum
689 3987 1108 4051 argumentum:
1149 3977 1217 4032 ad
1246 3977 1411 4032 linem
1452 3977 1596 4032 enim
1641 3975 1843 4030 codicis
1883 3975 2103 4030 alterius

513 4069 994 4127 Ambrosianorum
1025 4067 1070 4136 ‘,
1129 4069 1323 4139 quibus
1359 4067 1710 4138 epistolarum
1759 4066 2098 4122 Paulinarum

511 4163 810 4238 fragmenta
857 4163 1223 4233 continentur,
1274 4162 1638 4219 calendarium
1665 4161 1903 4219 additum
1943 4172 2025 4219 est
2055 4165 2097 4242 ⁸,

511 4255 568 4324 in
584 4273 689 4330 quo
708 4257 824 4314 dies
846 4257 968 4314 festi
989 4265 1044 4314 et
1063 4257 1225 4328 sacri,
1248 4272 1280 4312 a
1306 4257 1680 4313 communibus
1701 4259 1859 4328 paulo
1877 4258 2098 4325 diversi,

511 4359 789 4410 notantur.
833 4350 1212 4420 Fragmentum
1243 4349 1402 4420 hujus
1437 4349 1726 4406 calendarii
1763 4349 1839 4405 sic
1865 4349 2054 4420 incipit
2084 4366 2098 4403 :

515 4441 620 4514 .kg.
650 4440 774 4513 piae
801 4457 902 4496 ana
929 4439 1209 4513 gutpiudai
1247 4443 1547 4516 managaise
1571 4448 1794 4512 marytrc
1809 4442 1911 4513 jah
1931 4441 2105 4514 [ripa-

512 4533 692 4591 reiitcis
722 4534 744 4567 ⁸
792 4535 832 4590 i.
879 4549 928 4591 e.
961 4549 1090 4589 χχιιι
1157 4535 1372 4606 (intell.
1413 4536 1543 4605 die)
1598 4535 1781 4590 horum
1832 4536 1890 4590 in
1932 4536 2105 4608 gutica

511 4635 662 4713 gente
689 4628 968 4694 multorum
1009 4640 1294 4702 martyrum
1337 4637 1385 4694 et
1431 4626 1736 4683 Fritharici.
1787 4629 1940 4685 Unde
1985 4629 2103 4686 sole

511 4720 714 4782 clarius
739 4720 932 4789 elucet,
951 4723 1168 4793 guticte,
1199 4721 1238 4777 i.
1270 4735 1324 4777 e.
1350 4719 1580 4793 gothicae
1611 4720 1757 4792 genti
1787 4720 1890 4777 hoc
1917 4722 2099 4777 calen-

513 4813 723 4869 darium
765 4814 1119 4884 compositum
1161 4812 1404 4885 adeoque
1444 4830 1552 4870 non
1592 4815 1692 4869 alia
1739 4813 1843 4870 nisi
1884 4814 2100 4885 gothica

513 4906 694 4980 lingua
719 4907 1082 4978 conscriptum
1106 4919 1246 4975 esse,
1279 4917 1332 4964 et
1355 4922 1477 4965 cum
1507 4908 1595 4963 hic
1635 4909 1797 4963 etiam
1829 4906 2098 4982 eamdem,

514 5016 674 5071 quam
703 5002 758 5064 in
782 5002 1032 5066 versione
1059 5011 1239 5070 nostra
1280 5002 1512 5074 linguam
1551 5001 1878 5079 habeamus,
1907 5016 2100 5070 omnes

587 5115 607 5149 ⁵
642 5117 776 5190 _Vid.
807 5117 995 5173 Zahnii
1029 5117 1238 5190 Einleit.
1273 5136 1324 5187 p.
1354 5118 1534 5190 76sq.
1591 5119 1694 5175 Eas
1725 5120 1880 5176 initio
1909 5120 2099 5176 saeculi

518 5187 657 5264 s_ex__ti
694 5189 919 5264 scriptas
941 5203 1064 5246 esse
1090 5189 1383 5264 Grimmius
1421 5187 1660 5252 Gramm.
1688 5197 1839 5263 pref.
1868 5207 1922 5264 p.
1956 5206 2101 5248 XLVII

519 5260 674 5331 (edit.
743 5260 923 5333 rioris)
955 5262 1278 5331 suspicatur.
1689 5260 1697 5263 -
1800 5260 1807 5263 .
1869 5260 1885 5264 ν

539 5405 553 5414 .
588 5332 608 5363 ι
661 5276 876 5414 Μξεέξῐι-
935 5330 1551 5414 (ὒξᾳκλοεὴηρνιηιηιζ.
1596 5349 1718 5414 eos,
1767 5334 1986 5414 N-eapel.
2041 5351 2098 5414 ᾳ.

516 5405 732 5485 gressa,
770 5400 1235 5485 γὶεξιιξιιεβζξὸἒκι).
1259 5405 1352 5485 ιε.)
1380 5419 1490 5485 pro.
1507 5400 1932 5485 frabaulttabo‘ka
1963 5405 2102 5485 male

512 5463 739 5546 iunctim
767 5473 954 5546 scribit
980 5463 1392 5542 frabaulitabolta"
1424 5463 1528 5546 (sic
1553 5491 1672 5531 esse
1719 5476 1951 5531 debebat
1991 5480 2102 5546 fra-

517 5543 871 5616 bauhtiboka),
896 5557 1374 5618 nequepropterea
1402 5543 1520 5616 ejus
1551 5547 1923 5618 interpretatio
1945 5543 2101 5617 hujus

518 5618 850 5688 monumenti
881 5617 1093 5688 probari
1122 5626 1315 5688 potest.
1693 5629 1696 5632 ’

587 5684 611 5760 ἒ
642 5686 857 5760 Massm.
882 5684 957 5760 ’I.
996 5687 1032 5743 I.
1066 5684 1134 5758 p.’
1155 5704 1186 5743 ιι
1224 5687 1335 5760 qui,
1367 5689 1770 5760 inscriptionem
1805 5690 1948 5743 illam
1977 5705 2101 5747 cum

521 5758 1134 5832 reliquisemendatius,
1176 5758 1272 5829 pro
1307 5758 1550 5816 doctrina
1579 5775 1696 5829 sua,
1737 5761 1995 5832 singulari
2039 5762 2102 5817 li-

517 5829 661 5885 bello
684 5828 927 5884 editurus
953 5839 1059 5886 est.

589 5899 700 5970 ES.
732 5900 802 5953 56
847 5908 983 5969 part.
1045 5914 1193 5968 sup.,
1249 5915 1408 5970 quem
1436 5901 1833 5958 Castillionaaus
1892 5904 1946 5961 in
2003 5920 2099 5962 sua

522 5969 759 6030 editione
787 5975 844 6023 et
869 5979 990 6039 post
1026 5983 1152 6026 eum
1179 5969 1280 6028 nos
1309 5971 1485 6030 littera
1511 5977 1557 6029 Δ
1581 5976 1903 6030 notavimus.

1616 409 1984 470 BIBLIORUM
2023 407 2362 468 υιιηιΑΝΑ
2403 409 2678 469 VERSIO.
3623 421 3701 478 ωε

2203 527 2490 582 concidunt
2514 528 2878 585 dubitationes
2908 529 2976 585 de
3012 528 3217 601 origine
3254 544 3376 586 vere
3411 530 3592 602 gothica
3615 551 3706 592 ver-

2204 619 2374 674 sionis
2423 619 2577 690 ejus,
2641 635 2762 691 quae
2801 621 3031 691 gothica:
3079 622 3290 678 nomine
3334 623 3655 681 circumfertur
3672 628 3704 683 τ.

2205 711 2408 778 Quibus
2431 715 2760 783 argumentis
2777 715 3009 786 denique
3029 716 3132 771 hoc
3153 715 3392 783 addatur,
3417 719 3558 774 etiam
3574 720 3709 782 locum

2206 813 2418 860 exstare
2447 806 2497 859 in
2524 805 2622 861 hac
2641 807 2913 871 versione,
2934 823 2998 864 ex
3021 824 3126 878 quo
3152 810 3484 879 interpretem
3509 810 3711 871 Asianum

2211 897 2375 954 fuisse
2419 899 2754 971 intelligitur,
2782 900 2872 955 cui
2901 909 3065 957 secta:
3101 910 3295 970 prater
3331 901 3520 958 Gothos
3555 905 3713 962 nullam

2208 993 2365 1048 aliam
2411 994 2772 1064 germanicam
2817 1004 3033 1065 gentem
3079 995 3366 1054 adhaesisse
3407 996 3534 1054 inter
3570 1015 3714 1056 omnes

2205 1096 2436 1143 constat.

2277 1179 2403 1234 Haec
2447 1180 2492 1234 si
2537 1193 2662 1234 vere
2703 1187 2830 1234 sunt
2872 1178 3164 1251 disputata,
3209 1195 3318 1238 non
3361 1181 3564 1237 dubium
3587 1182 3720 1240 adhuc

2207 1269 2330 1336 erit,
2373 1285 2439 1326 an
2472 1271 2591 1326 haec
2621 1271 2796 1340 lingua
2829 1274 3148 1341 ‘germanica
3187 1273 3290 1340 sit;
3321 1274 3407 1344 qui
3445 1273 3718 1331 theodiscatn

2208 1378 2329 1420 esse
2353 1377 2471 1418 eam
2517 1363 2819 1430 voluerunt,
2857 1365 3000 1420 idem
3047 1365 3378 1421 contendunt
3415 1382 3515 1422 non
3541 1367 3628 1423 nisi
3650 1384 3722 1423 no-

2207 1458 2352 1514 mine
2389 1459 2678 1514 variantes.
2711 1459 2874 1516 Gothi
2904 1461 3048 1516 enim
3088 1461 3190 1530 ipsi
3219 1462 3266 1517 si
3293 1462 3500 1518 natione
3525 1462 3724 1520 Germani

2203 1555 2451 1625 fuerunt,
2485 1555 2537 1609 id
2579 1554 2719 1626 quod
2765 1557 3072 1611 testimonio
3111 1558 3434 1627 scriptorum
3461 1563 3725 1613 veterumet

2205 1647 2584 1719 inquilinorum
2620 1656 2676 1702 et
2719 1647 2946 1703 aliorum
2974 1649 3378 1720 comprobatur,
3407 1649 3556 1705 etiam
3582 1663 3724 1706 eorum

2206 1758 2385 1799 sermo
2408 1741 2474 1797 ad
2500 1744 2836 1813 germanicas
2864 1743 3072 1814 linguas
3100 1746 3418 1814 pertinuerit
3436 1758 3631 1799 necesse
3651 1752 3724 1798 est.

2205 1832 2458 1890 Ceterum
2489 1830 2576 1889 hic
2605 1850 2786 1891 sermo
2807 1836 3206 1906 ostrogothicus
3233 1852 3301 1892 an
3322 1835 3727 1906 visigothiens,ut

2207 1928 2625 1999 moesogothicus
2656 1930 3015 1986 nominandus
3051 1932 3143 2000 sit,
3176 1946 3282 1987 non
3325 1933 3615 2002 quaerimus,
3639 1945 3726 2000 per-

2207 2035 2421 2077 suasum
2467 2021 2751 2091 habentes,
2783 2023 3034 2079 omnibus
3069 2024 3263 2080 Gothis
3301 2025 3540 2080 eumdem
3576 2036 3729 2079 sermo-

2206 2129 2349 2181 nem,
2384 2115 2526 2186 quod
2569 2117 2676 2171 alio
2709 2117 2830 2172 loco
2872 2117 3395 2187 demonstrabimus,
3438 2120 3728 2190 eamdemque

2206 2207 2492 2264 bibliorum
2523 2209 2826 2266 versionem
2852 2209 3037 2266 fuisse.

2279 2304 2465 2359 Restat
2505 2313 2563 2360 ut
2604 2303 2672 2359 de
2711 2305 3018 2375 integritate
3057 2304 3301 2361 Ullilanae
3346 2305 3593 2362 versionis
3624 2303 3728 2359 dica-

2207 2412 2359 2462 mus;
2389 2396 2603 2452 i’uerunt
2627 2397 2796 2464 enim,
2827 2397 2916 2468 qui
2949 2407 3187 2454 nostram
3218 2399 3517 2454 versionem
3538 2413 3646 2453 vere
3665 2394 3728 2452 Ul-

2205 2487 2308 2544 mus
2351 2504 2474 2546 esse
2513 2489 2848 2555 dubitantes,
2893 2504 2961 2545 an
3003 2491 3122 2546 aliis
3163 2491 3431 2562 theologis
3479 2488 3726 2562 posterioris

2205 2586 2462 2658 temporis
2483 2585 2765 2640 tribuenda
2794 2593 2958 2654 esset,
2985 2585 3372 2656 quaesiverunt.
3397 2585 3451 2640 ln
3480 2585 3555 2640 his
3575 2583 3727 2652 primus

2205 2676 2305 2733 fuit
2334 2675 2611 2733 Hickesius
2635 2677 2679 2742 ',
2725 2691 2885 2747 quem
2929 2678 3102 2731 virum
3126 2677 3346 2732 doctum
3374 2678 3589 2732 maxime
3608 2672 3727 2728 odeu-

2207 2769 2303 2835 dit,
2324 2768 2465 2840 quod
2490 2777 2671 2825 nostra
2692 2767 2991 2839 fragmenta
3019 2783 3140 2824 cum
3163 2769 3440 2824 codicibus
3461 2767 3618 2823 latinis
3636 2777 3727 2820 cott-

2207 2863 2489 2930 sentirent,
2537 2877 2762 2932 quorum
2790 2861 2945 2932 copia
2967 2875 3086 2916 cum
3117 2861 3297 2919 Gotho
3345 2863 3398 2918 in
3428 2862 3596 2918 Maesia
3619 2856 3724 2913 habi-

2207 2957 2340 3011 tanti
2368 2956 2456 3011 vix
2481 2963 2644 3024 esset,
2679 2955 2818 3011 haud
2847 2956 3008 3011 dubie
3029 2971 3206 3027 graeco
3237 2957 3518 3012 bibliorum
3542 2949 3726 3020 exemplo

2207 3049 2282 3105 uti
2311 3049 2601 3115 debuisse;
2654 3049 2849 3104 deinde
2871 3048 3015 3120 quod
3053 3049 3197 3104 nulla
3229 3065 3375 3105 nunc
3401 3047 3643 3105 arianisml
3665 3058 3726 3098 ve-

2208 3141 2365 3210 stigia
2391 3149 2738 3211 apparerent,
2768 3156 2889 3212 quae
2918 3155 3038 3196 cum
3070 3139 3259 3197 Uliilas
3300 3157 3422 3197 cum
3453 3139 3619 3197 Gothis
3648 3133 3726 3190 suis

2205 3231 2530 3287 Arianorum
2573 3233 2803 3289 haeresis
2851 3241 3168 3304 sequeretur
3211 3235 3258 3297 '.
3326 3234 3596 3303 conspicua
3640 3238 3728 3283 esse

2209 3322 2491 3392 deberent,
2536 3323 2582 3379 si
2602 3323 2724 3396 jure
2750 3324 2800 3380 ei
2831 3323 2944 3380 haec
2968 3325 3146 3380 versio
3175 3325 3517 3381 tribueretur.
3543 3319 3628 3377 Sed
3662 3330 3728 3370 ηο-

2208 3433 2312 3490 que
2339 3428 2579 3474 nostram
2621 3419 2925 3475 versionem
2954 3435 2986 3475 e
3011 3417 3190 3475 latinis
3219 3420 3377 3476 libris
3407 3419 3614 3475 haustam
3635 3423 3730 3467 esse

2207 3512 2344 3567 in-i‘ra
2374 3511 2885 3578 demonstrabimus,
2923 3526 3096 3582 neque
3124 3511 3496 3583 intelligimus,
3523 3521 3599 3564 cur
3619 3501 3730 3559 Aria-

2206 3621 2398 3662 norum
2416 3606 2698 3676 0piniones
2719 3606 2774 3661 in
2795 3621 2858 3661 ea
2883 3605 3062 3661 inesse
3080 3613 3364 3672 oporteat;
3388 3619 3506 3660 nam
3530 3613 3614 3656 nec
3628 3606 3729 3650 tem-

2205 3715 2324 3772 pus,
2355 3714 2461 3770 quo
2489 3699 2682 3755 Ullilas
2706 3714 2736 3755 a
2758 3700 3020 3756 catholica
3046 3699 3152 3755 iide
3175 3699 3244 3755 ad
3278 3701 3501 3756 Arianos
3519 3702 3732 3752 seseses-

2206 3793 2388 3858 vertit,
2420 3806 2520 3848 nec
2547 3807 2652 3862 quo
2677 3792 2884 3848 litteras
2913 3807 3093 3849 sacras
3121 3792 3423 3858 transtulit,
3450 3796 3616 3845 notum
3636 3788 3728 3838 est:

2205 3884 2436 3940 fortasse
2466 3885 2779 3955 priusquam
2807 3884 2874 3940 ad
2918 3885 3066 3939 illam
3116 3884 3367 3940 haeresim
3403 3882 3631 3952 delapsus
3657 3879 3729 3933 est,

2206 3978 2707 4049 interpretationem
2737 3991 2889 4034 suam
2917 3978 3167 4041 coniecit,
3219 3986 3316 4032 aut
3343 3974 3485 4047 quod
3515 3969 3657 4028 multo
3675 3967 3734 4016 tsi

2207 4071 2539 4139 probabilius
2564 4111 2579 4137 ,
2613 4069 2774 4126 Gothi
2804 4085 2912 4125 non
2951 4079 3097 4124 tanta
3139 4069 3400 4138 religione
3429 4065 3544 4122 ﬁdei
3568 4069 3615 4117 et
3635 4070 3732 4112 eon-

2205 4163 2458 4220 fessionis
2487 4163 2742 4218 minutias
2785 4162 2938 4217 initio
2981 4161 3170 4216 sectati
3201 4161 3475 4228 videntur,
3517 4163 3573 4210 ut
3606 4145 3733 4204 velis

2206 4256 2370 4312 biblia
2399 4271 2491 4312 eas
2521 4255 2832 4323 intulerint,
2874 4270 3006 4325 quas
3029 4255 3085 4308 in
3115 4253 3412 4326 archetypo
3439 4266 3540 4307 non
3565 4249 3734 4304 invenre
3846 4279 3847 4282 η

2204 4358 2349 4406 runt.
2381 4348 2604 4405 Accedit
2627 4348 2768 4418 quod
2797 4363 2864 4403 ex
2902 4348 2966 4403 iis
2999 4347 3332 4419 fragmentis,
3360 4361 3477 4417 quas
3501 4346 3551 4400 in
3591 4337 3730 4395 codice

2207 4443 2484 4513 Argenteo
2510 4442 2876 4508 continentur,
2906 4441 3084 4496 nullus
3112 4440 3261 4495 locus
3289 4441 3570 4511 reperitur,
3590 4433 3645 4488 de
3659 4437 3734 4496 tl”

2205 4534 2393 4591 Ariani
2419 4547 2545 4590 cum
2575 4533 2902 4589 Orthodexis
2945 4534 3338 4603 discreparent.
3388 4531 3608 4588 lahnius
3632 4523 3665 4556 ¹⁰
3689 4514 3735 4572 ad

2205 4647 2324 4688 rem
2366 4629 2744 4686 declarandam
2773 4629 2879 4686 duo
2905 4631 3241 4701 potissimum
3274 4630 3389 4688 loca
3412 4669 3428 4697 ,
3460 4627 3644 4693 initium
3667 4618 3734 4674 Jo-

2203 4725 2365 4786 annci
2391 4723 2654 4795 evangelii
2681 4733 2733 4779 et
2760 4723 2918 4780 Rom.
2951 4739 3024 4792 ιι,
3055 4723 3089 4778 5
3119 4723 3388 4795 inspicere
3414 4721 3624 4792 optavit,
3646 4723 3736 4782 qua

2205 4831 2325 4874 rum
2357 4816 2600 4870 locorum
2623 4815 2850 4870 alterum
2881 4831 3027 4873 nunc
3054 4815 3314 4873 habemus
3345 4833 3360 4869 :
3387 4814 3570 4870 πὶειιιε
3594 4802 3737 4862 saeth

2203 4911 2324 4984 ufar
2353 4910 2529 4965 allaim
2557 4909 2669 4982 ςιιρ
2695 4909 2937 4984 piaptps
2974 4912 3029 4965 in
3067 4911 3253 4964 uiuam.
3277 4907 3431 4976 Quod
3452 4907 3496 4960 si
3520 4901 3626 4974 quis
3647 4893 3737 4951 inde

2206 5003 2411 5070 Gothos
2430 5011 2523 5058 aut
2549 5003 2903 5074 interpretem
2931 5016 3036 5058 non
3059 5003 3289 5068 Arianos
3311 5000 3478 5056 fuisse
3495 4989 3734 5063 colliget“.

2279 5120 2301 5152 ⁸
2331 5117 2462 5174 Vid.‘
2485 5117 2782 5175 Castillion.
2817 5118 3042 5188 Specim.
3076 5134 3131 5189 p.
3161 5117 3233 5175 26
3256 5133 3337 5188 sq.

2277 5191 2299 5223 ο
2343 5189 2526 5229 Caetill
2629 5191 2770 5229 mala
2850 5193 3142 5229 mndata-ius
3189 5202 3240 5229 ιιι
3300 5185 3498 5229 libras-ii
3545 5185 3737 5229 errorem

2277 5191 2299 5223 ο
2343 5189 2550 5273 Gastill.
2629 5191 2770 5246 male
2850 5193 3142 5261 madagrize
3189 5202 3245 5246 et
3300 5189 3499 5270 librarii
3545 5189 3739 5293 errore":

2203 5261 2642 5404 giggzeiierkiié),
2667 5262 2905 5389 ezgéliatba
2957 5263 3034 5318 kei
3077 5263 3213 5318 falso
3254 5260 3516 5332 duplicata
3539 5250 3654 5327 (Vld.
3689 5261 3712 5297 α

2269 5349 2403 5386 aun.
2437 5349 2510 5396 XI,
2541 5349 2630 5396 ιῠ)
2667 5349 2853 5389 emunt.

2277 5404 2298 5438 '
2324 5404 2405 5458 Cf.
2439 5403 2834 5459 Aschbacbium
2868 5403 2904 5460 l.
2933 5404 2995 5472 l.,
3026 5421 3078 5476 p.
3107 5405 3197 5462 '58.

2275 5477 2298 5559 ξ
2332 5474 3028 5559 \li‘i’d.‘lnstitutiones.gram,
3055 5478 3197 5546 angi.
3231 5482 3420 5559 allatast

2277 5549 2320 5632 ο.
2336 5527 2614 5632 unum
2647 5527 2706 5631 re
2722 5527 3315 5632 ’έῤῥῑίὸξέᾷἰεὲέὶῖέὶιίθέ
3329 5527 3735 5632 ζῌευρςιίυξη

2207 5635 2260 5686 p.
2299 5617 2384 5673 Η.
2419 5618 2758 5689 Essbergium
2784 5612 2868 5675 13.
2907 5619 3213 5675 Kttittelium
3242 5634 3294 5689 p.
3320 5616 3444 5673 449.
3478 5612 3735 5668 Mansonem

2205 5688 2392 5760 Gesch.
2423 5689 2515 5743 der
2547 5689 2827 5760 0stgothen
2861 5706 2910 5760 p.
2937 5692 2990 5746 9.
3028 5689 3417 5747 Aschbachium
3447 5686 3482 5740 l.
3523 5665 3738 5760 Imm???

2204 5731 2392 5828 ἔᾱῗὲιῖ
2419 5731 2991 5829 ιςῗέἔὲ’ἔ‹ῖξ’“ὶιέἕέιέι’ζ
3024 5731 3732 5831 ‘s‘iEiiZ’“§.‘"é-'é"s2iql'hist!"-

2210 5832 2429 5876 Erremus-
2470 5832 2537 5876 nd
2594 5830 2826 5876 phiam
2858 5834 2895 5876 ρ
2961 5834 3046 5876 ιιι.
3092 5851 3145 5876 η
3197 5833 3269 5876 es
3302 5845 3422 5876 nm.
3452 5823 3519 5876 cl.
3549 5819 3733 5876 Summo

2206 5832 2429 5887 Excurs.
2470 5832 2537 5886 ad
2590 5830 2827 5906 Philipp.
2858 5834 2925 5904 2,
2961 5834 3049 5891 16.
3092 5851 3149 5905 p.
3197 5833 3269 5890 65
3301 5845 3422 5898 sqq.
3452 5830 3519 5878 cl.
3549 5830 3618 5890 ὄρ

2206 5903 2359 5976 praef.
2386 5917 2441 5984 ρ.
2477 5917 2720 5984 xtttsqq.

2279 5975 2320 6006 ιο
2350 5973 2582 6028 Emisit»
2601 5990 2650 6042 p.
2679 5975 2768 6028 57.
