3898 6448
92 404 216 460 469

95 515 491 592 properantius
517 520 722 583 ageret,
745 525 872 568 nam
889 520 950 568 ut
971 512 1240 583 interpres
1267 511 1385 586 gap
1403 525 1466 569 re
1491 524 1620 567 vera
1645 510 1716 566 ad

94 615 384 668 Christum
416 609 685 677 retulerit,
721 621 1048 679 quamquam
1079 606 1132 663 id
1171 620 1281 662 non
1306 620 1444 677 opus
1463 620 1585 662 esse
1608 605 1710 661 viri

94 707 252 761 docti
281 705 352 759 ad
381 704 438 761 h.
473 703 511 758 l.
535 703 850 768 docuerunt,
887 701 1179 757 tenendum
1205 709 1309 766 est,
1342 699 1572 756 Arianos
1600 714 1711 755 non

95 799 452 854 divinitatem
477 796 704 864 Christi,
725 795 822 851 sed
848 795 1050 852 Christi
1079 809 1200 850 cum
1231 795 1344 852 Deo
1368 803 1521 864 patre
1558 793 1712 864 quasi

94 891 453 947 identitateta
479 888 785 960 negavisse,
823 897 882 945 ut
912 887 1026 943 Arii
1053 898 1287 944 sectator
1311 888 1398 944 vel
1427 889 1712 945 severissi-

99 999 229 1040 mus
257 986 336 1040 ita
355 982 599 1039 scribere
640 992 844 1054 posset,
875 983 952 1038 uti
981 991 1169 1038 auctor
1194 982 1543 1052 expositionis
1568 981 1713 1036 illius

100 1079 312 1147 saepius
365 1075 544 1132 citatte
571 1076 593 1109 ί
636 1072 920 1130 aiunbaura
958 1090 1123 1131 sanati
1160 1074 1302 1146 gups
1331 1075 1445 1147 gap
1473 1073 1713 1130 uissudt'n

107 1177 234 1249 (soli
262 1174 381 1231 filio
402 1173 518 1243 Dei,
534 1169 679 1228 Deus
699 1171 1026 1242 essistenti).
1053 1172 1237 1241 Neque
1258 1186 1378 1228 eam
1405 1172 1475 1226 ob
1493 1185 1712 1228 causam

106 1272 286 1340 locus,
337 1267 431 1323 diu
471 1266 996 1334 desideratissimus,
1040 1265 1278 1321 Timoth.
1319 1266 1357 1332 Ι,
1405 1282 1483 1335 lli,
1536 1267 1602 1321 16
1645 1266 1714 1322 ad

116 1365 478 1439 quastionem
507 1361 900 1432 proﬂigandam
933 1359 1080 1423 facit,
1105 1360 1194 1414 ubi
1219 1359 1382 1416 etiam
1404 1359 1473 1415 de
1498 1355 1715 1416 Christo

122 1458 237 1533 gap
261 1453 596 1542 gabeirluips
627 1471 714 1510 eas
751 1457 808 1509 in
835 1453 967 1508 tcika
997 1453 1192 1509 dicitur
1219 1456 1271 1519 ';
1302 1468 1400 1509 nec
1420 1452 1561 1523 quod
1587 1451 1715 1506 Cas.

123 1552 410 1608 tiilionzeus
448 1549 516 1605 ad
531 1543 538 1550 ”
558 1549 831 1619 g0tbicam
861 1548 1170 1603 versionem
1202 1544 1566 1602 ltetcrodosim
1611 1544 1718 1598 cri-

111 1645 261 1702 mine
295 1642 630 1699 liberandam
656 1641 866 1698 Col0ss.
899 1657 939 1709 l,
991 1640 1059 1696 16
1086 1639 1346 1705 laudavit,
1376 1639 1506 1695 satis
1531 1637 1719 1694 mirari

110 1749 428 1809 possumus.
474 1734 623 1791 Unus
652 1733 1025 1790 tantummodo
1055 1733 1203 1788 locus
1246 1741 1352 1800 est,
1383 1746 1414 1786 a
1442 1730 1717 1788 Castillio-

109 1843 232 1886 nato
255 1828 381 1900 jam
427 1829 717 1896 indicatus,
747 1843 816 1885 ex
850 1843 961 1900 quo
1003 1827 1316 1898 interpretis
1369 1828 1538 1882 nostri
1578 1828 1718 1882 aria-

108 1925 328 1981 nismus
375 1923 654 1994 perspicue
693 1922 1074 1994 cognoscitur;
1121 1921 1353 1991 Philipp.
1395 1921 1540 1976 enim
1580 1937 1639 1985 ll,
1685 1921 1720 1975 6

107 2017 317 2086 legitur
345 2033 365 2073 :
389 2020 444 2070 in
470 2016 668 2070 cristam
700 2019 832 2070 issu.
863 2016 968 2070 seei
994 2019 1049 2069 in
1079 2014 1482 2087 gupaskaunein
1512 2014 1726 2068 uisands

108 2110 162 2164 ui
180 2110 348 2164 uulua
374 2107 598 2162 ralmida
624 2109 768 2162 aisan
797 2107 874 2162 sik
894 2107 1151 2181 galeiko
1175 2106 1342 2180 gupa.
1364 2105 1483 2174 Quo
1504 2104 1722 2176 quidem

109 2205 231 2260 loco
275 2203 660 2258 Massmannus
689 2202 866 2260 Skeir.
911 2215 967 2272 p.
995 2204 1084 2272 73,
1124 2203 1215 2272 qui
1241 2200 1511 2256 samalct'ks
1551 2208 1606 2256 et
1631 2215 1724 2271 ga-

113 2299 243 2354 lcifts
272 2310 395 2353 non
424 2304 572 2353 recte
597 2296 952 2362 distinxisset,
981 2297 1332 2351 arianismum
1367 2295 1582 2364 probari
1625 2307 1720 2348 ue-

110 2393 285 2462 gavit,
308 2389 414 2447 sed
445 2390 838 2448 Castillionatus
863 2389 918 2446 in
944 2391 1210 2461 eplmetro
1234 2389 1480 2461 epistolae
1509 2388 1577 2444 ad
1600 2387 1728 2444 Phi-

115 2487 403 2558 lippenses
427 2483 613 2542 addito
640 2501 694 2557 p.
725 2485 796 2542 63
830 2499 949 2557 sqq.
982 2485 1238 2555 praeclare
1276 2485 1344 2541 de
1379 2499 1447 2541 eo
1470 2485 1730 2540 disseruit

117 2594 362 2654 eumque
382 2579 642 2636 exhibere
658 2587 1055 2650 argumentum,
1080 2579 1431 2650 interpretem
1452 2579 1729 2650 gotltieum

121 2676 207 2746 qui
235 2671 662 2731 similitudinem
688 2685 787 2742 pro
813 2671 1121 2742 aequalitate
1149 2671 1414 2740 posuerit,
1447 2669 1730 2729 arianismi

121 2768 388 2839 placitum
419 2765 475 2819 in
500 2773 704 2821 textum
734 2764 982 2820 intulisse
1009 2764 1214 2822 docuit.

191 2859 406 2916 Contra
447 2857 740 2914 linitteiius
780 2857 958 2916 Ulﬁlas
999 2857 1170 2924 ipsius
1195 2871 1319 2915 esse
1344 2867 1583 2915 nostram
1611 2873 1732 2915 ver-

125 2953 340 3010 sionem
358 2952 692 3009 contendeus
730 2952 869 3007 haud
892 2951 1102 3008 felicius
1127 2967 1343 3008 causam
1365 2967 1516 3010 suam
1545 2952 1730 3025 agit";

128 3045 270 3117 quod
301 3045 452 3100 enim
479 3045 625 3112 dicit,
657 3044 948 3102 Ulfllauam
993 3057 1114 3101 esse
1139 3055 1414 3117 oportere,
1443 3054 1734 3116 propterea

128 3138 280 3208 quod
303 3137 448 3207 apud
475 3137 764 3206 scriptores
793 3137 999 3192 nullius
1028 3137 1131 3192 nisi
1159 3137 1335 3194 Ulillm
1361 3137 1505 3195 sacri
1529 3138 1736 3194 codicis

134 3228 323 3285 vet-sio
344 3238 816 3299 commemoretur,
837 3245 943 3286 non
964 3231 1348 3298 consideravit,
1368 3247 1527 3302 quam
1545 3246 1736 3302 parum

131 3323 420 3394 gravitatis
446 3321 500 3376 in
537 3332 853 3393 argumenta
881 3338 914 3378 e
942 3322 1266 3393 scriptorum
1315 3323 1547 3386 silentiis
1575 3323 1737 3380 ducta

135 3417 436 3483 redundet;
468 3423 523 3473 et
561 3419 607 3484 si
642 3431 732 3473 res
770 3417 1169 3474 ecclesiasticas
1205 3417 1508 3475 Gothorum
1551 3433 1582 3473 a
1623 3418 1739 3475 suis

141 3509 498 3580 scriptoribus
538 3510 738 3567 relatas
783 3510 1123 3578 haberemus,
1170 3522 1265 3569 aut
1307 3513 1376 3569 de
1414 3513 1481 3569 iis
1525 3513 1580 3570 ia
1619 3513 1740 3570 aliis

152 3601 489 3660 historiarum
506 3603 846 3675 gothicarum
864 3605 1017 3662 libris
1033 3607 1252 3677 copiose
1276 3616 1550 3662 narratum
1572 3615 1736 3672 esset,

151 3695 412 3754 silentium
462 3696 533 3754 de
577 3709 836 3754 renovata
884 3697 1332 3770 interpretatione
1387 3698 1736 3766 otienderet;

146 3804 282 3846 nunc
305 3799 514 3857 autem,
546 3805 668 3846 cum
691 3790 956 3861 ejusmodi
989 3792 1194 3846 mentio
1219 3805 1328 3848 non
1357 3791 1470 3861 fiat,
1496 3791 1622 3848 inde
1653 3795 1737 3846 in-

141 3881 434 3955 telligimus
454 3884 788 3954 posteriores
803 3885 1127 3954 interpretes
1142 3899 1318 3954 neque
1333 3885 1546 3954 publice
1566 3897 1742 3955 neque

138 3987 284 4034 certo
310 3985 564 4049 tempore
591 3992 730 4049 opus
764 3977 983 4044 fecisse,
1022 3977 1119 4034 sed
1157 3977 1414 4048 deinceps
1445 3977 1519 4032 ita
1541 4021 1556 4047 ,
1588 3988 1648 4032 ut
1673 3979 1742 4034 ab

141 4071 254 4128 aliis
282 4072 398 4127 alia
425 4079 784 4127 mutarentur.
819 4071 1026 4127 Revera
1068 4070 1368 4143 fragmenta
1400 4072 1467 4128 ad
1498 4080 1741 4128 nostram

137 4172 358 4221 atatem
385 4171 602 4220 servata
631 4177 756 4222 esse
782 4162 925 4220 illius
945 4165 1234 4234 versionis,
1263 4180 1424 4236 quam
1461 4165 1650 4224 Uiiilss
1675 4182 1744 4222 ex

139 4256 475 4327 scriptorum
502 4256 816 4312 testimonio
839 4255 1097 4326 confecit,
1124 4265 1218 4312 aut
1236 4258 1512 4313 afﬁrmare
1535 4267 1630 4313 aut
1650 4272 1744 4314 ne-

139 4361 264 4418 gare
289 4346 521 4404 difﬁcile
546 4347 766 4418 quidem
798 4355 904 4408 est.
948 4348 1227 4405 Versiouis
1267 4349 1415 4405 illius
1445 4350 1497 4404 in
1524 4349 1745 4420 gothica

140 4443 375 4500 ecclesia
408 4443 786 4501 auctoritatem
815 4443 981 4500 fuisse
1002 4458 1253 4516 magnam
1269 4483 1286 4511 ,
1311 4443 1436 4500 huic
1457 4445 1538 4501 rei
1565 4454 1621 4501 et
1648 4443 1744 4500 Ul-

143 4535 244 4598 σιω
283 4537 616 4604 auctoritas,
659 4551 765 4609 qua
785 4537 935 4609 apud
975 4552 1104 4595 suos
1139 4538 1327 4610 viguit,
1366 4546 1424 4594 et
1449 4539 1556 4595 hoc
1581 4539 1743 4594 etiam

144 4644 473 4705 argmneuto
492 4645 597 4702 est,
625 4635 769 4708 quod
801 4637 1000 4693 nullius
1029 4637 1166 4694 alius
1193 4651 1359 4708 opera
1388 4637 1444 4693 in
1469 4637 1744 4708 interpre-

143 4731 300 4786 tanda
328 4730 504 4787 biblia
525 4730 769 4800 impensa
792 4747 822 4786 a
843 4745 1024 4788 rerum
1047 4730 1401 4802 scriptoribus
1423 4745 1748 4787 commemo-

144 4831 310 4881 ratur.
364 4826 500 4891 Qua:
538 4826 831 4882 auctoritas
861 4834 1043 4882 autem
1076 4828 1120 4882 si
1159 4833 1305 4880 tanta
1333 4825 1453 4896 fuit,
1475 4824 1606 4896 quid
1633 4833 1751 4880 erat

147 4932 349 4993 causas,
375 4927 441 4977 ut
468 4918 660 4995 aliquis
690 4918 900 4978 litteras
929 4934 1110 4976 sacras
1143 4919 1324 4976 denuo
1356 4917 1752 4975 convertendae

146 5013 491 5085 susciperet?
519 5015 590 5071 At
626 5014 671 5074 si
695 5014 860 5075 tutius
885 5011 1152 5072 versionis
1177 5012 1556 5083 repetitionem
1581 5026 1749 5083 nega-

219 5193 237 5226 ¹
272 5192 450 5252 Skeir.
483 5209 535 5262 p.
570 5191 660 5262 46,
706 5193 794 5252 15.

217 5263 242 5299 ⁸
271 5265 426 5330 Haec,
459 5263 825 5322 Castillionaco
870 5274 1088 5322 auctore
1111 5307 1126 5331 ,
1176 5265 1316 5322 dicta
1345 5265 1417 5324 de
1470 5266 1588 5324 loco
1611 5266 1753 5324 Tim.

155 5335 196 5408 i,
238 5352 332 5407 ιιι,
392 5336 485 5406 16,
518 5334 650 5393 falsa
701 5345 859 5408 sunt;
913 5339 1036 5394 vide
1065 5337 1469 5394 adnotationem
1517 5339 1581 5394 ad
1615 5341 1759 5396 hunc

157 5407 334 5482 i_p_su_m
366 5409 580 5482 locum;
613 5425 786 5482 neque
817 5412 1114 5482 prtescrtim
1147 5412 1369 5482 cognito
1400 5411 1538 5467 libro
1583 5411 1678 5468 illo
1724 5427 1757 5468 a

156 5477 395 5554 Waitzio
417 5481 586 5554 edito,
611 5477 775 5554 ullum
807 5477 1130 5554 relinquitur
1158 5477 1403 5551 du'bium,
1434 5485 1564 5554 quin
1593 5482 1758 5540 Gothi

160 5550 364 5608 fuerint
396 5553 602 5608 Ariani.
639 5553 779 5611 Vide
805 5550 1000 5610 Waiti.
1034 5569 1088 5626 p.
1126 5554 1198 5612 40
1226 5569 1345 5628 sqq.
1380 5550 1470 5611 56.

229 5619 254 5655 ⁸
283 5625 350 5679 Ρ.
379 5621 488 5678 444
510 5639 600 5679 su.
1312 5629 1314 5632 ’

334 5665 350 5680 .
379 5629 488 5678 444
510 5639 573 5682 sa
585 5666 600 5682 .
1312 5629 1314 5632 ’

230 5693 256 5771 ξ
283 5641 682 5771 ἓξῗέἔαῗῗδηςξ
711 5698 853 5771 apud
873 5699 1091 5771 Iunium
1113 5713 1166 5770 p.
1190 5697 1317 5755 388.

235 5765 260 5848 ξ
287 5765 374 5848 Cf.
403 5765 592 5848 lahnii
624 5765 840 5826 Einlcit.
877 5770 1053 5848 p._56.

240 5836 263 5868 ⁸
317 5840 473 5913 Apud
527 5840 836 5913 Simeonem
877 5836 1331 5913 'Metaphrastem
1394 5844 1450 5902 in
1508 5845 1642 5901 actis
1700 5843 1758 5902 S.

173 5909 377 5988 Nicetes
407 5911 565 5988 (acta
594 5912 917 5988 sanctorum
964 5909 1270 5985 Septembr.
1318 5917 1381 5973 ν.
1413 5932 1468 5988 p.
1511 5917 1575 5972 Ill
1629 5916 1758 5974 edit.

178 5980 462 6054 Antverp.)
489 5980 757 6060 Οὕρφιλος,
783 5987 973 6058 inquit,
1000 5980 1092 6048 rit»
1131 5991 1267 6065 ἱερὰν
1291 5980 1432 6062 ἡμῶῦ
1453 5995 1647 6067 ’γραφὴν
1678 5993 1764 6045 καὶ

1507 391 2046 451 ΡΒοιΕαοηΕΝΑ.

3295 388 3400 442 470

1822 527 1964 580 mus,
1998 512 2323 585 procedente
2363 522 2606 584 tempore
2637 512 2734 576 Ιιῠρ⁸
2751 511 2860 568 illic
2883 510 3206 567 mutationes
3241 522 3402 579 quas-

1817 609 1943 664 dam
1973 607 2142 663 i‘actas
2185 619 2306 663 esse
2335 621 2442 662 non
2470 620 2749 677 negamus.
2798 602 2952 672 Quod
2988 619 3022 660 e
3075 602 3261 669 codice
3299 603 3406 656 Ar-

1818 710 2037 772 genteo,
2063 700 2377 756 conditione
2400 709 2457 757 et
2482 697 2664 755 indole
2691 699 3016 770 singularum
3038 696 3154 766 ejus
3175 695 3405 766 partium

1816 792 2127 864 diligentius
2156 802 2460 864 perspecta,
2491 794 2746 864 eogn‘osci
2765 799 2998 863 poterat,
3016 789 3199 860 plures
3218 803 3407 846 recen-

1821 888 2002 942 siones
2028 887 2302 942 exstitisse
2324 886 2501 960 (cuius
2521 888 2599 943 rei
2629 886 2962 956 ignoratione
2990 884 3189 940 factum
3217 893 3325 950 est,
3347 891 3409 938 ut

1821 979 2178 1039 Mareshallus
2206 981 2261 1036 in
2298 980 2540 1037 fraudem
2571 981 2853 1046 incideret,
2885 994 3008 1036 cum
3051 987 3272 1049 propter
3297 987 3411 1032 stu-

1821 1076 2050 1146 pendum
2075 1082 2400 1132 vetustatem
2428 1075 2632 1132 codicis
2662 1075 2919 1146 Argentei
2942 1075 3080 1130 hanc
3105 1073 3414 1130 versionem

1820 1185 1929 1228 non
1979 1171 2138 1226 aliam
2177 1184 2321 1238 esse,
2367 1184 2530 1241 quam
2574 1169 2748 1226 milia:
2793 1170 2939 1225 illam
2979 1163 3415 1239 antiquissimam

1820 1267 2155 1324 existimaret
2191 1266 2248 1336 ις
2313 1279 2456 1321 ntmc
2501 1279 2626 1321 cum
2678 1266 3027 1336 epistularum
3068 1272 3251 1334 partes
3292 1279 3418 1333 pcr-

1822 1362 2040 1426 multas,
2072 1360 2473 1433 evangeliorum
2503 1359 2788 1415 nonnullas
2823 1359 2906 1414 bis
2935 1363 2989 1414 in
3017 1357 3244 1415 diversis
3269 1357 3420 1416 codi-

1821 1455 1977 1510 cibus
2004 1467 2319 1524 comparare
2342 1454 2490 1519 licet,
2519 1453 2682 1508 etiam
2711 1452 2912 1508 clarius
2932 1452 3277 1522 intelligitur;
3309 1450 3419 1506 illm

1825 1561 2004 1605 tamen
2035 1549 2381 1606 recensiOhes
2406 1557 2554 1604 certe
2583 1562 2651 1603 ex
2694 1562 2798 1602 una
2835 1562 3039 1617 eaque,
3072 1547 3149 1601 uti
3175 1546 3415 1613 videtur,

1827 1641 2055 1700 Uliilana
2086 1643 2353 1714 originem
2398 1641 2690 1706 duxerunt,
2723 1648 3070 1697 mutaverunt
3095 1649 3272 1696 autem
3317 1640 3423 1695 viri

1823 1736 2022 1793 eruditi
2063 1736 2379 1806 posterioris
2413 1736 2612 1800 artatis,
2653 1743 2746 1789 aut
2783 1734 2874 1789 ubi
2907 1733 3079 1790 Ullilae
3116 1734 3423 1788 versionem

1826 1829 2002 1887 textui
2027 1845 2205 1902 graeco
2233 1846 2340 1886 non
2372 1829 2504 1884 satis
2532 1833 2781 1884 accurate
2810 1827 3228 1898 respondentem
3257 1825 3426 1883 vidis-

1827 1931 1969 1989 sent,
1998 1931 2090 1978 aut
2115 1923 2204 1979 ubi
2234 1925 2287 1978 in
2321 1922 2435 1977 suis
2461 1921 2614 1978 libris
2639 1919 2772 1976 alias
2803 1920 3064 1976 lectiones
3091 1923 3426 1990 reperissent

1827 2024 1989 2087 atque
2012 2029 2147 2086 quas
2177 2015 2438 2071 habuerat
2463 2013 2670 2070 Uliilas.
2705 2011 2831 2069 Haec
2854 2013 3073 2084 quidem
3100 2012 3285 2068 videre
3313 2027 3428 2069 non

1828 2108 2054 2164 difficile
2076 2115 2178 2173 est,
2211 2108 2338 2162 illud
2368 2117 2547 2162 autem
2578 2121 2685 2162 non
2714 2096 2877 2162 facile
2903 2106 3099 2176 aliquis
3117 2105 3281 2173 dicet,
3303 2117 3428 2176 qua

1829 2201 1936 2259 illis
1966 2202 2099 2257 locis
2127 2201 2278 2256 initio
2307 2200 2374 2256 ab
2405 2200 2560 2257 Utilia
2591 2201 2790 2272 scripta
2817 2205 2876 2256 et
2900 2213 3022 2271 quae
3053 2199 3122 2254 ab
3158 2197 3280 2253 aliis
3307 2213 3429 2253 mu-

1830 2303 1963 2363 tata,
1983 2294 2161 2350 addita
2184 2301 2276 2348 aut
2297 2294 2660 2364 praetermissa
2687 2293 2828 2358 sint;
2850 2285 3142 2349 dolendum
3166 2301 3296 2347 vero
3319 2298 3428 2358 est,

1831 2389 1976 2460 quod
2024 2388 2339 2459 lieynatius,
2381 2387 2474 2458 qui
2510 2387 2876 2442 additamenta
2919 2384 3165 2458 Quadam
3206 2384 3430 2440 diversa

1834 2484 2033 2555 lingula
2061 2483 2246 2540 indole
2277 2495 2337 2538 se
2355 2483 2675 2555 cOgnovisse
2693 2481 2960 2552 gloriatur
2981 2481 3025 2548 ⁵,
3067 2481 3218 2552 signa
3242 2479 3434 2550 cogni-

1833 2583 2014 2633 torum
2045 2591 2152 2632 non
2179 2571 2436 2648 prodidit.

1907 2671 2211 2727 Praemissis
2253 2671 2338 2727 his
2374 2671 2432 2725 in
2460 2670 2774 2727 universum
2803 2669 2873 2725 de
2900 2669 3082 2740 lingua
3121 2675 3177 2725 et
3210 2675 3434 2724 auctore

1837 2774 2039 2822 nostrai
2063 2765 2352 2832 versionis,
2387 2765 2661 2836 pergimus
2678 2766 2744 2820 ad
2768 2764 3152 2820 instituendam
3178 2763 3437 2835 quaestloa

1838 2875 1962 2915 nem
1993 2859 2062 2916 de
2092 2861 2320 2925 ratione,
2345 2873 2448 2930 qua
2478 2860 2556 2915 sic
2577 2858 2847 2926 confecta,
2874 2859 3018 2914 unde
3044 2859 3133 2929 qui
3162 2857 3279 2928 ejus
3307 2861 3438 2912 usus

1839 2957 2075 3010 maxime
2115 2955 2170 3010 in
2216 2953 2570 3010 emendandis
2610 2953 2744 3009 locis
2785 2953 3065 3023 scripturae
3107 2965 3275 3006 sacrm
3312 2963 3438 3006 esse

1841 3050 2033 3121 possit,
2066 3049 2365 3121 apparebit.
2413 3047 2650 3104 Primum
2689 3053 2867 3103 autem
2908 3045 3197 3102 dicendum
3239 3051 3324 3100 est
3369 3045 3439 3100 de

1843 3143 1990 3199 fonte
2025 3159 2092 3198 ex
2120 3155 2227 3211 quo
2253 3139 2461 3197 Gothus
2487 3137 2756 3210 interpies
2791 3135 3048 3194 hauserit.
3101 3136 3318 3194 Ulﬂlam
3350 3137 3440 3192 in-

1843 3237 2287 3306 terpretationem
2313 3249 2465 3290 suam
2497 3247 2529 3289 e
2559 3235 2739 3303 grweis
2765 3231 2920 3288 libris
2944 3230 3247 3288 confecisse
3280 3243 3442 3286 nemo

1845 3329 1976 3385 olim
2007 3327 2290 3394 dubitavit,
2322 3327 2481 3398 idque
2499 3326 2822 3397 jampridem
2845 3325 3088 3398 Martyrii
3115 3323 3320 3381 Nicetes
3341 3339 3442 3379 au.

1845 3432 1964 3480 ctor
1991 3421 2270 3480 ‘testatur
2306 3429 2532 3494 postque
2571 3437 2692 3478 eum
2720 3423 2905 3479 Sixtus
2945 3420 3199 3478 Senensis
3217 3419 3260 3474 ".
3311 3419 3444 3487 Qum

1847 3517 2036 3572 notitia
2067 3516 2211 3573 unde
2257 3516 2340 3571 bis
2369 3515 2500 3571 viris
2525 3515 2777 3584 venerit,
2810 3514 3028 3571 famane
3055 3514 3198 3582 apud
3229 3521 3446 3596 veteres

1846 3608 2218 3680 percrebuerit
2245 3625 2314 3664 an
2338 3607 2461 3664 inde
2486 3607 2834 3678 coniecerim,
2868 3607 2994 3678 quia
3020 3606 3206 3664 Ulﬂlas
3228 3606 3283 3661 in
3313 3605 3448 3661 Μω-

1846 3703 1926 3759 sia
1954 3701 2306 3758 habitavisset
2335 3709 2390 3757 et
2410 3716 2441 3756 e
2463 3700 2790 3757 commercio
2819 3699 3446 3770 Constantinopolitano-

1847 3813 1966 3854 rum
1998 3798 2278 3854 hominum
2309 3809 2504 3867 graecae
2545 3795 2740 3866 lingua:
2769 3796 3019 3867 peritiam
3053 3803 3241 3851 nactus
3279 3798 3446 3860 esset,

1846 3907 1968 3948 eum
1994 3892 2156 3949 etiam
2183 3905 2390 3961 graecos
2421 3890 2589 3946 libros
2626 3889 2693 3945 ad
2716 3903 2851 3962 opus
2876 3901 3032 3945 suum
3059 3888 3449 3959 perliciendum

1847 3984 2194 4052 adhibuisse,
2225 3999 2325 4041 nos
2355 3983 2572 4057 quidem
2600 3983 2894 4051 nescimus,
2942 3983 3038 4040 sed
3079 3983 3450 4039 testimonium

1849 4079 2083 4135 maxime
2111 4075 2310 4150 prioris
2349 4077 2496 4134 illius
2541 4077 2822 4149 scriptoris
2860 4085 3080 4148 prepter
3122 4085 3451 4133 vetustatem

1848 4187 1956 4227 non
1999 4171 2134 4227 adeo
2176 4169 2635 4226 contemnendum
2678 4168 2914 4224 videtur.
2960 4167 3062 4235 Qui
3107 4180 3242 4223 vero
3281 4172 3451 4224 stata

1850 4264 2096 4335 partibus
2135 4277 2346 4329 eorum,
2387 4263 2481 4332 qui
2510 4259 2725 4317 Ulillam
2765 4271 2973 4332 graces
3009 4259 3178 4316 libros
3202 4268 3452 4316 secutum

1849 4359 2006 4414 esse“
2027 4355 2380 4421 contendunt,
2399 4354 2445 4411 is
2467 4369 2574 4410 non
2606 4355 2779 4409 solum
2793 4354 3117 4424 scriptorum
3141 4352 3453 4409 auctoritati

1851 4449 2012 4506 fidem
2041 4448 2240 4504 habere
2260 4447 2442 4516 debet,
2469 4448 2559 4518 qui
2589 4447 2642 4503 in
2689 4445 2773 4503 bis
2803 4446 2967 4503 rebus
3006 4446 3148 4502 haud
3195 4446 3454 4504 idoneam

1850 4544 1917 4600 ad
1952 4541 2384 4612 persuadendum
2417 4541 2525 4596 vim
2554 4541 2754 4598 habere
2779 4540 2990 4596 soleant
3020 4555 3034 4593 :
3064 4538 3260 4595 adsunt
3285 4537 3455 4596 etiam

1852 4644 2164 4708 argumenta
2196 4635 2354 4691 ducta
2382 4649 2414 4690 c
2433 4637 2844 4706 comparatione
2868 4633 3138 4690 versionis
3163 4643 3366 4689 nostrae
3391 4641 3453 4691 et

1857 4741 2035 4788 textus
2063 4731 2248 4802 graeci,
2280 4730 2474 4797 quibus
2500 4731 2553 4786 Id
2583 4729 2861 4801 probatur.
2906 4730 2949 4785 E
2980 4729 3164 4786 multis
3186 4728 3304 4785 aliis
3335 4730 3456 4786 haec

1856 4840 2023 4896 pauca
2053 4826 2426 4896 proferimus:
2477 4839 2582 4880 non
2629 4824 2804 4881 solum
2847 4824 2990 4880 enim
3034 4841 3156 4882 eum
3203 4824 3454 4881 ordinem

1857 4919 2170 4986 verborum,
2207 4933 2318 4990 quo
2338 4919 2500 4991 graeci
2539 4919 2892 4990 prmivcrunt,
2920 4917 3154 4974 ﬁdeliter
3175 4925 3356 4974 servat
3380 4947 3455 4960 -—

1857 5020 2219 5088 praeterquam
2241 5013 2332 5070 ubi
2375 5012 2589 5070 indoles
2625 5012 2858 5084 gothica:
2885 5011 3081 5082 lingua:
3110 5009 3277 5068 alium
3306 5007 3454 5064 ordi-

1860 5195 2198 5255 θεὸπνευστον
2234 5197 2336 5252 ἀπὸ
2367 5203 2460 5257 τῆς
2504 5193 2707 5258 lucido:
2738 5197 2810 5256 εἷς
2849 5198 2939 5266 τὴν
2970 5195 3194 5266 grai-Om}:
3216 5193 3452 5265 γλῶσσαν

1903 5269 2181 5340 ιτα-ϐαλὼν.
2236 5267 2315 5323 Cf.
2364 5268 2674 5340 Hieronymi
2721 5265 3014 5340 epistolam
3032 5265 3098 5317 ad
3131 5267 3457 5340 Suujamet

1913 5338 2150 5400 ritltilam
2178 5341 2433 5409 scriptam
2453 5382 2466 5404 ,
2497 5335 2602 5410 qua
2635 5338 2840 5392 Gothos
2858 5337 3048 5407 graccis
3078 5335 3251 5390 sacrae
3283 5335 3457 5404 scrip-

1866 5419 2001 5466 turae
2022 5413 2300 5471 codicibus
2329 5426 2458 5466 usos
2486 5425 2609 5466 esse
2631 5411 2777 5464 dicit.

1932 5483 1952 5515 ”
1999 5483 2256 5543 Biblioth.
2291 5500 2342 5537 tv
2376 5499 2426 5550 p.
2461 5485 2566 5539 390
2594 5484 2725 5536 edit.
2757 5481 2947 5536 Colon.
3011 5478 3194 5534 Ultilas
3246 5480 3454 5549 primus

1865 5554 2076 5615 Gothus
2099 5572 2290 5616 omnes
2316 5555 2525 5610 divinas
2549 5556 2847 5626 scripturas
2868 5569 2900 5609 e
2915 5568 3086 5626 σηεεο
3106 5553 3156 5607 in
3182 5552 3457 5622 gotlticaut

1866 5625 2099 5697 linguam
2133 5646 2162 5686 a
2193 5645 2252 5686 se
2276 5642 2564 5682 conversas
2594 5625 2830 5680 tradidit.

1937 5689 1973 5733 ἶ
2015 5702 2150 5758 Cum
2208 5701 2408 5757 Ussera
2437 5699 2575 5766 apud
2606 5698 2824 5754 Junium
2882 5698 3112 5755 Glossar.
3162 5694 3333 5765 p.16.
3373 5689 3454 5766 cf.

1869 5769 2250 5844 Mareshallum
2284 5786 2337 5839 p.
2392 5761 2498 5826 589
2528 5787 2611 5841 sq.
2657 5771 2968 5844 lienzelium
3024 5761 3244 5844 praefui;
3284 5781 3340 5844 l1;
3372 5761 3458 5844 YL

1869 5841 2068 5914 Lycum
2100 5861 2150 5917 p.
2191 5833 2373 5917 sxxii,
2407 5833 2802 5917 lbreutn_Ul/il.
2833 5833 3037 5917 illustri
3057 5859 3106 5912 p.
3144 5837 3270 5904 268,
3301 5833 3456 5888 linit-

1870 5918 2053 5972 telium
2078 5914 2129 5989 p.
2163 5916 2287 5980 αδ,
2317 5915 2574 5971 Zahnium
2608 5914 2822 5971 Einleit.
2856 5933 2908 5988 p.
2935 5916 3004 5970 28
3033 5927 3152 5985 sqq.
