3898 6446
504 378 603 436 471

505 507 632 551 nem
658 489 847 562 exigit,
876 487 956 544 uti
989 487 1045 544 in
1077 486 1366 571 pegatione
1401 487 1555 559 juxta
1578 487 1802 544 verbum
1833 484 2097 542 enuntiati

503 587 778 662 ponenda,
809 585 881 657 cl'.
908 583 974 639 ad
1002 583 1160 640 .loan.
1191 598 1300 646 xiv,
1319 583 1376 638 11
1399 599 1414 649 ;
1439 581 1571 638 Luc.
1596 598 1709 650 vm,
1731 581 1824 645 12;
1852 581 1904 635 in
1933 578 2100 634 collo-

504 678 694 736 candis
715 675 1033 749 quibusdam
1056 675 1329 746 particulis
1347 684 1438 730 aut
1459 675 1611 730 initio
1631 685 1720 729 aut
1747 682 1865 744 post
1886 671 2099 727 initium

505 771 797 838 enuntiati,
829 771 905 826 uti
931 770 1018 843 ip,
1051 768 1192 840 quod
1222 770 1381 825 aliter
1399 777 1561 839 atque
1588 768 1664 834 δέ,
1703 781 1878 838 graeca
1905 766 2099 823 vocula

506 866 738 938 guthiczc
780 864 1137 936 respondens,
1171 864 1345 935 primo
1375 861 1639 920 enuntiati
1671 863 1792 918 loco
1841 862 2096 933 ponitur;

507 960 604 1016 aut
632 959 747 1014 alia
778 958 963 1014 nescio
994 973 1113 1028 quae
1139 957 1403 1014 sermonis
1437 971 1617 1012 causa
1653 955 1817 1011 alium
1853 954 2101 1012 ordinem

508 1050 808 1124 postulant,
826 1059 884 1105 ut
906 1064 1201 1121 pronomen
1228 1047 1563 1104 substantivo
1587 1054 1948 1117 prteponatur,
1970 1044 2104 1118 pata

508 1143 760 1198 andbahti
782 1167 844 1193 =r
868 1147 959 1203 τήν
982 1140 1238 1198 διακονίαν
1266 1143 1460 1201 ταύτην
1480 1168 1552 1182 --
1590 1140 1684 1195 sed
1707 1140 1868 1194 etiam
1899 1149 2104 1195 sermo-

507 1252 636 1294 nem
667 1251 820 1293 suum
845 1235 900 1290 in
931 1233 1213 1306 permultis
1232 1233 1299 1288 ad
1328 1248 1562 1305 graecum
1589 1231 1969 1297 conformavit,
1995 1245 2104 1301 quo

507 1331 788 1404 pertinere
832 1329 1044 1386 videtur
1083 1343 1212 1384 usus
1252 1328 1427 1383 dualis
1473 1327 1726 1395 numeri,
1766 1342 1873 1398 quo
1915 1333 2098 1381 tamen

508 1424 700 1483 Uliilas
727 1425 922 1494 saepius
942 1424 1137 1492 utitur,
1169 1437 1329 1493 qnam
1359 1422 1411 1476 in
1443 1434 1622 1493 grwco
1645 1427 1795 1476 textu
1825 1427 2003 1475 exstat
2047 1425 2106 1474 et

508 1516 630 1573 fere
671 1515 921 1571 omnibus
965 1514 1120 1580 locis,
1168 1513 1258 1569 ubi
1305 1512 1427 1569 duas
1471 1527 1721 1583 personae
1763 1511 2101 1578 indicantur;

510 1608 712 1666 deinde
758 1609 948 1677 ﬁgura,
989 1621 1150 1677 quam
1189 1607 1566 1662 attractionem
1606 1611 1821 1670 vocant,
1857 1605 2107 1674 lrequens

509 1715 642 1777 usus
671 1700 1074 1772 participiorum
1101 1699 1294 1770 graecis
1337 1698 1602 1767 exemplis
1642 1697 2102 1761 accommodatus,

509 1793 713 1866 abusus
760 1793 1097 1865 pronominis
1135 1790 1543 1848 demonstrativi
1586 1791 1654 1846 ad
1705 1791 1852 1847 vices
1893 1788 2104 1846 articuli

512 1888 676 1960 graeci
715 1887 1042 1956 implendas,
1070 1885 1346 1958 multaque
1379 1892 1506 1944 sunt
1551 1885 1676 1954 alia,
1712 1901 1831 1957 quae
1874 1886 2106 1942 lectores

511 1983 864 2054 grammatica
884 1991 1070 2038 nostra
1089 1982 1325 2039 docebit.
1377 1981 1510 2051 Qua
1535 1996 1660 2037 cum
1683 1981 1754 2037 ita
1774 1981 1903 2047 sint,
1929 1990 2109 2036 tamen

509 2072 758 2146 fuerunt,
807 2074 898 2146 qui
937 2074 1084 2130 omni
1135 2074 1329 2145 linguas
1371 2073 1603 2146 gothicte
1647 2073 1871 2144 ejusque
1915 2071 2111 2129 indolis

511 2170 704 2243 peritia
735 2170 974 2228 destituti
994 2213 1010 2240 ,
1040 2171 1362 2241 comparatis
1403 2169 1633 2241 singulis
1671 2167 1902 2240 gothicis
1931 2167 2112 2223 verbis

511 2277 638 2322 cum
663 2263 878 2333 graecis,
934 2263 1384 2325 animadvertisse
1409 2262 1513 2319 sibi
1543 2261 1864 2318 videbantur
1895 2261 2110 2318 Uliilam

511 2358 711 2427 sapius
738 2373 769 2414 a
802 2373 981 2429 graeco
1012 2367 1162 2416 textu
1191 2358 1562 2416 discedentem
1588 2372 1712 2414 cum
1745 2357 1928 2412 latinis
1960 2356 2112 2412 libris

512 2455 862 2525 consentire,
908 2455 996 2511 cui
1039 2454 1495 2512 animadversioni
1549 2461 1755 2510 tantam
1810 2452 2114 2508 tribuerunt

511 2547 644 2614 vim;
678 2557 736 2604 ut
774 2564 805 2604 e
831 2561 1009 2618 graeco
1033 2548 1181 2604 lonte
1207 2548 1454 2605 hausisse
1474 2562 1598 2604 eum
1630 2556 1910 2616 negantes,
1938 2545 2113 2613 potius

512 2640 712 2700 latinos
740 2639 906 2697 libros
934 2649 1178 2698 secutum
1204 2655 1326 2698 esse
1354 2639 1587 2710 probare
1607 2638 1973 2706 susciperent;
2001 2649 2113 2704 pm

514 2735 716 2792 ceteris
749 2733 1082 2790 Wetstenius
1111 2733 1164 2789 id
1197 2733 1307 2805 egit
1333 2735 1385 2801 ¹;
1429 2733 1667 2789 rationes
1713 2739 1928 2796 autem,
1981 2743 2113 2799 quas

515 2835 772 2898 tanquam
799 2827 1089 2895 probantes
1113 2826 1358 2904 adduxit,
1386 2835 1532 2880 tanta
1554 2823 1872 2880 laborabant
1888 2821 2115 2876 inﬁrmi-

516 2929 650 2991 tate,
683 2931 742 2977 ut
770 2937 876 2978 non
907 2922 1084 2978 solum
1105 2921 1198 2976 alii
1229 2921 1579 2987 exsisterent,
1615 2917 1708 2989 qui
1749 2931 1842 2972 eas
1864 2915 2115 2972 refellere

517 3022 845 3072 conarentur
865 3017 912 3082 ³,
962 3013 1057 3070 sed
1081 3013 1245 3069 etiam
1272 3014 1408 3083 ipse,
1444 3026 1504 3068 re
1531 3010 1711 3066 denuo
1748 3007 2113 3075 considente,

516 3107 587 3163 ad
628 3107 948 3178 sapientiam
995 3122 1247 3164 reversus
1287 3106 1540 3162 versione
1573 3112 1760 3158 nostra
1800 3102 2116 3173 plerumque

517 3201 738 3273 quidem
768 3217 1004 3273 graecum
1031 3209 1236 3258 textum
1260 3199 1512 3270 exprimi,
1534 3211 1682 3267 saepe
1703 3207 1881 3252 tamen
1912 3194 2115 3252 relictis

518 3295 733 3365 graecis,
765 3295 1070 3351 versionem
1099 3294 1285 3349 Italam
1316 3291 1466 3363 sequi
1493 3290 1832 3347 existimaret
1858 3288 1904 3345 ³.

598 3388 666 3443 Et
690 3385 807 3443 loca
843 3385 1063 3457 quidem
1102 3401 1247 3455 esse,
1304 3401 1336 3442 e
1364 3384 1562 3456 quibus
1605 3389 1957 3452 cognoscatur
2001 3395 2121 3437 ver-

517 3479 666 3538 sioni
695 3487 897 3535 nostrae
936 3478 1160 3548 plurima
1198 3485 1256 3533 et
1285 3477 1446 3534 verba
1476 3484 1532 3531 et
1563 3474 1862 3530 versiculos
1886 3473 1940 3528 in
1966 3472 2119 3528 libris

517 3572 704 3631 latinis
741 3571 1082 3628 solummodo
1124 3572 1395 3627 exstantia
1439 3567 1678 3624 admixta
1705 3580 1848 3634 esse,
1893 3579 2122 3636 eamque

516 3666 786 3724 lectiones
816 3665 1040 3734 habere,
1069 3679 1192 3736 quae
1218 3679 1252 3721 a
1272 3663 1466 3736 grzecis
1489 3661 1832 3718 discedentes
1855 3676 1978 3716 cum
2001 3661 2124 3717 lati-

520 3760 614 3821 nis
639 3758 1007 3829 consentiant,
1039 3773 1147 3813 non
1183 3757 1289 3813 nisi
1322 3755 1454 3813 caeci
1491 3764 1584 3811 aut
1624 3754 1792 3810 rixosi
1828 3753 2118 3825 negabunt.

522 3853 763 3914 Primum
796 3854 941 3912 enim
983 3852 1349 3910 additamenta
1385 3867 1492 3909 non
1541 3866 1708 3922 pauca
1755 3851 2124 3919 inveniuntur,

523 3945 817 4019 qumgratci
829 3946 1044 4004 codices
1057 3946 1279 4002 omnino
1290 3955 1573 4017 spernunt,
1589 3945 2052 4016 latiniagnoscunt
2068 3944 2123 4002 δε

523 4038 600 4097 Μ.
631 4055 684 4105 x,
714 4039 786 4096 29
810 4040 973 4109 viljan
992 4069 1063 4082 --
1087 4039 1183 4095 lat.
1213 4039 1523 4106 voluntate;
1554 4040 1658 4095 Mc.
1681 4053 1791 4104 xxv,
1813 4036 1882 4094 65
1905 4037 2127 4109 gabaur-

515 4133 647 4207 jaba
666 4163 737 4175 —
761 4148 885 4192 cum
905 4134 1213 4200 voluntate;
1235 4133 1299 4189 L.
1328 4149 1370 4201 t,
1390 4133 1427 4190 5
1444 4132 1544 4207 jalt
1557 4131 1732 4187 altntin
1751 4130 2038 4185 oeiltamma
2057 4158 2127 4172 --

524 4237 584 4286 et
611 4227 838 4299 Spiritui
865 4235 1084 4294 sancto;
1115 4243 1192 4294 tx,
1217 4227 1254 4282 2
1279 4227 1450 4281 attans
1476 4256 1546 4267 --
1568 4239 1789 4290 omnes;
1824 4225 1988 4291 13,45
2015 4222 2128 4297 ιιαρ

527 4323 746 4395 paitrus.
782 4326 956 4395 frauja
980 4322 1127 4377 duwe
1148 4321 1251 4376 veis
1281 4321 1335 4375 ni
1356 4320 1648 4374 malttedum
1668 4317 1942 4372 usdreiban
1970 4317 2131 4390 pam-

529 4433 638 4473 ma.
664 4416 728 4488 ἰρ
752 4419 889 4471 iesus
911 4415 1183 4488 qap.pata
1205 4416 1329 4470 kuni
1353 4416 1406 4470 ni
1427 4414 1689 4487 usgaggip
1718 4413 1858 4469 nibai
1878 4413 1933 4468 in
1959 4412 2131 4468 bidom

523 4511 627 4584 jalt
662 4512 716 4564 in
749 4510 1011 4581 [astubnja
1037 4539 1112 4552 ---
1151 4507 1378 4580 (paucis
1413 4510 1630 4564 mutatis
1673 4508 1836 4564 Corb.
1864 4516 1921 4564 et
1949 4505 2129 4577 Colh.)

533 4602 669 4657 dixit
694 4602 739 4656 ei
761 4600 976 4656 Petrus:
1001 4601 1225 4668 domine,
1252 4609 1460 4674 propter
1485 4601 1610 4673 quid
1639 4618 1732 4657 nos
1755 4619 1856 4657 non
1871 4602 2130 4674 potuimus

534 4695 721 4768 ejicere
741 4693 874 4750 illud
895 4696 920 4751 7
945 4693 1129 4767 quibus
1149 4695 1280 4751 dixit
1295 4710 1315 4750 :
1337 4695 1578 4766 quoniam
1604 4695 1905 4770 hujusmodi
1934 4695 2128 4751 oratio-

606 4875 631 4959 ξ
661 4873 912 4948 Protegg.
940 4873 999 4930 in
1025 4890 1214 4931 nouunt
1240 4881 1595 4932 testamentum
1627 4889 1684 4948 p.
1708 4872 1814 4930 114
1841 4888 1964 4947 sqq.
1990 4873 2129 4931 edit.

534 4962 782 5149 252?.
833 5018 1073 5092 Bengelii
1124 5018 1450 5093 Apparatum
1493 5019 1612 5074 novi
1668 5018 1958 5074 testamenti
2005 5033 2130 5091 pag.

552 5107 644 5147 Ξυδ
671 5107 754 5147 δα.

609 5107 820 5235 :1:qu
851 5177 973 5235 pag.
1001 5163 1128 5235 558.
1159 5162 1291 5221 edit.
1316 5161 1490 5221 Seml.

777 5233 967 5291 Zalttni
999 5233 1216 5289 Einteit.
1254 5251 1373 5307 nag.
1405 5235 1479 5290 32
1506 5249 1589 5305 sq.

613 5305 636 5338 ³
666 5305 1004 5363 Wetstenius
1029 5321 1148 5377 pag.
1180 5307 1286 5362 306
1309 5303 1632 5363 sententiam
1682 5304 1750 5361 de
1794 5303 2133 5377 confectione

542 5385 744 5435 nostras
775 5376 1038 5434 versionis
1067 5376 1307 5434 e’latinis
1337 5378 1491 5434 lihris
1521 5379 1662 5434 male
1703 5376 1897 5445 probat
1921 5377 2128 5441 dicens,

540 5449 634 5505 ubi
666 5447 862 5504 latinus
886 5449 1152 5520 interpres
1177 5452 1337 5506 verba
1358 5465 1536 5521 graeca
1559 5457 1651 5503 aut
1674 5463 1859 5518 parum
1882 5456 2134 5521 accurate

541 5531 637 5590 aut
666 5535 944 5590 perperam
977 5524 1220 5589 verterit,
1270 5519 1462 5579 eodem
1508 5521 1669 5575 modo
1705 5522 1867 5575 etiam
1904 5519 2132 5575 vertisse

545 5588 812 5664 Gothum;
843 5593 936 5646 sed
961 5588 1220 5664 lectiones
1258 5595 1636 5664 plerarumque
1684 5591 1925 5664 locorum
1967 5591 2129 5664 abgeo

542 5661 972 5736 vituperatorum
1009 5663 1101 5736 (M.
1134 5680 1207 5730 vs,
1235 5661 1323 5729 ll,
1358 5667 1444 5729 l6,
1469 5661 1569 5729 2T;
1599 5681 1675 5728 ιι,
1707 5663 1806 5728 58ς
1841 5663 1944 5719 Mc.
1971 5679 2008 5728 ι,
2038 5661 2130 5736 58)

541 5743 693 5788 recte
722 5733 920 5805 habent
946 5733 1142 5789 etcum
1166 5737 1356 5805 graecis
1375 5737 1710 5805 conspirant,
1741 5736 1930 5790 saltem
1964 5734 2130 5801 probe

587 5818 646 5858 ro
686 5802 960 5859 intellectu
1010 5802 1192 5861 Gothi'
1214 5809 1426 5865 reddita
1455 5802 1751 5864 continent.
1781 5807 1976 5862 Contra
2009 5806 2130 5861 aliis

568 5875 681 5930 ocis
705 5875 912 5931 Gothus
939 5877 1134 5934 latinos
1178 5879 1346 5936 libros
1393 5895 1521 5936 non.
1551 5889 1770 5935 secutus
1811 5891 1910 5932 suo
1959 5876 2129 5932 Marte

528 5947 728 6014 ,minus
756 5957 906 6007 recte
931 5951 1219 6024 convertit,
1243 5951 1366 6011 vide
1391 5951 1461 6010 de
1487 5951 1608 6009 aliis
1632 5948 1765 6008 Luc.
1789 5964 1828 6022 ι,
1855 5948 1890 6007 5
1909 5955 1964 6008 et
1984 5947 2017 6005 8
2039 5947 2129 6006 ubi

1606 371 1976 430 BIBLIORUM
2021 369 2362 430 ULFILANA
2398 371 2672 432 VERSIO.
3631 376 3707 431 47?.

2207 485 2356 541 nibus
2394 494 2444 541 et
2470 486 2690 558 jejuniis
2725 483 2994 555 ejicietur;
3039 499 3116 553 sx,
3165 482 3236 540 50
3264 483 3319 538 sti
3340 483 3518 540 ainhun
3555 485 3635 541 aut
3663 492 3712 544 ist

2205 597 2409 638 manne.
2443 583 2551 636 saei
2579 582 2633 635 ni
2649 579 2952 654 gavaurkjai
2976 579 3182 635 malitia
3201 582 3374 654 stantia
3395 581 3714 636 meinannna—

2205 691 2352 730 nento
2374 686 2448 730 est
2471 675 2630 740 enim,
2655 675 2741 745 qui
2770 691 2874 728 non
2894 674 3050 746 faciat
3074 675 3306 730 virtutem
3332 677 3383 728 in
3412 675 3588 728 nomine
3609 691 3712 742 meo;

2203 784 2296 835 xv,
2328 769 2391 823 51
2417 777 2526 822 vast
2545 766 2641 839 jalt
2669 796 2738 807 —
2760 766 2909 822 luisti
2937 775 3022 834 et;
3061 783 3166 833 ιιι,
3199 768 3269 822 2‘2
3287 767 3384 840 jalt
3413 767 3585 822 lata—
3604 781 3648 824 et
3663 769 3715 838 pi-
3822 761 3823 834 θ

2204 875 2332 934 ger;
2380 861 2496 917 haec
2539 865 2719 916 omnia
2762 877 2792 916 a
2834 862 3026 932 graecis
3073 863 3426 932 prmtermissa
3458 878 3567 916 cum
3589 863 3717 918 Gotho
3822 853 3823 922 ἧ

2205 956 2363 1013 codd.
2398 954 2550 1012 Colb.
2577 953 2741 1011 Corb.
2769 955 2918 1012 Brix.
2945 954 3134 1026 Redig.
3163 966 3256 1010 aut
3281 955 3368 1010 alii
3390 953 3524 1010 latini
3553 954 3715 1013 habent.

2206 1052 2413 1110 Deinde
2441 1052 2710 1124 permulta
2740 1060 2866 1107 sunt
2903 1051 3044 1118 loca,
3079 1051 3277 1121 quibus
3317 1051 3560 1105 lectiones
3587 1050 3719 1106 latina

2207 1165 2305 1220 pro
2340 1149 2532 1219 graecis
2573 1147 2840 1213 insident;
2887 1146 2955 1201 ad
2999 1145 3139 1214 quod
3182 1143 3507 1215 probandum
3545 1143 3721 1198 lahnius

2208 1241 2430 1297 Einleit.
2461 1257 2512 1312 p.
2545 1241 2615 1296 32
2637 1241 2816 1296 minus
2841 1251 2965 1309 apte
3007 1240 3190 1294 laudat
3226 1240 3354 1294 Luc.
3384 1252 3439 1303 v,
3468 1239 3500 1292 5
3533 1246 3580 1291 et
3608 1235 3721 1292 Joan.

2205 1349 2302 1402 vn,
2333 1334 2366 1389 9
2394 1349 2618 1405 quorum
2651 1333 2891 1388 locorum
2921 1331 3094 1387 altero
3113 1330 3347 1387 Gothum
3369 1345 3485 1384 cum
3512 1329 3634 1383 Brix.
3657 1344 3721 1398 pro

2207 1430 2439 1505 ἠρώτησε
2461 1430 2621 1500 jussit
2653 1424 2934 1504 (ἐκέλευσε)
2957 1426 3128 1480 altero
3167 1439 3263 1493 pro
3293 1426 3446 1478 εἰπὼν
3472 1421 3607 1493 ἔμεινε
3633 1421 3723 1474 dixit

2208 1537 2324 1575 cum
2351 1529 2477 1575 esset
2499 1519 2692 1591 legisse
2715 1521 3001 1586 Opinatur;
3034 1518 3245 1586 penitus
3271 1514 3554 1570 insin'uahit
3575 1513 3618 1567 in
3637 1528 3724 1567 cau-

2207 1628 2344 1681 sam,
2376 1614 2468 1684 qui
2496 1613 2610 1669 htec
2640 1613 2754 1669 loca
2780 1613 3010 1683 legerit:
3041 1610 3141 1668 Mc.
3170 1627 3263 1677 vtt,
3290 1611 3324 1666 ὅ
3351 1609 3459 1680 ufta
3485 1607 3726 1682 (sape)non

2208 1723 2385 1779 graeco
2410 1715 2612 1785 πυγμῇ,
2641 1705 2737 1762 sed
2768 1707 2986 1763 lectioni
3010 1706 3298 1761 latinorum
3323 1703 3631 1776 quorundam
3651 1717 3726 1756 στι·
3822 1723 3823 1785 l

2209 1800 2298 1854 bro
2317 1799 2782 1856 accommodatum
2811 1808 2930 1867 est;
2963 1798 3026 1854 L.
3049 1814 3134 1866 ιι,
3163 1798 3236 1854 20
3266 1797 3357 1853 ubi
3382 1812 3462 1868 gr.
3483 1795 3652 1851 habent
3671 1794 3727 1850 τὸν

2207 1897 2424 1972 Χριστὸν
2449 1901 2543 1952 τοῦ
2565 1900 2718 1961 Θεοῦ,
2745 1892 2954 1950 Gothus
3001 1901 3180 1948 autem
3221 1891 3310 1964 [tu
3342 1894 3387 1946 is
3417 1889 3590 1946 κήκιε
3618 1903 3726 1942 stum

2213 1986 2376 2059 gups,
2399 2003 2519 2058 qua:
2547 1986 2876 2043 conveniunt
2894 2001 3016 2041 cum
3040 1984 3231 2056 Redig.
3251 1994 3308 2041 et
3335 1984 3478 2039 Brix.
3501 1993 3552 2037 tu
3568 1998 3612 2036 ss
3627 1979 3728 2035 Chri-

2212 2090 2340 2147 stus,
2374 2082 2516 2149 ﬁlius
2547 2078 2676 2146 Dei;
2700 2095 2754 2146 v,
2782 2080 2850 2135 10
2872 2079 2991 2136 siud
3032 2089 3240 2144 nutans,
3273 2079 3464 2149 quibus
3494 2091 3588 2131 non
3609 2087 3728 2145 grzct

2213 2174 2306 2250 ἴσῃ
2336 2181 2543 2249 ζωγρῶν
2577 2174 2904 2240 redduntur,
2946 2173 3044 2230 sed
3087 2175 3266 2244 potius
3296 2173 3453 2230 lectio
3481 2170 3608 2226 Brix.
3633 2168 3727 2222 uitii

2213 2251 2481 2336 raptore}:
2512 2283 2573 2333 tt,
2605 2266 2673 2322 M
2699 2268 2849 2338 godis
2875 2267 3051 2341 oiljins
3079 2266 3202 2338 quis
3230 2279 3466 2336 graecum
3496 2256 3728 2320 εὐδοκίμει

2215 2362 2448 2426 εὐδοκίας
2472 2360 2704 2417 Gothum
2735 2363 2817 2418 his
2843 2362 3022 2418 verbis
3045 2360 3349 2417 reddidisse
3369 2356 3646 2434 contendat,
3663 2365 3728 2408 nec

2215 2459 2393 2530 potius
2413 2456 2659 2513 codicum
2684 2457 2966 2512 latinorum
2993 2456 3138 2512 bona
3161 2455 3474 2511 voluntatis?
3501 2451 3608 2520 t,!9
3627 2452 3728 2505 inss-

2214 2550 2389 2624 gahtai
2420 2551 2605 2619 procul
2634 2549 2780 2604 omni
2829 2549 2996 2604 dubio
3031 2549 3228 2604 latinos
3272 2548 3530 2618 sequitur,
3564 2542 3639 2614 qui
3667 2553 3729 2610 tuo

2216 2659 2392 2715 graeco
2426 2645 2560 2718 λόγῳ
2599 2645 2813 2699 introitu
2849 2643 3061 2716 legunt;
3110 2643 3190 2700 sic
3229 2643 3392 2699 etiam
3430 2642 3482 2698 in
3517 2637 3725 2709 epistolis:

2215 2735 2341 2792 Cor.
2374 2738 2435 2799 ll.
2463 2753 2513 2802 v,
2549 2737 2614 2792 10
2643 2736 2730 2792 ulti
2751 2753 2835 2808 gr.
2880 2734 2965 2793 διά
3006 2735 3227 2802 habent,
3269 2735 3472 2791 Gothus
3499 2745 3726 2788 summa

2219 2827 2508 2883 latinorum
2537 2830 2800 2900 praprios,
2827 2829 2917 2899 qui
2946 2827 3054 2886 ἴδια
3080 2827 3279 2899 legisse
3307 2827 3570 2892 videntur;
3595 2817 3727 2887 xu,”

2216 2921 2320 2977 ibai
2345 2920 2507 2994 pair}:
2554 2938 2700 2977 wana
2731 2946 2792 2972 =
2821 2921 2978 2993 Vulg.
3018 2923 3252 2995 nunquid
3306 2939 3397 2996 per
3437 2924 3640 2990 aliqua»,
3673 2929 3726 2983 gr.
3822 2913 3823 2986 ᾖ

2217 3039 2334 3074 τινα
2372 3013 2440 3071 ὧν
2470 3040 2532 3066 =
2565 3017 2627 3074 δι’
2669 3020 2860 3083 uaros;
2909 3017 3145 3086 Philipp.
3188 3033 3266 3083 tv,
3311 3019 3346 3073 8
3403 3016 3508 3071 oeilt
3541 3009 3727 3066 sistito

2217 3119 2418 3175 sancta.
2443 3126 2524 3181 gr.
2550 3110 2705 3186 ἆγνά;
2735 3127 2773 3180 ι,
2817 3111 2904 3176 18,
2937 3110 3138 3184 ῥαηάεί
3163 3135 3228 3162 =
3255 3112 3530 3167 latinorum
3549 3108 3726 3172 diiungo

2218 3207 2348 3266 πλήν
2374 3206 2462 3262 vel
2483 3206 2611 3266 πλήν
2633 3203 2731 3262 ὅτι.
2763 3205 2854 3262 Sic
2881 3205 3114 3261 Gothum
3137 3221 3262 3262 cum
3285 3206 3410 3262 Cor.
3428 3198 3729 3268 ll,vnt,l9pro
3822 3198 3823 3264 l

2219 3313 2396 3368 greco
2418 3299 2793 3374 χειροτονηθεὶς
2813 3297 3048 3369 gatevips
3075 3297 3286 3365 reddat,
3307 3298 3516 3352 latinum
3536 3290 3731 3346 ordinm

2222 3393 2292 3449 ob
2321 3395 2507 3450 oculos
2527 3393 2781 3449 habuisse
2820 3394 3180 3464 suspicamur,
3226 3393 3314 3472 cui
3348 3393 3507 3448 verbo
3530 3384 3729 3460 gothicum
3822 3409 3823 3472 ξ

2225 3485 2276 3555 (a
2309 3487 2427 3555 teni,
2459 3487 2615 3553 ordo,
2665 3486 2925 3555 ductum)
2966 3486 3136 3542 multo
3160 3487 3406 3558 propius
3443 3495 3580 3555 quam
3603 3485 3731 3545 ﬁlim
3822 3485 3823 3554 Ῑ

2221 3582 2459 3648 accedit;
2493 3589 2547 3638 et
2577 3581 2808 3652 Philipp.
2832 3582 2954 3648 tv,6
2981 3581 3075 3637 ubi
3104 3597 3283 3653 graeca
3309 3584 3358 3638 ἐν
3383 3583 3525 3638 παντὶ
3547 3582 3730 3650 τῇπροσ·

2225 3685 2362 3754 ιυχῇ
2394 3691 2488 3746 per
2515 3678 2571 3731 in
2599 3677 2768 3731 attai
2805 3676 2946 3730 bidui
2983 3684 3396 3741 convertuntur,
3426 3667 3595 3738 aliquis
3616 3657 3731 3726 conii'

2225 3784 2352 3826 cere
2381 3779 2580 3840 potest,
2609 3770 2843 3828 Gothum
2876 3771 3230 3840 interpretem
3269 3785 3378 3825 non
3418 3775 3572 3835 green
3601 3753 3729 3812 verba,
3822 3835 3823 3842 γ

2225 3866 2323 3922 sed
2348 3865 2510 3922 latina
2535 3869 2590 3922 in
2615 3865 2785 3922 omni
2807 3865 3061 3932 oratione,
3079 3864 3222 3920 male
3243 3863 3508 3920 intellecta
3529 3847 3642 3926 quod
3660 3844 3734 3900 lor-

2228 3958 2430 4016 mulam
2460 3959 2515 4016 in
2559 3959 2745 4026 omni,
2790 3973 2884 4030 per
2909 3973 2972 4015 se
3002 3958 3233 4030 positam
3282 3957 3368 4027 (in
3393 3945 3571 4018 uilem),
3608 3941 3734 3998 θάσο·

2229 4061 2482 4124 quentem
2503 4067 2690 4108 vocem
2723 4051 2965 4118 traxerit,
2987 4067 3110 4108 esse
3135 4061 3379 4108 secutum
3410 4049 3450 4102 ⁸.

2302 4145 2477 4215 Quod,
2508 4146 2557 4202 si
2597 4129 2851 4202 indicatis
2897 4145 2981 4201 his
3004 4143 3270 4215 vestigiis,
3307 4151 3478 4198 tamen
3505 4129 3731 4189 versionem

2231 4247 2471 4294 nostram
2501 4253 2534 4295 e
2557 4239 2748 4309 graecis
2777 4237 2929 4293 libris
2949 4238 3166 4294 ductam
3195 4251 3320 4292 esse
3340 4220 3732 4309 contendimusiel

2231 4307 2816 4388 remittimusvlectores
2838 4329 2905 4385 ad
2927 4345 3010 4398 ea,
3034 4346 3154 4402 quae
3183 4342 3345 4401 supra
3371 4325 3438 4382 de
3459 4318 3611 4378 indole
3628 4307 3733 4377 hui“

2232 4424 2500 4481 versionis
2539 4423 2596 4478 in
2639 4424 2955 4479 universum
2991 4421 3244 4489 diximus,
3293 4430 3349 4478 et
3386 4419 3496 4472 haec
3521 4406 3731 4467 addimus!

2234 4519 2444 4577 Gothus
2464 4517 2806 4589 participium
2826 4515 2977 4574 verbi
2999 4515 3321 4571 substantivi
3342 4509 3463 4571 εἶναι
3479 4515 3530 4563 et
3546 4499 3735 4592 ύπᾷρζιαξ

2233 4630 2352 4672 cum
2382 4614 2575 4686 graecis
2605 4627 2808 4684 ponere
2843 4610 3006 4677 solet,
3051 4607 3145 4663 ubi
3195 4607 3345 4663 latini
3396 4608 3592 4675 propter
3629 4588 3734 4652 IIII]ns

2234 4708 2505 4782 participii
2547 4706 2782 4780 inopiam
2829 4714 2924 4763 aut
2961 4704 3188 4762 relativo
3223 4698 3530 4776 pronomine
3557 4691 3735 4746 antwﬂ'

2234 4885 2470 4956 gmcttm
2499 4863 3102 4956 iqnpqoialaltinimultg
3115 4861 3318 4956 rectius
3343 4842 3732 4956 phefnvgfzznﬂ'i‘ag

2239 4919 2788 5010 EJIBBE'pZi'Ziﬁi-Ei
2800 4919 2924 4993 Ιίᾶᾖὶ
2938 4919 3322 5010 reddiderunt.
3343 4919 3702 5010 ’Νεςέῆἷιξιείῗῗιῗ

2241 4979 2572 5083 ξτκιιηῖιὶῐῖὖξ
2594 4979 2866 5083 S'eml‘erus
2897 5006 3254 5083 adAWetsten.
3290 5021 3342 5075 ι).
3387 4997 3484 5058 508
3516 4979 3732 5083 Δερξξξξξξ

2238 5058 2865 5141 Ξὶῗῆὅιῖίὸὶὶὸζῖιὶίῐὶιὲῖ
2884 5058 3402 5147 sanguine...
3426 5080 3536 5124 esse
3555 5058 3735 5147 aut:

2243 5127 2518 5237 iatrnam
2543 5127 2674 5237 Qui};
2697 5153 3120 5237 Ι,ο(ε³,.ῐ’τ⁴2¹ξ³¹¹¹ί³
3150 5127 3384 5237 “rdqucu‘
3411 5150 3496 5237 an:

2240 5201 2518 5314 ἱξᾶἶιίξξξί
2544 5201 2890 5314 tanta;
2908 5201 3063 5278 ing;
3088 5201 3384 5308 aeruca
3410 5213 3488 5302 vel

2238 5278 2513 5381 ἕὲἕὶῖὶέᾷ
2545 5278 2967 5381 inauditum
2998 5278 3732 5381 νεθ,ετεεοο,αξ³τ2ῗ.,ξῖίέῗ¹ὶ¹⁸ς¹ιῖζ

2241 5348 2534 5450 ἶίιῖιξᾷιῐιῖθ
2548 5348 3018 5450 ejus-lingua
3029 5348 3171 5420 dat'i’v
3179 5380 3242 5420 us
3281 5377 3377 5450 poto
3390 5348 3732 5450 ,ᾖξ’-[ξίίξῗιξῖξ

2238 5410 2713 5526 ἐιξξξξὶἕίζθιςίιιδῐῖἷ
2737 5410 2992 5505 solenne"
3026 5410 3730 5526 quartergioji'iffnﬂfl”

2239 5496 2447 5596 velilli,
2483 5496 2717 5596 ut'e'arln“
2727 5496 3089 5596 secutuses's'e
3107 5507 3326 5596 .Gotltns'
3349 5496 3730 5596 dici‘pufﬂlzrx

2237 5564 2335 5652 in];
2353 5564 2795 5665 ἐν”ἶσᾷβὲλῐυθίδ
2826 5564 3001 5665 vei-“2‘9
3018 5578 3383 5665 lativum“;
3409 5564 3729 5665 Ξίίάίιῖῗὲςξζᾚ

2277 5635 2890 5739 ἔξηῖιρῇξῖίιάῖιιῖιῗχιέξ
2922 5655 2989 5737 19
3018 5635 3726 5739 linittelilumthrlsoklfflsfgrgg

2281 5704 2626 5817 Τιῗὲῑίῖὶιῖιῖιέ
2641 5704 2890 5817 ξ’ἱιῖνςῖέῖ
2913 5704 3468 5817 άεέαῑῖάιξιῃιξειιίτειεει
3481 5704 3727 5817 uasti";

2235 5781 2359 5857 sua
2387 5781 2569 5856 cauo
2595 5781 2735 5857 tan“
2751 5781 2938 5858 solum'
2973 5796 3146 5868 latini,
3196 5793 3293 5855 sed
3319 5781 3468 5849 titiam
3490 5782 3622 5859 μεθ’
3643 5781 3669 5817 ³⁸

2234 5879 2609 5945 transponunt.
