3898 6442
112 407 206 465 473
1436 395 1967 455 PROLEGOMENA.

106 519 366 597 iunctione
392 517 561 588 aliqua
581 516 650 572 ad
675 515 804 572 illud
830 516 1381 574 cireumscribcndum
1405 527 1660 585 utuntur;

110 613 381 689 particulas
406 611 658 682 quasdam
685 625 889 682 graecas
917 627 946 666 a
978 612 1160 666 latinis
1186 613 1414 668 omissas
1437 613 1673 669 ﬁdeliter

111 710 292 777 reddit,
310 708 388 764 sic
411 705 472 764 ἄν
504 707 636 762 Luc.
659 723 737 773 Ix,
762 706 872 773 46;
905 723 971 772 x,
1004 708 1280 773 13;’xvtt,
1325 709 1390 774 ﬁ;
1432 707 1588 763 Joan.
1617 723 1670 762 rx

111 806 202 868 ιις
235 805 385 858 Rom.
415 817 492 867 ιι,
520 801 627 867 29ς
655 823 753 880 περ
787 801 912 856 Luc.
937 817 1090 867 xvm,
1109 799 1210 867 14;
1235 802 1360 858 Cor.
1387 802 1450 869 ll,
1469 819 1584 873 vm,
1603 804 1668 868 7;

114 897 272 954 multis
299 894 429 950 locis
451 895 707 950 lectiones
730 894 1016 949 latinorum
1043 909 1071 948 a
1095 896 1283 966 graecis
1307 896 1670 965 discrepantes

115 1003 198 1045 nec
225 987 422 1042 Gothus
449 986 628 1053 habet,
653 987 748 1042 sed
781 1003 902 1042 cum
923 989 1111 1058 graecis
1142 987 1402 1053 concinit,
1434 991 1511 1044 sic
1543 990 1604 1046 L.
1631 1006 1669 1054 ι,

117 1081 170 1137 l0
190 1080 267 1136 ubi
289 1080 465 1135 nullus
493 1079 780 1134 latinorum
803 1093 924 1134 cum
950 1080 1125 1133 Gotho
1142 1079 1567 1153 προσδεχόμενον
1594 1081 1672 1136 Ιε-

115 1176 199 1247 git;
223 1174 316 1229 sub
341 1173 604 1229 orationis
629 1174 912 1230 dominicae
936 1175 1091 1229 tinem
1118 1173 1328 1229 Gothus
1358 1191 1478 1229 cum
1507 1175 1664 1230 codd.

117 1269 273 1341 graecis
295 1267 639 1336 daxologiam
668 1266 852 1335 habet,
887 1282 1046 1338 quam
1081 1266 1368 1322 latinorum
1402 1267 1515 1324 fere
1549 1270 1669 1323 nul-

123 1361 470 1432 luszignoscit;
503 1368 558 1416 et
586 1361 714 1432 quid
746 1360 848 1416 alia
899 1361 1280 1430 producamus,
1335 1375 1456 1416 cum
1487 1363 1671 1432 paucis

128 1454 319 1524 exceptis
355 1453 543 1508 omnia
594 1452 707 1510 fere
757 1468 789 1509 e
843 1453 1034 1524 graecis
1085 1452 1275 1508 hausta
1317 1467 1438 1509 esse
1487 1464 1672 1524 aperte

123 1556 335 1603 tenentur
357 1547 380 1600 Ἰ

172 1639 264 1695 Viri
291 1639 494 1696 eruditi
546 1640 707 1707 igitur
748 1654 870 1695 cum
899 1639 950 1694 in
979 1639 1151 1696 Ulﬁlae
1179 1641 1432 1696 versione
1467 1639 1672 1712 aliquot

112 1735 220 1789 locis
262 1734 551 1789 latinorum
609 1735 856 1790 codicum
907 1734 1169 1790 lectiones
1200 1737 1546 1806 reperissent,
1579 1736 1670 1792 alii

111 1843 209 1882 eum
228 1828 380 1883 libros
409 1829 692 1898 utriusque
712 1829 980 1884 sermonis
1001 1830 1338 1884 consuluisse
1364 1831 1407 1894 ¹,
1435 1830 1525 1883 ιιιιί
1550 1846 1668 1886 ver-

115 1918 292 1973 sionem
321 1917 597 1988 gothicam
635 1920 935 1990 posteriore
976 1930 1134 1975 aetate
1161 1920 1230 1975 ab
1258 1920 1378 1975 aliis
1406 1920 1670 1992 theologis

108 2011 159 2062 ad
185 2011 358 2064 latinos
387 2011 563 2067 libros
595 2011 937 2067 reformatam
955 2027 1076 2068 esse
1097 2023 1419 2069 censuerunt
1440 2017 1480 2069 ³.
1523 2015 1668 2083 Qua-

107 2117 204 2156 rum
230 2102 540 2171 opinionum
573 2104 718 2172 prior
751 2120 936 2173 parum
966 2105 1228 2160 laudanda
1257 2106 1510 2172 videtur;
1544 2123 1666 2161 nam

104 2196 281 2250 etiamsi
315 2211 499 2266 neque
539 2212 662 2251 cum
699 2197 1018 2266 Wetstenio,
1073 2215 1199 2254 num
1245 2199 1427 2255 Ullilas
1473 2200 1669 2271 linguae

107 2285 256 2343 latina:
279 2290 510 2356 peritus,
537 2304 714 2359 neque
734 2306 857 2344 cum
883 2289 1134 2346 llickesio
1153 2301 1209 2346 et
1237 2292 1516 2360 Lacrozio,
1539 2308 1665 2347 num

107 2382 242 2438 latina
271 2385 453 2455 lingua
483 2387 536 2440 in
564 2385 747 2441 Moesia
776 2387 1013 2458 vulgaris
1043 2398 1096 2442 et
1139 2387 1291 2443 latini
1335 2403 1502 2443 sacrae
1533 2391 1668 2445 scri-

108 2488 250 2548 pturxe
295 2481 517 2536 codices
557 2482 687 2536 illuc
735 2483 980 2540 translati
1019 2481 1284 2549 fuerint‘,
1344 2484 1663 2552 quaerimus;

108 2579 256 2627 tamen
299 2573 429 2641 quia
461 2574 550 2627 lux
579 2574 841 2644 evangelii
874 2573 1062 2629 Gothis
1089 2589 1118 2627 a
1149 2589 1328 2644 graeco
1356 2575 1486 2630 orbe
1513 2576 1669 2631 afful-

109 2677 242 2732 serat,
267 2667 377 2722 ﬁeri
411 2681 523 2721 non
559 2667 762 2736 potuit,
811 2669 937 2738 quin
969 2667 1222 2723 doctores
1249 2669 1472 2738 gothici,
1503 2671 1594 2740 qui
1634 2685 1665 2725 a

108 2755 278 2814 Graicis
297 2761 603 2816 doctrinam
645 2766 969 2830 aeceperant
1011 2769 1066 2815 et
1109 2761 1161 2816 in
1193 2777 1487 2833 graecorum
1518 2763 1666 2818 chri-

107 2852 362 2907 stiaoorum
390 2853 647 2909 conciliis
680 2854 996 2921 intererant,
1048 2870 1242 2924 graicae
1286 2857 1483 2925 lingua:
1511 2857 1665 2927 gnari

107 2955 276 3010 essent,
305 2961 368 3000 ex
395 2962 511 3015 quo
563 2946 880 3016 intelligitur
908 2946 1110 3001 nullam
1146 2962 1267 3004 esse
1311 2963 1526 3004 causam
1567 2965 1665 3004 cur

109 3044 283 3110 primus
308 3045 574 3112 interpres
600 3043 886 3098 bibliorum
909 3045 975 3098 ad
1005 3045 1172 3101 libros
1199 3045 1394 3100 latinos
1414 3047 1664 3116 confuge-

105 3133 193 3198 rit,
213 3135 352 3202 cuius
367 3137 582 3206 linguae,
607 3137 653 3190 si
681 3151 805 3192 vere
825 3149 941 3190 eam
966 3138 1174 3202 calluit,
1195 3139 1428 3207 cognitio
1449 3140 1497 3192 ei
1516 3148 1663 3192 certe

105 3239 202 3279 non
228 3225 448 3293 paratior
472 3242 625 3297 quam
663 3241 855 3296 graecae
885 3236 1049 3283 esset.
1082 3228 1258 3283 Medio
1288 3229 1508 3298 quidem
1545 3243 1662 3284 aevo

107 3317 355 3388 theologos
375 3328 522 3373 tanta
555 3320 750 3390 linguai
777 3335 968 3391 grteczn
1017 3321 1288 3391 imperitia
1333 3321 1662 3380 laboravisse

107 3408 297 3476 scimus,
323 3423 374 3466 ut
396 3412 577 3468 sicubi
606 3413 799 3467 littera:
827 3428 998 3468 sacrae
1019 3423 1201 3468 essent
1223 3413 1565 3481 adhibendae,
1591 3414 1660 3470 ad
1686 3443 1698 3454 ο

112 3499 252 3556 libros
275 3503 460 3559 latinos
490 3504 892 3574 confugeretur,
929 3506 979 3560 id
1011 3507 1154 3576 quod
1181 3506 1446 3564 Lutherus
1476 3516 1662 3562 noster

121 3592 244 3658 iecit,
270 3597 560 3669 priusquam
589 3599 781 3669 graecis
804 3599 1002 3654 litteris
1019 3599 1236 3654 studere
1253 3599 1538 3669 coepisset;
1563 3601 1660 3656 sed

120 3681 222 3740 inde
239 3689 470 3758 probare,
525 3690 614 3744 illa
643 3706 856 3761 quoque
905 3700 1062 3746 actate
1107 3693 1420 3747 hominibus
1459 3693 1661 3749 exteris

112 3776 288 3838 latinam
310 3801 470 3854 quani
497 3801 728 3855 graecam
755 3785 1052 3841 faciliorem
1081 3786 1354 3842 intellectu
1386 3786 1553 3843 fuisse
1580 3797 1664 3843 at-

107 3885 192 3942 que
215 3875 260 3928 in
278 3876 611 3947 explicandis
639 3877 776 3933 locis
816 3877 1209 3933 difﬁcilioribus
1254 3879 1450 3934 latinos
1494 3881 1663 3938 libros

105 3964 353 4037 adhibitos,
386 3970 749 4041 periculosius
776 3971 1005 4026 videtur.
1039 3971 1108 4026 Et
1137 3971 1185 4026 si
1216 3987 1344 4028 vere
1379 3972 1566 4030 habuit
1593 3974 1662 4028 li-

104 4057 206 4117 bros
230 4064 434 4130 latinos,
470 4079 568 4119 cur
592 4065 661 4120 de
688 4073 795 4119 tam
839 4065 1024 4135 paucis
1055 4065 1189 4121 locis
1233 4081 1328 4122 eos
1368 4067 1658 4134 consuluit,

103 4151 156 4207 de
181 4154 400 4223 plurimis
433 4157 559 4212 aliis
599 4157 855 4227 neglexit,
911 4157 999 4213 ubi
1045 4167 1268 4228 propter
1313 4159 1661 4216 difﬁcultates

102 4244 529 4319 interpretationis
570 4260 662 4306 aut
708 4251 888 4305 minus
927 4262 1072 4307 recte
1118 4263 1209 4308 aut
1267 4268 1488 4322 prorsus
1526 4254 1663 4311 falso

101 4343 362 4396 convertit?
417 4342 588 4397 Multo
629 4351 805 4397 autem
839 4344 1165 4413 probabilior
1193 4353 1276 4400 est
1322 4348 1490 4401 altera
1539 4362 1666 4403 sen-

103 4439 258 4504 tentia,
283 4453 382 4508 qoa
412 4439 601 4494 versio
633 4438 688 4492 in
719 4438 903 4494 Moesia
931 4453 997 4494 ex
1027 4439 1179 4494 libris
1202 4440 1391 4509 graecis
1419 4440 1664 4498 confecta

102 4538 255 4596 postea
285 4534 332 4586 in
364 4531 516 4586 Italia
553 4531 622 4585 ab
664 4532 782 4587 aliis
832 4532 1098 4601 theologis
1127 4532 1355 4603 gothicis
1392 4533 1459 4588 ad
1506 4545 1666 4590 teno-

103 4630 192 4674 rem
214 4631 264 4677 et
288 4640 534 4680 normam
568 4625 854 4680 latinorum
895 4625 1153 4680 librorum
1184 4636 1386 4680 mutata
1412 4636 1466 4682 et
1496 4628 1662 4682 inter-

103 4712 246 4779 polata
287 4731 406 4771 esse
454 4715 814 4771 existimatur.
866 4715 1049 4786 Neque
1091 4715 1474 4775 Griesbachius
1506 4717 1528 4749 ‘
1560 4733 1659 4774 au-

101 4801 295 4862 diendus
323 4820 426 4874 est,
453 4809 545 4879 qui
572 4808 840 4878 gothicam
867 4808 1167 4863 versionem
1193 4809 1370 4878 aliqua
1401 4809 1662 4865 relatione

102 4908 199 4952 cum
227 4900 402 4956 latinis
433 4900 778 4970 conjunctam
811 4915 932 4956 esse
962 4915 1164 4970 negans
1196 4902 1392 4970 potius,
1419 4917 1540 4972 quae
1571 4903 1660 4959 illa

101 5002 154 5044 ex
194 4991 268 5047 bis
307 4993 363 5048 in
409 5009 471 5049 se
499 4993 755 5048 translata
786 4992 988 5050 habere
1013 4992 1277 5060 videatur,
1311 5009 1374 5048 ea
1404 5003 1496 5050 aut
1531 5009 1661 5050 casu

160 5106 175 5138 ¹
204 5107 478 5165 Benzelius
509 5108 719 5178 praefat.
750 5124 802 5178 p.
834 5123 1004 5162 xxxm
1032 5125 1044 5160 :
1069 5107 1247 5162 versio
1270 5107 1406 5161 facta
1437 5116 1542 5174 est,
1576 5111 1657 5164 in-

101 5178 213 5246 quit,
258 5197 359 5235 non
387 5183 626 5248 aliunde,
677 5196 836 5249 quam
880 5179 1200 5249 authentica
1244 5193 1438 5247 graeca,
1491 5181 1658 5235 latino

105 5255 255 5322 tamen
285 5251 602 5322 interprete,
651 5247 739 5319 qui
792 5251 882 5307 ille
922 5247 1302 5322 cultique_l‘uit,
1335 5267 1439 5322 non
1473 5250 1659 5305 incon-

102 5321 245 5387 Sulto;
268 5325 335 5377 cf.
371 5319 677 5392 Béngelittm
715 5323 1018 5393 Defensiuue
1044 5321 1115 5374 N.
1144 5319 1414 5393 T.p.g‘27.
1444 5321 1655 5377 Semic-

103 5404 200 5445 rum
225 5396 283 5446 ad
313 5391 579 5450 Wetsten.
605 5411 655 5461 p.
683 5391 806 5458 ὅθί),
832 5393 1150 5448 Grinunium
1181 5392 1264 5446 ιν.
1288 5391 1338 5447 ΙΙ.
1367 5409 1464 5447 Lxx
1491 5409 1542 5462 p.
1566 5396 1654 5449 47.

158 5463 528 5536 ’ίἫειδιειιὶιιε
552 5482 605 5536 p.
634 5467 736 5520 306
757 5466 884 5520 edit.
926 5466 1094 5518 Seml.
1125 5462 1246 5536 lhre
1273 5463 1422 5532 Ulﬁl.
1451 5465 1642 5519 illum.

107 5545 150 5600 Ρ.
175 5535 290 5592 268.
325 5535 561 5593 lahnius
588 5536 796 5591 Einteit.
852 5550 904 5604 p.
927 5536 991 5590 51
1024 5550 1142 5602 sqq.
1173 5535 1470 5589 Castitlion.
1525 5536 1656 5603 Spe-

107 5607 375 5732 amputat.
501 5625 597 5664 xx.
629 5607 698 5662 cf.
730 5607 979 5663 eumdem
1010 5607 1079 5660 ad
1108 5605 1310 5677 Ephes.
1340 5623 1401 5674 ιι,
1433 5605 1467 5660 5
1499 5616 1554 5662 ει
1585 5607 1654 5662 ad

189 5696 212 5730 ιι
243 5721 253 5730 .
289 5696 368 5735 ιν.
473 5721 486 5735 .

171 5721 612 5820 lﬁl.
641 5751 888 5806 illustrat.
914 5764 969 5820 p.
991 5749 1118 5817 260,
1148 5749 1275 5806 269.

110 5817 185 5943 In;
225 5823 460 5950 ἓμξὶὸὶε
503 5817 571 5878 ad
613 5823 878 5878 Zahuium
911 5817 1058 5888 data,
1113 5821 1222 5876 vid.
1286 5821 1476 5878 Zahnii
1532 5821 1663 5879 Ein-

167 5908 197 5994 ὲ.
225 5908 479 6023 tog.“
527 5966 798 6042 parallelis
871 5967 1188 6043 interpolata
1252 5965 1420 6026 habes
1482 5965 1599 6025 haec
1641 5984 1654 6022 :

3257 399 3361 456 474

1772 515 1996 572 fortuito
2021 525 2077 573 et
2100 531 2131 574 ιι
2155 514 2335 574 Gotho
2360 524 2416 574 et
2440 532 2470 572 a
2503 516 2706 574 Latinis
2729 517 2934 588 addita,
2963 526 3055 574 aut
3079 533 3199 576 cum
3229 535 3362 577 eon-

1777 623 1966 666 seusus
2005 611 2075 664 ita
2107 609 2320 678 habeat,
2353 619 2413 665 ut
2438 611 2669 668 maxime
2696 612 3192 682 interpretamenta,
3217 615 3362 685 glos-

1774 713 2011 770 semata,
2037 704 2404 759 additamenta
2437 719 2468 760 e
2499 705 2629 760 locis
2658 705 2933 776 parallelis
2957 705 2979 737 ⁵
3005 705 3225 777 ejusque
3253 707 3362 763 sint
3453 773 3457 784 ι

1775 799 1987 869 generis
2013 798 2147 866 alia,
2184 799 2238 854 in
2271 808 2553 869 utramque
2582 801 2882 854 versionem
2909 816 2975 857 ex
3002 801 3190 857 eodem
3215 802 3361 860 fonte

1775 893 2000 950 deducta
2028 909 2150 950 esse
2174 895 2442 964 opinatur.
2471 895 2596 951 Haec
2624 896 2792 953 altera
2813 897 3018 967 opinio,
3048 907 3105 954 ut
3127 899 3360 969 priorem

1774 989 2118 1056 omittamus,
2162 990 2427 1060 sagaciter
2459 991 2674 1061 quidem
2710 993 3006 1061 excogitata
3045 1001 3157 1060 est,
3190 995 3282 1050 sed
3312 995 3358 1052 si

1775 1081 1856 1138 vir
1880 1081 2221 1138 doctissimos
2249 1083 2592 1152 epistularum
2620 1101 2764 1140 nunc
2791 1085 3053 1142 editarum
3081 1103 3360 1158 compara-

1775 1173 1973 1230 tionem
2003 1173 2282 1230 instituere
2313 1177 2568 1244 potuisset
2597 1185 2653 1232 et
2679 1177 2762 1233 vel
2793 1193 3008 1234 errores
3035 1195 3067 1235 e
3093 1179 3272 1236 latinis
3303 1182 3357 1237 in

1774 1265 2041 1334 gothicam
2074 1265 2378 1321 versionem
2406 1268 2680 1324 transiisse
2705 1269 2946 1336 vidisset,
2978 1272 3164 1341 procul
3195 1273 3358 1328 dubio

1773 1357 1928 1413 aliter
1960 1358 2289 1428 judicasset;
2329 1375 2452 1414 nam
2481 1376 2530 1415 e.
2564 1377 2616 1431 g.
2643 1363 2786 1432 quod
2819 1362 2954 1434 Eph.
2990 1381 3023 1420 ιι
3045 1405 3060 1428 ,
3093 1364 3126 1418 5
3150 1366 3213 1420 ad
3243 1383 3360 1422 vcr-

1775 1449 1900 1504 bum
1933 1459 2110 1507 textus
2137 1453 2323 1526 viljans
2377 1452 2725 1525 (voluntates)
2775 1455 2829 1510 in
2873 1458 3115 1528 margine
3158 1451 3370 1514 luatuns'

1774 1541 2122 1614 (voluptates)
2153 1547 2383 1616 positum
2416 1554 2523 1609 est,
2548 1546 2690 1603 unde
2719 1561 2780 1602 ea
2813 1547 2970 1603 lectio
2999 1549 3167 1616 venit,
3195 1549 3296 1604 nisi
3326 1563 3358 1606 e

1773 1637 1940 1694 latino
1966 1638 2150 1694 codice
2174 1680 2190 1704 ,
2239 1641 2290 1694 in
2317 1655 2422 1710 quo
2454 1640 2612 1696 verba
2657 1656 2792 1696 sonu
2830 1643 3026 1697 similia
3059 1653 3358 1713 permutata

1772 1731 1962 1786 erant?
1989 1730 2172 1801 Neque
2199 1732 2286 1786 illa
2314 1731 2604 1799 sententia,
2639 1732 2794 1788 nobis
2824 1735 3066 1804 probata,
3095 1743 3200 1790 tam
3229 1735 3360 1791 ridi-

1773 1821 1892 1876 cula
1917 1832 2036 1888 est,
2070 1839 2229 1893 quam
2265 1823 2532 1879 Richardo
2559 1823 2766 1879 Simoni
2798 1825 2819 1855 ⁸
2847 1825 3125 1881 videbatur
3145 1869 3162 1895 ,
3196 1827 3364 1888 modo

1773 1932 1843 1972 ne
1864 1916 1932 1972 de
1966 1917 2188 1988 Vulgata
2215 1920 2506 1990 cogitetur,
2538 1919 2603 1974 ad
2633 1934 2792 1988 quam
2823 1930 3002 1975 nostra
3037 1920 3214 1976 versio
3243 1937 3360 1977 mu-

1775 2018 1880 2064 tata
1910 2011 2000 2066 sit.
2037 2011 2316 2082 Vulgatam
2347 2014 2515 2078 enim,
2547 2027 2704 2082 quam
2744 2027 2886 2068 nunc
2914 2023 3124 2079 vocant,
3155 2012 3361 2070 Gothos

1771 2118 1878 2160 nuo
1927 2105 2239 2160 adhibuisse
2280 2120 2387 2160 non
2430 2105 2604 2160 solum
2638 2105 2763 2160 inde
2803 2107 3176 2176 cognoscitur,
3217 2109 3360 2179 quod

1772 2199 1940 2254 multo
1972 2207 2090 2270 post
2139 2213 2236 2254 usu
2281 2208 2494 2269 recepta
2525 2208 2607 2254 est
2632 2243 2648 2268 ,
2680 2215 2866 2256 verum
2896 2201 3055 2257 etiam
3087 2203 3232 2278 quod
3254 2203 3362 2260 Go-

1773 2292 1918 2348 thica
1950 2294 2128 2350 versio
2154 2302 2210 2349 et
2240 2294 2368 2348 novi
2393 2303 2446 2350 et
2471 2293 2666 2350 veteris
2693 2296 3028 2364 testamenti,
3060 2311 3180 2352 cum
3213 2297 3362 2352 nullo

1771 2383 1885 2441 fere
1923 2385 2057 2440 libro
2099 2386 2303 2452 rarius,
2332 2402 2492 2458 quam
2521 2401 2644 2442 eum
2676 2387 2765 2442 illa
2793 2388 3030 2443 concinit
3055 2389 3076 2420 '
3109 2405 3125 2454 ;
3175 2398 3360 2445 contra

1771 2479 1968 2549 smpius
2002 2495 2123 2534 cum
2153 2481 2374 2552 antiqua
2405 2480 2493 2536 illa
2517 2482 2788 2549 versione,
2821 2497 2981 2550 quam
3015 2483 3115 2537 hoc
3142 2481 3360 2538 nomine

1769 2571 2090 2640 appellatam
2115 2571 2360 2626 Sabatier
2388 2587 2419 2627 e
2446 2572 2612 2627 variis
2631 2571 2906 2638 codicibus
2929 2572 3208 2630 collectam
3237 2588 3360 2629 cum

1770 2662 1996 2735 Vulgata
2040 2664 2242 2732 edidit,
2291 2663 2489 2736 saepius
2517 2666 2678 2721 etiam
2725 2682 2844 2722 cum
2875 2667 3125 2722 Brixiano
3149 2667 3361 2736 codice,

1769 2771 1928 2827 quem
1954 2755 2300 2812 Blanchinius
2321 2756 2522 2823 edidit;
2544 2757 2638 2813 sed
2662 2773 2784 2814 cum
2812 2758 2958 2813 nullo
2984 2759 3172 2814 horum
3196 2759 3362 2814 libro-

1771 2866 1888 2905 rum
1917 2851 1986 2905 ita
2015 2851 2264 2920 congruit
2302 2848 2510 2905 Gothus
2533 2891 2550 2918 ,
2599 2859 2659 2905 ut
2685 2867 2850 2906 unum
2877 2861 2970 2906 aut
2997 2851 3221 2906 alterum
3249 2866 3362 2923 prae

1775 2943 1998 3013 reliquis
2027 2953 2244 2998 secutus
2271 2957 2393 2998 esse
2421 2942 2524 2998 dici
2559 2944 2745 3012 possit.
2801 2943 2906 2999 Res
2934 2953 3111 2999 autem
3146 2945 3226 3000 sic
3261 2945 3359 3000 ha-

1767 3035 1897 3090 bere
1934 3035 2188 3090 videtur:
2222 3034 2397 3090 Gothi’
2432 3036 2632 3090 relictis
2678 3035 2795 3091 lstri
2853 3036 2986 3102 ripis
3030 3037 3193 3093 bihlia
3239 3053 3356 3107 sua,

1767 3129 1907 3184 sicut
1933 3137 2092 3184 erant
2121 3130 2189 3185 ab
2219 3129 2373 3186 Ulﬁla
2403 3143 2660 3186 conversa
2688 3171 2702 3194 ,
2733 3139 2825 3186 aut
2851 3132 3011 3187 etiam
3057 3133 3126 3188 ab
3153 3132 3356 3203 aliquo,
3393 3147 3399 3153 ‘

1765 3223 1809 3279 si
1841 3224 1965 3293 quid
1993 3225 2237 3287 deesset,
2275 3222 2514 3292 perfecta
2535 3263 2552 3290 ,
2579 3233 2761 3278 secum
2795 3223 2850 3277 in
2879 3223 3080 3278 Italiam
3107 3224 3361 3296 deporta-

1716 3345 1728 3366 ι
1767 3323 1924 3380 rant;
1973 3315 2043 3369 ibi
2079 3315 2375 3370 incolentes
2408 3331 2530 3370 cum
2561 3315 2794 3386 linguam
2827 3315 3190 3372 Romanorum
3220 3316 3360 3374 didi-

1764 3408 1966 3464 cissent
1993 3418 2048 3464 et
2078 3407 2272 3464 latinos
2310 3423 2478 3464 sacra:
2508 3409 2791 3478 scripturae
2836 3409 3048 3466 codices
3074 3451 3089 3476 ,
3133 3411 3184 3466 in
3221 3425 3356 3482 quos

1764 3501 2093 3569 inciderant,
2122 3517 2153 3557 a
2184 3516 2284 3557 sua
2313 3503 2762 3572 interpretatione
2782 3502 3089 3573 discrepare
3109 3544 3126 3570 ,
3157 3505 3354 3574 passim

1766 3597 1927 3651 etiam
1950 3595 2219 3650 auctiores
2239 3610 2360 3650 esse
2386 3594 2670 3662 vidissent,
2694 3610 2757 3649 ex
2784 3595 2890 3650 illis
2909 3596 3172 3666 exemplis
3192 3595 3358 3652 libros

1763 3700 1894 3742 suos
1920 3687 1991 3740 ita
2020 3696 2372 3742 correxerunt
2395 3695 2556 3756 atque
2579 3697 2943 3756 mutaverunt,
2965 3697 3024 3742 ut
3044 3689 3126 3744 vel
3148 3688 3356 3759 singula

1765 3779 1929 3834 verba
1958 3779 2170 3850 gothica
2195 3783 2425 3850 antiquae
2455 3779 2718 3836 versionis
2743 3796 2864 3836 cum
2894 3782 3019 3837 aliis
3044 3783 3157 3838 sive
3188 3782 3358 3839 usita-

1766 3873 1972 3928 toribus
1997 3915 2012 3940 ,
2046 3873 2159 3929 sive
2203 3873 2270 3928 ad
2311 3888 2526 3928 sensum
2573 3873 2906 3929 reddendum
2949 3875 3119 3945 magis
3150 3875 3356 3932 idoneis

1765 3975 2137 4038 permutarent
2163 4008 2178 4034 ,
2209 3968 2294 4022 vel
2324 3967 2369 4022 si
2396 3982 2514 4037 qua:
2546 3982 2730 4022 manca
2763 3968 3097 4038 viderentur,
3137 3983 3198 4024 ea
3229 3984 3356 4038 sup-

1764 4061 1997 4132 plerent.
2017 4062 2134 4129 Quo
2156 4059 2356 4116 factum
2373 4069 2476 4125 est,
2503 4069 2560 4114 ut
2582 4060 2686 4115 non
2710 4061 2883 4116 solum
2909 4061 3169 4116 lectiones
3191 4060 3358 4115 libro-

1765 4167 1884 4208 rum
1908 4153 2197 4208 latinorum
2225 4153 2278 4207 in
2301 4153 2548 4208 versione
2570 4167 2657 4216 ea,
2683 4167 2800 4222 qua:
2821 4167 2852 4208 e
2871 4153 3060 4222 graccis
3081 4153 3355 4208 codicibus

1767 4244 1907 4299 facta
1930 4253 2067 4310 erat,
2087 4243 2582 4315 deprehendantur,
2604 4245 2626 4275 ⁸
2647 4244 2742 4297 sed
2765 4245 2926 4298 etiam
2950 4258 3030 4298 etc
3059 4245 3354 4299 litterarum

1763 4353 2039 4396 sacrarum
2065 4348 2264 4409 partes,
2291 4352 2409 4407 qua:
2438 4337 2577 4392 binis
2598 4337 2863 4406 exemplis
2883 4337 3112 4408 gothicis
3133 4352 3355 4392 conser-

1765 4447 1900 4490 vatae
1931 4434 2068 4500 sint,
2105 4433 2331 4487 duarum
2371 4431 3016 4512 recensionumgvestigia
3046 4431 3352 4499 ostendant,

1765 4529 1984 4584 alteram
2033 4525 2390 4596 antiquiorem
2429 4527 2497 4580 ad
2539 4533 2713 4580 textus
2751 4526 2912 4596 ειεεεί
2951 4525 3356 4582 similitudinem

1767 4623 1940 4692 magis
1977 4619 2466 4685 accommodatam,
2508 4619 2732 4674 alteram
2768 4618 3127 4674 recentiorem
3173 4620 3358 4676 multis

1767 4716 1899 4772 locis
1922 4713 2281 4778 emendatam,
2309 4720 2588 4778 mutatam,
2616 4710 3016 4781 interpolatam,
3038 4707 3132 4766 sed
3157 4710 3229 4764 ita
3275 4719 3355 4782 ut,

1763 4813 1854 4882 qui
1883 4825 2004 4866 eam
2056 4807 2362 4879 relegerent
2389 4816 2550 4876 atque
2594 4814 2992 4874 retractarent,
3033 4803 3068 4860 ii
3098 4805 3357 4860 librorum

1765 4905 2113 4972 antiquorum
2142 4902 2403 4958 lectiones
2433 4900 2683 4970 religiose
2710 4900 2762 4954 in
2789 4897 3026 4968 margine
3049 4899 3130 4953 sui
3159 4897 3357 4954 codicis

1763 4998 2157 5069 appingerent,
2190 5008 2324 5066 quas
2371 4993 2748 5050 adnotationes
2777 4991 2982 5048 librarii
3028 4991 3355 5060 posteriores

1768 5113 1956 5170 Matth.
1988 5113 2091 5183 (ιιι,
2123 5108 2216 5183 ll)
2257 5124 2450 5183 x_x_vn,_
2475 5107 2546 5162 42
2577 5109 2754 5183 (Ξ58);Δ
2771 5107 2935 5183 Marc.
2977 5121 3035 5173 ιι,
3070 5103 3167 5183 2g;
3203 5120 3257 5170 ιι,
3285 5107 3353 5183 4;

1767 5200 1877 5249 xiv,
1912 5177 2003 5250 47;
2037 5177 2125 5246 xv,
2152 5181 2245 5248 2|,
2277 5180 2362 5245 '57,
2391 5181 2490 5246 40;
2516 5177 2624 5248 xvi,
2651 5177 2703 5246 1⁷,
2725 5177 2791 5241 2;
2818 5178 2947 5250 Luc.
2979 5193 3049 5246 tv,
3071 5177 3170 5242 33;
3194 5191 3266 5240 vr,
3291 5177 3353 5250 ι]

1767 5272 1844 5320 ιχ,
1866 5248 1966 5318 ⁷43,
1990 5248 2086 5317 ’5ος
2117 5253 2275 5309 Joan.
2308 5268 2397 5317 xv,
2419 5252 2476 5317 9.;
2503 5250 2620 5308 Gal.
2651 5266 2704 5319 ν,
2736 5250 2834 5315 20;
2859 5249 3064 5304 Coloss.
3084 5262 3164 5316 ιιι,
3188 5250 3251 5314 8;
3281 5248 3353 5302 cf.

1769 5327 1918 5384 Millii
1952 5327 2194 5394 Prolegg.
2226 5323 2332 5380 742
2359 5339 2476 5393 seq.

1841 5399 1863 5430 ⁸
1893 5388 2335 5452 ΙῘὶδῑονίἁέιὶῑὶεα
2359 5388 2651 5462 ιιειῖεὶοιιιιιιι
2676 5391 2751 5448 Ν.
2777 5391 2839 5446 Τ.
2869 5407 2926 5463 p.
2957 5388 3082 5445 222.

1839 5471 1859 5502 "
1901 5470 1983 5524 Cf.
2031 5468 2340 5523 Knittelium
2373 5459 2444 5535 'p.
2490 5464 2629 5530 376;
2682 5459 2962 5535 Zahnium_
2999 5477 3055 5535 ι)ἱ
3106 5459 3354 5535 ὅὲηιξιο

1768 5541 1952 5598 multis
1981 5541 2102 5595 aliis
2131 5539 2262 5593 locis
2293 5531 2435 5592 nunc
2463 5536 2742 5590 laudamus
2770 5532 3004 5589 Timoth.
3038 5531 3078 5594 I,
3109 5547 3188 5594 Ill,
3211 5533 3245 5587 ϐ
3273 5531 3354 5585 lo-

1765 5629 1887 5669 cum
1907 5613 2338 5673 celeherrinmm,
2364 5607 2452 5662 ubi
2478 5606 2640 5662 Goth.
2662 5620 2783 5660 cum
2803 5604 2995 5676 gra‘cis
3018 5603 3148 5670 θεὸς,
3170 5619 3208 5676 ιι
3229 5602 3356 5656 Vul-

1765 5694 1888 5755 gata
1918 5698 2196 5755 omissum,
2223 5681 2370 5755 legit,
2403 5688 2460 5733 et
2485 5678 2552 5732 de
2582 5689 2766 5734 vetere
2807 5675 3126 5755 testamento
3155 5675 3223 5729 cf.
3256 5689 3357 5755 nu-

1764 5746 1946 5812 meros
1994 5771 2025 5810 e
2059 5753 2194 5808 libro
2234 5746 2510 5807 Geneseos
2551 5763 2714 5818 supra
2759 5763 2789 5821 ιι
2860 5763 2916 5805 xt
2955 5749 3169 5815 citatos,
3201 5746 3353 5820 quia

1766 5822 2630 5966 ν⁰έ⁸ιῖξε⁸ἓτθῖὁ¹ἓέιδο
