3898 6454
599 328 703 388 483

598 441 783 501 rienda
814 439 1186 495 imbuerantur
1208 426 1370 507 atoue
1397 433 1877 499 conﬁrmarentur;
1899 432 1992 488 sed
2015 429 2178 488 etiam

597 533 952 592 demonstrari
1002 532 1254 604 perfacile
1301 538 1509 601 potest,
1549 529 1784 586 Gothum
1837 542 1948 582 suae
1990 525 2184 596 linguae

597 632 767 701 copiis
792 631 862 684 ita
893 642 1045 683 usum
1073 641 1196 683 esse
1221 625 1444 696 ejusque
1471 625 1616 694 leges
1644 623 1716 678 ita
1744 622 2090 684 observasse,
2123 627 2183 673 ut

599 724 1001 780 translationem
1044 735 1172 778 vere
1217 721 1523 791 gothicam,
1575 733 1682 774 non
1728 731 1958 788 gmcam
2005 714 2185 771 verbis

597 817 836 890 gothicis
865 816 1112 872 vestitam
1138 812 1446 870 exhibuisse
1485 811 1592 866 dici
1633 812 1805 881 possit
1837 811 1878 863 ί.
1911 808 2045 863 Nam
2091 823 2186 864 ne-

599 923 708 980 que
736 908 1017 965 articulum
1065 906 1248 977 ponit,
1292 904 1395 960 nisi
1425 903 1512 958 ubi
1559 917 1738 958 sermo
1782 899 2028 972 gotlticus
2057 914 2183 956 eum

597 1001 866 1070 adittit,
900 1013 1076 1070 neque
1098 1012 1304 1054 morem
1325 1011 1558 1067 graecum
1580 1010 1701 1050 cum
1728 993 1970 1062 subjecto
1993 999 2184 1048 neutro

596 1095 823 1168 pluralis
849 1095 1072 1150 verbum
1101 1091 1386 1163 singularia
1414 1088 1622 1145 numeri
1661 1086 2023 1157 conjungendi
2064 1083 2186 1141 imi-

600 1196 771 1255 tatur;
799 1187 940 1243 duali
969 1199 1196 1242 numero
1231 1183 1449 1253 saepius,
1479 1196 1644 1251 quam
1668 1179 1722 1236 in
1767 1178 1962 1250 graecis
2007 1177 2100 1243 ﬁt,
2129 1185 2186 1232 et

599 1280 722 1337 loco
755 1279 1110 1352 genitivorum
1147 1293 1176 1331 a
1222 1274 1572 1332 substantivis
1609 1273 1957 1345 pendentium
1997 1270 2185 1341 sapis-

596 1370 736 1426 sime
757 1369 953 1424 dativis
990 1369 1159 1423 utitur
1201 1365 1298 1441 (cf.
1320 1365 1388 1421 ad
1413 1365 1575 1422 Joan.
1595 1380 1685 1421 vm
1702 1405 1718 1432 ,
1745 1364 1876 1434 '54);
1921 1362 2182 1433 praedica-

595 1449 709 1518 tum
739 1477 844 1516 non
869 1474 1000 1516 casu
1024 1475 1146 1515 cum
1191 1459 1436 1528 subjecto
1482 1472 1718 1529 congruo
1750 1458 1930 1527 ponit,
1963 1455 2059 1512 sed
2089 1453 2185 1510 ad-

595 1556 708 1612 dita
736 1556 806 1610 du
843 1554 1224 1625 praepositione
1261 1551 1466 1618 reddit;
1499 1551 1708 1607 duobus
1738 1549 1889 1606 verbi
1928 1545 2186 1618 tempori-

597 1651 698 1706 bus
724 1657 1010 1706 contentus
1038 1661 1216 1718 neque
1241 1646 1308 1700 ad
1347 1645 1680 1702 reddendum
1715 1646 1979 1709 futurum,
2013 1655 2185 1712 neque

592 1741 662 1797 ad
717 1740 990 1811 pmterita
1040 1737 1414 1808 distinguenda
1468 1751 1633 1792 novas
1690 1737 1889 1790 formas
1944 1733 2177 1798 inducit;

594 1842 839 1903 tempora
869 1846 977 1887 on
997 1836 1276 1900 computat
1295 1842 1590 1898 annorum,
1618 1826 1716 1883 sed
1740 1825 1973 1882 hiemum
1997 1823 2182 1895 spatiis

519 1981 530 1991 ,
596 1924 733 1997 (vid.
757 1924 825 1979 ad
855 1924 1049 1980 Matth.
1071 1937 1128 1978 ιι
1147 1961 1164 1988 ,
1185 1921 1278 1989 20,
1301 1931 1358 1977 et
1383 1919 1518 1976 Luc.
1544 1935 1612 1987 ιι,
1636 1920 1771 1991 42),
1819 1935 1926 1973 non
1977 1917 2185 1974 uovilu-

596 2018 726 2084 niis,
752 2016 848 2072 sed
880 2015 1190 2086 pleniluniis
1233 2014 1368 2085 (vid.
1392 2015 1460 2070 ad
1498 2013 1706 2070 Coloss.
1730 2028 1796 2079 ιι,
1827 2011 1934 2083 16),
1967 2021 2021 2068 et
2065 2011 2183 2083 quis

593 2125 912 2166 enumerare
950 2118 1158 2180 potest,
1183 2108 1396 2179 quoties
1436 2107 1601 2164 verba
1635 2106 1972 2176 transpouit,
2004 2119 2182 2175 neque

594 2206 937 2276 negationem
966 2203 1178 2274 quidem
1203 2202 1406 2269 solum,
1437 2202 1504 2257 de
1531 2217 1634 2272 qua
1658 2216 1717 2258 re
1740 2215 1901 2272 supra
1926 2201 2182 2267 diximus,

593 2297 692 2354 sed
725 2297 885 2352 etiam
927 2296 1030 2350 alia
1080 2294 1226 2367 (vide
1252 2311 1284 2349 e
1313 2293 1568 2349 Matthmo
1597 2294 1714 2348 solo
1752 2309 1855 2363 vn,
1885 2291 1957 2346 24
1987 2291 2186 2346 vaurda

594 2389 794 2453 meina,
819 2401 904 2458 gr.
927 2393 1027 2458 μοῦ
1048 2388 1166 2447 τοὺς
1193 2386 1394 2459 λόγους.
1425 2384 1496 2439 24
1518 2385 1809 2457 jainamma
1839 2401 1999 2438 razna
2018 2413 2088 2424 —
2114 2387 2186 2440 οἱ·

592 2485 678 2558 κίᾳ
719 2483 895 2554 ἐκείνῃ,
923 2480 1002 2535 sic
1034 2495 1157 2546 vut,
1191 2481 1291 2545 i5;
1325 2495 1405 2544 ιι,
1433 2479 1532 2544 26,
1563 2494 1685 2546 vui,
1709 2479 1743 2534 5
1778 2477 1906 2548 pata
1948 2477 2186 2550 prust/ill

590 2577 636 2630 is
656 2603 726 2614 —
745 2576 899 2631 αὺτοῦ
928 2576 959 2633 ἡ
984 2573 1168 2650 λέπρα.
1197 2571 1230 2626 8
1257 2577 1320 2643 uf
1342 2575 1459 2626 hrot
1488 2573 1621 2626 main
1647 2602 1710 2612 —
1736 2580 1834 2645 μοῦ
1855 2572 1958 2630 ὑπό
1979 2573 2182 2646 στέγην.

593 2683 675 2730 Ix,
718 2666 751 2721 6
781 2665 927 2737 [rana
970 2665 1067 2738 ligr
1095 2664 1332 2736 [)einamt
1360 2691 1428 2705 —-
1451 2671 1550 2720 σοῦ
1575 2671 1666 2725 τὴν
1707 2666 1891 2724 κλίνην.
1935 2665 2002 2719 27
2041 2666 2186 2718 iesua

587 2758 806 2832 jainpro
830 2787 898 2798 —
921 2758 1101 2812 ἐκεῖθεν
1148 2765 1221 2828 τῷ
1263 2757 1449 2817 Ἰησοῦ.
1478 2773 1562 2824 x1,
1596 2757 1662 2814 10
1701 2774 1761 2812 sa
1785 2759 1850 2810 ist
1881 2756 1981 2811 auk
2001 2786 2071 2796 —-
2096 2753 2186 2810 οὗ·

590 2871 678 2911 τος
701 2853 802 2923 γὰρ
830 2852 963 2906 ἐστι.
995 2865 1170 2917 xxv",
1201 2848 1271 2903 45
1317 2849 1462 2904 ttath
1494 2850 1618 2922 riqis
1643 2879 1711 2893 -
1739 2848 1925 2912 σκότος
1963 2851 2179 2924 ἐγένετο.

589 2942 659 2998 46
706 2943 852 2997 weila
894 2943 1222 2997 niundon—
1248 2944 1455 3002 ἐννὰτην
1491 2947 1666 3019 ὥρανε
1717 2943 1933 3012 quoties
1981 2942 2186 2997 nullam

587 3037 960 3090 auctoritatem
989 3046 1203 3091 secutus
1224 3035 1390 3092 verba
1415 3037 1658 3106 quaedam
1686 3037 1869 3103 addit,
1894 3037 1969 3090 uti
1995 3033 2184 3089 Matth.

585 3142 641 3199 v,
669 3131 735 3184 l1
779 3133 860 3195 ik;
891 3130 958 3186 19
1002 3129 1297 3199 salt,quod
1341 3130 1634 3201 respondet
1679 3143 1984 3201 praegresso
2035 3128 2181 3193 soci;

589 3235 713 3288 Vill,
741 3221 813 3275 26
833 3223 967 3276 ieeur
989 3222 1154 3292 (quod
1179 3223 1340 3276 etiam
1367 3222 1490 3293 Syr.
1518 3231 1574 3278 et
1605 3219 1759 3292 Vulg.
1789 3222 2062 3277 versiones
2083 3219 2178 3276 ad-

598 3313 802 3383 dunt);
853 3330 940 3383 rx,
975 3314 1039 3370 17
1082 3313 1241 3386 ὺὶῥώ
1281 3315 1427 3387 pan;
1479 3331 1542 3384 x,
1602 3313 1672 3370 28
1719 3314 1986 3386 ῥαιαὶηεὶ,
2043 3315 2186 3386 quod

593 3417 792 3480 praeter
820 3407 1208 3464 Tertullianum
1239 3409 1454 3465 advers.
1481 3408 1674 3465 Gnost.
1704 3424 1824 3480 pag.
1855 3408 1959 3464 829
1991 3411 2182 3480 (nostr.

591 3500 792 3558 Patrol.
826 3511 961 3562 tom.
985 3501 1060 3569 ll,
1092 3503 1197 3558 col.
1223 3504 1369 3573 159),
1403 3503 1496 3559 sed
1531 3503 1640 3560 alio
1672 3504 1790 3559 loco
1817 3505 2045 3573 positum
2080 3504 2187 3577 (qui

591 3597 764 3653 solum
786 3614 978 3670 corpus
1005 3597 1284 3669 occidant),
1315 3598 1496 3654 nullus
1521 3597 1657 3655 liber
1681 3597 1870 3664 habet;
1894 3615 1973 3668 ιι,
2002 3597 2073 3654 23
2093 3599 2186 3666 eis;

591 3706 766 3757 xxvu,
800 3691 868 3748 15
897 3692 1196 3762 warjanoh;
1223 3693 1434 3762 quoties
1477 3693 1581 3748 alia
1621 3693 1820 3748 omittit
1841 3734 1858 3760 ,
1889 3695 1966 3748 uti
1996 3692 2184 3748 eodem

592 3785 870 3856 evangelio
896 3797 1022 3855 xxv,
1054 3783 1123 3840 45
1152 3786 1316 3857 rium;
1348 3801 1530 3852 xxvu,
1562 3786 1626 3843 16
1667 3789 1949 3862 λεγόμενονς
1975 3787 2185 3860 quoties

593 3890 774 3932 rerum
795 3892 861 3933 ac
888 3879 1166 3934 notionutn
1206 3879 1649 3950 amplificationes
1691 3881 1941 3946 admittit,
1973 3881 2040 3937 de
2081 3895 2185 3951 qua

593 3984 656 4026 re
681 3971 811 4028 vide
841 3973 911 4028 ad
951 3972 1137 4030 Matth.
1163 3988 1240 4040 Ix,
1270 3976 1304 4032 8
1331 3985 1388 4030 et
1415 3975 1506 4032 25.
1539 3975 1615 4031 cf.
1640 3977 1709 4031 ad
1737 3977 1862 4034 Cor.
1897 3976 1939 4046 Ι,
1973 3992 2050 4042 ts,
2080 3975 2180 4043 ‘25;

592 4067 802 4137 quoties
833 4069 998 4126 verba
1039 4081 1244 4140 graeca,
1285 4073 1479 4142 saepius
1522 4072 1725 4142 posita,
1760 4072 1919 4126 variis
1957 4070 2185 4140 gOthicis

591 4159 800 4231 reddit,
832 4160 908 4217 uti
939 4160 1127 4218 Matth.
1158 4179 1213 4232 γ,
1242 4161 1336 4229 25,
1361 4163 1429 4219 24
1457 4165 1590 4234 aibr,
1623 4164 1740 4235 giba
1770 4161 1974 4240 (δῶρον)
2005 4179 2088 4228 vt,
2116 4159 2178 4229 2,

591 4251 628 4308 5
654 4247 980 4321 auditarum,
1012 4256 1217 4310 heband
1267 4256 1594 4329 (ἀπέχουσι)
1629 4258 1692 4323 1,
1723 4255 1758 4308 2
1787 4258 1940 4323 taun,
1975 4255 2182 4310 ntizdon

592 4345 814 4417 (μισθόν)
856 4348 945 4416 19,
986 4348 1056 4404 21)
1096 4348 1329 4420 hlifand,
1362 4350 1553 4402 stiland
1598 4347 1938 4420 (κλέπτουσι)
1969 4348 2058 4415 27,
2107 4349 2178 4403 28

590 4454 880 4509 maurnan,
909 4457 1134 4514 saurgan
1161 4443 1454 4515 (μεριμνᾷν)
1484 4458 1588 4508 vn,
1615 4443 1681 4498 15
1708 4446 2030 4514 inngaggan,
2063 4445 2181 4496 inn-

596 4531 845 4604 galeipan
886 4534 1268 4610 (εἰσέρχεσθαι)
1311 4535 1400 4600 17,
1435 4537 1501 4591 18
1530 4538 1690 4608 gods,
1725 4535 1978 4609 [)iuﬁeigs
2021 4538 2175 4610 (ἁγα-

587 4622 695 4692 θός)
722 4621 821 4691 24,
853 4624 922 4679 26
957 4625 1088 4694 vair,
1121 4641 1313 4679 manna
1351 4626 1546 4704 (ἁνήρ)
1576 4643 1658 4692 rx,
1691 4629 1756 4682 17
1798 4631 2026 4700 niujata,
2051 4632 2176 4702 jug-

588 4727 709 4787 gata
750 4715 910 4788 (νέον)
940 4718 1040 4784 52,
1072 4720 1141 4773 55
1185 4719 1377 4784 ba‘uds,
1402 4720 1596 4791 ⁸ιίιιηιὺδ
1642 4720 1856 4794 (κωφός)
1896 4737 2052 4788 xxvi,
2085 4723 2169 4787 70,

590 4807 658 4861 72
680 4807 944 4878 languida,
977 4811 1169 4882 afaiailc
1199 4809 1534 4887 (spissam);
1562 4811 1632 4870 cf.
1665 4814 1894 4868 Maresh.
1922 4829 2040 4885 pag.
2071 4814 2176 4870 472

584 4913 668 4970 sq.
695 4901 912 4955 Massm.
938 4902 1002 4956 Β.
1024 4904 1094 4957 Δ.
1121 4903 1259 4959 1854
1285 4919 1403 4975 pag.
1430 4904 1568 4971 962;
1597 4921 1666 4962 ex
1691 4907 1882 4977 quibus
1902 4907 2171 4975 omnibus,

585 5005 686 5047 nec
724 4991 900 5047 solum
931 4993 986 5048 in
1031 4994 1282 5050 Matthaeo
1319 4997 1582 5064 inventis,
1628 5011 1812 5054 verum
1855 4999 1906 5054 in
1950 4999 2175 5070 reliquis

573 5086 746 5145 etiam
775 5085 1067 5159 evangeliis
1105 5098 1157 5142 et
1199 5089 1252 5144 in
1279 5088 1543 5158 epistolis,
1576 5089 1788 5146 Ultilam
1836 5106 1943 5145 non
1995 5091 2175 5161 inepte

585 5179 918 5247 graecissare,
948 5179 1045 5236 sed
1075 5180 1340 5235 sermonis
1375 5180 1573 5250 gothici
1603 5190 1657 5236 et
1694 5197 1907 5237 morum
1935 5180 2170 5239 indolem

583 5274 814 5330 ﬁdeliter
838 5290 1057 5331 servare
1084 5283 1328 5345 apparet.
1356 5275 1540 5346 Neque
1579 5275 1634 5331 in
1664 5277 1830 5333 altera
1858 5277 1951 5332 illa
1982 5293 2172 5334 recen-

582 5365 754 5432 sione,
789 5382 948 5435 quam
976 5369 1268 5438 posteriore
1299 5375 1539 5438 tempore
1562 5368 1753 5424 factam
1781 5379 1836 5424 et
1858 5369 2002 5440 stylo
2030 5385 2168 5440 grte-

581 5456 662 5511 cis
702 5457 1003 5513 accuratius
1047 5457 1407 5529 respondente
1453 5459 1778 5516 elaboratam
1820 5474 1945 5516 esse
1993 5476 2158 5530 supra

583 5549 841 5621 diximus,
873 5552 1226 5622 proprietates
1249 5553 1442 5621 linguae
1468 5551 1695 5622 gotbicae
1718 5554 1788 5608 ita
1819 5553 2160 5621 interierunt,

577 5647 638 5696 ut
665 5655 761 5711 pro
794 5655 967 5714 grzeca
1005 5643 1182 5699 verbis
1223 5644 1451 5714 gothicis
1487 5645 1675 5700 vestita
1725 5645 1911 5701 haberi
1969 5645 2162 5716 possit.

651 5795 668 5825 ί
698 5791 1254 5871 VidLGrimmiumde
1284 5797 1463 5871 liuere
1492 5797 1667 5871 docte,
1693 5800 1768 5854 uti
1791 5800 1947 5866 solet,
1973 5799 2156 5871 dispu-

575 5870 776 5924 tantem
804 5864 1034 5922 Gramm.
1060 5867 1210 5939 prmi.
1236 5864 1710 5939 p.XLVleditionis
1743 5864 1958 5942 prioris.

1571 330 1592 345 ‘
1698 315 2066 376 BlBLlORUM
2104 313 2449 372 ULFILANA
2487 313 2757 372 VERSIO.
3683 329 3752 388 is,

2287 429 2425 499 Quae
2461 430 2552 502 qui
2579 430 2954 498 considerant,
2984 431 3226 502 Ultilam,
3251 443 3488 506 quantum
3511 453 3592 509 pro
3615 440 3754 500 intelli-

2286 521 2460 592 gentia
2489 521 2603 578 tieri
2633 530 2872 593 poterat,
2897 538 3191 594 graecorum
3213 527 3426 598 vestigia
3450 529 3658 600 religiose
3680 551 3756 605 ρετ.
3825 557 3831 566 ι

2289 621 2567 679 secutum,
2597 615 2692 670 ubi
2735 623 2911 670 autem
2943 615 3136 688 lingua:
3172 617 3374 676 indoles
3414 621 3485 677 sic
3513 627 3756 694 postularet,

2286 707 2503 764 illorum
2527 710 2848 766 auctoritate
2889 719 3193 782 contempta
3232 727 3436 770 sensum
3476 725 3624 774 tamen
3646 721 3760 791 probe

2286 810 2446 874 atque
2471 812 2618 859 recte
2644 803 2944 860 reddidisse
2970 806 3224 862 sentient.
3834 827 3835 884 j

2357 896 2496 952 Sunt
2521 896 2734 967 quidem
2760 896 2909 966 loca,
2938 897 3028 953 ubi
3056 897 3230 954 minus
3261 909 3494 958 accurate
3516 903 3761 960 convertisse
3834 915 3835 954 1

2286 986 2526 1054 videtur;
2558 987 2611 1043 id
2633 999 2814 1044 autem
2844 989 3096 1046 omnibus
3136 991 3248 1048 fere
3279 991 3560 1062 linguarum
3599 996 3762 1064 peregri-

2286 1094 2473 1137 narum
2519 1079 2905 1152 interpretibus
2949 1084 3176 1153 accidit,
3219 1094 3278 1141 ut
3317 1094 3405 1141 aut
3449 1102 3476 1140 a
3521 1086 3763 1158 singulorum

2286 1173 2573 1230 verborum
2616 1174 2853 1231 auctoris
2889 1176 3187 1247 signiﬁcatu
3235 1177 3558 1250 oberrarent,
3591 1187 3663 1234 aut
3691 1180 3762 1249 ejus
3834 1175 3835 1254 ξ

2285 1267 2604 1322 sententiam
2646 1284 2754 1324 non
2797 1280 3231 1340 assequerentur,
3264 1282 3356 1327 aut
3391 1288 3579 1328 morum
3612 1273 3762 1328 aliarum

2283 1360 2522 1430 gentium
2550 1361 3022 1432 institutorumque
3049 1364 3290 1420 notitiam
3324 1381 3425 1420 non
3462 1364 3578 1420 satis
3602 1374 3761 1434 paratam

2285 1453 2568 1510 baberent.
2598 1454 2780 1525 Neque
2808 1454 3051 1519 Ultilam,
3086 1456 3278 1526 linguae
3306 1473 3490 1529 grmca:
3524 1457 3692 1527 egregie
3711 1472 3764 1527 pe-
3834 1453 3835 1522 1

2285 1549 2448 1605 ritum
2473 1559 2530 1605 et
2553 1548 2822 1621 praecipua
2859 1560 2972 1606 arte
3011 1565 3146 1621 opus
3185 1565 3339 1606 suum
3371 1551 3763 1617 facientem,abca

2284 1643 2441 1713 culpa
2470 1641 2700 1699 liberare
2749 1643 2905 1698 uobis
2946 1643 3155 1698 animus
3183 1651 3300 1709 est,
3321 1645 3410 1716 qui
3437 1645 3694 1701 sacerdotes
3709 1643 3763 1698 lu-

2286 1737 2525 1794 dmorum
2555 1735 2614 1792 in
2639 1737 2841 1793 classes
2864 1737 3165 1808 descriptos
3201 1753 3399 1808 easque
3427 1738 3633 1808 singulas
3653 1738 3765 1807 singu-

2287 1829 2354 1884 lis
2382 1829 2804 1885 hebdomadibus
2827 1845 3050 1885 munere
3077 1845 3232 1885 sacro
3263 1828 3469 1885 iunctas
3495 1829 3635 1884 fuisse
3655 1828 3763 1883 uesci-

2283 1931 2365 1977 ret
2384 1965 2400 1987 ,
2435 1938 2556 1978 nam
2588 1924 2835 1998 ἐφημερίσι
2861 1921 2992 1978 Luc.
3019 1939 3064 1989 ι,
3089 1921 3123 1977 5
3151 1932 3205 1978 et
3233 1923 3268 1979 8
3298 1937 3397 1978 nec
3437 1937 3524 1992 per
3556 1922 3650 1992 afer
3679 1922 3765 1992 (post

2281 2016 2321 2072 i.
2345 2032 2398 2071 e.
2429 2017 2656 2086 posteri,
2689 2017 3034 2086 posteritas),
3067 2031 3166 2072 nec
3193 2032 3290 2087 per
3319 2015 3436 2071 kuni
3460 2015 3644 2086 (genus,
3666 2027 3762 2084 gens,

2284 2107 2506 2179 familia)
2536 2107 2958 2164 convertendum
2987 2117 3133 2175 erat,
3177 2123 3353 2180 neque
3382 2108 3654 2172 laudamus,
3677 2103 3762 2173 quod

2283 2198 2472 2255 Matth.
2496 2215 2549 2263 v,
2577 2199 2647 2254 26
2676 2199 2918 2253 minuista
2960 2198 3259 2271 (minimus)
3294 2214 3390 2270 pro
3429 2198 3630 2272 ἔσχατος
3663 2196 3762 2265 (αρι-

2285 2292 2493 2364 mista),
2526 2293 2689 2349 Marc.
2717 2309 2766 2362 ι,
2797 2294 2832 2350 4
2872 2295 3120 2366 aﬂageim
3167 2293 3490 2366 (depositio)
3538 2309 3619 2365 pro
3655 2291 3763 2362 inet:

2287 2386 2520 2458 ({ratet),
2557 2385 2689 2442 Luc.
2713 2403 2800 2455 vr,
2839 2385 2910 2442 44
2952 2387 3140 2442 trudan
3189 2387 3462 2460 (calcare)
3498 2402 3585 2458 pro
3618 2389 3761 2462 τρυγὼν

2285 2481 2408 2537 Cor.
2441 2479 2512 2547 ll,
2550 2495 2629 2546 xt,
2673 2479 2744 2535 20
2781 2482 2838 2534 in
2882 2479 3117 2534 arbaidai
3166 2481 3381 2553 briggan
3422 2495 3514 2550 pro
3554 2477 3762 2554 ἐπαίρεσθαι

2287 2572 2496 2642 posuit,
2521 2570 2592 2628 cf.
2618 2570 2819 2627 Castill.
2844 2570 2914 2626 ad
2960 2570 3170 2628 Coloss.
3216 2588 3285 2640 ιι,
3311 2573 3415 2638 25;
3457 2571 3534 2627 his
3562 2569 3667 2625 locis
3695 2582 3764 2620 ter-

2285 2667 2477 2724 borum
2535 2666 2867 2737 singulorum
2930 2666 3374 2736 signiﬁcationem
3443 2663 3690 2720 accuratius
3719 2661 3764 2712 in-

2286 2760 2560 2831 vestigare
2601 2760 2872 2830 neglexit,
2898 2759 3042 2830 quod
3083 2760 3248 2816 etiam
3293 2761 3344 2815 in
3384 2758 3638 2816 reddendis
3669 2754 3765 2824 parti-

2287 2853 2422 2909 culis
2451 2852 2768 2924 quibusdam
2797 2854 2847 2909 ei
2875 2854 3098 2922 accidit,
3124 2854 3239 2909 vid.
3264 2855 3333 2909 ad
3361 2854 3478 2910 Cor.
3500 2853 3550 2920 1,
3570 2850 3692 2918 ιι,5;
3711 2861 3762 2908 ﬁl.

2289 2948 2353 3004 17
2375 2964 2390 3014 ;
2415 2945 2480 3010 ll,
2503 2962 2580 3016 xl,
2603 2946 2690 3002 16.
2721 2945 2835 3002 Huc
2862 2963 2925 3003 ea
2954 2947 3228 3017 pertinent
3251 2949 3388 3016 loca,
3415 2948 3498 3003 ubi
3522 2941 3764 3002 inteiioilin-

2289 3055 2408 3111 gum
2434 3055 2626 3110 graecae
2655 3041 2886 3112 cognitio
2915 3041 2968 3097 ei
2995 3042 3195 3111 defuit,
3233 3043 3313 3099 sic
3341 3043 3491 3100 Joan.
3521 3038 3693 3107 “11,95
3717 3041 3766 3091 ro

2291 3135 2464 3208 ἀρχὴν
2492 3133 2631 3188 male
2673 3133 2966 3201 convertit,
2999 3134 3140 3204 quod
3185 3136 3376 3191 vitium
3405 3131 3553 3191 etiam
3580 3133 3636 3188 ab
3668 3130 3767 3184 inter-

2290 3227 2529 3298 pretibus
2577 3226 2940 3298 compluribus
2988 3226 3166 3284 latinis
3223 3228 3560 3284 commissum
3600 3229 3688 3288 est;
3718 3225 3769 3271 aut

2285 3322 2573 3375 verborum
2598 3315 2845 3376 ordinem
2871 3320 3164 3376 secundum
3196 3315 3351 3393 leges
3377 3331 3648 3379 communes
3682 3321 3769 3368 recte
3834 3315 3835 3393 ξ

2286 3413 2536 3483 quidem,
2563 3414 2658 3471 sed
2694 3429 2812 3470 cum
2857 3430 3047 3472 sensus
3094 3415 3423 3474 detrimento
3469 3404 3766 3476 mutavit,vid.
3834 3415 3835 3483 ι

2286 3507 2354 3562 ad
2384 3507 2540 3563 Joan.
2574 3524 2680 3575 xiv,
2715 3509 2813 3576 tt;
2857 3517 2949 3565 aut
2993 3509 3152 3566 verba
3182 3525 3362 3581 graeca
3406 3510 3632 3582 explicato
3654 3498 3770 3557 facilia

2287 3599 2510 3656 liberius
2533 3617 2691 3672 quam
2736 3601 2804 3657 ad
2826 3615 3040 3665 sensum
3068 3601 3405 3660 reddendum
3427 3593 3772 3660 accommodatius

2286 3697 2583 3761 convertit,
2631 3695 2808 3767 qualia
2850 3695 2968 3752 loca
3013 3697 3300 3754 suntCor.
3327 3697 3380 3766 l,
3411 3684 3769 3764 ιιι,15,ιὶά.ιά

2289 3786 2343 3841 lt.
2379 3788 2446 3854 Ι.;
2491 3787 2650 3844 Rom.
2682 3804 2772 3855 x1,
2819 3789 2888 3844 24
2934 3789 3024 3846 ubi
3070 3793 3206 3848 κατὰ
3256 3794 3405 3866 φύσιν
3444 3801 3494 3847 et
3535 3789 3652 3865 παρὰ
3683 3785 3772 3858 γόσυ

2287 3879 2534 3949 Opposita
2574 3895 2678 3935 non
2710 3880 2884 3937 solum
2915 3897 3023 3937 non
3056 3881 3331 3952 reddidit,
3359 3884 3450 3940 sed
3479 3881 3643 3953 prioris
3667 3885 3770 3930 enun‘

2289 3972 2404 4026 tiati
2433 3987 2648 4028 sensum
2680 3977 2970 4044 pervertit,
3005 3990 3124 4030 nam
3157 3992 3260 4047 pro
3291 3995 3354 4033 us
3396 3977 3534 4032 uictui
3557 3974 3634 4046 [Iit
3654 3964 3772 4037 ΝΜ

2286 4066 2650 4137 alwabagmis,
2683 4081 2716 4123 e
2741 4079 2928 4124 natura
2973 4069 3130 4141 hujus
3169 4073 3404 4140 agrestis
3429 4073 3570 4136 olere,
3595 4069 3630 4122 si
3651 4059 3772 4134 graecis
3834 4065 3835 4140 ξ

2285 4158 2338 4212 ἐκ
2364 4165 2454 4220 τῆς
2477 4163 2611 4216 κατὰ
2639 4162 2789 4233 φύσιν
2817 4163 3106 4237 ἀγριελαίου
3137 4164 3468 4232 respondere
3487 4161 3724 4219 debebant.
3742 4166 3774 4203 ⁸⁸

2283 4247 2504 4320 ﬂamma
2545 4251 2654 4322 (bi)
2699 4252 2939 4307 vistai—
2966 4255 3304 4328 alembagma
3346 4254 3654 4312 scribendum
3689 4252 3770 4302 erat.

2286 4339 2386 4396 Ubi
2436 4352 2656 4412 propter
2695 4343 2964 4398 defectum
3015 4345 3347 4416 formarum,
3391 4347 3572 4419 quibus
3613 4348 3772 4407 tempera

2283 4433 2436 4488 verbi
2459 4435 2736 4504 signantur
2759 4450 2931 4507 graeca
2959 4439 3262 4493 accuratius
3287 4440 3511 4496 reddere
3535 4449 3624 4492 non
3644 4426 3768 4502 potuit,

2283 4527 2425 4583 nulla
2455 4526 2669 4598 quidem
2693 4528 2882 4600 dignus
2904 4540 2988 4584 est
3013 4530 3426 4603 vituperatione,
3456 4530 3546 4589 sed
3568 4540 3613 4585 et
3632 4525 3721 4580 Cor.
3738 4515 3768 4580 l.

2281 4635 2408 4687 XVI,
2436 4620 2470 4675 5
2497 4618 2804 4693 δοκιμάσητε
2835 4627 3104 4692 prmterito
3133 4626 3382 4699 galina];
3412 4641 3508 4698 pro
3538 4612 3725 4695 gukt'esilt
3743 4619 3772 4662 εί

2277 4712 2432 4769 Joan.
2469 4728 2526 4781 v,
2556 4715 2628 4769 45
2669 4715 2754 4769 ubi
2805 4716 3139 4786 participium
3191 4725 3488 4795 κατηγορῶν
3529 4699 3772 4795 ριιουωεεΐξ·

2277 4806 2460 4876 ptione
2483 4806 2704 4862 relativa
2729 4807 2983 4876 reddidit,
3005 4820 3272 4877 praesente
3293 4792 3507 4883 vroheip
3534 4821 3616 4878 pro
3632 4792 3772 4857 trahi“

2279 4899 2476 4954 rectius
2521 4899 2597 4954 uti
2642 4910 2872 4970 poterat.
2917 4902 3191 4973 Quotquot
3233 4913 3415 4960 autem
3456 4901 3563 4958 loca
3598 4898 3665 4954 bis
3697 4884 3772 4945 addi

2276 5001 2536 5061 possunt,
2569 4993 2763 5062 quibus
2795 4993 2982 5049 Ultilas
3010 4995 3207 5066 aliquid
3236 4997 3454 5052 humani
3483 5006 3558 5051 est
3582 4982 3769 5063 passu“:

2280 5093 2457 5142 tamen
2487 5101 2584 5157 pro
2625 5095 2773 5142 tanto
2804 5104 2968 5157 opere
2999 5104 3186 5146 eorum
3217 5106 3472 5147 numerus
3501 5097 3596 5145 tam
3621 5083 3774 5149 exiguas

2245 5177 2331 5236 ὀι
2358 5189 2576 5251 peccata
2606 5191 2712 5236 tam
2752 5181 2897 5237 levia
2925 5192 3084 5250 sunt,
3112 5191 3172 5238 ut
3197 5184 3314 5254 ejus
3355 5177 3685 5254 interpretatio
3713 5177 3775 5236 Ρτο

2275 5274 2478 5342 Optima
2508 5273 2750 5329 habenda
2781 5275 2878 5342 sit;
2904 5274 2995 5331 illa
3022 5287 3198 5331 autem
3227 5279 3341 5333 loca
3376 5276 3591 5332 maxime
3611 5257 3771 5324 1ηΜοῦ

2273 5377 2488 5419 causam
2543 5364 2918 5434 indicavimus,
2969 5382 3036 5421 ne
3091 5367 3210 5438 quis
3259 5366 3488 5422 Gothum
3529 5363 3596 5419 ibi
3629 5355 3770 5413 Variam

2272 5471 2566 5528 graecorum
2597 5458 2887 5514 lectionem
2913 5469 3153 5516 secutum
3180 5461 3488 5518 arbitretur.

2341 5549 2606 5607 Caeterum
2637 5552 2832 5620 sacpius
2865 5555 3062 5609 factum
3089 5562 3194 5619 est,
3220 5565 3280 5610 ut
3331 5555 3598 5624 scriptura
3636 5537 3769 5600 simili

2272 5641 2457 5698 tudine
2505 5644 2626 5698 sive
2656 5644 2988 5715 singularum
3033 5646 3357 5712 litterarum,
3411 5645 3522 5701 sive
3559 5634 3772 5697 verborum

2341 5804 2362 5833 '
2407 5801 2523 5858 Vid.
2554 5803 2626 5876 ad
2655 5803 2816 5860 Marc.
2847 5822 2941 5873 xu,
2984 5805 3074 5874 15,
3099 5802 3236 5862 Luc.
3277 5819 3390 5876 xu,
3422 5801 3524 5868 16;
3564 5811 3674 5864 xvu,
3703 5783 3772 5851 εἰς

2270 5872 2516 5932 Thessal.
2549 5874 2592 5943 l,
2621 5893 2674 5944 v,
2697 5875 2788 5932 25.
