3898 6442
173 263 288 320 485

172 379 516 452 compendiis
529 381 584 439 in
603 394 702 440 suo
720 384 907 443 codice
924 387 1178 461 deceptus
1195 392 1354 449 aliter
1372 403 1538 466 atque
1547 413 1689 455 nunc
1709 400 1762 456 in

169 476 484 546 graecisest,
498 481 844 536 converterit.
869 481 1022 538 Nunc
1037 500 1145 540 non
1167 485 1237 540 de
1257 487 1389 545 locis
1409 489 1570 546 Marc.
1587 509 1682 560 vu,
1697 494 1764 562 '5;

168 567 306 624 Cor.
340 569 402 636 ll,
427 586 486 638 .v,
515 573 612 637 10;
665 571 897 644 Philipp.
921 591 997 642 tv,
1029 578 1061 633 8
1116 578 1354 647 dicetur,
1386 599 1510 638 nam
1558 585 1630 640 ibi
1670 602 1767 657 pro

168 671 379 737 πυγμῇ,
426 661 508 719 διά
559 673 614 718 et
667 665 798 738 ἁγνά
829 667 989 724 etiam
1047 671 1364 743 interpretes
1396 675 1546 730 latini
1573 679 1767 748 aliique

169 757 470 825 scriptores
497 760 668 815 πυκνά
689 760 796 830 (vel
827 762 1002 818 simile
1039 765 1214 837 quid),
1263 765 1368 824 ἴδια
1393 780 1448 824 et
1471 769 1598 844 ἅγια
1624 774 1769 843 lege-

171 858 331 914 runt,
357 844 430 900 ita
461 857 518 900 ut
546 847 600 902 in
623 849 829 920 aliquot
873 853 1022 909 libris
1043 858 1308 925 ejusmodi
1337 861 1568 916 varietas
1599 865 1766 919 exsti-

172 935 312 991 tisse
360 937 635 1006 videatur;
668 957 841 1012 neque
884 947 1127 1002 eamdem
1160 950 1230 1004 ob
1275 953 1649 1009 causamCor.
1700 955 1764 1023 ll,

167 1041 211 1095 ι,
239 1027 317 1082 24
349 1029 452 1085 huc
480 1030 796 1088 trahendum
826 1046 928 1103 est,
956 1053 1080 1092 nam
1101 1055 1200 1109 pro
1226 1049 1401 1121 χαρᾶς
1430 1060 1534 1100 non
1559 1045 1766 1102 Gothus

166 1121 353 1178 solum
399 1126 619 1204 χάριτος
673 1127 824 1198 legit,
857 1144 1040 1184 verum
1097 1131 1260 1188 etiam
1309 1135 1466 1190 codd.
1501 1139 1590 1207 57,
1621 1139 1680 1193 ’11
1714 1147 1770 1194 et

168 1214 361 1268 versio
407 1217 746 1286 Armenica;
795 1234 916 1276 cum
970 1221 1153 1292 priore
1206 1233 1388 1281 autem
1438 1227 1531 1283 illo
1582 1227 1770 1286 codice

172 1303 390 1361 Gothus
437 1309 738 1378 saepissime
790 1314 1084 1382 conspirat.
1136 1314 1377 1372 Citamus
1425 1321 1606 1390 potius
1651 1321 1769 1379 loca

177 1395 348 1452 Marc.
378 1413 456 1464 ιιι,
488 1403 572 1469 18,
605 1402 698 1458 ubi
726 1418 822 1472 pro
850 1406 1032 1482 ῥήσσει
1060 1407 1191 1478 legit
1213 1409 1386 1484 ῥίπτει
1435 1423 1492 1468 et
1520 1412 1764 1470 Thessal.

178 1488 222 1553 ι,
253 1505 306 1554 v,
341 1492 431 1558 M,
479 1493 570 1548 ubi
611 1497 857 1567 ἀνέχεσθε
910 1514 1008 1568 pro
1057 1502 1387 1573 ἀντίχισθε;
1447 1520 1767 1577 quamquam

169 1593 298 1637 sunt
352 1583 537 1652 etiam,
583 1590 670 1656 qui
717 1590 801 1643 his
834 1591 964 1646 locis
1008 1607 1128 1648 cum
1163 1595 1324 1650 Gothi
1372 1597 1602 1655 lectione
1639 1616 1769 1656 con-

165 1676 436 1744 sentiant,
492 1691 546 1734 et
594 1680 689 1736 illo
731 1683 945 1752 quidem
1007 1687 1072 1741 12
1109 1702 1195 1758 ap.
1255 1689 1381 1757 ML,
1427 1691 1530 1748 hoc
1581 1694 1650 1749 74
1677 1712 1766 1767 ap.

166 1765 422 1838 Gi'iesl).,
471 1773 565 1827 sed
596 1788 718 1828 cum
747 1776 813 1830 iis
838 1777 988 1834 libris
1016 1793 1313 1837 consensus
1336 1791 1428 1838 aut
1456 1785 1656 1856 nullus,
1676 1797 1770 1847 aut

160 1870 280 1918 tam
315 1879 473 1919 rarus
497 1876 602 1933 est,
651 1875 711 1922 ut
741 1868 828 1925 hic
875 1885 1004 1926 casu
1042 1873 1275 1943 quodam
1306 1887 1360 1931 et
1394 1875 1614 1935 fortuito
1639 1895 1770 1936 con-

157 1960 358 2014 cinere
382 1969 438 2015 et
473 1959 706 2017 librariis
736 1962 900 2033 idem,
925 1966 1064 2036 quod
1095 1965 1272 2025 Gotho
1305 1971 1570 2029 accidisse
1588 1974 1769 2031 videa-

159 2062 288 2120 tur;
318 2054 573 2126 idemque
597 2057 663 2113 de
683 2057 816 2115 Luc.
849 2075 887 2128 ι,
915 2061 984 2116 10
1009 2064 1314 2134 statuimus,
1350 2067 1441 2123 ubi
1461 2077 1517 2124 et
1537 2085 1567 2125 a
1592 2067 1768 2126 Gotho

157 2153 218 2201 et
255 2161 288 2200 a
337 2145 576 2204 librariis
633 2150 837 2208 codicis
888 2154 987 2210 151
1041 2166 1094 2212 et
1143 2159 1490 2228 evangeliarii
1532 2162 1604 2219 41
1669 2177 1769 2234 pro

155 2240 590 2316 προσευχόμενον
619 2241 754 2298 falso
780 2245 1200 2321 προσδεχόμενον
1230 2251 1426 2308 lectum
1454 2265 1556 2311 est.
1608 2256 1766 2314 Falso

157 2345 291 2386 eum
324 2331 523 2402 legisse
550 2336 720 2390 multo
747 2337 946 2394 clarius
978 2352 1200 2412 apparet
1229 2343 1364 2401 Luc.
1410 2363 1505 2414 vn,
1542 2349 1639 2417 25,
1675 2349 1766 2406 ubi

155 2425 335 2494 graeci
386 2439 576 2483 omnes
616 2439 782 2506 τρυφῇ
826 2430 1051 2500 habent,
1086 2437 1200 2505 ipse
1250 2449 1428 2494 autem
1478 2444 1763 2511 convertit,

155 2520 318 2588 quasi
341 2529 506 2597 τροφῇ
536 2522 819 2593 (fodeinai,
869 2527 980 2581 vid.
1023 2528 1210 2586 Matth.
1244 2547 1316 2596 vt,
1359 2535 1452 2602 95,
1483 2535 1596 2603 26;
1628 2535 1758 2592 Luc.

156 2626 210 2680 v,
248 2612 351 2679 16,
388 2613 529 2684 Eph.
559 2631 614 2684 v,
642 2615 746 2685 29;
777 2617 952 2675 Skeir.
1007 2621 1100 2691 50,
1134 2624 1223 2695 14)
1277 2626 1541 2698 scriptum
1598 2645 1758 2700 repe-

157 2707 362 2775 risset;
394 2708 476 2764 sic
531 2708 689 2766 Joan.
724 2727 836 2780 xvi,
866 2715 900 2771 6
947 2729 1070 2771 cum
1108 2719 1401 2789 gadaubida
1431 2722 1761 2797 (obduravit)

156 2799 480 2870 scripserit,
540 2806 848 2878 πεπὼρωκιν
903 2823 1000 2878 pro
1054 2810 1380 2890 πεπλήρωκεν
1433 2810 1759 2889 (αεῙιιΙιὶάα)

158 2889 365 2959 legisse
413 2891 812 2952 existimandus
841 2907 952 2964 est;
1000 2908 1056 2956 et
1095 2889 1256 2958 iidem
1309 2903 1509 2962 habent
1555 2907 1758 2965 Mares-

158 2980 344 3036 hallus
404 2992 462 3038 et
505 2983 786 3042 Benaelius
818 3027 838 3056 ,
899 2991 992 3061 qui
1038 2990 1252 3048 Ullilam
1307 2994 1474 3052 Marc.
1537 3015 1601 3068 x,
1663 3000 1755 3070 32,

157 3081 428 3151 χρήματα
455 3092 550 3147 pro
591 3085 862 3155 κτήματα,
909 3095 966 3141 et
993 3085 1180 3143 Matth.
1213 3105 1381 3157 xxv",
1405 3092 1495 3160 52,
1524 3098 1760 3168 κειμένων

161 3182 271 3237 pro
298 3173 670 3244 κεκοιμημένων
699 3189 794 3244 per
815 3177 1052 3236 similem
1079 3196 1322 3238 errorem
1350 3184 1546 3254 legisse
1571 3191 1757 3258 existi:

171 3267 357 3325 mant,
395 3259 500 3315 vid.
540 3263 605 3318 ad
649 3264 744 3320 bh.
781 3266 887 3335 _ll.;
937 3285 1113 3341 neque
1139 3273 1322 3330 minus
1365 3275 1572 3334 idoneis
1600 3295 1760 3351 argu-

159 3349 370 3404 mentis
394 3350 460 3406 ad
489 3350 646 3410 Marc.
671 3372 726 3422 x,
750 3356 821 3412 24
842 3363 1278 3432 comprobavisse
1303 3368 1459 3424 nobis
1487 3371 1750 3446 videmur,

161 3437 401 3498 Gothum
450 3449 799 3514 πιποθηκὸτας
841 3451 1253 3524 interpretatum
1303 3475 1422 3517 esse
1449 3478 1549 3532 pro
1578 3487 1760 3523 πεποι-

162 3533 353 3601 θὸτας;
382 3536 460 3593 sic
509 3538 671 3596 Marc.
713 3558 804 3610 xv,
857 3543 928 3600 29
964 3550 1376 3619 praepositiones
1400 3559 1544 3631 παιρά
1572 3567 1628 3614 et
1653 3562 1757 3638 πρὸ

179 3621 236 3678 in
267 3631 648 3699 compositione
674 3650 798 3691 eum
836 3653 944 3694 non
973 3651 1119 3698 recte
1144 3643 1455 3704 distinxisse
1505 3651 1754 3726 vidimus,

171 3715 276 3771 nisi
318 3722 494 3790 potius
539 3724 791 3784 librarius
835 3730 911 3786 in‘
945 3733 1194 3792 codicem
1241 3741 1496 3797 mendum
1547 3745 1754 3816 intulit;

163 3821 341 3879 neque
367 3813 729 3884 improbabile
749 3821 959 3879 videtur
980 3825 1329 3898 interpretem
1355 3844 1594 3893 nostrum
1623 3813 1754 3896 Luc.

160 3917 294 3971 xix,
349 3907 385 3960 2
432 3910 764 3987 ὑποστρέψαι
822 3916 1166 3979 festinatione
1206 3926 1436 3995 quadam
1475 3930 1774 4003 abreptum-

153 4011 253 4066 pro
276 3999 604 4073 ὑπέστρεψεν
634 4015 688 4059 et
739 4006 807 4062 18
826 4049 841 4076 ,
887 4012 956 4067 55
978 4025 1278 4089 προσαιτεῖν
1328 4034 1426 4089 pro
1463 4034 1757 4100 προσαιτῶν

150 4089 384 4160 legisse,
410 4093 608 4151 deinde
663 4097 795 4155 Cor.
839 4101 902 4171 ll,
961 4118 1041 4173 ιιι,
1075 4108 1105 4162 7
1133 4107 1304 4186 ἐνδὸξῃ
1333 4126 1453 4168 cum
1483 4089 1652 4182 33,6651.
1696 4128 1758 4174 et

145 4182 286 4239 Luc.
325 4201 441 4252 vui,
475 4189 547 4244 55
577 4189 770 4254 εἰδότες
813 4210 935 4250 cum
981 4197 1170 4263 ἰδόντες
1213 4182 1621 4273 permutavisse.
1674 4211 1757 4268 Ad

148 4275 286 4331 Luc.
354 4292 457 4347 ιιι,
491 4281 558 4336 14
616 4298 713 4338 nos
754 4287 1009 4354 probasse
1036 4293 1398 4362 conjecturam
1430 4298 1754 4373 Mareshalli,

143 4370 447 4439 iudicantis
499 4373 712 4432 Ultilam
746 4394 842 4448 pro
885 4383 1115 4458 ἀρκεῖσθε
1143 4386 1373 4446 fortasse
1423 4389 1618 4468 ἄρχετε
1665 4370 1758 4452 aut

144 4461 393 4538 ἄρχεσθε
423 4466 638 4537 legisse,
666 4486 808 4528 nunc
839 4477 1086 4545 poenitet,
1129 4491 1411 4550 propterea
1443 4461 1585 4555 quod
1635 4489 1757 4543 nul-

144 4556 260 4612 lum
307 4560 541 4616 verbum
596 4577 717 4618 cum
772 4568 960 4622 valdan
998 4575 1352 4643 compositum
1393 4577 1521 4634 illud
1566 4577 1754 4655 ἄρχειν

142 4838 395 4894 videtur.
429 4841 584 4906 Quod
614 4859 743 4899 vero
772 4846 940 4905 Marc.
973 4865 1068 4916 xv,
1112 4851 1183 4908 24
1213 4864 1266 4910 et
1310 4855 1444 4914 Luc.
1482 4876 1572 4929 xv,
1618 4863 1652 4917 8
1675 4868 1754 4926 τίς

142 4941 270 4982 cu
312 4950 421 4998 τις,
453 4929 581 4986 Cor.
606 4931 646 4998 l,
673 4950 731 5002 x,
762 4937 828 4992 17
853 4950 907 4994 et
935 4939 1163 5013 Philipp.
1196 4960 1235 5015 ι,
1262 4947 1328 5003 16
1353 4951 1399 5004 οἱ
1437 4968 1556 5007 cum
1585 4956 1633 5009 οἵ
1658 4955 1750 5028 (cf.

142 5020 280 5076 Luc.
306 5037 428 5088 vni,
455 5023 569 5095 14),
599 5024 719 5086 Gal.
753 5046 812 5099 ιι,
847 5032 909 5087 17
932 5028 1035 5109 ἆρα
1063 5051 1185 5092 cum
1211 5038 1315 5114 ἄρα
1342 5055 1640 5112 permutata
1665 5020 1754 5103 in-

146 5117 488 5183 veniuntur;
521 5117 578 5174 id
603 5121 722 5176 sola
752 5122 1063 5196 interpretis
1083 5133 1400 5203 negligentia
1425 5136 1619 5194 factum
1638 5147 1748 5207 est;

142 5207 266 5264 fieri
294 5218 478 5266 autem
505 5209 718 5270 facilius
747 5226 958 5286 poterat
991 5233 1210 5292 propter
1246 5237 1502 5286 accentus
1541 5241 1595 5287 et
1640 5234 1751 5304 spi-

142 5299 286 5356 ritus
316 5302 624 5374 antiquitus
648 5308 899 5365 omissos.
959 5311 1052 5368 His
1081 5315 1244 5371 etiam
1273 5319 1327 5374 in
1375 5319 1508 5378 locis
1555 5338 1752 5380 caven-

144 5390 278 5447 dum
330 5400 439 5461 est,
477 5409 550 5451 ne
599 5397 721 5466 quis
750 5413 782 5454 a
808 5399 987 5460 Gotho
1027 5406 1337 5466 varietatem
1359 5415 1518 5484 graeci
1565 5424 1749 5474 textus

143 5483 426 5541 redditam
453 5487 724 5558 opinetur.

219 5784 799 5877 #ﬂéupelium.
832 5796 890 5877 i._
931 5798 968 5853 l.
992 5801 1058 5877 4,
1085 5818 1153 5877 _a,
1183 5807 1272 5877 qui
1322 5808 1528 5868 Franzii
1559 5827 1744 5872 aucto-

144 5857 311 5913 ritate
337 5857 632 5931 permotus,
659 5866 922 5926 versionis
948 5857 1179 5943 gothica:
1190 5857 1736 5957 Biaéiiﬁ'iiiin'i‘g‘iia'.

1557 277 2088 340 PROLEGOMENA.

3345 304 3452 364 486

1867 400 1972 472 quo
2001 405 2057 459 in
2081 419 2306 464 numero
2326 423 2391 466 ea
2446 413 2682 473 maxime
2724 426 2872 491 sunt,
2903 419 2996 477 ubi
3024 422 3228 484 oblitus
3252 430 3450 487 verbo-

1871 511 1992 550 rum
2018 505 2318 569 structurae,
2365 519 2527 573 quam
2553 511 2820 566 sermonis
2839 513 3042 583 gothici
3087 519 3228 576 ratio
3264 533 3454 593 postu-

1871 588 2036 656 labat,
2062 607 2236 662 grteca
2272 596 2387 652 sola
2413 610 2631 655 secutus
2658 588 3326 682 negligentius'converti-t;
3371 617 3452 674 sic

1868 681 1999 738 Luc.
2018 684 2066 753 1,
2083 685 2138 752 9,
2161 688 2330 745 Mutus
2354 694 2511 746 imma
2538 711 2736 751 urrann
2759 699 2828 752 du
2843 699 3012 771 saljan
3044 712 3451 779 atgaggands

1873 791 1968 844 pro
1991 784 2360 852 algaggandin,
2379 787 2504 854 quia
2531 788 2585 843 in
2605 804 2782 859 graeco
2803 806 2884 849 est
2905 793 3075 868 ἔλαχε
3100 806 3190 856 τοῦ
3206 804 3452 873 θυμιᾶσαι

1871 870 2198 927 εἰσελθών.
2233 874 2356 930 Cor.
2391 876 2431 947 l,
2458 895 2552 948 vn,
2594 882 2663 937 10
2707 896 2790 954 sq.
2827 884 2980 957 pains
3017 890 3210 962 (iugem
3253 870 3452 967 Iiaftam

1870 963 2128 1020 anabiuda
2157 984 2355 1036 qenas
2380 975 2582 1044 —jalt
2616 975 2785 1032 abau
2819 977 2916 1049 pro
2935 983 3085 1052 abin,
3129 963 3336 1045 Gothus
3376 991 3451 1050 ita

1873 1065 2089 1125 propter
2115 1074 2346 1129 gracum
2373 1074 2594 1137 γυναῖκα
2612 1097 2682 1110 -ο
2705 1074 2788 1127 καὶ
2813 1069 3001 1150 ἅνδρα;
3026 1076 3156 1133 Luc.
3205 1095 3293 1136 xv!
3313 1119 3333 1150 ,
3383 1085 3451 1142 18

1872 1149 2052 1202 ωαιωιι
2083 1153 2190 1206 ιαει
2227 1155 2484 1223 aﬂetands
2516 1185 2578 1200 -
2620 1162 2719 1232 jalt
2750 1149 2990 1235 [iugarth
3021 1185 3119 1239 pro
3141 1173 3326 1246 aﬁetip
3351 1177 3451 1246 fuit

1873 1242 2112 1315 liugaiﬁ,
2169 1261 2293 1303 nam
2324 1253 2602 1323 participia
2638 1271 2812 1325 graeca
2863 1263 3097 1320 ἀπολύων
3141 1271 3224 1324 καὶ
3276 1242 3452 1343 pauan

1871 1339 2148 1395 enuntiato
2185 1344 2410 1400 relativo
2439 1349 2746 1406 redditurus
2794 1367 2929 1423 erat,
2984 1359 3077 1413 sed
3130 1339 3308 1431 posito
3332 1339 3453 1435 pro-

1872 1429 2088 1486 nomine
2133 1433 2358 1491 relativo
2383 1439 2565 1520 "etiam
2614 1443 2897 1514 participia
2945 1462 3044 1517 pro
3100 1429 3280 1509 verbis
3320 1429 3453 1525 ipsis

1871 1520 2240 1589 addidit;vid.
2290 1517 2452 1585 etiam
2491 1547 2610 1602 quae
2640 1535 2947 1614 adColoss.
2980 1555 3038 1611 ιι,
3091 1547 3158 1600 14
3184 1555 3238 1601 et
3285 1517 3364 1616 ιιι,
3413 1551 3449 1605 5

1869 1611 2246 1673 adnotavimus
2270 1629 2324 1675 et
2361 1621 2433 1676 cf.
2482 1623 2616 1682 Luc.
2655 1611 2736 1694 ix,
2792 1631 2860 1685 15
2887 1633 3052 1688 maiso
3078 1636 3202 1706 fimi
3226 1611 3455 1696 hlailiam

1863 1707 1962 1778 jali
1983 1708 2138 1774 ﬁscos
2181 1711 2300 1778 irai,
2336 1713 2424 1770 ubi
2450 1730 2574 1772 eum
2613 1734 2712 1789 pro
2739 1735 2914 1792 grch
2933 1725 2966 1785 ἢ
2992 1729 3140 1784 πὲντι
3172 1727 3316 1807 ἄρτοι
3358 1733 3454 1789 da-

1873 1798 2040 1854 tivum
2063 1811 2186 1871 post
2207 1809 2634 1876 comparativum
2664 1811 2882 1870 solitum
2913 1798 3453 1896 posuisset,'pergen-

1870 1889 1997 1946 dum
2049 1904 2166 1950 erat
2213 1896 2394 1966 ﬁnitam
2441 1903 2627 1972 waim,
2683 1906 2780 1962 sed
2827 1911 3039 1967 consilii
3087 1889 3284 1972 oblitus
3328 1889 3453 1976 cum

1875 1987 2087 2058 grecis,
2121 1989 2212 2060 qui
2243 2003 2392 2048 recte
2430 1990 2730 2066 ἰχθύεςδύο
2765 1999 2986 2072 habent,
3037 2006 3150 2076 ipse
3190 2009 3328 2066 male
3351 2027 3450 2069 no-

1867 2078 2127 2135 minativo
2165 2085 2369 2155 pergit;
2411 2088 2494 2143 sic
2520 2091 2682 2146 etiam
2713 2091 2900 2149 Matth.
2947 2112 3060 2166 vin,
3113 2099 3181 2154 15
3225 2101 3452 2163 fortasse

1867 2169 2067 2226 rectius
2097 2187 2196 2242 pro
2225 2175 2382 2246 licito,
2425 2181 2569 2249 quod
2617 2197 2738 2238 cum
2794 2188 2985 2255 graecis
3042 2192 3226 2262 ponit,
3256 2195 3454 2254 heitons

1868 2265 2151 2337 posuisset,
2177 2279 2398 2341 propter
2426 2278 2735 2344 praecedens
2772 2281 2974 2337 licitam.
3005 2284 3122 2341 Alia
3148 2287 3284 2359 loca,
3332 2307 3452 2362 qua:

1865 2353 1970 2412 huc
1992 2358 2128 2413 trahi
2149 2361 2378 2430 possint,
2402 2364 2619 2438 habent,
2643 2383 2750 2440 quo
2782 2371 3159 2445 defendamur,
3191 2353 3449 2439 uti'Jo-an.

1881 2462 1958 2515 vr,
1991 2450 2064 2505 65
2089 2451 2169 2523 po
2202 2455 2411 2512 raurda.
2444 2456 2568 2529 paci
2590 2459 2641 2513 il:
2679 2463 2864 2519 radicla
2889 2467 3030 2523 imis.
3058 2469 3213 2526 clima
3249 2475 3316 2528 ist
3352 2475 3453 2548 jalt

1863 2539 2051 2598 libains
2080 2547 2165 2612 ist,
2199 2547 2284 2602 ubi
2315 2549 2536 2606 verbum
2564 2556 2630 2608 ist
2656 2553 2970 2617 Gothonon
3027 2562 3094 2619 ad
3151 2539 3450 2638 subjectbm

1862 2637 2078 2703 vasrda,
2128 2639 2225 2694 sed
2275 2641 2343 2696 ad
2383 2645 2674 2712 pradieata
2717 2651 2870 2705 alim
2917 2663 2972 2708 et
3015 2655 3222 2727 libains,
3252 2637 3452 2731 quibus

1862 2727 2175 2796 apponitur,
2225 2735 2499 2800 pertinere
2548 2740 2721 2794 visum
2764 2751 2864 2808 cst,
2888 2743 2967 2799 sic
3008 2749 3227 2805 etiame
3270 2727 3451 2813 latinis

1863 2819 2316 2892 Cantabrigiensis
2338 2834 2392 2880 et
2427 2826 2770 2887 Corbeiensis
2798 2846 3203 2894 converterunt.
3236 2842 3449 2915 Saepius

1863 2921 2043 2967 autem
2070 2914 2128 2968 in
2167 2929 2234 2970 eo
2259 2917 2482 2987 erravit,
2514 2921 2655 2990 quod
2682 2924 3030 2985 substantivis
3063 2914 3448 3004 adjectivorum

1862 2999 2086 3072 formas,
2133 3006 2202 3063 ab
2232 3007 2447 3065 illorum
2485 3026 2686 3081 genere
2736 2999 3143 3096 abhorrentesp
3172 3029 3442 3101 apposuit,

1862 3111 1982 3168 quae
2012 3097 2130 3155 loca
2156 3101 2475 3173 collegimus
2498 3107 2563 3161 ad
2599 3107 2821 3165 Nehem.
2847 3125 2920 3180 vr,
2947 3113 3034 3171 16.

1934 3190 2220 3248 Maximam
2251 3205 2428 3251 autem
2453 3212 2520 3253 ex
2546 3204 2949 3272 comparatione
2979 3209 3446 3281 interpretationis

1863 3293 2063 3339 nostrae
2091 3286 2376 3344 utilitatem
2399 3293 2546 3347 nasci
2569 3291 2636 3349 ad
2659 3297 3046 3356 restituendam
3079 3309 3257 3362 textus
3283 3311 3446 3378 graeci

1862 3375 2226 3449 integritatem
2269 3397 2430 3440 nemo
2460 3385 2635 3442 adhuc
2663 3390 2882 3461 negavit
2912 3375 3446 3468 :quamquamenim

1860 3486 1966 3528 non
1992 3487 2159 3543 pauca
2190 3481 2624 3537 enumeravimus
2655 3483 2794 3556 loca,
2824 3485 2880 3543 in
2901 3489 3097 3560 quibus
3119 3492 3309 3551 Ulﬁlas
3331 3497 3446 3555 sive

1861 3580 1957 3634 per
1982 3581 2248 3636 errorem,
2271 3571 2388 3628 sive
2429 3573 2496 3629 de
2525 3578 2772 3634 consulto
2796 3593 2828 3634 a
2850 3584 3042 3653 grarcis
3097 3585 3366 3658 discessit,
3393 3600 3449 3648 et

1860 3661 2124 3728 permulta
2153 3664 2318 3718 etiam
2343 3665 2447 3721 alia
2472 3679 2619 3739 sunt,
2673 3671 2764 3727 ubi
2789 3687 2912 3730 eum
2944 3681 3213 3738 sermonis
3241 3683 3443 3754 gothici

1859 3751 2134 3824 ingenium
2164 3771 2194 3813 a
2223 3759 2564 3831 diligentiore
2582 3770 2881 3837 graecorum
2910 3772 3208 3835 imitatione
3253 3795 3444 3837 avoca-

1857 3848 1936 3902 vit
1967 3865 1982 3915 ;
2013 3855 2196 3906 tamen
2219 3855 2528 3913 versionem
2551 3870 2788 3918 nostram
2821 3866 2992 3935 primo
3043 3871 3282 3928 omnium
3328 3873 3448 3932 loco

1860 3954 2064 4010 ponere
2092 3959 2198 3998 non
2226 3945 2555 4018 dubitamus,
2607 3963 2892 4024 propterea
2943 3958 3086 4028 quod
3132 3977 3240 4019 non
3269 3965 3446 4023 solum

1858 4032 2120 4092 ﬁdissime
2147 4051 2322 4105 graeca
2364 4041 2614 4109 reddidit,
2670 4046 2767 4102 sed
2809 4048 2971 4106 etiam
3000 4054 3122 4123 quia
3151 4055 3294 4111 nulla
3342 4057 3446 4115 alia

1857 4125 2036 4199 lingua
2061 4145 2252 4201 graeca:
2282 4136 2501 4204 propius
2550 4149 2796 4209 cognata,
2852 4143 2994 4199 nulla
3049 4149 3218 4218 magis
3255 4150 3448 4208 idonea

1857 4228 1962 4288 est,
1985 4237 2105 4291 qua:
2137 4232 2312 4281 textus
2339 4230 2499 4296 graeci
2542 4238 2794 4302 tanquam
2824 4234 3113 4309 imaginem
3157 4243 3445 4314 exprimat,
3489 4273 3492 4276 ~

1859 4327 2018 4382 quam
2063 4315 2300 4385 gotbica.
2336 4318 2575 4379 Fuerunt
2597 4325 2812 4396 quidem
2833 4331 2923 4401 qui
2951 4335 3255 4392 versionem
3278 4340 3445 4410 syria-

1859 4420 1976 4461 cam
2050 4419 2442 4481 anteponerent
2507 4418 2558 4485 ί,
2614 4420 2707 4476 sed
2761 4425 2808 4479 si
2862 4427 3179 4487 varietatum
3247 4433 3441 4492 nubem

1860 4503 1928 4556 ab
1985 4500 2292 4562 hominibus
2338 4509 2533 4580 linguai
2593 4513 2822 4584 syriaca:
2876 4521 3062 4590 peritis
3110 4524 3440 4583 adductam'

1858 4598 2285 4666 contemplamur
2309 4611 2363 4657 et
2383 4607 2646 4662 versionis
2665 4611 2896 4680 gothicae
2933 4631 3039 4685 ιιι-(ιε
3069 4618 3162 4674 illo
3190 4621 3442 4694 exiguum

1859 4702 2141 4746 numerum
2167 4706 2560 4768 computamus,
2591 4701 2854 4774 syriacam
2884 4709 3030 4764 nulla
3073 4729 3130 4769 re
3162 4716 3263 4771 nisi
3287 4729 3444 4776 aetate

1857 4794 1977 4836 esse
1999 4785 2434 4853 praestabiliorem
2469 4795 2768 4863 apparebit.
2818 4797 3040 4870 Oportet
3087 4817 3265 4864 autem
3297 4827 3442 4881 eum,

1859 4874 1950 4941 qui
2004 4875 2070 4930 de
2118 4877 2379 4948 dignitate
2429 4887 2695 4944 versionis
2737 4891 2967 4963 alicujus
3017 4910 3163 4955 recte
3209 4912 3443 4962 statuere

1858 4965 1990 5030 vult,
2017 4966 2134 5036 ejus
2155 4969 2371 5041 linguae,
2405 4989 2508 5046 qua
2538 4987 2621 5034 est
2664 4986 2993 5056 conscripta,
3047 5005 3163 5045 eam
3195 4995 3440 5064 peritiam

1858 5055 2077 5126 habere,
2129 5071 2183 5115 ut
2223 5079 2341 5133 quae
2367 5066 2474 5122 sint
2513 5071 2804 5130 varietates
2833 5055 2898 5132 in,
2924 5078 3038 5148 illa,
3087 5055 3210 5152 quai
3244 5087 3440 5157 linguae

1858 5153 2210 5221 proprietates
2266 5161 2434 5228 probe
2484 5163 2798 5236 dignoscere
2849 5183 3045 5242 queat;
3093 5191 3199 5247 qua
3254 5153 3440 5251 peritia

1853 5243 2118 5314 destituti,
2147 5249 2236 5320 qui
2263 5257 2718 5323 comparationem
2749 5271 2924 5320 textus
2969 5243 3127 5339 graeci
3159 5287 3278 5327 cum
3316 5290 3438 5332 ver-

1854 5335 2006 5394 sione
2060 5339 2286 5398 Ullilana
2336 5347 2706 5420 instituerunt,
2754 5354 2873 5412 fieri
2925 5335 3033 5416 non
3074 5365 3244 5434 potuit
3308 5371 3436 5440 quin

1853 5443 1966 5484 rem
1996 5440 2248 5492 successu
2277 5443 2456 5499 minus
2502 5457 2763 5516 prospero
2816 5465 3089 5521 gererent.
3139 5458 3216 5516 Ea
3261 5463 3438 5536 impe-

1854 5522 1974 5578 ritia
2002 5523 2236 5585 Zahnius
2269 5530 2422 5590 initio
2465 5549 2525 5592 se
2574 5539 2900 5608 prohibitum
2949 5563 3068 5607 esse
3097 5551 3317 5625 fatetur,
3339 5522 3437 5616 Ine

1853 5628 2042 5674 omnes
2073 5620 2325 5679 lectiones
2351 5641 2376 5678 a
2395 5629 2587 5697 graecis
2613 5631 2974 5705 discrepantes
3001 5651 3244 5714 notaret;
3285 5663 3436 5721 post-

1730 5741 1745 5768 ,
1852 5723 2010 5779 quam
2031 5724 2210 5770 autem
2243 5718 2466 5786 peritior
2486 5721 2599 5778 ﬂeri
2627 5728 2898 5801 cmpisset,
2923 5735 3074 5804 operi
3107 5718 3432 5808 perﬁciendo

1849 5825 2042 5891 rantis,
2075 5828 2128 5882 id

2161 5832 2404 5898 posuisse
2434 5836 2662 5895 videtur.

1922 5897 1941 5926 ²
1986 5897 2102 5953 Vid.
2132 5901 2438 5961 Scholsium
2463 5907 2504 5964 l.
2537 5917 2772 5989 prolegg.
2809 5933 2859 5991 p.
2883 5923 3046 5981 CXXI
3060 5938 3215 5996 seqq.
