3898 6464
567 397 669 458 ιιὲἸ

1671 389 2043 450 BIBLIORUM
2083 386 2436 450 ULB’ILANA
2479 389 2743 449 VERSIO.
3653 399 3722 458 433

569 530 694 574 eum
725 525 871 569 mors
891 508 1190 582 praeripuit.
1220 507 1364 576 Quas
1383 514 1564 563 autem
1587 507 1874 561 varietates
1905 502 2158 558 Griesba-
2187 505 2240 566 Α
2269 503 2466 559 lectum
2494 505 2673 574 tuerit,
2706 511 2860 560 certo
2888 503 2990 562 dici
3040 519 3147 561 non
3182 508 3388 580 potest).
3422 509 3513 568 Sed
3535 513 3625 571 hac
3647 519 3722 572 sni-

571 607 749 671 chius,
771 602 986 658 omissis
1006 599 1373 670 compluribus
1397 599 1505 665 jam
1539 613 1583 658 ,ιι
1627 597 1794 660 Millio
1833 595 1972 650 datis
1994 595 2037 660 ³,
2091 609 2156 648 ex

568 693 900 768 imperfectis
920 692 1060 748 Junii
1104 701 1158 748 et
1203 691 1443 746 Knittelii
1493 689 1819 748 editionibus
1859 687 2155 743 adnotave-

569 803 672 858 rat,
719 805 812 846 eas
863 787 1168 850 Schulzius,
1218 787 1306 854 qtti
1356 783 1646 840 editionem
1680 780 2154 837 Griesbachianam

570 883 765 939 iterum
796 879 1028 944 curavit,
1073 877 1310 933 adhibita
1336 876 1518 930 Zabnii
1572 874 1710 929 mala
1760 874 2011 929 versione
2038 873 2158 927 aliis

569 977 740 1045 auxit,
773 974 846 1030 ita
898 982 1099 1039 tamen,
1148 981 1208 1025 ut
1259 986 1365 1040 quo
1418 968 1647 1024 consilio
1700 967 1751 1022 id
1792 967 2004 1035 fecerit,
2049 982 2156 1021 non

567 1067 918 1138 intelligatur,
941 1066 1030 1136 qui
1059 1065 1185 1119 dum
1213 1077 1409 1134 paucas
1437 1076 1602 1118 novas
1651 1059 1822 1126 addit,
1873 1070 2158 1115 sescentas

568 1160 834 1218 omiserit.
870 1157 947 1214 Ne
967 1155 1288 1214 calumniari
1313 1153 1614 1219 videamur,
1638 1168 1703 1208 ex
1735 1152 1959 1207 Joannei
1991 1167 2156 1206 evan-

567 1254 693 1324 gelii
720 1252 922 1322 aliquot
961 1249 1244 1320 capitibus,
1299 1261 1432 1318 quas
1486 1245 1748 1301 lectiones
1785 1247 1960 1299 varias
1996 1244 2158 1300 tacite

571 1344 910 1418 praeterierit,
931 1343 1088 1400 liceat
1112 1340 1371 1406 indicare,
1398 1338 1774 1411 praetermissis
1796 1346 1971 1392 tamen
2001 1336 2156 1404 locis,

569 1437 626 1493 in
653 1436 847 1508 quibus
873 1433 1032 1490 Gothi
1067 1435 1228 1490 lectio
1257 1447 1379 1487 cum
1417 1430 1563 1486 nullo
1592 1430 1696 1484 alio
1721 1429 1858 1484 libro
1887 1429 2154 1498 congruit,

566 1529 682 1586 sive
711 1527 803 1583 ille
823 1543 920 1598 pro
942 1525 1186 1594 arbitrio,
1209 1525 1323 1580 sive
1366 1532 1586 1594 propter
1614 1522 1846 1576 nativam
1893 1520 2159 1575 sermonis

567 1619 983 1690 discrepantiam
1013 1617 1210 1688 aliquid
1244 1615 1552 1680 mutaverit,
1586 1614 1892 1684 praciderit
1917 1623 2009 1668 aut
2051 1613 2161 1668 ad-

566 1711 788 1778 diderit,
812 1727 864 1767 V.
897 1727 946 1768 c.
975 1727 1032 1780 x,
1058 1710 1124 1764 21
1157 1727 1272 1782 mag
1293 1707 1532 1780 unitulpo
1569 1723 1651 1778 gr.
1673 1705 1922 1777 δαιμόνων
1947 1705 2158 1763 δύναται

568 1803 900 1878 (quanquam
947 1803 1026 1858 sic
1056 1804 1108 1856 in
1131 1800 1253 1856 cod.
1281 1800 1387 1855 255
1417 1800 1580 1854 etiam
1613 1797 1715 1868 legi
1747 1795 2029 1851 Scholzius
2064 1798 2160 1851 ad-

566 1900 776 1967 notat);
800 1896 871 1950 25
895 1895 985 1951 ubi
1015 1896 1188 1956 αὐτοῖς
1215 1893 1521 1957 omittitur;
1551 1906 1627 1958 ιι,
1660 1890 1694 1944 4
1732 1889 1819 1942 ubi
1843 1905 1940 1960 pro
1959 1889 2158 1951 Ἰησοῦς

567 1990 794 2061 ponitis
826 1987 992 2059 (quod
1024 1985 1253 2042 fortasse
1295 1983 1499 2039 librarii
1535 1986 1580 2037 is
1629 1997 1725 2053 pro
1755 1970 1832 2065 ’Ξ
1873 1982 2156 2037 scribentis

568 2097 722 2138 error
749 2083 889 2149 est);
922 2080 956 2135 6
981 2079 1069 2135 ubi
1095 2077 1292 2133 omittit
1321 2073 1408 2132 οὖν
1433 2091 1448 2143 ;
1505 2074 1575 2130 25
1627 2075 1714 2131 ttbi
1759 2077 1960 2132 ontittit
1989 2077 2154 2150 «ora;

569 2189 648 2229 xl.
677 2173 746 2229 34
774 2172 1051 2242 lagidedutt
1073 2169 1412 2240 (posuerunt)
1438 2181 1534 2238 pro
1552 2169 1812 2224 τεθήκατε
1839 2184 1852 2232 ;
1887 2182 1978 2230 ιιι,
2013 2166 2045 2221 6
2067 2165 2157 2220 ubi

569 2268 685 2338 ipsa
743 2267 850 2321 alio
898 2266 1018 2321 loco
1068 2263 1219 2335 ponit
1256 2266 1367 2328 ina,
1419 2262 1527 2316 alio
1574 2261 1774 2332 grmci;
1810 2259 1956 2317 9ubi
2011 2257 2160 2313 addit

567 2359 738 2424 iesus;
765 2359 836 2413 28
866 2358 954 2413 tibi
978 2373 1128 2412 nauta
1153 2354 1370 2428 peinata
1400 2368 1496 2423 pro
1520 2361 1612 2409 σοῦ
1635 2355 1695 2410 τὸ
1709 2351 1866 2425 ὄνομα
1887 2351 2153 2416 collocat;

572 2465 669 2517 xu,
697 2449 770 2504 43
787 2449 876 2505 ubi
904 2451 1032 2503 mais
1061 2448 1169 2504 alio
1199 2447 1318 2502 loco
1348 2446 1520 2516 ponit.
1573 2444 1678 2500 Sed
1725 2455 1848 2499 sunt
1890 2443 2158 2515 permulta

573 2542 700 2608 alia,
734 2541 822 2597 ubi
845 2552 936 2596 aut
963 2541 1096 2596 falso
1127 2539 1422 2604 adnotavit,
1474 2538 1553 2594 uti
1583 2553 1638 2605 x,
1690 2537 1760 2592 16
1805 2536 1894 2591 ubi
1925 2533 2157 2590 Gothum

569 2636 693 2693 αὐλή
718 2648 814 2704 pro
841 2635 1026 2705 ποίμνη
1051 2633 1243 2704 legisse
1269 2631 1418 2700 dicit,
1444 2629 1556 2686 vid.
1589 2644 1688 2686 nos
1713 2629 1780 2684 ad
1814 2629 1871 2690 h.
1902 2627 1974 2694 1.;
2006 2643 2062 2693 x,
2090 2626 2159 2682 18

571 2725 662 2782 ubi
692 2723 851 2780 Gathi
875 2725 1162 2780 auctoritas
1209 2724 1436 2780 delenda
1463 2732 1599 2789 erat,
1632 2737 1754 2778 nam
1798 2721 1878 2776 uti
1919 2721 1985 2776 ad
2027 2721 2084 2774 h.
2111 2719 2154 2776 ι.

568 2818 1058 2890 comprobavimus,
1088 2831 1195 2873 non
1224 2818 1331 2871 ἀλλ’
1356 2843 1429 2858 —-
1457 2817 1672 2889 δμαυτοῡ
1696 2830 1724 2869 a
1752 2814 1928 2871 Gotho
1957 2813 2157 2869 omissa

567 2918 713 2976 sunt,
743 2911 840 2965 sed
870 2911 994 2982 ἐμοῦ
1039 2937 1112 2953 -—
1136 2910 1295 2968 αὐτὴν
1321 2907 1526 2963 librarii
1572 2905 1894 2977 negligentia
1944 2904 2161 2960 excide-

567 3009 720 3066 runt;
750 3016 806 3068 x,
831 3000 900 3056 36
920 2997 1107 3067 ineptit
1127 2999 1330 3054 addens
1349 2997 1583 3054 Gothum
1607 3001 1857 3055 omittere
1873 2997 2158 3053 articulum

566 3099 690 3159 τοῦς
723 3123 793 3134 -
819 3093 974 3164 quasi
1023 3108 1147 3149 eum
1199 3091 1388 3148 Uliilas
1421 3107 1654 3163 unquam
1714 3092 1782 3147 ad
1828 3107 2014 3147 vocem
2046 3091 2158 3150 θεὸς

567 3188 866 3258 posuisset!
897 3203 972 3256 xt,
996 3189 1030 3244 4
1052 3188 1146 3244 ubi
1171 3187 1300 3246 αὕτη
1331 3187 1555 3243 aGotho
1598 3189 1788 3244 abesse
1836 3187 1987 3256 dicit,
2035 3202 2157 3243 cum

571 3293 755 3354 aperte
785 3297 1103 3338 conversum
1134 3283 1204 3337 sit
1243 3296 1375 3336 voce
1403 3280 1500 3353 po,
1534 3282 1626 3337 sed
1667 3297 1761 3352 per
1811 3281 1953 3336 hunc
2001 3297 2154 3336 erro-

571 3388 686 3431 rem
717 3373 1020 3428 innumeris
1053 3373 1185 3428 locis
1226 3373 1408 3442 lapsus
1434 3385 1519 3428 est
1558 3375 1638 3428 vir
1678 3373 1768 3428 ille
1815 3372 2039 3440 doctus;
2081 3391 2153 3442 xt,

571 3464 606 3521 9
637 3473 692 3520 et
723 3479 815 3532 xtl,
841 3464 910 3520 20
942 3463 1030 3519 ubi
1056 3465 1108 3519 ἐκ
1128 3462 1365 3519 Gothum
1395 3465 1643 3520 omisisse
1668 3465 1819 3534 dicit,
1839 3481 1955 3520 eam
1983 3474 2158 3522 autem

571 3559 1010 3631 praepositionem
1067 3555 1277 3612 Gothus
1313 3566 1434 3628 post
1461 3559 1624 3614 verba
1654 3559 1902 3630 partitiva
1937 3559 2154 3628 (πολλοὶ,

569 3655 702 3714 τινές
755 3651 876 3722 all.)
917 3650 1032 3707 fere
1065 3652 1206 3707 solet
1246 3652 1532 3717 omittere;
1578 3667 1652 3720 xt,
1696 3651 1765 3708 53
1794 3653 1881 3707 ubi
1928 3651 2156 3708 Gothum

569 3757 693 3799 cum
726 3743 768 3798 D
793 3744 1020 3814 aliisque
1042 3743 1219 3798 latinis
1242 3743 1520 3800 codicibus
1543 3746 1854 3815 conspirare
1880 3745 2026 3811 dicit,
2049 3745 2160 3800 imo

571 3840 752 3909 potius
776 3849 897 3894 cum
920 3839 1127 3909 aliquot
1156 3839 1343 3894 latinis
1359 3839 1500 3908 apud
1522 3837 1790 3905 Sabaticr,
1817 3839 1907 3908 qui
1927 3839 2154 3892 habent:

567 3931 804 4002 Iudicas,
834 3935 921 4006 qui
963 3947 1204 3990 venerant
1243 3934 1445 4007 (erant)
1482 3951 1692 3998 cutura
1730 3935 2034 4006 plorantes;
2067 3944 2160 3991 aut

571 4023 731 4082 Gothi
759 4027 1132 4082 auctoritatem
1157 4026 1274 4081 aliis
1303 4027 1575 4081 adnotatis
1619 4042 1726 4084 non
1758 4030 2027 4101 apposuit,
2078 4029 2155 4084 uti

566 4135 626 4188 χ,
658 4121 726 4177 39
753 4121 840 4176 ubi
859 4117 1091 4176 Gothum
1121 4116 1209 4176 οὖν
1229 4135 1280 4178 c.
1313 4121 1473 4176 codd.
1497 4121 1749 4177 omittere
1775 4138 1880 4178 non
1903 4125 2152 4189 adnotat,

565 4228 688 4270 cum
735 4227 861 4269 mox
908 4212 1049 4284 apud
1078 4228 1200 4268 eum
1244 4214 1395 4269 πάλιν
1446 4224 1566 4283 post
1602 4215 1750 4271 αὐτόν
1807 4216 1929 4283 poni
1984 4217 2152 4284 dicat;

565 4306 644 4360 sic
671 4321 724 4372 κ,
755 4305 818 4360 41
851 4315 908 4361 et
934 4303 1005 4358 42
1035 4319 1206 4374 neque
1231 4303 1442 4364 εποίησε
1467 4315 1680 4378 σημεῖον
1711 4321 1885 4376 neque
1905 4312 1976 4370 εἰς
2005 4310 2154 4364 αὐτὸν

568 4398 670 4451 ἐκεῖ
692 4411 813 4450 cum
845 4396 964 4451 aliis
1001 4395 1197 4465 legisse
1232 4397 1481 4460 adnotat;
1526 4413 1601 4463 ιιι,
1629 4396 1695 4450 21
1748 4396 1775 4452 ὁ
1816 4398 2027 4472 ἁδελφός
2055 4422 2152 4472 μου

567 4497 692 4559 post
715 4488 924 4543 ἀπέθανε
960 4487 1256 4557 (ἐτεθνήκει)
1289 4489 1534 4558 ponitur;
1566 4505 1640 4556 XI,
1692 4489 1762 4544 29
1807 4489 1858 4546 δέ
1910 4493 2152 4558 additur;

567 4597 664 4649 xu,
694 4582 726 4636 6
751 4588 900 4638 τοῦτο
944 4580 998 4637 δὲ
1038 4578 1146 4637 εἶπε
1197 4581 1412 4651 legitur,
1442 4582 1677 4652 itemque
1704 4599 1798 4647 xtt,
1827 4586 1898 4638 26
1929 4587 2037 4658 ἐμοὶ
2074 4609 2152 4649 τις

569 4670 804 4750 Btaxcvft;
837 4673 890 4728 in
913 4673 1083 4742 iisque
1113 4670 1274 4728 Gothi
1303 4689 1426 4728 cum
1451 4674 1572 4730 aliis
1611 4675 1763 4730 libris
1801 4679 1990 4746 grecis
2017 4694 2148 4734 con-

567 4778 784 4822 sensum
820 4779 925 4820 non
956 4763 1251 4820 indicatum
1273 4779 1393 4822 esse
1433 4781 1499 4820 co
1539 4767 1710 4837 magis
1738 4767 1978 4836 oii‘endit,
2005 4769 2148 4839 quod

565 4857 689 4914 aliis
729 4857 863 4914 locis
907 4856 1083 4913 versio
1121 4857 1337 4928 gothica
1395 4859 1446 4914 in
1501 4859 1878 4915 auctoritatum
1922 4877 2147 4919 numero

566 4952 740 5024 posita
765 4958 870 5020 est,
911 4951 989 5006 uti
1016 4965 1072 5017 x,
1109 4949 1205 5017 to;
1237 4967 1302 5022 x,
1337 4945 1408 5008 16
1445 4951 1561 5022 (ubi
1595 4953 1827 5010 dubitari
1856 4955 2016 5011 etiam
2059 4971 2147 5028 po-

565 5052 700 5114 test,
753 5055 820 5098 an
861 5051 1007 5099 recte
1061 5040 1259 5098 factum
1304 5043 1403 5110 sit,
1450 5059 1574 5100 nam
1626 5045 1836 5102 etiamsi
1879 5053 2144 5123 γενήσεται

567 5134 774 5192 Gothus
799 5136 1038 5207 legisset,
1062 5145 1242 5192 tamen
1267 5137 1423 5194 aliter
1441 5139 1683 5196 scribere
1707 5155 1812 5196 non
1837 5143 2143 5214 pomisset),

563 5243 622 5296 ι,
646 5228 736 5297 29,
765 5230 853 5297 50,
885 5229 987 5296 59;
1013 5245 1087 5296 ιιι,
1123 5230 1214 5297 17,
1235 5230 1326 5298 50,
1359 5229 1449 5299 52,
1483 5231 1555 5287 46
1579 5231 1695 5304 (ubi
1729 5248 1797 5289 ne
1826 5233 1961 5289 falso
1981 5236 2148 5292 adno-

565 5323 780 5385 taverit,
803 5321 1034 5377 Gothum
1058 5321 1085 5377 ὅ
1111 5336 1206 5393 pro
1243 5321 1278 5378 ἄ
1310 5323 1530 5394 legisse,
1569 5340 1844 5393 veremur,
1895 5343 2018 5383 nam
2070 5329 2149 5384 sic

565 5426 664 5482 pro
713 5415 904 5483 plurali
945 5431 1226 5470 numerum
1271 5418 1602 5487 singularem
1653 5419 1898 5476 neutrius
1945 5437 2147 5492 ponere

565 5501 767 5573 solet);
808 5520 915 5576 xu,
960 5507 1025 5562 17
1050 5546 1065 5572 ,
1108 5507 1172 5562 37
1207 5509 1561 5578 (superfluum
1591 5509 1645 5564 h.
1684 5510 1720 5564 Ι.
1759 5521 1877 5566 erat
1910 5510 2143 5568 Gothum

565 5595 824 5663 excitare,
873 5612 902 5651 a
948 5613 1052 5668 quo
1080 5614 1199 5654 cum
1235 5609 1289 5655 et
1325 5603 1600 5675 golaubjan
1621 5605 1779 5658 imma
1807 5612 1863 5660 et
1898 5605 1969 5659 du
1992 5608 2148 5662 intma

565 5687 683 5744 sine
713 5687 1022 5746 discrimine
1052 5693 1288 5761 dicatur,
1336 5705 1514 5752 utrum
1571 5700 1643 5758 εἰς
1681 5700 1841 5754 αὐτόν
1888 5713 1958 5752 an
2005 5702 2146 5772 αὐτῷ

640 5826 659 5860 ³
698 5828 847 5896 Quod
867 5831 955 5906 __ei
993 5832 1132 5887 laudi
1159 5833 1349 5900 magis,
1395 5834 1552 5906 quam
1602 5834 1872 5904 vituperio
1903 5836 2145 5894 tribuen-

565 5897 694 5959 dutn
725 5918 844 5958 esse
866 5902 1100 5961 lahnius
1123 5897 1425 5975 existimat;
1454 5907 1671 5963 Einleit.
1788 5907 1908 5964 ὅδ’.

2259 599 2456 654 ficiaut.
2525 600 2843 667 Scltolzius,
2898 601 3297 659 recentissimus
3341 608 3450 660 novi
3505 614 3726 668 testamenti

2257 691 2462 755 editor,
2517 691 2583 746 ad
2621 691 2989 747 additamenta
3037 695 3348 752 Schulziana
3393 698 3508 753 nihil
3565 702 3726 770 addidit,

2257 783 2543 838 maximam
2573 769 2776 852 partem
2817 785 2934 851 ejus
2986 788 3301 845 auctoritate
3341 769 3730 851 addttctusfalstne

2257 871 2386 938 sint,
2413 887 2480 926 an
2511 875 2676 942 proba
2707 875 2836 928 nihil
2869 891 3087 944 curans,
3118 877 3230 947 ipse
3251 880 3405 934 etiam
3436 896 3732 938 suncotnmen-

2259 964 2395 1020 tario
2423 965 2710 1036 adspersit,
2744 968 3016 1023 nonnullis
3046 971 3225 1025 nescio
3269 985 3371 1040 quo
3397 972 3591 1028 consilio
3620 991 3734 1045 quare

2257 1071 2419 1113 causa
2449 1074 2681 1114 OlnIISIS.

2329 1151 2607 1222 Diligentis
2631 1153 2800 1209 critici
2822 1167 2941 1208 cum
2963 1168 3084 1210 esse
3109 1154 3393 1224 videretur,
3421 1171 3583 1213 omnes
3599 1157 3738 1214 disere-

2258 1245 2470 1314 pantias
2496 1255 2702 1312 notare,
2725 1261 2843 1316 quae
2879 1246 3022 1302 inter
3048 1254 3248 1303 textum
3276 1263 3493 1317 grtccum
3536 1257 3581 1302 et
3600 1249 3737 1303 versio-
3814 1231 3815 1236 “

2261 1349 2383 1390 nem
2410 1335 2678 1407 gothicam
2705 1338 3128 1406 intercederent,
3175 1340 3226 1394 id
3249 1340 3494 1396 suadente
3531 1340 3738 1396 Michaeli'

2259 1442 2358 1484 nos
2381 1429 2594 1499 quidem
2627 1431 2875 1496 fecimus,
2904 1431 3144 1501 exceptis
3169 1442 3342 1488 tamen
3375 1433 3454 1497 iis,
3483 1447 3584 1502 qua:
3605 1447 3682 1486 non
3696 1449 3736 1486 ex

2259 1521 2358 1575 alia
2390 1521 2644 1588 lectione,
2674 1524 2769 1578 sed
2798 1539 2863 1578 ex
2907 1524 3121 1580 diverso
3155 1525 3430 1594 utriusque
3465 1524 3626 1595 lingua:
3646 1523 3740 1593 inge-

2260 1613 2350 1669 nio
2379 1626 2510 1670 orta:
2540 1625 2691 1683 sunt;
2736 1616 2814 1674 sic
2843 1633 2894 1672 v.
2927 1633 2980 1688 g.
3015 1617 3281 1688 genitivus
3313 1617 3517 1690 pluralis
3554 1627 3648 1688 post
3665 1620 3738 1682 aut,

2260 1723 2384 1774 was,
2433 1725 2596 1776 sums,
2655 1709 2876 1764 ainslttm
2935 1726 3030 1779 pro
3074 1711 3266 1766 eodem
3305 1712 3506 1766 illorum
3543 1711 3741 1766 verborum

2261 1813 2412 1866 casu,
2427 1803 2512 1856 uti
2534 1801 2720 1856 Matth.
2742 1818 2814 1858 vu
2835 1847 2849 1873 ,
2881 1804 2948 1858 17
2970 1803 3042 1857 all
3063 1804 3240 1875 bagme
3271 1805 3445 1876 (omne
3463 1803 3682 1871 arborum)
3701 1831 3742 1843 —

2259 1901 2363 1949 πᾶν
2383 1893 2606 1969 δένδρον.
2650 1911 2704 1963 v,
2735 1895 2806 1951 46
2833 1912 2906 1950 wo
2941 1898 3178 1951 mizdouo
3211 1898 3388 1969 (quam
3415 1898 3744 1966 mercedum)—

2258 1986 2584 2060 τίναμισθὸν.
2612 1985 2768 2080 Joa_n.
2810 2002 2906 2055 xtt,
2938 1988 3010 2042 20
3026 1989 3193 2043 sumat’
3218 1987 3387 2061 piudo
3409 1989 3616 2059 (quidam
3638 1989 3743 2057 genti
3818 2006 3819 2080 ι

2261 2076 2418 2148 lium)
2444 2108 2514 2117 —
2539 2081 2670 2138 τινὲς
2693 2075 2940 2141 Ἐλληνες.
2971 2080 3137 2136 Marc.
3163 2096 3237 2146 vr,
3271 2082 3304 2136 5
3330 2081 3383 2135 ni
3411 2082 3612 2134 aittohttn
3638 2077 3744 2132 metu

2257 2171 2390 2236 (non
2418 2185 2574 2224 unatn
2603 2171 2884 2243 virtutum)
2907 2203 2975 2213 —
3005 2172 3252 2246 οὐδεμίαν
3309 2173 3539 2244 adnotari;
3577 2172 3742 2227 cirettitio

2260 2259 2511 2316 inﬁnitivi
2535 2278 2654 2316 cum
2683 2265 3062 2334 praepositione
3084 2275 3138 2321 et
3159 2265 3384 2320 articulo
3400 2276 3452 2320 et
3477 2265 3633 2320 eadem
3650 2265 3742 2334 getti-

2257 2355 2486 2410 tivorum
2529 2355 2921 2428 absolutorum,
2946 2361 3020 2415 uti
3050 2360 3241 2441 Matth.
3269 2376 3436 2427 xxvu,
3469 2360 3529 2414 12
3552 2358 3741 2431 mippann'

2258 2449 2478 2522 crohips
2505 2467 2590 2505 vas
2611 2450 2758 2523 (dum
2781 2461 3059 2507 accusatus
3077 2452 3195 2522 fuit)
3223 2483 3295 2495 --
3312 2455 3360 2508 ἐν
3376 2460 3442 2527 τῷ
3455 2452 3744 2528 κατηγορεῖσθιί
3820 2449 3821 2516 ἶ

2257 2544 2432 2600 αὐτόν.
2492 2541 2559 2598 57
2612 2541 2729 2614 [Jan
2780 2543 2937 2616 seipu
2993 2544 3128 2616 var];
3178 2546 3347 2614 (cum
3390 2561 3504 2599 sero
3543 2541 3675 2609 fieret}
3707 2567 3746 2578 -
3820 2557 3821 2610 ι

2257 2633 2412 2707 ὀψίας
2437 2635 2736 2708 γενομένης;
2790 2639 2979 2691 eadem
3029 2636 3277 2691 inlinitivi
3326 2637 3530 2707 passivi,
3558 2635 3618 2688 uti
3641 2632 3743 2687 iiut.

2260 2740 2316 2795 Χ,
2347 2726 2417 2782 45
2439 2736 2492 2780 at
2512 2727 2852 2798 andbahtjam
2884 2728 2974 2798 (ad
3006 2729 3249 2799 servitia)
3279 2758 3352 2770 —
3383 2727 3686 2793 διακονηθῖῖιαι,
3706 2721 3744 2776 d-

2259 2799 2326 2874 ad
2349 2835 2462 2890 vtu,
2489 2823 2553 2878 3!
2585 2829 2641 2877 et
2665 2838 2755 2888 xv,
2776 2822 2843 2887 9;
2875 2837 3001 2878 usus
3033 2823 3302 2893 praeteriti
3345 2822 3580 2892 temporis
3604 2820 3646 2873 in
3676 2829 3748 2870 ιιιι-
3822 2820 3823 2886 l

2259 2912 2470 2968 ratione
2491 2929 2590 2983 pro
2620 2924 2887 2986 praesente
2909 2928 3106 2985 graeco,
3135 2914 3250 2968 vid.
3305 2914 3371 2969 ad
3404 2913 3568 2968 Matth.
3604 2924 3685 2973 vttt,
3705 2905 3744 2959 20
3822 2895 3823 2924 ³

2261 3011 2315 3056 et
2344 3004 2474 3059 Luc.
2501 3001 2578 3069 ut,
2608 3006 2667 3058 11
2703 3014 2758 3059 et
2813 3014 3068 3074 praeterea
3103 3003 3274 3059 multa
3307 3005 3431 3070 alia,
3471 3017 3576 3075 quae
3605 3009 3747 3056 enntne

2263 3107 2383 3149 rare
2415 3095 2628 3165 longum
2679 3107 2784 3164 est,
2833 3112 2938 3152 non
2988 3108 3115 3152 sunt
3160 3099 3482 3163 varietates;
3529 3109 3605 3151 eas
3638 3100 3749 3144 autem

2263 3183 2512 3242 invenire
2540 3188 2741 3242 auxilio
2764 3189 3036 3243 interioris
3063 3188 3334 3244 sermonis
3374 3188 3554 3261 gothici
3576 3182 3752 3256 cognitio-
3824 3228 3825 3254 ι

2265 3275 2346 3330 nis
2378 3293 2484 3331 non
2515 3279 2650 3334 adeo
2679 3279 2898 3335 difﬁcile
2935 3289 3034 3335 est.
3071 3280 3424 3336 Inveniuntur
3469 3279 3644 3351 quidem
3666 3275 3751 3334 Ιοςι.
3824 3261 3825 3276 “

2265 3368 2354 3422 ubi
2379 3367 2572 3424 haereri
2598 3372 2784 3440 possit,
2841 3380 3014 3426 utram
3062 3371 3353 3426 lectionem
3386 3370 3570 3426 Gothus
3604 3373 3753 3422 secutus

2261 3463 2354 3530 sit,
2381 3464 2502 3533 quia
2525 3465 2710 3518 eadem
2742 3465 2908 3518 forma
2936 3463 3151 3534 gothica
3171 3466 3386 3520 duabus
3415 3465 3576 3536 grmcis
3597 3471 3758 3526 respon‘

2261 3559 2371 3622 det,
2397 3560 2472 3625 uti
2499 3558 2612 3614 Gal.
2650 3574 2722 3622 \‘l,
2762 3559 2796 3612 ⁸2
2836 3559 2925 3613 ubi
2975 3558 3227 3632 usfttllet'p
3265 3590 3338 3602 —
3365 3560 3699 3638 ἀναπληρώσατε
3725 3557 3758 3602 εί

2262 3652 2675 3727 ἀντιπληρώσετε,
2706 3650 2832 3705 Cor.
2882 3649 2924 3720 Ι,
2960 3667 3046 3718 xv,
3099 3651 3165 3707 49
3225 3652 3318 3706 ubi
3373 3667 3464 3722 per
3505 3651 3698 3702 bairainta
3725 3648 3757 3694 et

2261 3745 2540 3819 φορέσομεν
2579 3753 2634 3797 et
2661 3745 2948 3818 φορέσωμεν
2980 3742 3130 3799 reddi
3181 3751 3421 3812 poterat,
3467 3741 3532 3798 cl.
3569 3739 3623 3794 ad
3657 3735 3751 3796 LV:

2260 3838 2330 3892 50
2356 3855 2370 3905 ;
2403 3852 2491 3893 aut
2518 3840 2798 3907 particula:
2823 3854 3009 3908 graece
3038 3839 3271 3892 diverse
3296 3854 3326 3893 a
3363 3836 3531 3894 Gotlto
3573 3827 3757 3889 nonsatis

2259 3927 2541 3998 diligenter
2592 3939 2719 3984 sunt
2772 3929 3059 3996 distinctae,
3113 3930 3188 3984 uti
3217 3929 3276 3986 δὲ
3311 3940 3365 3986 et
3408 3926 3655 4011 yéinCt
3690 3920 3756 3982 καί.

2261 4025 2342 4077 καί
2372 4031 2426 4076 et
2474 4017 2590 4092 ait»;
2626 4023 2678 4078 in
2721 4021 2802 4082 Itis
2846 4022 3014 4082 salius
3057 4021 3160 4082 erit
3189 4021 3430 4083 Gothum
3485 4023 3665 4080 codices
3700 4023 3756 4067 eoi

2259 4128 2500 4173 secutum
2531 4119 2732 4184 dicere,
2757 4135 2878 4174 cum
2919 4120 3111 4190 quibus
3158 4121 3475 4188 conspirare
3522 4115 3618 4169 fere
3654 4105 3756 4161 50161.

2258 4207 2388 4276 Quae
2415 4221 2591 4266 autem
2633 4212 2892 4266 lectiones
2927 4227 3117 4266 revera
3165 4223 3294 4266 sunt
3341 4212 3616 4268 variantes,
3641 4203 3759 4255 11200

2256 4300 2562 4373 diligentius
2619 4303 2862 4358 notanda!
2914 4314 3062 4368 sunt,
3103 4303 3227 4373 quia
3289 4304 3469 4359 versio
3513 4297 3662 4360 Gothi,
3682 4301 3756 4360 (1⁵⁸³⁵

2259 4411 2378 4450 cunt
2407 4399 2551 4452 nullo
2585 4397 2839 4453 librorum
2875 4409 3207 4452 veustorum
3240 4399 3422 4454 adhuc
3471 4389 3757 4464 superstitum]

2257 4490 2330 4544 ita
2360 4492 2614 4559 concinit,
2645 4502 2702 4546 ut
2733 4507 2798 4546 ex
2825 4507 2892 4547 eo
2940 4493 3056 4546 solo
3111 4493 3301 4545 hausta
3347 4492 3451 4547 dici
3481 4487 3643 4561 possit.
3685 4481 3756 4546 il“

2259 4598 2358 4652 pro
2384 4583 2568 4638 cttdice
2597 4593 2680 4638 est
2703 4582 2966 4640 habenda.
2999 4584 3128 4638 Nam
3156 4585 3371 4639 etiamsi
3423 4581 3640 4654 plurimis
3674 4567 3759 4624 lotis

2254 4675 2654 4745 evangeliorum
2699 4691 2822 4730 cum
2854 4677 3040 4731 codice
3076 4676 3116 4729 D
3158 4675 3506 4744 epistolarunt
3547 4683 3647 4725 cum
3663 4659 3758 4716 codi-

2256 4768 2408 4824 cibus
2439 4767 2618 4825 DEFG
2643 4772 2662 4792 ⁶
2693 4769 2958 4825 consentit
2979 4809 2995 4837 ,
3055 4779 3230 4824 tamen
3259 4770 3312 4824 in
3346 4764 3619 4838 evangeliis
3643 4758 3759 4814 illum.

2256 4861 2310 4917 in
2335 4862 2576 4932 epistolis
2605 4862 2704 4918 bos
2729 4862 2944 4918 codices
2984 4860 3214 4916 Gothum
3269 4877 3392 4917 esse
3420 4867 3638 4916 secutum
3673 4859 3759 4904 con-

2253 4954 2398 5009 tendi
2424 4969 2528 5009 non
2557 4963 2748 5024 potest,
2781 4953 2904 5022 quia
2934 4951 3073 5007 haud
3120 4967 3284 5022 pauca
3334 4961 3460 5007 sunt
3488 4951 3612 5012 loca,
3633 4940 3702 4998 ubi
3719 4935 3762 4991 ab

2253 5049 2465 5106 illorum
2490 5049 2809 5104 auctoritate
2837 5047 3070 5103 discedit
3093 5077 3166 5089 —
3188 5063 3308 5118 quae
3335 5047 3494 5102 etiam
3521 5051 3658 5097 causa
3690 5037 3762 5094 est.

2254 5156 2353 5196 cur
2380 5143 2556 5196 versio
2584 5141 2816 5212 gothica,
2847 5155 2967 5196 cunt
3003 5139 3187 5194 mixtis
3223 5132 3614 5194 annumeranda
3637 5127 3704 5190 sit.
3722 5119 3765 5172 id

2253 5231 2596 5304 byzantinam
2627 5234 2746 5288 sive
2791 5229 3428 5300 constantinopolitanam
3468 5219 3765 5313 recensionetn

2253 5327 2425 5382 solam
2472 5341 2503 5380 a
2562 5324 2692 5379 viris
2731 5323 2902 5379 doctis
2955 5339 3060 5378 non
3104 5322 3336 5377 debebat
3389 5319 3678 5378 referri—3
3714 5316 3766 5358 5"

2252 5417 2439 5473 Matth.
2467 5431 2522 5482 v,
2547 5413 2617 5470 46
2639 5414 2758 5469 cod.
2794 5413 2838 5468 D
2862 5415 3087 5477 τιλῶναι,
3131 5410 3292 5467 Goth.
3351 5410 3525 5464 thiudo
3570 5395 3764 5477 (seum);

2252 5525 2328 5576 Vl,
2388 5509 2490 5563 11)
2543 5507 2881 5576 δικαιοσύνην,
2931 5507 3091 5563 Goth.
3136 5507 3370 5561 armttt'on
3421 5485 3765 5576 (ἐλεημοσύνηῆξ

2252 5617 2328 5665 vt,
2361 5601 2396 5656 4
2442 5600 2485 5656 D
2526 5601 2685 5656 habet
2727 5603 2904 5667 αὐτὸς,
2935 5598 3076 5669 quod
3115 5598 3274 5655 Goth.
3309 5575 3641 5661 omittit;vt,
3671 5575 3766 5638 i3”

2253 5693 2449 5760 omittit
2470 5692 2830 5762 doxologiam,
2862 5705 3023 5762 quam
3069 5690 3231 5747 Goth.
3285 5689 3470 5754 habet,
3498 5695 3550 5741 et
3587 5681 3656 5736 sic
3677 5680 3766 5744 per-

2326 5836 2347 5867 ²
2390 5834 2687 5903 Eintritung
2719 5832 2769 5885 in
2795 5833 2876 5886 die
2897 5830 3171 5903 géttliclten
3193 5828 3451 5902 Schriften
3469 5843 3521 5898 p.
3549 5818 3660 5877 279.

2327 5909 2346 5933 ‘
2387 5909 2534 5978 Quos
2565 5903 2942 5962 Grtesbacbius
2968 5906 3163 5975 signat.
