3960 6340
481 361 576 426 871
1445 350 1865 415 FRAGMENTA
1904 348 2065 409 ALIA
2089 337 2444 405 'GO’I’HICIE
2479 335 2773 402 LINGUE.‘
3605 335 3712 404 872

675 475 713 532 2
744 471 838 546 jah
864 467 1182 529 laivveiteis.
1223 467 1317 540 jah
1338 470 1583 542 anabaub
1609 469 1824 524 ananiin
1855 463 2020 536 brobr
2053 463 2376 520 meinamma
2403 460 2494 532 jah
2519 457 2771 514 ananeiin
2797 452 3143 546 tauramablja
3169 452 3362 546 baurgs
3389 453 3706 518 iaimtalems.

659 568 695 623 '5
732 543 862 620 unte
890 578 949 619 sa
975 576 1069 617 vas
1087 560 1203 617 vair
1227 559 1570 630 sunjeinsjah
1623 557 1826 628 ogands
1867 554 2073 626 iraujan
2099 554 2221 609 ufar
2253 566 2571 624 managans.
2642 548 2738 620 jah
2769 545 2876 620 qab
2918 549 2992 603 im
3046 545 3103 602 ni
3129 543 3476 603 uslukaindau
3508 548 3712 609 daurons

732 655 1066 711 iairusalems
1083 651 1192 708 und
1218 652 1363 723 batei
1397 651 1637 706 urrinnai
1669 663 1844 704 sunno
1864 675 1936 688 —-
1964 675 2037 687 -—-

1859 776 2436 835 INTERPRETATIO.

485 924 705 976 murus,
734 915 790 964 et
817 906 969 977 posui
993 904 1175 977 valvas
1201 911 1256 958 et
1280 899 1533 977 recensiti
1557 898 1774 977 fuerunt
1798 896 2064 977 ianitores
2091 902 2147 951 et
2175 903 2423 977 cantores
2450 900 2507 948 et
2531 891 2732 977 Levita:
2760 907 2796 977 _:_
2933 884 3283 977 caprice?
3309 883 3732 977 {paniatLihra‘trt

487 958 968 1047 ὗῖξὸξῖιληῖἱιὶᾇέ
993 958 1244 1047 βὲωΐβοιο
1273 975 1417 1028 urbis
1447 958 1816 1047 Ierusalemjs;
1839 983 1960 1047 nam
2014 967 2101 1021 hic
2123 976 2245 1047 erat
2295 963 2396 1047 vir
2434 979 2601 1047 vera;
2656 971 2711 1017 et
2759 961 2956 1016 timens
3007 958 3282 1015 dominum
3333 969 3491 1028 super
3529 958 3738 1044 multos;

487 1035 540 1110 3.
561 1035 636 1109 'éi
663 1051 769 1107 dixi
800 1049 900 1116 eis,
924 1035 1324 1116 ne'aperiantur
1347 1051 1515 1114 porta:
1547 1039 1885 1097 lerusalemis
1913 1053 2080 1108 usque
2105 1035 2232 1092 dum
2265 1036 2471 1091 oriatur
2498 1035 2602 1090 sol.
2632 1061 2788 1075 —-

1856 1169 2402 1230 ANNOTATIONES.

572 1315 665 1363 vn,
691 1297 748 1368 2.
789 1295 970 1368 bropr]
997 1296 1076 1352 sic
1096 1296 1252 1360 cod.;
1297 1293 1443 1368 (last.
1476 1289 1784 1368 Xﬁropri.
1824 1320 1904 1368 -τ
1926 1291 2090 1345 iairu-
2202 1305 2353 1368 omn.
2375 1289 2510 1368 libr.
2541 1291 2640 1354 ὡς,
2676 1286 2783 1368 sed
2812 1294 2938 1342 sunt
2969 1285 3110 1368 inter
3137 1276 3740 1368 Δςιιακιοξηςιςξί-ιῆτεΙορζαξιι

507 1351 704 1440 manu]
731 1351 1084 1436 Ierusale’mis,
1113 1351 1194 1439 gr.
1240 1351 1296 1423 is
1317 1351 1770 1442 Ἱερουὶτοὶλήμῗ-
1793 1362 1905 1435 uas]
1935 1372 2071 1429 erat,

2187 1390 2258 1404 —
2287 1359 2432 1432 ufar’]
2457 1351 2639 1431 super,
2675 1358 2828 1430 Sept.
2858 1358 3019 1436 παρά,
3052 1351 3212 1411 Gotli.
3244 1369 3299 1410 c.
3329 1351 3588 1423 Complut.
3613 1351 3739 1429 ὑπίρ.

1681 1551 2606 1582 *⁵-

653 1761 1630 1897 FRAGMENTA
1721 1755 2099 1886 ALIA
2171 1751 2918 1882 GOTHICIE
2989 1750 3660 1897 LINGUfE.

1621 2100 2144 2176 MONITUM
2193 2098 2700 2175 EDITOBIS

1580 2235 1689 2306 (Ex
1716 2234 1884 2307 Praef.
1907 2235 1975 2290 ad
1996 2237 2150 2307 gloss.
2173 2237 2361 2306 partim
2385 2233 2721 2305 excerptum).

589 2352 791 2408 Praeter
817 2349 1092 2406 ulﬁlanam
1126 2348 1450 2415 versionem,
1482 2347 1588 2403 duo
1633 2352 1925 2418 supersunt
1949 2357 2324 2415 monumenta,
2354 2362 2492 2417 quas,
2523 2345 2570 2400 si
2600 2345 2748 2400 dubii
2778 2352 2902 2399 sunt
2925 2342 3182 2411 auctoris,
3229 2341 3592 2413 gotbicitatem
3617 2350 3770 2398 tamen

521 2444 664 2500 haud
689 2443 988 2515 ambiguam
1018 2457 1128 2510 prae
1154 2441 1431 2508 scierunt,
1460 2438 1744 2496 Skeireins
1769 2440 1974 2496 scilicet
2001 2446 2056 2494 ct
2080 2437 2458 2495 Calendarium
2489 2437 2780 2507 gotbicum.
2799 2435 2930 2490 Cum
2955 2444 3131 2489 autem
3161 2433 3359 2503 prioris
3389 2441 3595 2499 textus,
3613 2447 3758 2501 quem

522 2537 892 2592 Massmannus
922 2536 1152 2591 restituit
1181 2544 1238 2592 et
1262 2535 1545 2605 castigavit
1570 2533 1715 2604 (coll.
1744 2532 2006 2588 Ienaische
2029 2533 2252 2604 Allgem.
2275 2530 2785 2601 Litteraturzeitung,
2826 2528 2986 2592 1855,
3013 2536 3078 2582 n°
3108 2528 3208 2593 6i;
3238 2526 3406 2582 Laebe
3433 2525 3676 2597 Beymige
3698 2542 3781 2580 sar

522 2625 1005 2699 Textberic/tligung
1027 2629 1132 2681 und
1155 2623 1449 2699 Erkltirtmg
1473 2627 1564 2682 der
1587 2625 1881 2695 Skeireim,
1915 2627 2212 2696 Altenburg
2244 2624 2427 2696 1859),
2471 2632 2525 2679 et
2560 2623 2872 2694 posterioris
2898 2624 2952 2676 in
2979 2621 3098 2676 solo
3121 2620 3418 2691 Specimine
3449 2621 3666 2692 partium
3693 2620 3787 2672 ἔπιε

525 2723 753 2778 diturum
795 2722 971 2790 Ulﬁlar
1005 2723 1370 2789 inveniantur,
1404 2722 1508 2778 hoc
1531 2721 1809 2792 proposito
1838 2729 2028 2776 nostro
2056 2719 2624 2776 convenientissimum
2651 2732 2772 2773 esse
2816 2716 3088 2780 duximus,
3123 2715 3168 2769 si
3191 2725 3480 2784 utrumque
3508 2713 3639 2767 infra
3673 2711 3780 2766 sub-

523 2818 839 2888 jecerimus.
867 2817 983 2872 Jam
1013 2832 1165 2881 vero,
1194 2832 1301 2888 quo
1330 2817 1597 2872 faciliores
1631 2816 1761 2870 ﬁant
1791 2815 2248 2886 investigationes,
2277 2814 2343 2868 ad
2367 2813 2664 2883 marginem
2694 2816 2871 2864 textus
2895 2804 3172 2861 Skeireins
3198 2805 3421 2876 paginas
3450 2815 3506 2860 et
3529 2805 3782 2860 columnas

522 2908 724 2964 codicis
754 2909 1049 2963 secundum
1072 2906 1401 2964 Massmanni
1434 2908 1808 2963 recensionem
1839 2907 2077 2962 romanis
2103 2905 2254 2962 cil'ris
2287 2915 2340 2960 et
2368 2904 2560 2960 litteris
2609 2900 2984 2968 indicavimus,
3018 2897 3209 2968 quibus
3240 2900 3405 2952 etiam
3454 2898 3507 2951 in
3550 2895 3786 2967 glossario

523 3003 606 3058 usi
635 3017 852 3068 sumus;
886 3003 1110 3074 paginas
1135 3017 1264 3058 vero
1287 3001 1532 3072 ejusdem
1563 3011 1746 3058 textus
1795 3018 1826 3057 a
1871 3002 2215 3057 Massmanno
2241 2999 2371 3057 editi
2419 3008 2478 3056 et
2519 2997 2756 3055 restituti
2803 2993 3035 3050 arabicis
3083 2994 3326 3049 numeris
3377 2991 3781 3063 designavimus,

525 3094 608 3150 his
628 3093 791 3149 etiam
815 3093 869 3148 in
893 3091 1332 3148 annotationibus
1361 3102 1540 3149 textus
1579 3093 1791 3149 Ulﬁlani
1836 3093 1944 3164 jam
1974 3093 2249 3149 adhibitis.
2281 3091 2566 3148 Variantes
2594 3097 2773 3146 autem
2821 3089 3084 3145 lectiones
3121 3086 3371 3146 codicum
3417 3102 3516 3158 per
3542 3086 3604 3154 ο,
3631 3083 3781 3142 edito-

524 3199 636 3244 rnm
663 3199 791 3240 vero
815 3199 912 3254 per
932 3183 982 3240 M
1011 3182 1434 3256 (Massmannum
1462 3192 1520 3241 et
1545 3182 1694 3241 Cast.
1720 3181 2192 3256 (Castillionaaum)
2223 3183 2544 3240 notavimus.

1749 3477 1832 3579 Ι.
1912 3475 2643 3581 SKEIREINS.

1923 3646 2411 3663 ﬂ

565 3767 617 3824 ι,
653 3769 686 3811 a
739 3782 810 3796 -ο
836 3752 949 3809 saei
979 3751 1172 3824 frabjai
1199 3749 1391 3826 aibbau
1421 3753 1593 3825 sokjai
1618 3749 1750 3825 gub.
1807 3753 2355 3810 allaiusvandidedun
2379 3768 2602 3810 samana
2633 3753 2925 3826 unbrukjai
2966 3751 3234 3825 vaurbun.‘
3278 3751 3370 3822 jab
3405 3753 3469 3824 jn
3496 3753 3560 3810 ui
3580 3751 3791 3828 danbaut

604 3846 671 3902 57
743 3843 1003 3899 aldrusun
1033 3845 1202 3900 stauai
1227 3846 1268 3899 ί.
1324 3844 1456 3900 inuh
1484 3843 1571 3917 bis
1603 3861 1724 3917 qam
1757 3846 2002 3917 gamains
2054 3845 2242 3902 allaize
2274 3845 2528 3916 nasjands
2569 3845 2762 3900 allaize
2809 3846 3169 3902 iravaurhtins
3205 3843 3538 3916 afhrainjan.
3613 3847 3665 3903 ni
3687 3847 3791 3906 ibm

743 3937 835 3992 nib
861 3937 1063 4008 galeiks
1086 3939 1300 3994 unsarai
1330 3939 1624 4008 garaihtein
1665 3937 1732 3994 ak
1758 3939 1894 3994 silba
1919 3939 2182 4010 garaihtei
2235 3939 2457 3994 visands
2511 3938 2561 3994 ei
2589 3938 2893 4010 gasaljands
2939 3937 3022 3994 sik
3073 3938 3190 3993 {aur
3231 3953 3336 3994 uns
3368 3939 3526 3995 hunsl
3551 3941 3663 4011 jas-
3679 3938 3792 4011 saub

744 4026 883 4098 guba
933 4026 1085 4098 bizos
1136 4029 1474 4086 manasedais
1495 4030 1846 4101 gavaurhtedi
1887 4030 2178 4086 ussaunein
2203 4033 2247 4086 ³.
2351 4028 2475 4101 bata
2502 4045 2573 4084 nu
2602 4029 2943 4100 gasaiwands
2997 4029 3260 4086 iobannes
3295 4028 3370 4103 bo
3397 4031 3478 4088 sei
3523 4035 3793 4087 ustaubana

640 4122 677 4179 b
746 4122 972 4178 habaida
1005 4128 1030 4189 ll
1063 4123 1284 4195 vairban
1315 4125 1448 4180 iram
1477 4124 1672 4195 fraujin
1704 4124 1936 4197 garehsn
1977 4123 2092 4198 mib
2118 4125 2290 4195 sunjai
2321 4122 2450 4196 qab.
2477 4125 2553 4181 sai
2585 4140 2643 4179 sa
2670 4127 2743 4180 ist
2764 4123 2951 4196 vibrus
2981 4125 3117 4197 gubs
3147 4125 3260 4180 saei
3287 4125 3520 4198 al’nimib
3547 4124 3794 4180 fravaurbt

747 4215 899 4288 bizos
929 4218 1288 4273 manasedais.
1351 4217 1588 4273 mahtedi
1613 4217 1958 4289 svebauhjah
1981 4219 2075 4272 inu
2102 4231 2256 4272 mans
2277 4215 2385 4272 Ieik
2413 4215 2683 4286 valdufnja
2706 4215 2922 4288 bataine
2950 4215 3319 4286 gudiskamma
3343 4216 3624 4287 galausjan
3648 4215 3793 4270 allans

742 4322 806 4362 us
853 4307 1132 4363 diabulaus
1179 4308 1506 4363 anamabtai.
1585 4309 2016 4364 akeikunnands
2060 4307 2208 4379 batei
2253 4307 2637 4363 svaleikamma
2702 4307 2975 4377 valdul‘nja
3039 4307 3270 4362 mahtais
3297 4306 3475 4380 naubs
3517 4305 3792 4364 ustaiknida

603 4400 674 4455 58
745 4401 1048 4469 vesijan-ni
1070 4399 1358 4471 banaseibs
1380 4401 1602 4456 fastaida
1626 4401 2235 4473 garaibteinsgarehsns
2264 4401 2284 4431 ³
2326 4406 2354 4467 ιι
2399 4401 2468 4456 ak
2496 4399 3060 4472 naubaigavaurhtedi
3083 4415 3280 4456 manne
3301 4401 3508 4470 ganist.
3549 4401 3688 4468 jabai
3711 4396 3792 4453 aut

637 4507 669 4547 c
755 4492 1006 4547 diabulau
1029 4493 1161 4547 iram
1189 4493 1559 4548 anasmdeinai
1588 4494 1682 4547 nih
1710 4493 2041 4564 naubjandin
2072 4492 2143 4548 ak
2171 4492 2483 4548 uslutondin
2511 4497 2536 4558 ΙΙ
2561 4507 2789 4547 mannan
2814 4492 2904 4563 jah
2923 4491 3076 4563 bairh
3107 4491 3251 4559 Iiugn
3282 4492 3652 4562 gawotjandin
3671 4490 3792 4547 uiar-

754 4597 959 4651 gaggan
990 4584 1252 4638 anabusn.
1329 4582 1497 4653 baluh
1519 4585 1634 4639 vesi
1664 4583 1816 4654 vibra
1835 4582 1958 4655 bata
1993 4585 2170 4655 gadob
2199 4585 2252 4640 ei
2292 4584 2457 4654 irauja
2491 4584 2736 4654 qimands
2764 4585 2963 4639 mahtai
2990 4583 3231 4655 gudiskai
3251 4585 3347 4654 jah
3373 4585 3651 4656 valdul‘nja
3674 4582 3792 4658 bant

748 4673 1074 4743 galausidedi
1094 4675 1185 4743 jah
1210 4673 1409 4746 naubai
1441 4675 1511 4731 du
1535 4676 1798 4746 gagudein
1817 4677 2194 4748 gavandidedi.
2273 4695 2342 4735 ne
2369 4679 2471 4734 auk
2492 4678 2713 4750 bulitedi
2739 4677 2843 4750 bau
2866 4682 2924 4734 in
2947 4680 3275 4750 garaihteins
3295 4682 3598 4752 gaaggvein
3623 4680 3645 4713 δ
3673 4682 3791 4734 urar-

752 4779 958 4836 gaggan
987 4763 1058 4835 bo
1085 4766 1234 4821 {aura
1261 4767 1323 4837 ju
1363 4784 1425 4822 us
1455 4767 1824 4823 anastodeinai
1853 4769 2112 4838 garaidon
2142 4771 2418 4842 garehsn?
2493 4769 2668 4842 gadob
2696 4787 2764 4825 nu
2809 4787 2903 4827 vas
2951 4773 3086 4830 mais
3135 4773 3269 4845 bans
3323 4789 3631 4831 svesamma
3661 4771 3788 4841 viljin

745 4857 1163 4927 ul‘liausjandans
1190 4859 1437 4916 diabulau
1460 4861 1531 4916 du
1562 4859 1884 4932 ufargaggan
1914 4861 2158 4918 anabusn
2185 4860 2324 4935 gubs
2349 4862 2564 4935 banzuh
2597 4863 2735 4918 aftra
2765 4879 3066 4921 svesamma
3093 4867 3244 4938 viljin
3274 4871 3561 4939 gaqissans
3599 4863 3791 4937 vairban

633 4953 668 5006 d
743 4951 1013 5022 nasjandis
1045 4952 1114 5006 lai
1140 4958 1164 5018 ll
1187 4955 1356 5009 seinai
1399 4953 1496 5024 jah
1526 4954 1827 5010 frakunnan
1878 4954 2122 5010 unselein
2153 4954 2238 5026 bis
2269 4954 2474 5026 funrbis
2503 4956 2804 5011 uslutondis
2831 4955 2891 5029 ib
2916 4957 3105 5029 sunjos
3126 4957 3296 5032 kunbi
3335 4961 3410 5016 du
3458 4961 3794 5017 aftraanasto-

748 5044 923 5098 deinai
947 5041 1068 5114 bize
1094 5047 1150 5101 in
1179 5044 1321 5117 guba
1347 5055 1560 5103 usmete
1587 5047 1861 5119 gasatjan.
1939 5047 2073 5102 inuh
2091 5047 2180 5119 bis
2201 5063 2273 5102 nu
2296 5047 2391 5117 jah
2420 5047 2522 5102 Ieik
2546 5061 2698 5103 mans
2719 5048 2951 5104 andnam
3005 5050 3058 5106 ei
3105 5051 3354 5109 laisareis
3381 5053 3405 5085 '
3448 5069 3556 5110 uns
3608 5051 3790 5126 vairbai

741 5134 892 5208 bizos
919 5137 991 5193 du
1019 5135 1158 5209 guba
1197 5138 1547 5209 garaihteins.
1627 5156 1720 5196 sva
1741 5141 1848 5197 auk
1874 5140 2063 5196 skulda
2093 5141 2165 5196 du
2183 5140 2428 5212 galeikon
2450 5142 2620 5197 seinai
2646 5143 2857 5198 frodein
2884 5142 2978 5213 jah
3001 5159 3156 5201 mans
3184 5145 3322 5202 ai‘tra
3343 5145 3578 5219 galabon
3612 5147 3635 5180 ‘
3661 5161 3796 5202 vaur-

745 5231 865 5285 dam
905 5230 999 5300 jah
1045 5240 1351 5289 vaurstvam
1388 5233 1480 5304 jah
1531 5236 1687 5306 spilla
1738 5233 1964 5306 vairban
2012 5233 2376 5304 aivaggeljons
2417 5244 2648 5290 usmete.
2724 5233 2782 5305 ib
2827 5237 2885 5290 in
2930 5233 3071 5306 bizei
3101 5236 3123 5268 ⁷
3156 5253 3226 5292 nu
3269 5237 3466 5293 vitodis
3506 5235 3792 5311 gaaggvei'

543 5323 584 5385 l,
635 5339 662 5375 τι
739 5323 791 5378 ni
823 5322 1006 5394 batain
1051 5326 1312 5395 gavandei
1334 5367 1350 5382 .
1382 5368 1396 5382 .
1425 5369 1438 5383 .
1471 5332 1493 5363 ο
1520 5358 1593 5372 -
1614 5359 1684 5369 -
1718 5370 1732 5384 .
1757 5366 1774 5383 .
1808 5369 1822 5383 .
1852 5330 1939 5384 nai
1992 5327 2331 5400 galaubeinai
2377 5326 2668 5398 vairbands
2695 5329 2753 5398 ju
2809 5328 2928 5386 faur
2964 5332 3054 5386 ina
3095 5330 3317 5404 balbeib
3339 5335 3397 5388 in
3452 5335 3592 5390 mela
3626 5331 3794 5389 raihtis

593 5417 658 5470 3:)
731 5415 1000 5486 bulainais
1027 5419 1182 5476 leikis
1211 5422 1253 5454 ⁸ο
1283 5406 1398 5477 al’ar
1425 5421 1970 5494 bulain-svikunbaba
1994 5419 2108 5493 mib
2138 5421 2325 5478 ioseba
2358 5421 2654 5478 usﬁlbands
2681 5422 3138 5495 gasvikunbjands
3166 5426 3217 5482 ei
3243 5429 3296 5482 ni
3325 5426 3616 5483 aivandida
3639 5426 3720 5482 sik
3742 5426 3786 5480 in

621 5553 632 5582 ¹
663 5553 764 5621 leg.
797 5561 983 5613 staua.’

623 5623 641 5651 ²
667 5623 726 5675 C.
752 5630 1022 5675 usmmein-

2317 5561 2340 5592 ⁸
2367 5560 2438 5615 Μ.
2460 5562 2853 5634 aftragatabon.

2314 5633 2334 5664 ⁷
2365 5634 2410 5675 Μ
2456 5636 2510 5675 in
2525 5631 2669 5675 bizpi-

715 5661 726 5674 .
752 5631 1022 5702 nsaunein.
1631 5688 1636 5692 _

1631 5688 1636 5692 .
2314 5633 2334 5664 "
2364 5634 2435 5687 Μ.
2456 5631 2674 5702 inpia—ei;

763 5694 832 5762 (?)
858 5699 924 5750 Μ.
959 5702 1196 5778 garehsn.
1592 5743 1598 5754 ε
1677 5743 1684 5754 -
1762 5734 1764 5736 τ

1190 5742 1196 5756 ι
1592 5743 1598 5754 ε
1677 5743 1684 5754 -
1762 5734 1764 5736 τ
2312 5705 2431 5778 ηε.
2454 5692 2754 5778 euhagis».

619 5761 639 5792 ι
669 5761 730 5815 c.
761 5761 1008 5836 gdagt'ein
1643 5805 1656 5834 τ
1991 5805 2031 5828 ..

619 5833 700 5857 Il‘
751 5837 814 5857 μοὶ
856 5839 1002 5857 l_:_-_
1067 5843 1081 5854 ο

1643 5805 1656 5834 τ
1991 5805 2031 5828 ..
2294 5775 2337 5857 ,ξ
2451 5761 2730 5857 ᾗαρᾶιξαεξη
2760 5778 2880 5833 ai...
2919 5791 2940 5812 ο

616 5833 637 5865 ⁵
662 5833 722 5888 (Σ.
749 5833 818 5904 (?)
851 5833 1129 5907 (unum,
2071 5875 2089 5888 ν

1084 5859 1129 5900 ε.
2071 5875 2089 5888 ν
2294 5843 2338 5875 ’⁸
2366 5845 2436 5902 Μ.
2451 5833 2564 5900 ἰεἱκ
2582 5847 2648 5902 ἴε.
