3840 6416
461 337 567 394 87.)
821 355 824 360 ·
1527 337 1659 394 GRA
1672 339 1976 398 MMATICA
2017 339 2346 400 GOTlllCA'J
2384 337 2688 398 LINGUE.
3552 333 3628 393 8&0

515 477 582 553 le
621 462 866 537 tilippaus
894 477 1239 544 apaustaulus
1267 483 1320 539 in
1344 482 1654 560 jairupulai.

529 572 581 625 "l
2203 575 2271 630 kd

514 637 582 706 ἦ

2200 656 2274 723 EE

513 731 587 804 ﬁ
2013 755 2016 757 λ

2013 755 2016 757 Α
2198 747 2269 830 Εἰ

498 831 715 922 lFIﬁze
735 846 953 921 alpjane
974 851 1026 904 in
1053 849 1066 879 ¹
1102 849 1357 921 balraujai
1388 864 1482 906 'm'
1517 866 1732 908 samana
2196 842 2278 909 Ιῖἰ

512 925 587 993 Γ

2195 935 2271 1002 ᾖ

495 1017 572 1180 {:5
2296 1042 2538 1103 andriins
2557 1043 2924 1117 apaustaulul.

515 1126 572 1180 ,δ
684 1132 688 1136 -
2208 1138 2245 1180 ι-

515 1126 572 1180 ιι)
684 1132 688 1136 ’
2199 1124 2269 1190 l'.’

501 1266 518 1300 ⁸
546 1264 606 1321 C.
635 1264 961 1338 albjanoine.
993 1267 1139 1325 Cast.
1173 1269 1490 1343 albjinoine.

1617 1695 2558 1815 GRAMMATICA

936 1986 2116 2157 GOTHICAE
2252 1991 3240 2158 LINGWE

1514 2171 1992 2273 Dgzane'dgatcaf’.
2025 2201 2249 2273 α-γιθέ
2459 2209 2506 2273 si“.
2576 2198 2666 2273 ε·ίῖ
2907 2259 2921 2273 .

1567 2171 1575 2182 ‘
1693 2177 1702 2188 ο

1303 2229 1335 2269 ίι
1514 2213 1590 2274 ff:
1603 2203 1992 2292 “xlix—10.?)
2025 2201 2249 2280 βιγιῶ
2442 2225 2506 2292 λςέιι
2685 2227 2754 2269 με

1490 2283 1574 2306 τ’*
1917 2283 1974 2306 κτ-

728 2335 801 2418 Ε
845 2269 1620 2448 GERMANiEB
1648 2269 2238 2424 ⁷δΕῐὲὶἴίὀλἫῑ
2296 2269 2467 2425 is?
2501 2269 3046 2426 ¹[ιῖὶῙΤΠιέύΜ
3093 2340 3514 2442 VERSA,

1486 2541 1992 2604 INTERPRETE
2059 2543 2133 2604 F.
2197 2543 2702 2609 TEMPESTINI.

1877 2745 2291 2758 ’Ψ-

1694 2881 2577 3013 PR/EFATIO.

522 3169 885 3248 Antequam
917 3170 1085 3232 hanc
1110 3168 1595 3252 grammaticam
1630 3170 2114 3251 aggrediamur,
2145 3189 2360 3254 operm
2386 3171 2662 3254 pretium
2692 3187 2831 3234 esse
2857 3169 3162 3243 duximus
3192 3169 3337 3250 ejus
3368 3165 3673 3230 fundamen-

447 3276 578 3329 tum
615 3275 675 3331 et
707 3275 992 3332 tenorem
1030 3270 1250 3350 paucis
1287 3272 1496 3333 verbis
1515 3289 1863 3350 exponere.

531 3371 756 3446 Quoad
792 3375 1008 3452 operis
1051 3373 1550 3449 ordinationem,
1583 3379 1914 3456 propriam
1951 3378 2120 3440 viam
2169 3379 2232 3439 in
2287 3379 2542 3460 syntaxi
2592 3378 2898 3460 indagare
2933 3377 3303 3453 debuimus,
3339 3378 3453 3440 hac
3496 3374 3675 3438 hucus~

456 3492 584 3553 que
621 3472 908 3537 nondum
936 3478 1300 3556 explorata.
1331 3479 1450 3543 Hic
1478 3498 1631 3543 vero
1691 3481 1874 3543 nobis
1933 3481 2225 3545 ordinem
2281 3480 2666 3544 didacticum
2705 3483 3004 3562 persequi
3033 3485 3422 3546 conantibus
3449 3477 3675 3562 quando-

449 3594 581 3654 que
617 3578 891 3640 attentio
928 3579 1225 3644 relaxata
1253 3586 1381 3658 est;
1415 3589 1815 3662 quapropter
1853 3601 1980 3644 non
2019 3584 2340 3647 immerito
2367 3603 2700 3666 Speramus
2748 3585 3018 3647 indicem
3049 3604 3272 3650 rerum
3315 3594 3375 3649 et
3407 3579 3677 3648 vocabulo

449 3698 593 3743 rum
624 3681 702 3744 ad
728 3682 969 3746 calcem
1001 3684 1213 3747 oneris
1240 3684 1612 3762 remissum,
1635 3703 1942 3767 magnum
1975 3686 2112 3748 fore
2142 3687 2584 3768 adjumentum
2617 3687 2724 3763 iis,
2755 3689 2989 3768 quibus
3018 3689 3176 3752 ordo
3211 3699 3430 3754 noster
3461 3685 3676 3749 nondum
3792 3681 3793 3768 ἦ

446 3787 633 3850 tritus
665 3795 776 3851 est.

523 3891 597 3955 In
631 3893 839 3956 tribus
870 3895 1093 3976 primis
1134 3896 1479 3976 capitibus,
1510 3914 1656 3975 quae
1693 3895 1770 3958 de
1806 3895 2124 3975 scriptura
2165 3902 2226 3958 et
2261 3896 2642 3976 prolatione,
2679 3914 2927 3960 necnon
2964 3897 3429 3959 vocabulorum
3466 3891 3676 3956 ﬂexione

445 4014 806 4080 eorumque
845 4000 1233 4064 formatione
1283 4003 1634 4078 disserunt,
1663 4002 1860 4062 secuti
1913 4018 2134 4062 sumus
2190 4001 2486 4078 equidem
2541 4000 2831 4062 ordinem
2865 4005 3249 4062 consuetum
3291 4001 3412 4062 sub
3445 3999 3674 4076 respeclu

445 4103 700 4177 forma;
735 4105 859 4167 sub
888 4111 1104 4167 autem
1141 4114 1440 4188 respectu
1479 4110 1794 4186 materiae,
1830 4108 2031 4170 lector
2077 4113 2364 4170 attentus
2402 4108 2586 4171 facile
2623 4109 3122 4186 animadvertat,
3154 4109 3329 4187 quod
3381 4107 3476 4167 hic
3515 4105 3675 4172 etiam,

447 4206 996 4284 quemadmodum
1027 4209 1093 4270 in
1127 4212 1413 4290 syntaxi,
1445 4212 1725 4290 propriis
1755 4211 2363 4290 investigationibus
2393 4209 2618 4271 muniti
2655 4211 3113 4290 propriamque
3141 4209 3317 4272 viam
3347 4212 3675 4274 sectantem

445 4307 742 4375 doctrina
770 4314 1098 4375 communi
1132 4313 1618 4377 deﬂexerimus.
1653 4315 1877 4376 Utrum
1910 4319 1972 4376 et
2002 4315 2066 4375 in
2098 4320 2416 4394 quantum
2444 4313 2675 4376 merito
2707 4313 3073 4390 fecerimus,
3101 4313 3397 4376 sincerus
3431 4313 3596 4372 lector
3614 4302 3674 4362 tli-

444 4410 774 4492 indicabit.
1610 4405 1617 4412 '

525 4516 838 4592 Quamvis
871 4520 935 4580 in
968 4518 1412 4584 elucubrando
1443 4519 1566 4583 hoc
1601 4537 1794 4601 opere
1831 4520 1892 4582 id
1922 4519 2238 4600 imprimis
2266 4519 2350 4582 ob
2385 4519 2604 4583 oculos
2636 4519 3085 4599 habuerimus,
3112 4518 3285 4599 quod
3321 4504 3668 4596 grammatica

445 4617 788 4698 cujuslibet
817 4622 1140 4683 sermonis
1169 4621 1259 4685 ita
1291 4622 1738 4703 restringenda
1767 4622 1876 4701 sit,
1901 4626 1971 4685 ut
2003 4621 2296 4702 linguam
2328 4641 2362 4685 e
2391 4620 2612 4702 lingua
2642 4619 2782 4702 ipsa
2812 4622 3172 4702 explicans,
3203 4619 3580 4700 potissimum
3600 4623 3673 4670 ca‘

445 4723 624 4797 veat,
655 4737 739 4782 ne
779 4720 1110 4799 quodlibet
1145 4729 1429 4804 systema
1459 4730 1976 4804 praeconceptum
2012 4731 2464 4805 persequatur,
2495 4730 2608 4788 aut
2644 4726 2884 4790 formas
2913 4726 3080 4788 alius
3123 4721 3442 4787 sermonis
3484 4715 3567 4779 vel
3602 4725 3666 4772 co-

456 4823 632 4904 gnati
672 4823 912 4905 lingute
943 4825 1342 4890 illustrandae
1379 4828 1697 4909 imponat,
1728 4829 1850 4890 hoc
1880 4833 2094 4891 tamen
2127 4827 2448 4908 principio
2479 4846 2606 4890 non
2636 4827 2796 4892 adeo
2827 4827 3154 4890 constricti
3190 4825 3448 4897 fuimus,
3478 4826 3537 4881 ut
3560 4825 3668 4896 ρκ’

443 4925 632 5004 είρυθ
677 4927 743 4989 in
784 4929 1072 5010 syntaxi,
1105 4949 1386 5011 gracum
1416 4937 1692 5008 textum,
1725 4932 1997 5012 gothicm
2032 4931 2409 4994 litteratura
2445 4929 2956 5004 fundamentum,
2990 4933 3363 4994 constanter
3396 4943 3511 4988 non
3538 4923 3672 4983 invo-

446 5031 807 5095 caverimus
844 5051 860 5092 :
901 5035 1160 5112 prepria
1191 5035 1362 5096 enim
1395 5035 1641 5098 indoles
1673 5034 1945 5113 gothicm
1977 5035 2217 5115 linguae
2251 5049 2334 5095 ex
2363 5031 2482 5095 hac
2511 5032 2860 5095 collatione
2889 5031 3249 5095 evidentius
3282 5028 3522 5091 eminet.

533 5133 690 5198 Cum
723 5135 803 5196 de
839 5136 1148 5198 anteriori
1184 5143 1247 5200 et
1281 5140 1621 5218 posteriori
1661 5156 1959 5202 sermone
1995 5139 2233 5218 passim
2265 5136 2656 5199 mentionem
2690 5135 2988 5212 iacimus,
3016 5135 3194 5198 hunc
3221 5136 3300 5197 de
3327 5149 3450 5194 uno
3482 5127 3535 5189 in
3563 5133 3671 5202 pr0'

447 5235 619 5316 legg.
657 5238 735 5300 ad
764 5241 1040 5318 textum,
1066 5241 1188 5304 col.
1220 5240 1364 5322 M3,
1394 5244 1740 5305 innuimus.

529 5335 671 5399 1am
701 5355 856 5400 vero
885 5341 1195 5419 quoniam
1225 5358 1306 5404 ex
1343 5342 1837 5405 elucubratione
1873 5341 2066 5423 hujus
2103 5342 2316 5422 operis
2347 5341 2590 5423 pluries
2629 5341 3035 5405 occasionem
3075 5339 3438 5408 habuimus,
3465 5333 3668 5394 lacunas

467 5443 532 5499 et
565 5457 818 5505 errores
851 5445 958 5521 qui
994 5451 1120 5508 tam
1160 5445 1227 5506 in
1263 5447 1583 5525 glossario
1658 5447 1673 5481 ‘
1755 5465 1950 5528 quam
2001 5449 2067 5509 in
2137 5452 2316 5510 textu
2367 5447 2640 5529 ejusque
2675 5445 3212 5527 interpretatione
3247 5430 3664 5536 subrepseratll.

463 5542 800 5620 supplendi
827 5553 890 5607 et
920 5548 1306 5630 corrigendi,
1341 5569 1475 5612 rem
1509 5568 1638 5612 non
1672 5551 1990 5631 ingratam
2031 5550 2258 5614 facturi
2297 5551 2480 5612 nobis
2515 5549 2832 5623 videmur,
2863 5549 2915 5611 si
2956 5547 3072 5612 has
3120 5544 3566 5609 emendatione!
3595 5529 3667 5604 hic

447 5638 855 5724 colligentes,
883 5647 1188 5712 lectorem
1220 5652 1505 5718 numeris
1546 5652 1849 5736 paginam
1882 5652 2316 5715 indicantibus
2351 5651 2427 5716 ad
2458 5648 3429 5738 grammaticam'remiserimus.

554 5792 570 5829 ⁸
641 5794 698 5855 In
740 5797 975 5858 editione
1013 5803 1318 5874 germanica
1358 5804 1680 5876 glossarium
1712 5807 1860 5876 prius
1891 5819 2048 5875 quam
2090 5805 2437 5878 grammatica
2471 5811 2673 5861 etstum
2703 5815 2802 5860 est.
2842 5811 3066 5869 lnterpr.
