3840 6438
444 564 661 621 difﬁcile
681 579 746 621 ex
777 564 980 637 giutan,
1002 575 1149 636 gaut,
1177 573 1359 636 gutun,
1389 574 1578 636 gutans
1605 561 1873 635 (fundere)
1907 560 2040 615 tole-

441 659 625 717 rabilis
651 668 943 730 peteretur,
969 659 1166 730 quippe
1193 672 1313 714 cum
1335 658 1548 730 probari
1578 668 1806 726 nequeat
1851 664 2032 711 utrum

441 755 623 826 giutan
653 754 817 810 etiam
845 756 1072 826 gignere,
1101 769 1275 809 creare
1315 752 1600 824 significet,
1626 760 1685 806 ut
1705 748 1872 806 Zeuss
1923 750 2041 804 loc.‘

442 847 588 904 laud.
615 847 721 904 134
747 847 1044 904 contendit.
1075 847 1183 904 Nos
1215 848 1371 917 igitur
1394 845 1778 903 concludeutes
1805 845 2038 900 libenter

440 938 730 996 fatebitnur
775 942 995 997 omnino
1042 941 1273 1011 nescire,
1313 940 1442 1014 quid
1490 954 1688 997 nomen
1734 938 2034 995 Gothorum

441 1021 711 1106 designet.

519 1144 538 1180 ι
575 1123 694 1183 iam
720 1127 1013 1185 Grimmius
1039 1127 1242 1204 (Gram.
1275 1143 1380 1185 xcv
1426 1125 1513 1202 [ll
1559 1123 1742 1202 edit.])
1786 1125 2036 1183 consulte

437 1221 839 1292 animadvertit,
870 1223 1105 1292 linguam
1133 1225 1202 1279 de
1227 1238 1332 1294 qua
1360 1237 1503 1278 nunc
1522 1221 1751 1293 quaestio
1773 1229 1879 1287 est,
1896 1234 2032 1277 mta-

439 1315 777 1385 sogothicam
798 1315 1099 1373 incorrecte
1121 1317 1319 1383 vocari;
1344 1319 1387 1372 si
1413 1317 1554 1373 enim
1583 1315 1785 1383 Uiliias,
1810 1317 1899 1386 qui
1925 1316 2032 1384 pri-

435 1419 558 1460 mus
579 1406 942 1463 verisimiliter
964 1409 1181 1479 gothico
1200 1423 1450 1466 sermone
1471 1410 1707 1480 scripsit,
1731 1409 1814 1465 vel
1836 1409 2026 1464 saltem

431 1495 588 1566 cujus
610 1505 736 1554 sunt
761 1500 1132 1569 antiquissima
1164 1509 1511 1556 monumenta
1544 1499 1742 1569 scripta
1773 1495 1901 1571 (vid.
1937 1497 1965 1570 ᾗ
1993 1498 2028 1554 ϐ

433 1597 491 1645 et
529 1588 640 1660 ll),
670 1590 864 1648 Gothis
906 1591 1146 1649 Milesiam
1187 1594 1549 1650 habitantibus
1571 1593 1832 1660 interluit,
1869 1593 1920 1648 hi
1951 1606 2026 1647 ta-

428 1697 554 1739 men
581 1682 763 1751 Gathi,
797 1684 922 1741 licet
949 1699 980 1742 a
1010 1689 1222 1744 caeteris
1264 1685 1520 1744 fratribus
1557 1689 1796 1743 anterius
1821 1683 2026 1742 disces-

432 1776 624 1844 serint,
669 1785 820 1835 certo
862 1789 1039 1836 autem
1089 1780 1321 1850 linguam
1365 1796 1488 1838 cum
1537 1780 1652 1836 istis
1683 1794 2022 1836 communem

429 1865 758 1925 habuerunt.
798 1869 967 1928 immo
992 1880 1047 1927 et
1076 1871 1399 1928 documenta
1431 1871 1643 1944 gotbics
1673 1885 1792 1940 qua:
1821 1872 1888 1926 ad
1923 1883 2021 1925 nos

430 1975 605 2032 usque
653 1973 1030 2032 pervenerunt,
1064 1980 1291 2036 quisque
1327 1964 1728 2021 dominantibus
1759 1963 2020 2034 Ostrogo-

428 2055 537 2110 this
573 2055 626 2110 in
673 2056 874 2112 italiam
919 2057 1250 2126 prodierunt,
1283 2058 1474 2114 eodem
1517 2073 1766 2114 sermone
1800 2058 2021 2112 omnino

427 2133 553 2202 sunt
586 2148 911 2219 conscripta,
943 2164 1050 2220 quo
1093 2139 1387 2204 Bibliorum
1416 2151 1722 2216 versiones;
1751 2147 1861 2220 jam
1890 2165 2021 2206 vero

426 2240 473 2294 si
503 2237 812 2313 Ostrogothi
842 2241 942 2297 hac
970 2241 1159 2298 eadem
1192 2242 1368 2315 lingua
1405 2242 1780 2314 loquebantur,
1812 2257 1942 2316 ergo
1965 2251 2022 2302 et

427 2329 744 2401 Wisigothi,
803 2349 1030 2404 quorum
1083 2349 1208 2405 pars
1247 2335 1488 2391 Mmsiam
1541 2335 1863 2392 incolebant.
1918 2335 2018 2408 lgi-

427 2437 515 2480 tur
553 2440 730 2483 sermo
775 2439 959 2486 noster
999 2430 1249 2486 omnibus
1295 2427 1484 2486 Gothis
1526 2432 1827 2486 communis
1867 2439 2013 2502 erat,

425 2517 552 2574 coll.
584 2517 612 2589 ς
641 2521 694 2574 4.
729 2537 749 2572 s

503 2609 531 2682 δ
572 2611 626 2664 2.
665 2611 890 2668 Gothica
930 2613 1107 2684 lingua
1151 2614 1215 2669 ad
1257 2614 1748 2684 iudogermanicam
1793 2617 2016 2687 stirpem

426 2702 636 2768 attinet,
666 2713 782 2760 etc
805 2706 1126 2776 germanictc
1166 2706 1379 2763 familia
1423 2707 1615 2779 linguis
1655 2723 1720 2765 ea
1755 2717 1858 2778 est,
1897 2726 2018 2781 qua

426 2796 800 2867 antiquissima
859 2809 1201 2855 monumenta
1270 2799 1536 2869 praebeat;
1594 2801 1663 2856 ita
1716 2811 1792 2869 ut,
1847 2804 2019 2874 prima

427 2897 578 2944 certo
631 2890 866 2946 omnium
909 2891 1143 2961 scripta,
1191 2890 1246 2946 in
1295 2905 1392 2948 sua
1440 2892 1750 2950 sinceritate
1799 2895 1865 2949 ad
1918 2909 2018 2951 nos

427 2985 599 3051 usque
627 2990 838 3038 servata
870 2983 1193 3053 pervenerit.

506 3092 526 3126 ι
561 3073 617 3128 in
651 3076 735 3130 his
767 3074 1046 3131 hodiernis
1073 3077 1404 3146 temporibus
1441 3075 1581 3146 apud
1614 3085 1831 3134 exteros
1860 3079 2018 3151 (Ger-

428 3168 636 3236 manice)
665 3166 896 3236 probare
922 3176 1182 3224 tentatum
1205 3179 1308 3235 est,
1333 3168 1539 3226 Gothos
1561 3169 1625 3224 ad
1652 3172 2020 3240 germanicam

429 3259 655 3327 stirpem
681 3274 786 3314 non
820 3261 1122 3329 pertinere;
1157 3262 1294 3319 inter
1320 3263 1458 3320 alios
1482 3265 1788 3337 Stephanus
1819 3267 2022 3323 llorvat

430 3351 793 3423 Tudomanyos
821 3353 1157 3427 Gyftjtemény
1177 3355 1336 3422 1854,
1354 3359 1387 3411 Ai
1405 3357 1668 3430 fascicul.)
1682 3374 1777 3416 eos
1790 3360 1948 3417 habet
1961 3367 2020 3418 ut

429 3453 644 3511 gentem
671 3445 872 3500 sociam
899 3446 1055 3503 simul
1085 3456 1140 3504 et
1166 3456 1442 3519 parentem
1472 3450 1804 3521 Hunnorum,
1829 3454 2019 3510 Polov-

429 3538 595 3593 tzium
627 3539 666 3607 ί,
695 3537 1056 3596 Cottianorum
1083 3542 1127 3610 ',
1156 3553 1260 3598 etc.
1306 3543 1412 3600 Sed
1457 3547 1660 3600 erravit
1707 3547 1790 3602 vir
1827 3547 2017 3606 doetus

431 3633 689 3703 deceptus
727 3634 944 3690 nomine
986 3635 1202 3691 arabico
1239 3635 1374 3692 Guss
1419 3655 1516 3708 pro
1547 3639 1618 3695 Us
1645 3641 1726 3696 vel
1762 3641 1839 3696 Us
1862 3641 1904 3710 ⁸,
1927 3643 2017 3714 qui

431 3722 796 3781 verisimiliter
819 3725 960 3782 idem
987 3737 1112 3783 sunt
1139 3741 1202 3784 ac
1223 3729 1466 3786 Cumani.
1497 3731 1578 3787 Ad
1607 3734 1768 3788 aliain
1795 3736 2018 3806 stirpem

431 3817 592 3872 etiam
620 3819 1050 3876 adscriberentur
1073 3820 1255 3890 Gothi,
1289 3823 1333 3876 si
1364 3839 1525 3879 unum
1547 3834 1600 3880 et
1623 3826 1762 3880 idem
1785 3842 1848 3883 ac
1867 3828 2018 3884 Geta

430 3923 552 3967 esse
595 3911 974 3978 crederentur,
1027 3913 1136 3968 vid.
1185 3913 1212 3985 §
1271 3920 1330 3980 t;
1384 3915 1477 3971 sed
1533 3917 1598 3971 de
1657 3918 1797 3972 iacto
1855 3917 2015 3976 Gothi

425 4001 566 4060 nihil
625 4003 821 4061 habent
875 4019 1161 4060 comttnc
1209 4021 1330 4062 cum
1373 4007 1544 4076 Getis,
1592 4010 1693 4065 nisi
1740 4010 1903 4081 quod,
1949 4009 2019 4066 ad

428 4104 712 4168 utramque
752 4099 924 4168 ripam
976 4098 1244 4154 inferioris
1287 4099 1514 4157 Danubii
1546 4102 1704 4158 vicini
1736 4104 2015 4172 degentes,

425 4193 749 4265 quandoque
781 4195 1055 4251 commisti
1093 4195 1466 4252 habitaverint.
1511 4198 1774 4253 Caeterum
1811 4198 2019 4254 Gothos

424 4287 746 4354 germanicae
775 4287 997 4356 originis
1025 4299 1146 4343 esse
1174 4296 1286 4342 tum
1315 4302 1381 4344 ex
1415 4288 1810 4360 Ethnographia
1845 4298 1954 4344 tum
1983 4305 2019 4346 e

423 4375 752 4446 Linguistica
796 4386 1032 4446 constat,
1069 4393 1169 4434 nec
1204 4379 1316 4450 jam
1351 4393 1382 4433 a
1429 4379 1645 4434 nemine
1692 4380 1746 4434 in
1791 4379 2012 4436 dubium

422 4480 725 4526 revocatur.
759 4489 778 4521 s

500 4560 530 4634 §
567 4562 619 4617 5.
661 4561 886 4618 Gothica
931 4561 1108 4632 lingua
1151 4579 1182 4617 e
1221 4563 1542 4635 germanicis
1571 4566 1913 4622 sermonibus
1946 4565 2013 4622 ad

419 4655 786 4728 genmanicum
811 4656 1054 4727 propius,
1087 4658 1328 4727 proxime
1353 4669 1533 4714 autem
1561 4658 1626 4714 ad
1658 4670 1896 4716 veterem
1923 4675 2014 4715 su-

336 4818 343 4824 .
417 4751 692 4820 periorem
735 4749 1098 4820 germanit-um
1149 4751 1379 4821 accedit,
1430 4754 1501 4807 ita
1547 4761 1746 4821 tamen,
1791 4763 1849 4808 ut
1889 4769 2011 4809 cum

417 4843 761 4900 scandinavis
783 4843 1127 4900 idiomatibus
1155 4846 1306 4916 plura
1332 4847 1528 4903 haheat
1553 4850 1876 4903 communia.
1903 4847 2010 4904 Sed

417 4935 578 4993 aliter
605 4947 763 5007 atque
791 4947 947 4993 vetus
986 4951 1106 5008 sup.
1154 4939 1514 5010 germanicus,
1542 4939 1632 5010 qui
1663 4939 1896 4995 medium
1926 4955 2012 4996 re-

416 5037 738 5099 centemque
768 5029 997 5100 peperit,
1034 5030 1240 5086 nullum
1271 5031 1354 5085 sui
1399 5030 1669 5086 heredem
1701 5032 1881 5088 habuit
1908 5049 2008 5104 go-

412 5120 612 5177 thieus.

495 5233 514 5266 ι
554 5213 702 5270 Licet
729 5214 1054 5284 principium
1079 5229 1186 5270 non
1215 5222 1593 5284 retractemus,
1621 5217 1764 5289 quod
1790 5219 1841 5273 in
1875 5234 2011 5289 prae-

400 5320 404 5330 '
436 5308 618 5364 tione
655 5308 721 5365 ad
768 5309 1089 5380 glossarium
1121 5310 1142 5341 ³
1183 5312 1552 5382 exposuimus,
1585 5325 1684 5368 nec
1730 5322 1912 5369 nostro
1952 5315 2007 5371 in

331 5437 348 5477 η
414 5402 598 5456 animo
627 5402 698 5456 sit
742 5402 1033 5458 relationes
1079 5403 1306 5474 gothicae
1347 5405 1543 5477 linguas
1571 5407 1638 5462 ad
1677 5407 2004 5464 sattsltritum

410 5503 468 5550 et
506 5493 643 5549 alios
670 5493 814 5549 Asiae
852 5503 1116 5566 cognatos
1159 5510 1438 5553 sermones
1467 5499 1735 5556 discutere
1763 5505 1818 5555 et
1855 5502 2009 5557 exitia

413 5585 573 5652 bere,
619 5592 854 5640 attamen
887 5586 976 5641 hic
1014 5588 1256 5660 apprime
1300 5591 1450 5646 venit
1478 5591 1618 5660 quod
1651 5592 1797 5663 BOpp
1849 5593 2005 5664 (Con-

479 5720 500 5754 ι
556 5719 815 5777 Polovtsis
864 5724 948 5779 vel
996 5722 1267 5780 Poloetses
1288 5769 1302 5791 ,
1347 5726 1404 5781 id
1447 5737 1566 5794 est,
1608 5728 1661 5782 in
1709 5730 2008 5786 “uasorum

417 5793 690 5870 .diomate.
711 5801 996 5870 senatores,
1014 5795 1188 5870 iidem
1217 5809 1342 5852 sunt
1370 5812 1449 5870 ac
1477 5793 1658 5870 populi
1686 5813 1820 5870 quos
1849 5800 2007 5869 vulgo

413 5873 610 5920 vocant
629 5862 850 5944 C_0utltos
879 5862 1279 5940 (les'Cosaques)
1319 5883 1351 5926 e
1397 5862 1575 5927 Slavls
1615 5862 1873 5944 originem
1915 5862 2007 5929 tiu-

412 5948 616 5993 centes.
651 5934 880 6007 Interpr.

485 6011 504 6042 '
535 6008 752 6067 Comani
794 6010 896 6084 (les
932 6009 1212 6085 Comans),
1246 6013 1408 6070 etiam
1449 6013 1684 6089 Humum
1732 6016 1822 6076 vel
1862 6016 2005 6075 Kon-

1528 467 1983 527 GBAMMATICA
2007 474 2016 515 l

2122 464 2333 524 1³111αῶ
2372 467 2651 525 LINGUE
3353 483 3358 489 '
3557 481 3630 536 su

2133 558 2591 631 jugationssystem
2623 577 2676 632 p.
2701 560 2757 634 ι)
2797 562 2865 619 de
2912 561 2998 619 his
3027 565 3350 635 respectibus
3381 566 3518 624 dicit:
3539 588 3554 624 t
3573 572 3631 627 iri

2139 652 2324 724 glaube
2369 655 2608 710 Sauskrit
2646 674 2710 710 zu
2751 657 2922 724 Issen,
2962 675 3102 714 auena
3130 661 3210 714 icit
3238 664 3330 716 den
3365 664 3633 738 ehrwtirdigss

2145 745 2307 818 Ulﬁla
2329 748 2459 816 lese;
2489 752 2628 806 scine
2657 750 2891 821 Spraclte
2917 754 3045 820 ltélt,
3075 771 3133 810 so
3158 772 3223 810 stt
3246 769 3418 827 sagen,
3443 760 3511 814 die
3533 759 3638 817 litis

2137 839 2388 894 awisclten
2412 840 2650 896 Sanslnit
2685 845 2795 897 and
2825 843 3072 914 Deutscn,
3103 853 3122 900 ί
3157 848 3208 902 id
3251 858 3349 916 est,
3387 850 3639 909 sanskrittul

2137 932 2300 988 credo
2331 933 2528 1006 legere,
2558 938 2920 996 venerandum
2954 939 3165 997 Uililn'm
3191 944 3396 1014 legens;
3420 947 3518 1015 ejus
3537 950 3642 1005 enini

2135 1037 2315 1082 sermo
2345 1029 2552 1086 medius
2577 1039 2685 1087 stat
2714 1032 2857 1089 inter
2884 1033 3215 1092 sanskritum
3253 1048 3306 1092 et
3332 1043 3640 1109 germanicun.

2136 1115 2247 1174 Hoc
2276 1117 2498 1192 insuper
2527 1123 2730 1194 absque
2759 1128 3175 1198 exaggeratione
3201 1130 3510 1186 verissimum
3531 1139 3646 1189 estet

2135 1212 2510 1270 animadversu
2556 1216 2930 1289 dignissimum
2962 1219 3029 1277 ad
3075 1223 3357 1278 notandam
3401 1223 3645 1282 aiiinitatetn

2133 1308 2332 1378 gothici
2379 1326 2500 1366 cum
2545 1311 2667 1367 aliis
2708 1314 3032 1384 germanica:
3082 1313 3301 1371 familiae
3353 1320 3646 1384 scrmonilms,

2130 1401 2272 1470 qod
2335 1405 2482 1476 Bupp
2533 1405 2968 1478 (Vergleiclmide
2995 1408 3312 1464 Gramina“:
3347 1411 3384 1476 l,
3436 1427 3482 1482 ρ.
3519 1413 3648 1468 115⁸⁸

2128 1499 2183 1546 et
2215 1492 2288 1560 ll,
2319 1494 2470 1564 praef.
2517 1511 2566 1566 p.
2592 1509 2666 1550 vn
2713 1499 2827 1568 sq.)
2857 1497 2987 1554 dicit
3013 1517 3028 1554 :
3064 1513 3084 1552 t
3113 1499 3208 1554 das
3235 1499 3489 1556 Gothisclte
3509 1504 3562 1557 ist
3585 1504 3649 1556 der

2127 1587 2296 1641 walzre
2345 1589 2604 1661 Attsgans-
2637 1592 2744 1644 und
2793 1591 3136 1666 Liclttpzmkt,
3178 1595 3271 1649 der
3299 1596 3456 1651 wahre
3493 1596 3651 1653 Gratul-

2125 1677 2310 1747 pfeiler
2338 1678 2606 1736 deutscher
2652 1679 3006 1751 Grammatik,
3046 1685 3139 1739 das
3178 1687 3510 1760 germanisclte
3547 1691 3648 1744 San-

2123 1766 2276 1833 skrit,
2311 1788 2328 1820 ι
2363 1767 2416 1825 id
2461 1779 2574 1838 est,
2602 1774 2877 1844 gothicum
2907 1772 3030 1830 esse
3067 1776 3204 1833 lucis
3233 1786 3289 1832 et
3323 1779 3652 1849 explanationis

2124 1859 2362 1917 fomitem
2416 1877 2710 1935 verumque
2755 1867 3082 1938 germania:
3126 1872 3482 1940 grammatice
3516 1873 3651 1927 tardi.

2123 1963 2244 2009 nem
2265 2000 2277 2021 ,
2307 1969 2418 2011 uno
2442 1957 2632 2024 verbo,
2666 1958 3118 2029 germanisantem
3145 1962 3482 2020 Sanskritum.
3513 1964 3652 2020 iiiram

2122 2045 2398 2114 optionem
2443 2047 2647 2116 praebet
2676 2047 3071 2106 Castiiiionaet't's
3102 2049 3170 2107 de
3200 2054 3453 2111 relatione
3477 2052 3654 2127 gothica

2120 2134 2319 2209 linguae
2361 2137 2424 2191 ad
2476 2138 2608 2193 alias
2653 2140 3030 2210 germanicas:
3073 2158 3196 2197 cum
3242 2145 3384 2200 enim
3426 2147 3654 2217 quamdam

2120 2228 2310 2284 Fuldac
2339 2231 2745 2287 annohtionem
2787 2232 3008 2304 legerit,
3040 2234 3126 2289 ubi
3159 2237 3418 2291 asseritur
3438 2239 3653 2309 gothicutn

2118 2320 2318 2377 nullius
2364 2323 2792 2392 germanicorum
2838 2341 3150 2382 sermonum
3194 2329 3467 2386 exclusive
3507 2330 3654 2386 funda-

2117 2423 2357 2470 mentum
2387 2432 2528 2484 esse,
2560 2419 2640 2473 sic
2677 2433 2896 2476 sensum
2925 2436 3080 2477 suum
3112 2422 3381 2479 illustrare
3407 2441 3503 2479 non
3539 2426 3654 2479 du‘hi-

2121 2509 2482 2578 tat((lorinth.
2511 2509 2576 2578 ll,
2601 2511 2755 2583 praef.
2784 2529 2839 2584 p.
2866 2528 2940 2582 tv,
2963 2516 3076 2584 sq.)
3101 2533 3113 2570 :
3144 2534 3163 2568 ε
3195 2516 3300 2572 Aut
3325 2519 3660 2572 idaneseaitdc

2117 2601 2323 2674 gothica
2360 2603 2567 2676 lingua,
2607 2607 2743 2678 quod
2767 2607 2930 2661 serius
2953 2608 3017 2662 de
3046 2607 3246 2675 latina,
3279 2627 3396 2681 qua
3427 2629 3528 2664 cum
3550 2611 3660 2680 quasi

2117 2705 2280 2750 mater
2303 2704 2351 2752 et
2380 2698 2493 2768 fons
2533 2699 2669 2770 facta
2707 2710 2835 2756 esset
2868 2702 3095 2772 plurium
3123 2705 3358 2775 aﬁnium
3386 2705 3657 2776 linguarum.

2116 2785 2233 2842 licet
2279 2788 2334 2841 in
2370 2788 2451 2842 Itis
2496 2790 2670 2844 multm
2697 2791 2868 2846 latinte
2895 2809 3042 2848 uoces
3063 2793 3432 2861 obsoleverunt,
3460 2807 3599 2850 tamen
3621 2796 3657 2847 in

2118 2897 2422 2954 unaquaque
2443 2900 2531 2954 per
2556 2885 2845 2940 innumeras
2870 2887 3093 2958 reliquas
3115 2897 3190 2943 est
3213 2891 3389 2945 adhuc
3407 2890 3659 2958 ωωρὶαιιε

2118 2984 2206 3050 aut
2234 2977 2523 3030 econtrario
2578 2979 2772 3032 censeri
2809 2989 3008 3051 potest,
3055 2982 3194 3050 quod
3238 2982 3517 3053 germania
3554 2988 3662 3052 geste

2119 3063 2409 3121 Gothorum
2442 3084 2550 3123 ωυο
2575 3085 2818 3141 magnam
2848 3070 3071 3143 Europa
3096 3085 3300 3144 partem
3328 3082 3595 3147 occupate,
3622 3075 3662 3126 is

2122 3161 2391 3232 pluresque
2421 3164 2640 3230 populos
2665 3163 2850 3226 diuisa,
2873 3165 3212 3219 dialectos-ant
3245 3168 3499 3236 copulatio
3516 3165 3663 3220 Getis-

2120 3269 2234 3307 rtmt
2260 3253 2491 3327 linguam
2519 3255 2728 3313 mixtam
2753 3256 3061 3312 reddiderit.
3095 3276 3114 3310 ι
3148 3257 3261 3314 Sed
3289 3257 3663 3314 animadvertas

2120 3347 2335 3402 obvium
2363 3355 2474 3411 est,
2505 3362 2605 3402 nec
2629 3349 2914 3419 quisquam
2938 3349 3288 3420 iniiciabitur,
3313 3353 3451 3424 quod
3474 3348 3657 3422 gothia,

2121 3444 2370 3512 superior
2425 3444 2764 3515 germauica,
2810 3443 3102 3512 islandiea,
3142 3455 3280 3515 etc.,
3324 3447 3535 3519 singula
3579 3454 3662 3500 tan-

2119 3535 2244 3591 dem
2274 3536 2488 3606 linguae,
2519 3551 2588 3592 ex
2623 3537 2778 3593 unica
2825 3538 2994 3608 stirpe
3037 3539 3315 3594 communi
3366 3540 3660 3610 proveniant;

2117 3626 2226 3697 jam
2257 3639 2386 3682 vero
2417 3635 2623 3684 tantum
2653 3630 3026 3686 contendimus
3055 3631 3334 3701 gothicam
3374 3630 3514 3702 prius
3543 3640 3663 3701 qua.

2119 3731 2331 3776 caetera;
2359 3732 2602 3776 exortam
2644 3721 2835 3788 fuisse,
2863 3723 2984 3777 licet
3029 3721 3098 3777 de
3126 3722 3233 3778 hoc
3265 3735 3392 3779 ortu
3419 3725 3554 3793 plura
3591 3731 3663 3774 nos

2118 3812 2345 3881 fugiant.
2379 3813 2432 3869 Si
2462 3813 2605 3869 enim
2646 3827 2832 3869 verum
2863 3825 2999 3870 esset
3020 3849 3035 3877 ,
3068 3823 3127 3870 ut
3153 3815 3322 3881 olim,
3354 3812 3664 3872 anctorclet-

2119 3906 2318 3973 naude,
2343 3921 2436 3976 per
2459 3907 2674 3977 longum
2697 3902 2910 3975 tempus
2929 3907 3195 3962 creditum
3229 3919 3340 3976 est,
3373 3917 3522 3979 atque
3541 3905 3664 3962 etiam

2119 4014 2260 4054 nunc
2298 4013 2484 4055 amore
2528 3998 2716 4070 patriai
2763 3999 2900 4069 apud
2947 3999 3150 4058 Succos
3194 4002 3443 4058 creditur
3484 3999 3661 4072 (Geijer,

2117 4089 2419 4146 Geschichte
2446 4091 2759 4160 schwedcns,
2782 4107 3020 4163 german.
3047 4093 3351 4163 interprete
3369 4093 3608 4159 Lelﬂcrio,
3631 4086 3659 4152 li

2120 4181 2187 4237 lO
2227 4183 2362 4253 sq.),
2395 4183 2536 4254 quod
2562 4183 2770 4240 scilicet
2798 4184 3123 4242 continentis
3151 4183 3318 4243 Gothi
3347 4188 3500 4244 iidem
3518 4184 3662 4241 sinit

2116 4281 2484 4338 Scandinavite
2526 4281 2658 4353 (vid.
2689 4292 2872 4338 contra
2911 4282 3257 4353 Zeess,403,~
3302 4286 3443 4350 437;
3483 4282 3658 4339 Grimn.

2115 4377 2268 4446 prter.
2295 4375 2360 4430 ad
2391 4391 2618 4446 gramm.
2648 4379 2911 4432 servica‘m
2937 4376 3100 4432 Wulti
3139 4373 3596 4449 Stephanowitsch
3617 4384 3656 4440 Ρ.

2115 4485 2246 4524 xxiv
2275 4473 2317 4534 ',
2366 4479 2492 4525 tunc
2536 4471 2852 4526 arctissima:
2899 4469 3056 4526 simul
3110 4480 3166 4526 et
3213 4472 3489 4542 plerasque
3529 4463 3660 4523 allici-

2116 4566 2242 4621 tatis
2271 4565 2564 4622 relationes
2607 4565 3060 4636 septentrionales
3106 4565 3324 4636 linguas
3354 4567 3487 4621 inter
3511 4570 3558 4619 ct
3587 4571 3660 4630 go-

2115 4663 2316 4720 thicam
2365 4663 2488 4720 sine
2530 4663 2692 4719 dubio
2722 4664 3257 4734 innotuissent;‘jam
3310 4681 3442 4722 vero
3484 4675 3560 4720 res
3581 4671 3656 4713 ιω

2117 4758 2188 4814 ita
2220 4775 2279 4816 se
2307 4759 2539 4825 habent;
2572 4767 2626 4814 et
2659 4759 2890 4814 maxima
2932 4758 3128 4827 gotliici
3168 4760 3444 4814 sermonis
3475 4751 3650 4812 alliuim

2115 4851 2182 4907 ad
2215 4853 2543 4922 superiorem
2575 4851 2940 4921 germanieum
2985 4849 3239 4906 refertur.
3274 4851 3402 4906 Haec
3432 4859 3574 4920 porro
3600 4837 3654 4894 al-

2117 4943 2295 4999 linitas
2343 4943 2686 5014 potissimum
2729 4950 2952 5012 apparet
2997 4940 3050 4996 in
3093 4941 3431 5008 admotione,
3469 4949 3517 4996 et
3553 4947 3655 5008 pn-

2116 5039 2274 5108 cipue
2330 5037 2383 5092 in
2442 5037 2826 5092 vocalisatione
2877 5041 2932 5091 et
2987 5035 3348 5092 similitudine
3410 5034 3656 5104 specierum

2113 5129 2382 5196 ﬂexionis,
2415 5127 2648 5200 quatiam
2692 5128 2915 5200 insuper
2943 5128 3139 5201 gothlci
3161 5129 3431 5184 relatione
3455 5125 3514 5182 ad
3540 5134 3654 5180 sean-

2113 5223 2392 5279 dinavicos
2411 5235 2690 5279 sermones
2715 5223 2768 5277 in
2789 5223 3056 5278 vocalium
3086 5222 3410 5292 expuisioue
3438 5217 3564 5292 (geli.
3589 5213 3653 5266 ιι

2113 5316 2438 5388 Merentem),
2457 5317 2553 5374 Gr.
2576 5317 2674 5372 Gr.
2700 5331 2752 5373 Lt
2769 5314 2854 5389 [1⁸
2880 5313 3036 5387 edin]
3058 5313 3098 5383 l,
3122 5315 3175 5383 8,
3201 5315 3236 5371 9
3257 5311 3348 5388 [3ι
3373 5307 3656 5386 ωινεπῑφ

2114 5419 2278 5468 tente.
2300 5412 2357 5468 Si
2375 5412 2502 5481 quid
2525 5411 2609 5468 vel
2633 5411 2757 5482 quid
2783 5411 2956 5483 majus
2974 5413 3038 5468 ex
3061 5411 3180 5467 aliis
3201 5409 3534 5468 orientalium
3549 5405 3651 5461 Get-

2111 5515 2421 5571 mano'rum,
2452 5503 2930 5575 Longobardornm
2948 5502 3147 5559 scilicet
3166 5546 3180 5571 ,
3215 5501 3550 5569 fistularum;
3574 5495 3654 5551 Ηπο

2111 5598 2318 5668 giorum
2364 5596 2408 5664 δ,
2455 5596 2884 5668 Thuringorum,
2939 5597 3406 5653 Marcomanorum
3454 5604 3502 5650 et
3546 5592 3651 5657 Qua'

2110 5723 2254 5799 multis
2283 5730 2482 5795 vocati,
2513 5745 2550 5786 e
2571 5728 2810 5787 Tartaris
2836 5735 3012 5788 ortam
3041 5731 3279 5798 stabunt,
3303 5730 3372 5788 ad
3399 5717 3651 5787 cauerunt!

2113 5801 2433 5888 habita-utea.
2459 5801 2707 5888 interpr.
2814 5883 2872 5888 VA
2917 5875 2924 5880 ι
2963 5883 2994 5888 ,Α
3240 5883 3262 5888 Δ
3394 5883 3401 5888 Δ
3494 5867 3614 5888 ΔΜ

2187 5874 2206 5904 ³
2239 5873 2568 5929 Glossarium
2609 5867 2662 5928 in
2690 5875 3002 5944 germania!
3024 5873 3262 5931 editione
3289 5867 3646 5944 grammatici!!!

2187 5945 2397 6018 recedit,
2421 5945 2480 6018 in
2504 5955 2685 6018 nostra
2717 5947 3078 6018 postmtssum.
3109 5940 3338 6018 filltrpr;
3430 6012 3447 6018 _
3552 6017 3555 6018 ν
3584 6017 3589 6018 ί

2114 5945 2392 6022 praecedit,
2421 5945 2480 5999 in
2504 5955 2685 6000 nostra
2717 5947 3078 6014 postmissum.
3109 5945 3338 6018 filthy.-

2188 6016 2211 6047 ⁸
2239 6016 2497 6074 Primitivi
2528 6017 2856 6076 Pomeraniae
2885 6017 3162 6077 ulteridris
3181 6017 3390 6076 tacete.
3417 6012 3606 6084 [Wo
