3840 6450
125 411 284 467 dorttm
348 411 362 441 ⁸
418 405 579 479 (αξη.
646 406 721 463 (es
810 403 1058 479 Quales)
1121 405 1316 480 linguis
1387 421 1666 481 superstes

125 503 312 565 fuisset,
361 503 412 556 in
453 501 532 555 eis
576 499 926 570 probabiliter
979 501 1346 560 inveniremus
1393 517 1502 576 quo
1542 521 1671 561 con-

127 597 376 667 iungantur
399 592 644 664 pathicus
667 607 848 650 sermo
880 607 938 650 et
963 601 1120 651 vetus
1148 608 1270 666 sup.
1301 599 1670 667 get-manicas;

131 688 347 756 idemque
386 685 454 740 de
496 685 712 742 uteris
756 686 1084 757 germaniene
1120 686 1340 744 familia
1366 690 1565 764 linguis
1593 691 1672 748 di-

129 781 324 838 cendum
347 790 448 836 est;
483 795 504 832 ο

184 874 280 944 δι.
309 872 486 940 Quoad
529 873 776 929 dialectos
819 873 1050 945 gothicae
1097 875 1326 950 lingua,
1371 877 1502 933 nihil
1544 879 1674 934 certi

128 964 306 1022 deﬁniri
334 974 522 1034 potest.
1447 972 1455 978 '

189 1077 206 1111 ι
230 1057 328 1113 Nee
355 1057 407 1112 in
434 1056 750 1128 quibusdam
789 1059 1094 1129 duplicibus
1128 1060 1337 1129 formis,
1367 1071 1424 1118 ut
1466 1062 1676 1135 aglaitei

127 1160 171 1205 et
190 1149 378 1222 aglain',
409 1163 510 1204 nec
535 1149 588 1204 in
617 1150 891 1208 nonnullis
912 1153 1075 1209 variis
1098 1154 1368 1212 scribendi
1398 1155 1590 1223 modis,
1621 1161 1678 1210 ut

1475 281 1958 342 lNTRODUCTIO.

1777 409 2042 466 sanskrita
2086 409 2380 479 praesertim
2417 407 2741 481 germanlcis
2775 411 3124 469 ldiomatibus
3160 425 3362 484 suppe-

1780 502 1990 569 ditavit;
2018 502 2112 559 sed
2133 503 2236 558 alia
2256 509 2380 558 sunt
2395 503 2550 574 longe
2575 504 2750 574 plura,
2772 519 2894 575 quae
2915 503 3076 561 Gothi
3100 520 3166 560 ex
3188 505 3367 561 alieno

1779 595 1925 650 fonte
1950 595 2268 660 hauserunt,-
2291 593 2415 649 coli.
2438 593 2669 651 Grimm.
2696 593 2788 650 Gr.
2817 595 2866 664 l,
2898 595 2936 653 9
2963 596 3048 669 [5⁸
3077 593 3257 667 edit.].
3289 595 3368 651 ne

1776 689 1979 744 ttavicia
2001 697 2054 744 et
2081 688 2380 744 lithuarn‘cis
2395 689 2506 759 jam
2535 691 2594 744 in
2629 688 2944 759 prafetione
2965 690 3030 744 ad
3050 689 3368 760 glossaria:

1780 781 2110 836 mentionem
2154 777 2403 846 fecimus;
2443 780 2620 851 quoad
2667 781 2888 850 ﬁnnica,
2945 793 3007 836 ea
3064 790 3190 836 sunt
3236 793 3369 836 sane

1778 871 2043 942 quaelhre
2067 863 2244 944 (Ulﬁl.
2272 871 2468 927 illustr.
2493 889 2553 943 ι).
2584 871 2712 942 266)
2756 873 2870 943 jam
2911 871 3138 945 scythica
3177 871 3372 928 merito

1786 967 2016 1033 vocavit,
2030 979 2254 1037 qumque
2269 975 2337 1022 e’o
2360 967 2527 1037 magis
2544 981 2686 1022 nunc
2706 966 2866 1022 hodie
2889 965 3205 1024 illustranda
3224 973 3372 1033 sunt,

1781 1055 1924 1128 quod
1955 1065 2141 1113 eorum
2182 1057 2372 1112 relatio
2397 1056 2464 1111 ad
2503 1058 2808 1128 germaniea
2851 1063 3049 1113 statuta
3077 1057 3168 1113 sit.
3204 1057 3373 1114 Porro

1784 1163 1848 1206 ex
1890 1149 1974 1205 his
2013 1149 2266 1205 nonnulla
2308 1148 2503 1206 eadem
2548 1153 2832 1205 remanent
2883 1151 2938 1205 in
2981 1153 3208 1221 utroque
3252 1157 3374 1207 sera

127 1242 388 1316 gaparltjan
434 1258 533 1312 pro
578 1245 888 1318 gatarltjan,
917 1247 1142 1318 vestigia
1177 1248 1396 1306 disiecti
1440 1249 1678 1320 legitime

128 1343 484 1404 quaererentur,
505 1336 952 1405 quemadmodum
981 1338 1260 1395 contendit
1289 1340 1679 1397 Castillionaeus

134 1429 165 1482 ll
196 1426 421 1483 Corinth.
479 1428 626 1496 praef.
662 1444 716 1500 p.
740 1445 792 1486 v1
821 1440 876 1486 et
903 1430 970 1485 ad
1021 1431 1197 1488 Galat.
1242 1448 1304 1498 ιι,
1345 1433 1444 1500 ll;
1483 1433 1680 1504 quippe

133 1535 222 1575 cum
245 1520 298 1574 in
324 1518 498 1588 priori
513 1534 643 1576 casu
671 1522 716 1577 si
758 1522 971 1578 diversa
1002 1531 1089 1606 est
1118 1524 1319 1590 forma,
1352 1524 1565 1581 diversa
1609 1525 1682 1582 si-

127 1611 357 1682 gniﬁcatio
381 1612 606 1683 cogitari
637 1616 837 1684 possit,
869 1625 924 1672 ct
953 1617 1006 1671 in
1034 1618 1357 1686 posteriori,
1389 1619 1584 1675 menda
1610 1620 1684 1678 sit

125 1704 320 1770 librarii,
344 1705 431 1774 qui
460 1705 625 1760 etiam
653 1704 791 1762 alibi
820 1706 858 1777 β
904 1707 956 1761 in
985 1716 1002 1761 t
1028 1707 1341 1780 frequenter
1361 1719 1680 1767 commutat.

1785 1255 1967 1310 mone,
2002 1249 2062 1298 at
2095 1242 2245 1314 geth.
2276 1241 2462 1313 paida,
2494 1242 2627 1297 ﬁnn.
2659 1244 2804 1312 paita
2832 1241 3108 1315 (quoniam
3138 1259 3171 1311 ρ
3196 1239 3254 1297 in
3278 1253 3378 1313 gae

1789 1335 1950 1392 thieis
1985 1334 2261 1390 vocabulis
2308 1342 2513 1390 mutem
2560 1335 2844 1405 occurrit);
2884 1343 2939 1392 et
2984 1335 3090 1391 alia
3145 1331 3372 1406 plurima
3423 1347 3425 1349 ‘

1787 1429 2016 1501 gothicis
2071 1428 2420 1499 congruentia
2477 1427 2769 1484 Grimmius
2836 1429 2927 1501 (in
2974 1442 3144 1499 opere
3195 1429 3375 1500 ρθτῑοιι

1788 1523 1911 1577 dico
1935 1521 2140 1578 lloferii
2163 1520 2229 1575 ad
2261 1521 2546 1576 scientiam
2575 1519 2767 1592 lingua
2797 1521 2838 1590 l,
2863 1520 2932 1576 10
2951 1519 3097 1593 sqq.)
3123 1517 3377 1592 exhibet,

1791 1628 1890 1668 nec
1919 1612 2172 1682 supponit
2203 1610 2288 1666 vir
2317 1611 2407 1666 ille
2433 1610 2622 1668 doctus
2649 1611 2780 1682 quin
2805 1610 3060 1668 alterutra
3102 1611 3281 1682 lirlgua
3311 1609 3380 1668 ab

1787 1704 1889 1760 alia
1920 1712 2162 1759 mutuata
2183 1704 2273 1759 sit.
2298 1702 2516 1760 Scilicet
2541 1720 2558 1760 :

126 1796 234 1860 Quin
263 1795 438 1864 immo,
469 1795 684 1852 etiamsi
713 1797 767 1852 in
799 1796 883 1852 his
914 1799 998 1853 vel
1025 1799 1144 1855 aliis
1170 1798 1440 1871 ejusmodi
1468 1801 1686 1859 casibus
1993 1850 1998 1858 ,
2152 1797 2303 1870 30th.
2335 1798 2506 1870 mapa
2773 1800 2900 1854 han.
2937 1807 3072 1854 "tota

123 1895 243 1942 certa
281 1885 495 1946 disiecti
544 1886 1042 1957 deprehenderetur
1093 1890 1492 1962 discrepantia,
1540 1892 1686 1948 nulla
2346 1892 2508 1946 marsi
2935 1891 3062 1966 (meri

123 1988 269 2034 tamen
309 1979 510 2036 utilitas
539 1978 694 2034 nobis
733 1980 931 2036 exinde
978 1981 1111 2038 oriri
1144 1991 1362 2054 posset,
1398 1985 1687 2041 nescienti.
2357 1999 2509 2040 name
2943 1983 3068 2039 nimi

122 2071 203 2125 bus
240 2071 440 2142 cuinam
474 2069 713 2128 dialecto
740 2071 858 2129 haec
880 2073 965 2130 vel
994 2073 1081 2129 illa
1112 2076 1433 2146 pertineant.
2363 2075 2493 2130 metti
2944 2073 3143 2130 mieklta

182 2181 200 2217 ι
229 2162 291 2220 Ut
317 2164 550 2235 gothicaa
575 2164 764 2220 afﬁnes
796 2163 1087 2222 Grimmius
1118 2165 1234 2238 (Gr.
1267 2168 1306 2236 Ι,
1333 2167 1368 2222 2
1395 2169 1480 2242 [.‘zill
1502 2167 1684 2248 edit.])
2369 2167 2550 2222 multis
2941 2166 3103 2220 multa

123 2255 254 2314 habet
280 2256 630 2330 Gepidarum,
668 2255 1016 2327 Vandalium,
1061 2257 1380 2314 Herulorum
1437 2271 1492 2316 et
1532 2259 1688 2316 forsi-
2363 2261 2535 2315 aliane
2928 2259 3096 2314 akana

125 2359 194 2403 tan
228 2347 634 2406 Bastarnarum’
660 2350 887 2422 linguas.
933 2351 1229 2421 ProcOpius
1266 2362 1523 2422 expresse
1559 2352 1690 2407 dicit
2357 2369 2491 2408 rana
2928 2367 3060 2405 runo
3090 2345 3318 2422 (poema)

127 2439 207 2510 (De
231 2440 349 2497 bello
373 2443 592 2499 vandal.
621 2459 660 2511 ι,
685 2443 744 2513 2)
801 2443 945 2516 quod
992 2443 1448 2516 Wisigmhorum,
1479 2445 1690 2501 Vanda-
2351 2443 2491 2516 gul];
2927 2442 3068 2496 kulta

130 2536 233 2590 lium
255 2544 304 2590 el.
346 2534 674 2607 Gepidarum
705 2545 822 2592 erat
863 2543 993 2608 φωνή
1015 2539 1131 2610 μία,
1176 2539 1382 2612 yet-dmi
1424 2539 1685 2611 λεγομένη.

2361 2535 2506 2607 οἱρεἱ
2698 2536 2707 2546 ’
2917 2532 3022 2590 ᾶῑεὶ

129 2625 214 2682 Sed
242 2643 298 2682 ex
341 2643 487 2683 mera
532 2636 680 2684 certe
705 2627 1043 2698 conjectura,
1071 2644 1228 2698 quam
1256 2628 1422 2685 Zeuss
1453 2629 1529 2701 (p.
1559 2629 1689 2699 441)
2371 2629 2597 2683 daulttar
2917 2628 3034 2699 ινιιὲ

129 2727 171 2771 et
196 2720 295 2788 ipse
337 2717 637 2776 Grimmius
667 2717 952 2776 admittere
996 2731 1332 2791 repugnant,
1396 2722 1692 2791 Procopius
1794 2725 1988 2797 quibus
2013 2736 2066 2781 et
2095 2723 2370 2794 sequentia
2395 2722 2518 2778 addi
2551 2733 2772 2793 possent
2807 2738 2821 2775 :

131 2808 360 2867 'Inndales
403 2809 652 2883 ejusdem
683 2810 867 2882 stirpis
896 2820 1056 2882 atque
1101 2810 1307 2868 Gothos
1335 2812 1537 2879 credit,
1566 2827 1688 2868 cum
2163 2819 2316 2887 goth.
2347 2833 2491 2872 aama
2776 2815 2906 2870 linn.
2937 2830 3082 2869 tanta

133 2903 374 2960 vandalica
408 2902 656 2968 nomina,
687 2918 807 2971 quae
833 2901 899 2958 ad
928 2917 1026 2958 nos
1055 2912 1448 2974 pervenerunt,
1477 2903 1692 2974 conspi—
2357 2923 2571 2977 manage
2939 2907 3081 2960 mani

133 3010 264 3051 cuum
287 2995 576 3052 discrimen
604 3011 632 3049 a
662 2993 890 3065 gothicis
917 2993 1194 3051 evidenter
1232 2993 1602 3066 praescierant.
1632 2994 1691 3052 Si
2357 2997 2528 3069 mitap
2961 2999 3108 3054 mitta

134 3090 279 3158 enim,
312 3089 407 3146 ﬁde
455 3089 589 3144 huic
635 3089 836 3164 γοτθικὴ
884 3089 1131 3162 λεγομένη
1181 3089 1396 3156 habita,
1441 3081 1685 3145 concludi

2355 3091 2517 3146 hansa
2943 3088 3104 3144 Itansa

135 3189 286 3250 posset
327 3182 560 3253 linguam
591 3193 708 3236 eam
736 3193 876 3246 esse,
906 3195 1065 3251 quam
1096 3181 1562 3250 ConStantinOpoli
1592 3197 1691 3253 go—
2351 3184 2520 3254 andag
2941 3193 3124 3238 autuat

138 3271 302 3328 thicatn
352 3273 619 3329 vocabant
640 3315 656 3340 ,
694 3271 811 3343 ejus
837 3271 1089 3329 identitas
1119 3287 1241 3328 cum
1273 3281 1451 3329 nostra
1481 3273 1694 3345 gothica
2359 3276 2519 3331 miton
2948 3276 3139 3330 mtettia‘

139 3367 399 3436 pericuiose
447 3378 810 3426 assereretur.
868 3365 1128 3438 Equidem
1179 3365 1342 3422 Gethi
1393 3365 1694 3438 presbyteri
2354 3384 2518 3440 aggvu
2945 3384 3112 3439 angen

140 3458 410 3516 Vandalium
451 3463 710 3518 doctores
737 3468 895 3516 erant
916 3457 1064 3528 (coll.
1088 3455 1255 3516 Zeuss
1294 3471 1347 3529 p.
1371 3458 1577 3530 455“);
1601 3459 1696 3515 sed
2364 3459 2495 3513 vasti
2950 3466 3130 3513 waatet

143 3549 299 3607 exinde
329 3567 430 3608 non
461 3552 712 3622 sequitur
741 3549 960 3606 eosdem
994 3548 1162 3605 fuisse
1204 3549 1484 3618 utriusque
1517 3549 1694 3618 populi
2363 3549 2519 3621 napo
2948 3539 3115 3605 wahto

140 3655 394 3711 sermones,
424 3640 882 3717 quemadmodum
914 3655 980 3697 ex
1012 3638 1431 3697 vehementibus
1475 3637 1694 3696 Saviani
2369 3643 2540 3718 aupja
2967 3646 3110 3700 aatia

141 3732 344 3793 diatribis
371 3738 419 3792 in
467 3734 824 3792 aria’nismitm
856 3732 1158 3790 Gothorum
1190 3735 1242 3787 δι
1289 3729 1612 3788 Vandalium
1644 3729 1698 3804 (a
2373 3736 2556 3794 (tiaran
2965 3739 3167 3794 kiusata

143 3827 421 3887 llassmanni
441 3825 618 3889 Skeir.
641 3846 696 3901 p.
723 3828 824 3884 l09
854 3824 1074 3899 allatis),
1099 3839 1313 3882 necnon
1333 3833 1387 3881 et
1414 3837 1478 3881 ex
1511 3834 1698 3880 aucto-
2367 3833 2633 3904 vald-uini
2965 3834 3119 3888 waltu

143 3936 236 3976 rum
283 3925 486 3980 silentio
543 3923 612 3978 de
665 3919 943 3978 vandalica
987 3917 1274 3975 bibiiorum
1315 3918 1562 3974 versione
1601 3915 1704 3973 im-
2373 3924 2541 3980 hlaibs
2967 3927 3098 3980 leiba

144 4015 303 4070 niet‘itb
331 4015 691 4087 conjiceretur'
717 4030 837 4070 cum
868 4011 1234 4070 Castilliouteo
1262 4011 1351 4083 (ad
1381 4005 1614 4080 l’hilipp.
1647 4027 1697 4079 p.

144 4103 217 4176 65)
240 4106 488 4164 Yaridale’s
517 4105 733 4178 gothica
763 4107 1014 4162 versione
1040 4121 1145 4161 non
1183 4103 1348 4160 fui93e
1371 4119 1517 4159 usos.
1552 4123 1570 4156 ι

201 4193 294 4268 55.
323 4199 566 4257 Gathicze
597 4199 792 4270 lingum
825 4199 1107 4254 thesaurus
1139 4214 1245 4253 non
1299 4211 1495 4268 paucas
1537 4198 1700 4254 etiam

145 4289 347 4348 ‘ronliuet
370 4294 698 4362 alienigenas
721 4291 968 4358 dititias;
1001 4297 1229 4363 quarum
1264 4291 1524 4363 admipssio
1550 4306 1616 4348 ex
1640 4307 1705 4348 eo

145 4379 270 4442 intile
289 4389 608 4458 explicatur,
637 4381 779 4458 quod
811 4387 974 4444 Gothi
1000 4391 1028 4441 a
1063 4386 1254 4442 vicinis
1285 4386 1553 4458 gentibus,
1583 4387 1705 4444 aliis

146 4475 322 4545 quidem
362 4491 456 4552 pro
491 4475 613 4536 aliis
663 4479 1016 4552 temporibus,
1046 4480 1274 4536 relative
1316 4479 1381 4535 ad
1415 4481 1700 4547 socialem,

147 4573 385 4640 politicum
442 4575 860 4646 religiosumque
927 4574 1172 4631 ordinem
1231 4574 1430 4631 fuerint
1493 4573 1702 4646 depen-

148 4662 323 4722 dentes.

206 4774 222 4807 ι
255 4758 549 4833 Exaggerat
569 4768 718 4816 certo
734 4755 1130 4816 Castillionmus
1151 4760 1336 4815 dicens
1353 4757 1618 4824 (Corinth.
1641 4759 1703 4828 ll,

147 4850 269 4915 prmf.
295 4859 342 4922 ιι.
381 4852 492 4926 Iv):
533 4872 550 4904 ι
589 4852 692 4908 Vix
719 4869 877 4907 unum
908 4862 995 4906 aut
1015 4853 1230 4907 alterum
1260 4861 1491 4923 superest
1518 4853 1707 4925 lingua:

145 4941 325 5006 gumiae
343 4943 644 5000 vocabulum
662 4986 676 5010 ,
705 4944 786 4998 cui
812 4944 957 4998 aliud
981 4944 1125 5014 aliine
1150 4951 1238 4998 aut
1267 4945 1319 4997 in
1349 4942 1708 4998 recentioribus

145 5037 416 5097 pennanicis
446 5036 683 5092 dialectis
723 5043 812 5090 aut
854 5037 1031 5091 saltem
1061 5037 1114 5091 in
1145 5036 1472 5091 vetustiorum
1501 5034 1710 5106 reliquit

146 5135 230 5178 non
257 5128 568 5194 inveniatur;
601 5147 618 5182 ι
655 5145 760 5184 ιιυιι
794 5143 958 5200 pauca
1020 5128 1328 5184 econtra'rio
1378 5127 1572 5182 dantur
1616 5140 1709 5196 go-

147 5213 264 5271 thica
302 5223 584 5292 vocabula,
616 5222 807 5289 quibus
839 5223 890 5278 in
924 5231 1031 5278 tota
1062 5221 1492 5294 germanicarum
1541 5217 1708 5274 diale-

1809 4022 1932 4077 coll.
1962 4019 2170 4078 Castill.
2192 4020 2261 4076 ad
2289 4005 2526 4076 Timoth.
2559 4019 2624 4086 ιι,
2648 4035 2686 4084 ι,
2711 4021 2765 4076 5.

1886 4131 1905 4166 ι
1933 4114 2013 4168 Ab
2040 4112 2243 4169 Hunnis
2273 4114 2488 4170 nomina
2521 4113 2739 4185 propria
2764 4122 2999 4181 tantum,
3031 4121 3253 4174 auctore
3281 4101 3401 4172 lor-

1811 4206 1987 4263 nande
2017 4207 2094 4279 (p.
2128 4205 2198 4264 90
2227 4204 2542 4278 Lindenb.),
2573 4197 2796 4263 mutuati
2824 4219 2948 4264 sunt
2979 4208 3170 4276 Gothi;
3205 4195 3402 4266 Roma-

1813 4317 2000 4356 norum
2031 4310 2210 4357 autem
2241 4301 2407 4356 muito
2437 4301 2614 4358 minor
2640 4301 2689 4356 in
2730 4293 3001 4373 gothicam
3045 4301 3277 4372 linguam
3305 4317 3399 4357 exs

1814 4395 1916 4451 tiiit
1965 4389 2219 4464 inﬂuxus,
2268 4396 2358 4467 qui
2410 4405 2588 4454 tamen
2634 4412 2701 4454 ex
2747 4413 2813 4453 eo
2866 4391 3027 4455 facile
3079 4397 3405 4468 esplicatur,

1810 4487 1953 4560 quod
1987 4489 2165 4560 lingua
2209 4488 2370 4544 latina
2417 4487 2484 4544 ad
2531 4498 2700 4545 totam
2729 4479 2973 4546 Moesiam
3004 4489 3408 4555 extendet-stur.

1811 4585 2011 4655 quique
2053 4583 2313 4654 majorem
2347 4583 2512 4639 fuisse
2544 4583 2839 4649 videretur,
2868 4573 2912 4639 si
2957 4583 3174 4656 gothica
3207 4583 3410 4656 seripta

1811 4691 1877 4733 eo
1907 4685 2146 4748 tempore
2188 4678 2486 4748 composita
2512 4692 2621 4749 quo
2654 4665 2814 4733 Gothi
2843 4677 3174 4748 superiorem
3208 4671 3412 4738 italiam

1814 4779 2172 4841 romanasque
2212 4768 2401 4826 Gallia:
2428 4779 2483 4826 et
2512 4767 2786 4840 HiSpania:
2816 4771 3121 4842 provincias
3167 4771 3410 4827 incolue-

1817 4871 1970 4933 runt,
1999 4879 2164 4936 penes
2191 4879 2289 4921 nos
2334 4865 2579 4922 fuissent.
2615 4863 2656 4920 E
2689 4863 2864 4921 latino
2914 4879 3166 4922 sermone
3198 4867 3412 4920 mutua-

1812 4968 1896 5012 tus
1922 4968 2004 5012 est
2028 4957 2274 5028 gothicus
2295 4957 2378 5013 vel
2404 4957 2624 5013 admisit
2649 4975 2662 5012 :
2691 4957 2888 5012 militon
2912 4955 3204 5030 (militari),
3233 4955 3408 5012 ftavts-

1810 5051 1862 5120 ;‘a
1889 5048 2137 5120 (cautio),
2179 5045 2355 5116 laiktjo
2395 5049 2631 5120 (lectio),
2672 5053 2906 5122 atsarjtts
2952 5041 3258 5121 (assarius),
3314 5065 3404 5104 au-

1811 5139 1911 5194 rati
1943 5139 2134 5212 (orale)
2155 5181 2170 5207 ,
2203 5139 2367 5211 faskia
2403 5133 2651 5211 (fascia),
2683 5138 2856 5195 kaisar
2900 5139 3148 5212 (catsar),
3190 5138 3416 5196 karkara

1816 5231 2072 5302 (carcer),
2106 5230 2335 5300 kapillon
2361 5231 2656 5303 (capillus),
2689 5229 2872 5286 (uitam
2906 5223 3196 5304 (lucerna),
3229 5231 3416 5287 kumb-

147 5315 328 5368 ctortiiil
389 5318 551 5384 serie,
589 5323 641 5373 et
687 5329 944 5388 quantum
991 5318 1132 5374 scire
1178 5317 1486 5386 possumus,
1528 5313 1709 5368 afﬁnia
1806 5324 1903 5395 jan
1949 5319 2272 5395 (cumbe're),
2314 5323 2458 5396 pnnd
2486 5319 2740 5395 (pondo),
2772 5321 2878 5379 etc.
2923 5319 2962 5378 E
2992 5321 3199 5380 Grmcis
3234 5333 3415 5380 autem

151 5405 477 5477 reperiantur,
525 5407 633 5466 vid.
681 5411 832 5481 prmi.
875 5411 941 5467 ad
981 5409 1321 5484 glossarium.
1375 5407 1515 5465 Sunt
1565 5406 1714 5478 equi-
1815 5416 2076 5487 majorem
2107 5413 2366 5472 inﬂuxum
2397 5417 2612 5488 experti
2655 5423 2778 5473 sunt
2817 5407 2980 5474 Gothi
3014 5416 3083 5473 ad
3114 5415 3417 5473 Danubium

149 5494 250 5552 dem
304 5502 555 5558 nonnulla
603 5503 861 5560 vocabula
914 5503 1149 5578 gothica,
1199 5511 1318 5574 quae
1362 5501 1418 5557 in
1469 5497 1712 5571 reliquiis
1813 5506 2138 5575 habitantes,
2180 5507 2379 5580 quippe
2421 5510 2511 5580 qui
2565 5514 2781 5582 semper
2829 5509 3082 5568 fmdetati
3141 5517 3419 5568 remanse-

150 5593 542 5655 germanicarum
573 5595 875 5665 linguarum
923 5595 1202 5667 deperdita
1225 5641 1238 5665 ,
1288 5607 1355 5651 ex
1399 5591 1585 5648 indicis
1617 5593 1709 5656 ex-
1812 5601 1923 5656 ring
1951 5605 2074 5657 cum
2109 5601 2396 5668 metropoli
2427 5601 2640 5672 imperti
2675 5603 2867 5673 greci.
2913 5609 2980 5660 ex
3007 5608 3115 5676 quo
3162 5605 3409 5661 chi-igua.

152 5681 717 5766 plicantur(vid.3tl'pp,
737 5691 1299 5768 Confugatianssyttem
1317 5706 1368 5763 p.
1386 5685 1464 5761 x),
1490 5692 1716 5762 quaeque
1817 5694 2049 5750 anteum
2078 5697 2395 5760 receperant
2423 5699 2477 5750 et
2509 5693 2634 5750 inde
2655 5707 2690 5752 e
2716 5697 2897 5766 graeco
2943 5695 3093 5754 fonte
3124 5694 3419 5753 Biblitlt‘titn

215 5807 227 5837 ‘
258 5807 568 5880 Moraviam,
607 5813 837 5880 conﬁnia
865 5813 1086 5882 Silii-ir,
1125 5799 1704 5882 Hongriam‘superio-

1814 5809 2083 5882 jacenlem
2107 5797 2430 5882 habitantes.
2457 5808 2685 5882 lnterpr.

158 5885 253 5936 rem
277 5890 326 5941 et
349 5869 800 5946 partem'tiustriae
827 5869 1127 5946 Danubiuin
1166 5869 1307 5944 ἰιιιὲι·
1333 5885 1389 5941 et
1417 5869 1708 5942 Mor'aviam

1887 5871 1913 5916 ⁸
1943 5880 2022 5942 Ad
2056 5881 2275 5941 Daciam
2309 5871 2632 5943 habitantes.
2659 5879 2889 5954 Intern.

61 6359 1526 6450 _—'——
