3840 6384
428 5521 444 5597 ξ’
501 5530 706 5587 Gothos
747 5543 813 5584 ex
859 5542 926 5584 eo
972 5526 1368 5592 concludimus,
1413 5523 1815 5597 quod‘propriis
1854 5521 2088 5578 nomini-

425 5585 442 5620 λ

505 310 607 366 887

507 427 807 484 versionem
832 425 1133 484 hauserint.
1158 425 1250 483 Sic
1278 441 1309 482 e
1337 417 1542 484 Gr‘tecis
1570 428 1795 482 mutuati
1826 436 1971 493 sunt,
1994 442 2084 483 ex.

505 538 580 593 gr.
611 539 626 576 :
660 521 962 575 markreitus
1009 519 1400 598 (μαργαρίτης),
1450 519 1711 591 pistikeins
1759 516 2084 589 (πιστικός),

505 617 740 688 spgreida
767 615 1030 692 (σπυρίς),
1063 615 1336 686 aipistaule
1364 614 1675 684 (ἐπιστολή),
1703 610 1955 682 ackltlesjo
1982 610 2090 682 (ἑκ-

504 713 732 779 κλησία),
749 724 1044 782 paurpaura
1062 706 1368 784 (πορφύρα),
1385 706 1596 760 drakma
1612 704 1901 783 (δραχμή),
1915 720 2089 774 smym

501 801 799 882 (σμύρῥον),
828 802 987 856 saban
1040 799 1339 868 (σάϐανον),
1380 797 1714 869 apaustaulus
1755 793 2087 868 (ἀπόστολος)

501 905 607 951 etc.
637 895 742 951 Sed
772 910 932 966 quam
975 894 1135 948 facile
1162 891 1337 962 decipi
1368 892 1562 962 possit,
1589 890 1679 961 qui
1707 889 2090 950 vocabulorum

499 991 909 1046 consonantiam
961 988 1189 1043 nimium
1223 993 1404 1056 urget,
1455 992 1601 1055 patet
1636 998 1703 1040 ex
1746 982 2091 1038 Castillionazi

499 1083 844 1138 annotatione
873 1080 940 1136 ad
967 1079 1210 1135 Corinth.
1253 1077 1304 1144 l,
1346 1091 1471 1146 ιιιιι,
1515 1076 1542 1130 1
1564 1115 1580 1141 ,
1610 1089 1717 1146 qua
1747 1075 1829 1130 vir
1874 1075 1965 1130 ille
1993 1073 2091 1130 do-

499 1185 641 1242 ctus,
674 1177 742 1233 de
793 1174 1075 1231 klismoklis
1128 1172 1435 1236 disserens,
1467 1169 1585 1225 haec
1632 1184 1822 1239 graecae
1869 1168 2090 1240 originis

498 1269 780 1326 manifeste
826 1283 948 1324 esse
996 1265 1308 1332 contendit,
1355 1278 1478 1320 cum
1527 1262 1746 1318 aliunde
1793 1261 1898 1316 hoc
1949 1260 2090 1319 inter

497 1373 622 1418 nota
647 1363 956 1419 Graecorum
987 1361 1347 1417 instrumenta
1373 1371 1648 1430 nunquam
1677 1363 2087 1412 annumeratum

497 1457 662 1515 fuisse
685 1466 888 1514 certum
919 1457 1010 1513 sit.

573 1571 593 1604 ι
628 1550 816 1608 Nullus
838 1560 1016 1608 autem
1048 1550 1254 1606 alienus
1281 1547 1518 1602 inﬂuxus
1547 1552 1770 1616 apparet
1808 1545 1864 1600 in
1906 1546 2088 1616 ﬂexio-

495 1644 577 1698 nis
604 1649 807 1715 forma;
837 1660 958 1700 nam
989 1643 1232 1700 inﬂuxus
1253 1641 1433 1696 vocari
1466 1640 1681 1706 nequit,
1715 1638 1857 1708 quod
1888 1640 2086 1708 saepius

495 1737 802 1794 nominibus
832 1737 1088 1810 propriis,
1111 1751 1176 1792 ex
1203 1735 1380 1791 alieno
1405 1733 1551 1789 fonte
1572 1732 1888 1802 desumptis,
1913 1734 2084 1790 aliena

495 1832 563 1888 sit
606 1831 766 1888 ﬂexio
812 1831 897 1888 vel
947 1830 1177 1888 alienam
1229 1827 1464 1893 imitans,
1503 1823 1781 1879 vocabulis
1822 1823 2086 1895 indigenis

495 1934 626 1990 nihil
668 1934 847 1990 simile
883 1933 1307 2004 experientibus.
1339 1931 1450 1987 Nec
1494 1933 1548 1986 in
1601 1929 1868 1998 syntaaim
1911 1929 2083 1984 exteri

416 2071 430 2090 ι
493 2030 604 2086 ullo
648 2029 812 2086 modo
843 2029 1203 2095 induxerunt;
1233 2029 1308 2083 ita
1341 2028 1534 2084 saltem
1561 2027 1629 2082 ab
1655 2025 1905 2083 omnibus
1935 2023 2083 2093 prius

495 2125 894 2190 admittebatur,
927 2139 1086 2193 quam
1107 2122 1176 2178 de
1203 2121 1450 2178 versione
1473 2120 1693 2175 ullilana
1715 2133 1746 2174 e
1771 2131 1947 2190 grarco
1973 2131 2084 2172 ser-

495 2222 670 2276 viliter
725 2219 864 2275 facta
903 2229 1080 2273 actum
1126 2225 1238 2284 est,
1284 2215 1394 2272 vid.
1444 2216 1686 2287 prolegg.
1735 2213 1801 2268 ad
1843 2211 2076 2268 Ullilam.

495 2312 640 2382 Quos
702 2323 879 2368 autem
950 2311 1298 2367 hellenismos
1349 2309 1719 2380 agnoscimus,
1787 2307 1949 2362 etiam
2012 2303 2081 2359 ad

498 2405 735 2462 indolem
789 2405 1017 2476 gothicae
1071 2403 1262 2475 linguae
1317 2402 1819 2468 accommodantur,
1871 2413 1993 2456 cum
2029 2407 2086 2454 et

493 2515 601 2556 non
628 2506 902 2570 praeeunte
929 2512 1105 2568 grmco
1135 2495 1258 2552 alibi
1285 2503 1597 2564 occurrant,
1627 2503 1710 2562 ut,
1737 2510 1792 2549 v.
1815 2507 1892 2565 g.,
1918 2500 2084 2548 attra-

493 2597 640 2662 ctio;
669 2608 772 2665 qua
799 2594 866 2649 de
887 2608 946 2648 re
972 2591 1081 2648 vid.
1107 2591 1404 2664 syntaxim.
1436 2609 1457 2644 ι

566 2698 596 2770 §
627 2697 681 2751 6.
722 2694 873 2764 Quod
898 2696 966 2753 de
986 2695 1282 2751 litteratura
1314 2691 1528 2764 gothica
1558 2690 1627 2747 ad
1649 2705 1749 2746 nos
1771 2703 1942 2760 usque
1963 2703 2086 2759 per-

490 2793 667 2864 venit,
725 2807 832 2848 non
859 2791 964 2846 nisi
995 2791 1150 2862 inops
1179 2797 1232 2845 et
1276 2787 1521 2858 indigens
1567 2796 1678 2852 est;
1717 2791 1912 2854 prteter
1939 2785 2082 2841 enim

489 2887 789 2957 fragmenta
816 2884 1110 2940 Bibliorum
1136 2881 1402 2937 versionis
1426 2889 1480 2936 et
1503 2894 1627 2950 qua:
1672 2876 1944 2934 Skeireins
1989 2890 2087 2932 no-

489 2979 636 3035 mine
657 2987 785 3034 nota
806 2985 950 3045 sunt,
981 2973 1224 3046 quaedam
1259 2981 1462 3029 tantum
1510 2970 1729 3027 insulsa:
1767 2968 2086 3040 superstites

488 3081 614 3131 sunt
638 3071 878 3143 reliquiae

567 3184 586 3218 ι
638 3163 790 3233 Quod
841 3163 1197 3219 litteraturam
1244 3158 1464 3230 proprie
1511 3155 1700 3224 efﬁcit,
1752 3154 1898 3225 prius
1939 3152 2082 3224 apud

493 3271 682 3314 omnes
709 3255 935 3326 populos
977 3251 1244 3324 apparuit,
1273 3265 1432 3322 quam
1463 3249 1580 3320 ipsa
1609 3247 1926 3312 litteratura,
1971 3260 2086 3298 car-
2131 3281 2134 3290 .

494 3349 637 3402 min‘a
671 3345 878 3403 scilicet
916 3353 972 3400 et
1010 3344 1304 3408 contiones;
1347 3341 1459 3411 jam
1505 3351 1633 3394 vero
1675 3351 1788 3393 rem
1837 3334 2084 3392 eamdem

494 3439 636 3507 apud
664 3438 870 3494 Gothos
896 3451 1017 3493 sese
1049 3435 1300 3491 habuisse
1347 3439 1560 3490 constat
1588 3447 1656 3487 ex
1700 3429 1975 3486 vocabulis
2004 3429 2086 3484 in-

493 3534 724 3604 digenis,
759 3531 954 3603 quibus
979 3530 1045 3585 ad
1069 3529 1158 3585 illa
1182 3526 1512 3599 designanda
1547 3524 1832 3580 utebantur
1864 3541 1877 3578 :
1906 3523 2085 3578 cantio

491 3630 636 3686 enim
669 3626 818 3702 (ᾠδή)
842 3625 928 3681 hic
959 3625 1156 3680 dicitur
1183 3638 1362 3694 saggvs
1390 3619 1554 3690 (Eph.
1599 3633 1655 3688 v,
1704 3617 1802 3682 l9;
1834 3616 1952 3672 Col.
1984 3632 2081 3684 ιιι,

495 3722 609 3794 16),
668 3737 698 3776 a
746 3722 957 3793 siggvan
1007 3716 1227 3793 (ᾄδειν);
1281 3723 1336 3770 et
1374 3725 1613 3778 carmen,
1658 3708 1798 3782 liup,
1829 3723 1859 3763 a
1895 3707 2086 3781 [iubati

497 3815 678 3890 (Rom.
701 3830 794 3883 xv,
818 3813 899 3885 9),
923 3826 1022 3883 pro
1043 3811 1248 3884 ψάλλειν
1267 3807 1430 3865 etiam
1451 3814 1730 3877 usurpato.
1755 3804 1964 3860 Praeter
1987 3803 2088 3860 has

496 3907 898 3979 designationes
935 3900 1466 3976 generales,‘dantur
1491 3908 1546 3954 et
1591 3897 1862 3954 nonnullae
1901 3896 2089 3968 appel-

493 4001 692 4065 lativaa,
727 4008 785 4055 ut
833 4014 929 4068 pro
969 3999 1188 4069 hymno,
1234 3993 1441 4049 haseins
1493 3992 1670 4067 (ὕμνος
1712 3990 1848 4062 Eph.
1892 4006 1944 4059 v,
1977 3991 2086 4058 i9;

491 4104 611 4160 Col.
662 4117 742 4169 ιιι,
795 4099 926 4169 16);
983 4098 1042 4153 in
1089 4097 1308 4152 naiteins
1341 4094 1492 4167 (coll.
1527 4102 1632 4148 vet.
1682 4092 1802 4146 lith.
1859 4092 2084 4164 neizjan,

490 4199 578 4257 Gf.
631 4197 697 4266 Il,
729 4194 918 4265 1128),
956 4193 1098 4264 quod
1133 4191 1234 4247 Mc.
1266 4205 1326 4258 ιι,
1355 4191 1419 4257 7;
1451 4204 1542 4259 ιιι,
1571 4189 1677 4254 28;
1727 4187 1854 4242 Luc.
1910 4202 1963 4252 v,
1994 4184 2084 4252 25,

487 4313 590 4370 pro
622 4297 917 4371 βλασφημία
947 4293 1185 4364 ponitur,
1216 4292 1382 4360 stirps
1411 4289 1717 4362 germanica
1741 4287 1898 4344 facile
1924 4301 2092 4359 agno-

490 4401 695 4457 scetur,
727 4404 835 4460 qua
865 4386 1132 4444 ironicum
1173 4394 1230 4440 et
1256 4382 1699 4439 declamatorium
1729 4395 1950 4437 carmen
1991 4394 2088 4436 ex-

488 4483 764 4556 primitur,»
805 4479 899 4534 tali
929 4477 1173 4534 carmine
1217 4475 1358 4546 apud
1388 4473 1595 4532 Gothos
1622 4472 1806 4530 forsan
1833 4472 1960 4545 neip
1991 4487 2089 4527 vo-

490 4587 635 4645 cato,
668 4587 722 4633 ut
768 4573 910 4645 apud
934 4581 1045 4630 vet.
1075 4580 1338 4643 septentr.
1378 4569 1488 4636 nid,
1521 4568 1650 4626 coll.
1690 4567 1778 4624 Gf.
1829 4567 1893 4634 ll,
1927 4565 2088 4624 1031.

494 4670 836 4728 Carminibus
863 4666 1130 4738 religiosis
1151 4665 1296 4722 nulla
1321 4664 1538 4719 fuerunt
1568 4661 1781 4734 propria
1807 4660 2088 4731 vocabula,

491 4766 580 4822 vel
595 4760 1097 4834 saltemlBibliorum
1120 4761 1445 4829 interpretes
1471 4770 1503 4810 e
1517 4769 1696 4826 graeco
1713 4755 1911 4825 psalmo
1934 4751 2088 4826 (Luc.

492 4855 708 4928 xx,42)
733 4857 820 4913 vel
871 4855 1072 4928 psalmo
1103 4851 1255 4924 (Cor.
1308 4851 1352 4917 l,
1408 4863 1518 4916 xrv,
1577 4847 1682 4914 26;
1738 4847 1875 4918 Eph.
1933 4862 2002 4911 tv,
2057 4845 2090 4900 8

492 4968 706 5024 marg.;
743 4967 799 5021 γ,
834 4949 933 5017 19;
973 4946 1090 5003 Col.
1118 4961 1197 5013 ιιι,
1229 4943 1324 5016 16)
1365 4941 1589 5000 mutuati
1635 4950 1782 5010 sunt,
1833 4940 1955 4997 licet
1995 4953 2091 5010 pro

491 5049 694 5123 ψαλμός
724 5046 890 5103 etiam
926 5042 1051 5115 ιενρ
1102 5039 1238 5113 (vid.
1267 5037 1450 5114 supra)
1482 5051 1745 5109 usurpare
1770 5035 2086 5106 potuissent.

490 5143 572 5196 De
616 5139 826 5210 gnomis
876 5136 988 5192 vid.
1047 5135 1206 5190 infra.
1239 5131 1487 5203 IEnigma
1536 5130 1830 5187 vocabatur
1880 5129 2091 5199 frisahts

493 5236 645 5310 (Cor.
677 5234 718 5301 l,
748 5247 864 5298 xm,
914 5229 1042 5301 i2);
1087 5226 1407 5294 similitudo,
1439 5224 1629 5297 gajulto
1680 5222 1826 5297 (vid.
1859 5222 2087 5294 glossar.

494 5340 555 5394 h.
604 5337 724 5407 v.);
773 5334 994 5401 fabulae,
1039 5331 1332 5404 parabolae,
1381 5329 1740 5395 narrationes,
1790 5325 1914 5397 spill
1954 5322 2086 5395 (vid.

493 5440 722 5511 glossar.
757 5437 812 5491 h.
842 5433 946 5507 v.).
977 5432 1097 5490 Non
1116 5433 1290 5490 solum
1320 5440 1500 5488 autem
1529 5430 1696 5485 fuisse
1722 5438 1914 5484 cantus
1947 5425 2089 5497 apud

493 5625 599 5681 bus
641 5621 1012 5690 designentur,
1054 5618 1151 5676 sed
1190 5618 1351 5676 etiam
1392 5632 1459 5673 ex
1503 5629 1758 5687 expresso
1801 5613 2090 5671 Jornandis

498 5713 838 5779 testimonio,
869 5713 958 5784 qui
995 5726 1091 5769 eos
1115 5720 1228 5768 tum
1254 5711 1516 5766 cantiones
1545 5709 1624 5780 (p.
1664 5707 1735 5765 93
1762 5708 1850 5764 ed.
1880 5705 2086 5778 Lind.),

499 5817 615 5863 tum
646 5807 878 5862 carmina
896 5805 974 5875 (p.
1005 5802 1098 5876 83)
1120 5812 1296 5870 vocat,
1325 5803 1600 5857 affirmans
1623 5801 1843 5872 insuper
1870 5797 2090 5855 histori-

499 5913 595 5959 cos
623 5908 679 5959 et
705 5899 954 5958 heroicos
975 5896 1142 5956 fuisse
1169 5903 1380 5966 cantus,
1405 5894 1459 5952 in
1479 5893 1696 5983 quibus,
1727 5907 1816 5951 ex.
1841 5907 1924 5965 gr.
1972 5890 2085 5949 Go-
2136 5961 2148 5969 _

1577 310 2036 370 GRAMMATICA
2075 311 2402 372 GOTHlCrE
2441 311 2746 372 LINGUE.

2192 426 2407 481 thorum
2438 425 2614 481 exitus
2661 441 2694 483 e
2732 425 3090 484 Scandmavia
3125 429 3179 486 in
3223 431 3551 502 continentem,
3573 436 3669 494 Van-

2193 518 2393 575 dalium
2431 519 2715 590 subiectio,
2752 535 2940 577 eorum
2970 535 3071 592 per
3098 521 3362 594 Scythiam
3390 524 3446 579 ad
3479 542 3592 583 mare
3613 531 3670 585 hi-

2193 625 2346 682 grum
2389 610 2644 666 transitus
2687 611 2768 682 (p.
2814 611 2933 685 85),
2964 613 3130 669 immo
3162 632 3180 666 ι
3216 615 3346 685 facta
3388 614 3671 689 Ethespm,

2197 701 2436 774 Hanalaz,
2467 701 2761 778 Fridigernt
2779 747 2796 774 ,
2839 705 3090 763 Vidiculte
3117 717 3165 763 et
3202 708 3428 775 aliorum,
3451 727 3618 781 quorum
3634 715 3670 770 in

2193 794 2290 850 hac
2335 806 2483 869 gente
2525 815 2714 871 magna
2741 801 2919 872 opinio
2960 810 3055 870 est,
3097 803 3270 873 quales
3293 804 3373 858 vix
3397 802 3547 860 heroas
3572 808 3680 876 {ante

2193 899 2430 953 miranda
2451 901 2616 971 jactat
2663 901 2944 972 antiquitas
2990 903 3072 974 (p.
3119 903 3235 973 86),
3269 920 3289 956 ι
3337 903 3675 963 celebrabantur.

2192 990 2378 1058 Quoad
2398 1007 2524 1047 vero
2545 993 2854 1065 rhythmum
2873 994 3065 1050 horum
3087 995 3682 1061 carminum,nihilomniuo

2192 1085 2472 1153 novimus;
2508 1087 2722 1145 fuerunt
2765 1089 3113 1158 probabiliter
3137 1088 3394 1157 itcrativa,
3415 1091 3683 1160 quemadmo-

2194 1180 2322 1237 dum
2371 1191 2692 1238 cmterorum
2743 1180 3130 1248 Germanorum
3180 1192 3398 1249 cantus;
3441 1194 3608 1241 certum
3631 1196 3685 1242 est

2191 1291 2372 1340 antem
2406 1298 2468 1339 ea
2496 1284 2714 1340 heroico
2744 1285 3059 1341 Graecorum
3085 1293 3259 1342 metro
3281 1298 3383 1341 non
3408 1283 3551 1341 fuisse
3580 1286 3686 1341 indu-

2191 1383 2242 1430 ta
2260 1416 2276 1442 ,
2320 1376 2396 1431 uti
2435 1375 2728 1433 infeliciter
2756 1377 3129 1434 Massmannus
3157 1377 3226 1434 de
3252 1392 3401 1434 versu
3425 1376 3472 1432 in
3499 1380 3623 1448 epist.
3643 1379 3686 1434 ad

2189 1468 2298 1524 Tit.
2329 1486 2380 1536 ι,
2416 1470 2486 1525 12
2525 1470 2735 1526 laudata
2764 1471 3018 1542 coitjecit.
3048 1472 3313 1528 Ceterum
3355 1484 3445 1526 nec
3468 1479 3593 1525 erant
3621 1485 3688 1526 nec

2189 1560 2408 1619 fuerunt
2437 1565 2720 1634 scriptura:
2760 1565 3007 1630 mandata
3030 1607 3047 1633 ,
3088 1565 3208 1631 sed,
3252 1573 3310 1620 ut
3336 1578 3444 1619 mos
3476 1571 3572 1618 erat
3593 1564 3688 1634 apud

2187 1663 2321 1718 alias
2351 1665 2687 1736 germanicas
2725 1677 2939 1737 gentes,
2977 1681 3008 1721 a
3044 1665 3210 1722 certis
3253 1662 3578 1720 cantatoribus
3599 1663 3690 1718 onli

2187 1756 2350 1812 modo
2371 1757 2738 1814 tradebantur.
2765 1757 2884 1814 Jam
2905 1773 3037 1815 vero
3078 1773 3180 1814 nos
3207 1759 3340 1829 fugit
3362 1755 3596 1828 gothicutu
3627 1756 3692 1810 ho-

2187 1865 2305 1906 rum
2334 1862 2670 1909 cantatorum
2703 1868 2931 1919 nomen;
2977 1869 3102 1909 nam
3130 1853 3410 1925 liuparjos,
3431 1860 3484 1905 ut
3508 1849 3692 1905 Hebreu-

2185 1958 2302 1999 rum
2341 1954 2622 2002 cantantes
2665 1946 2848 2002 levitas
2874 1945 3129 2022 (ᾅδοντες)
3175 1946 3316 2018 apud
3348 1945 3460 2000 Esr.
3499 1959 3556 2010 ιι,
3590 1939 3693 1997 Met

2183 2034 2323 2092 Neh.
2351 2053 2420 2092 vn
2439 2080 2455 2106 ,
2485 2040 2511 2094 1
2541 2039 2756 2110 gothice
2785 2049 3085 2106 vertuntur,
3118 2040 3223 2095 dici
3266 2045 3537 2108 nequeunt,
3558 2034 3694 2106 quippe

2183 2149 2307 2190 cum
2335 2134 2545 2217 Hebraei
2581 2152 2732 2194 more
2759 2148 2966 2205 nostro,
2995 2138 3250 2195 Germani
3295 2149 3462 2194 autem
3494 2154 3612 2194 more
3634 2153 3694 2209 po-

2187 2229 2293 2284 tius
2339 2231 2650 2301 recitativo,
2703 2232 3004 2302 conjunctis
3051 2233 3274 2288 citharas
3329 2232 3692 2289 modulationibus

2185 2322 2470 2396 (Jornand.
2524 2338 2578 2393 p.
2623 2323 2715 2394 86)
2757 2333 3036 2380 canerent.
3070 2324 3238 2395 Atqui
3283 2338 3348 2380 eo
3377 2324 3520 2380 modo
3560 2338 3694 2379 canere

2184 2415 2397 2486 gothice
2417 2425 2500 2472 cst
2523 2417 2754 2490 siggvan,
2791 2428 2846 2474 et
2873 2417 3235 2488 compositum
3261 2419 3536 2490 ussiggvan,
3557 2417 3600 2473 id
3615 2426 3692 2483 est,

2186 2509 2416 2565 recitare
2440 2510 2869 2584 (ἀναγινώσκειν),
2893 2511 3039 2566 unde
3064 2511 3344 2584 saggvjans
3381 2511 3459 2566 his
3483 2510 3698 2566 cautatori-

2184 2602 2287 2657 bns
2329 2617 2524 2658 nomen
2567 2603 3041 2659 accommodatius.
3084 2603 3274 2673 Quoad
3317 2605 3554 2659 rationem
3587 2617 3698 2673 quare

2187 2696 2485 2752 Gothorum
2510 2697 2748 2752 carmina
2773 2697 2973 2768 scripta
3003 2711 3107 2752 non
3139 2695 3371 2764 fuerint,
3403 2697 3541 2752 facile
3561 2693 3699 2766 percipi

2186 2799 2384 2862 potest.
2431 2791 2490 2846 In
2531 2791 2775 2861 pristinis
2818 2792 2963 2846 enim
3005 2791 3344 2862 temporibus
3383 2792 3462 2845 hic
3504 2803 3592 2844 non
3625 2796 3701 2841 erat

2188 2900 2336 2950 usus,
2370 2894 2424 2941 et
2473 2886 2650 2956 posito
2687 2884 2830 2958 quod
2880 2885 3044 2942 Gothi
3089 2895 3217 2941 ante
3255 2886 3515 2941 ulﬁlanam
3553 2891 3699 2939 aetatem

2185 2980 2507 3052 scripturam
2553 2979 2837 3036 habuerint
2874 2979 3008 3052 (vid.
3067 2979 3096 3051 ς
3133 2979 3251 3052 11),
3306 2981 3418 3034 lucc
3456 2975 3701 3032 carminibus

2187 3076 2344 3133 obvia
2384 3085 2438 3132 et
2465 3089 2766 3146 congruens
2798 3073 2967 3130 fuisse
2990 3073 3196 3130 creditu
3229 3072 3451 3130 difﬁcile
3489 3080 3573 3127 est.
3611 3067 3700 3123 Cum

2187 3190 2370 3236 autem
2392 3194 2456 3235 ea
2477 3178 2741 3250 scriptura
2774 3177 2882 3234 illis
2911 3177 3030 3244 fuit,
3060 3192 3179 3248 quae
3196 3176 3520 3243 conveniret,
3539 3172 3700 3228 deerunt

2185 3271 2462 3339 Maecenati,
2493 3285 2595 3327 nec
2644 3271 2837 3326 litteris
2879 3270 3109 3326 libenter
3157 3268 3434 3340 indulgere
3467 3270 3698 3338 potuerunt,

2185 3368 2292 3425 nisi
2321 3383 2441 3423 cum
2474 3366 2690 3437 politica
2717 3365 2896 3436 quiete
2917 3364 3239 3436 gaudentes,
3275 3363 3470 3434 patrios
3496 3372 3634 3415 mores
3653 3353 3700 3408 si-

2185 3461 2297 3518 mul
2351 3469 2407 3516 et
2459 3473 2698 3517 amorem
2747 3458 2982 3530 proprize
3055 3457 3382 3512 litteraturae
3431 3452 3698 3522 recepissent.

2187 3553 2340 3611 Adde
2381 3553 2542 3610 etiam
2586 3550 2731 3623 quod
2773 3549 2914 3621 apud
2961 3548 3168 3606 Gothos
3210 3549 3475 3619 scriptura
3521 3544 3596 3600 diu
3616 3539 3700 3595 solis

2187 3645 2522 3718 presbyteris
2543 3645 2704 3701 fuerit
2732 3651 3029 3714 reservata,
3074 3642 3483 3716 presbyterique
3503 3637 3559 3693 ad
3576 3632 3700 3690 defen-

2188 3737 2419 3795 dendam
2456 3745 2512 3794 et
2556 3737 2957 3808 propagandam
3014 3735 3337 3807 religionem
3391 3749 3451 3790 ea
3490 3722 3698 3802 primousi

2189 3831 2317 3896 sint,
2347 3837 2403 3886 et
2441 3836 2841 3900 consequenter
2869 3826 3203 3883 carminibus
3235 3826 3510 3898 indulgere
3533 3837 3616 3879 non
3635 3831 3698 3890 p0-

2191 3924 2411 3990 tuerint,
2443 3922 2656 3978 etiamsi
2678 3937 2834 3977 mens
2858 3920 2967 3976 illis
2998 3919 3209 3976 fuisset.
3800 3919 3801 3990 ξ

2267 4035 2287 4070 ι
2326 4015 2444 4072 Νοιι
2468 4015 2624 4086 pauci
2655 4015 2838 4080 etiam,
2877 4012 3108 4084 quodam
3143 4012 3270 4069 loco
3286 4001 3697 4068 Jornandisinniri,

2192 4109 2545 4166 crediderunt
2585 4106 2829 4178 pristinis
2887 4104 3079 4162 Gothis
3126 4105 3361 4176 scriptas
3407 4105 3539 4174 leges
3570 4097 3695 4153 fuisse.

2191 4203 2288 4260 llic
2315 4203 2487 4274 locus,
2511 4201 2672 4258 etiam
2715 4200 2816 4257 sub
2837 4201 2946 4256 alio
2971 4209 3222 4270 respectu
3251 4201 3569 4270 conspicuus,
3588 4192 3644 4247 sic
3661 4202 3697 4243 se
3800 4231 3801 4244 ι

2189 4296 2372 4364 habet,
2423 4311 2476 4365 p.
2523 4294 2594 4351 93
2635 4293 2794 4349 Lind.
2855 4309 2870 4349 :
2931 4311 2949 4345 ‹
2984 4292 3239 4348 Dicencus
3286 4292 3434 4348 omni
3459 4304 3566 4363 pene
3585 4281 3696 4358 philo-

2189 4389 2372 4462 sophia
2391 4404 2474 4443 eos
2505 4386 2756 4460 (GOthos)
2787 4388 3030 4442 instruxit
3054 4402 3072 4441 :
3101 4402 3221 4441 nam
3243 4387 3460 4441 ethicam
3489 4399 3562 4440 eos
3583 4376 3696 4435 endi-

2191 4487 2281 4551 vit,
2320 4492 2375 4538 ut
2400 4483 2690 4538 barbaricos
2730 4498 2898 4538 mores
2927 4482 2990 4536 ab
3021 4483 3093 4538 eis
3122 4493 3486 4556 compesceret;
3513 4475 3695 4550 μηδίσαι

2191 4577 2418 4642 tradens,
2452 4574 2755 4631 naturaliter
2781 4576 3003 4647 propriis
3035 4575 3226 4649 legibus
3276 4576 3434 4630 vivere
3468 4571 3588 4644 fecit,
3611 4577 3693 4634 qm

2193 4685 2351 4735 usque
2374 4685 2512 4723 nunc
2537 4669 2852 4738 conscriptas
2882 4668 3154 4740 bellagines
3198 4673 3524 4739 nuncupant;
3544 4660 3692 4732 logical!I

2191 4763 2452 4817 instruens
2481 4775 2566 4815 eos
2587 4759 2799 4814 rationis
2826 4775 2982 4832 supra
3019 4769 3228 4814 crateras
3259 4766 3430 4831 gentes
3448 4755 3551 4827 fecit
3573 4760 3690 4815 αρσ-

2191 4873 2304 4931 tos;
2345 4865 2604 4937 practicen
2652 4863 2918 4916 ostendens
2963 4851 3028 4914 ini
3060 4859 3205 4914 bonis
3252 4858 3448 4913 actibus
3487 4841 3693 4909 consenui

2190 4959 2342 5031 iussit
2359 4973 2378 5023 ;
2407 4956 2664 5012 theoricen
2689 4955 3046 5010 demonstrans
3093 4955 3362 5026 signorum
3410 4946 3630 5006 duodecim
3661 4943 3692 4990 ει

2189 5065 2280 5124 per
2303 5067 2360 5104 ea
2393 5049 2719 5118 planetarum
2749 5063 2925 5101 cursus
2953 5061 3248 5115 omnemque
3271 5040 3598 5100 astronomiam
3611 5046 3693 5087 ron-

2192 5141 2428 5212 templari
2466 5141 2661 5207 docuit,
2689 5147 2796 5195 etc.
2849 5137 3015 5210 Elegit
3054 5138 3410 5208 prudentiores
3454 5134 3583 5198 viros,
3614 5135 3695 5193 1⁵⁸³

2193 5231 2506 5304 theologiam
2548 5231 2806 5285 instruens
2853 5229 3062 5283 numina
3084 5229 3319 5298 quadam
3348 5235 3394 5282 et
3415 5221 3576 5280 sacella
3597 5226 3694 5271 me
3800 5221 3801 5224 “

2190 5325 2298 5380 rari
2344 5324 2524 5380 suasit.
2564 5341 2583 5376 ι
2626 5321 2881 5390 Quamvis
2910 5329 3118 5377 certum
3173 5322 3243 5376 sit
3268 5318 3518 5390 gothicam
3540 5319 3692 5384 gentem

2189 5433 2297 5475 non
2327 5431 2394 5474 eo
2437 5416 2596 5472 modo
2625 5413 2996 5486 philosophice
3034 5415 3329 5470 institutam
3368 5426 3500 5478 esse,
3538 5417 3618 5474 quo
3637 5399 3688 5453 hil

2189 5508 2476 5567 Jornandis
2512 5509 2660 5564 locus
2681 5506 2965 5563 indecente
2993 5515 3048 5562 et
3068 5506 3330 5578 indigesta
3349 5499 3605 5560 eruditione
3623 5489 3676 5562 pk

2189 5618 2290 5659 nus
2308 5617 2406 5659 nos
2427 5613 2714 5672 persuasos
2737 5598 2936 5654 habere
2956 5597 3206 5668 voluerit,
3225 5596 3348 5652 hinc
3372 5607 3528 5649 tamen
3547 5584 3674 5672 Gothi)

2187 5683 2296 5754 non
2323 5670 2578 5754 incultam
2609 5702 2846 5767 gentem,
2889 5691 2986 5749 sed
3011 5691 3080 5748 de
3105 5689 3349 5747 humanis
3380 5695 3431 5743 et
3459 5679 3628 5741 divinis.
3647 5670 3688 5725 dt

2187 5790 2532 5848 terrestribus
2556 5796 2613 5846 et
2641 5786 2952 5845 ctelestibus
2973 5784 3139 5842 rebus
3155 5782 3298 5839 varie
3317 5779 3551 5838 eruditam
3576 5767 3690 5824 fuisse
3800 5771 3801 5848 ξ

2193 5883 2560 5956 consequitur.
2614 5882 2730 5940 Jam
2767 5894 2899 5939 vero
2962 5878 3078 5936 sive
3128 5877 3328 5935 vicinas
3372 5872 3476 5931 sive
3516 5866 3689 5926 remotas
