3840 6486
85 345 187 403 889

83 469 273 536 gentes
301 462 738 535 comparantibus
770 473 925 518 noots
949 465 1184 525 constat,
1235 457 1432 530 quibus
1467 457 1671 514 eaedem

84 558 305 612 fuerunt
319 556 705 622 institutiones,
728 553 976 627 qumdam
999 553 1247 609 collectio
1263 551 1363 607 fuit
1383 551 1679 607 sententia-

87 665 224 715 rum;
244 650 325 704 sic
351 649 492 705 Indis
511 649 770 714 Puranas,
795 647 996 704 Graecis
1013 646 1206 703 Gnomi
1225 645 1549 716 Hesiodique
1566 645 1682 700 dies

83 751 139 798 et
162 756 350 812 opera,
377 740 730 796 Scandinavis
745 740 895 796 dives
913 749 972 796 et
996 739 1260 810 poeticum
1289 739 1680 796 sententiarum

84 849 280 903 corpus
307 833 437 904 (vid.
461 833 720 900 Dietrich,
751 833 988 887 Altnord.
1013 830 1269 886 Lesebuch
1294 831 1444 902 praef.
1466 828 1679 900 xxxm),

85 941 182 982 nec
209 942 316 981 non
347 935 400 980 et
427 927 730 982 Germanis.
766 925 952 983 Simile
980 940 1111 995 ergo
1141 925 1529 980 sententiarum
1563 937 1684 976 cor-

39 1018 49 1074 i
85 1035 184 1091 pus
203 1021 344 1090 apud
365 1017 570 1076 Gothos
593 1019 839 1075 invenire
851 1019 1191 1084 deberemus,
1209 1027 1265 1075 et
1278 1017 1402 1073 huic
1414 1014 1680 1072 verisimi-

39 1094 49 1156 ί
86 1113 208 1169 liter
233 1113 423 1168 alludit
451 1128 613 1185 supra
661 1113 914 1169 laudatus
940 1110 1227 1168 Jornandis
1256 1111 1426 1165 locus.
1459 1107 1683 1164 Mentio-

85 1221 208 1261 nem
235 1206 379 1260 enim
413 1205 542 1259 facit
594 1204 660 1260 de
709 1205 939 1275 quodam
998 1203 1382 1259 sententiarum
1435 1215 1680 1270 corpore,

86 1299 370 1368 scriptura:
415 1297 690 1362 mandato,
747 1296 1074 1364 nomineque
1100 1293 1451 1364 Bellaginium
1483 1290 1680 1361 indigi-

91 1401 216 1445 tato.
245 1389 352 1446 Sed
381 1389 508 1460 quid
546 1389 628 1443 hac
663 1388 950 1460 Bellagines
974 1388 1062 1443 vel
1097 1387 1392 1443 correctius
1420 1384 1682 1456 Bilagines

98 1485 196 1554 (vel
249 1484 629 1555 Bilageineis)?
680 1482 826 1538 Pene
879 1496 1063 1537 omnes
1123 1480 1220 1536 has
1267 1479 1568 1534 habuerunt
1627 1485 1684 1531 ut

97 1591 239 1632 veras
287 1577 432 1647 leges
485 1584 571 1642 et,
607 1577 864 1630 innuente
904 1572 1197 1638 .lornande,
1229 1570 1468 1626 codicem
1505 1569 1681 1639 legum

88 1668 430 1738 gothicarum
483 1687 495 1721 :
553 1667 678 1722 inde
741 1665 986 1721 nonnulli
1033 1663 1277 1734 quaedam
1335 1669 1680 1717 monumenta

84 1762 280 1830 scripta
304 1770 432 1816 ante
457 1759 666 1815 Ullilam
693 1758 854 1812 fuisse
877 1762 1233 1821 censuerunt;
1258 1754 1347 1810 alii
1375 1754 1442 1810 de
1463 1753 1683 1807 authen-

88 1853 292 1908 ticitate
349 1853 510 1922 hujus
580 1850 782 1907 codicis
836 1850 1214 1905 dubitaverunt
1267 1848 1416 1922 (coll.
1473 1847 1678 1916 Maneo,

81 1946 267 2000 Gesch.
284 1948 374 1999 der
389 1945 758 2017 0stgotlten,91
783 1943 819 2015 i)
831 1988 844 2011 ,
859 1955 913 1999 et
926 1943 1173 2014 equidem
1187 1943 1400 2008 merito,
1418 1957 1538 1996 cum
1557 1956 1682 1995 non-

80 2038 184 2093 nisi
199 2046 460 2106 regnante
479 2037 731 2103 Euricho,
754 2037 806 2090 in
828 2037 1026 2092 saeculo
1049 2036 1256 2091 scilicet
1274 2035 1486 2106 quinto,
1517 2031 1683 2088 Wisi-

81 2132 496 2205 gothicodicem
514 2133 688 2202 legum
713 2130 1339 2201 habuerint(Aschbach,
1369 2125 1561 2183 Gesch.
1593 2127 1684 2181 der

89 2227 452 2297 il’estgotheu,
478 2223 622 2293 157).
637 2223 743 2280 Sed
765 2231 1067 2289 contextus,
1089 2222 1136 2276 si
1157 2220 1518 2284 examinetur,
1546 2218 1682 2274 hanc

84 2316 589 2385 interpretationem
622 2313 841 2368 minime
865 2312 1141 2382 justillcat.
1178 2311 1274 2366 llic
1303 2310 1446 2366 enim
1491 2309 1682 2364 lacuna

84 2408 364 2464 evidenter
409 2405 594 2467 adest;
630 2419 752 2458 nam
791 2417 1126 2474 quaecunque
1163 2402 1309 2472 leges
1354 2400 1440 2455 vel
1481 2408 1680 2455 statuta

85 2497 316 2571 supponi
343 2497 572 2567 possint,
603 2495 776 2550 nullus
806 2510 1037 2564 unquam
1079 2493 1455 2563 philosophus,
1497 2491 1683 2562 physi-

87 2609 204 2649 cam
247 2592 470 2654 docens,
500 2589 646 2659 leges
692 2588 876 2642 civiles
907 2587 1054 2650 tulit,
1089 2595 1142 2640 et
1170 2594 1298 2640 sunt
1341 2585 1426 2638 hic
1456 2583 1521 2638 ad
1552 2584 1684 2655 phy-

88 2689 266 2741 sicam
303 2683 609 2750 adscriptze,
641 2680 734 2737 sed
785 2680 852 2735 de
901 2679 1311 2748 investigatione
1350 2685 1554 2731 tantum
1589 2692 1685 2729 na-

91 2789 224 2834 tura:
276 2786 330 2830 et
378 2773 612 2829 essentia
661 2788 839 2828 rerum
890 2771 1177 2836 disseruit;
1227 2770 1379 2826 deest
1421 2770 1582 2839 igitur
1630 2768 1684 2823 in

99 2880 245 2924 textu
279 2866 504 2922 scientia
532 2880 658 2920 vere
689 2863 1085 2934 philosophica,
1115 2862 1306 2915 Politia
1335 2861 1564 2926 scilicet,
1591 2874 1686 2914 seu

90 2964 212 3015 vitm
232 2958 414 3014 civilis
435 2955 755 3012 institutrix:
782 2953 922 3008 unde
945 2953 1099 3008 facile
1121 2961 1288 3022 patet,
1311 2951 1458 3022 quod
1483 2950 1682 3006 erroris

89 3052 492 3107 fundamentum
507 3047 559 3102 in
577 3047 874 3101 naturaliter
887 3046 1080 3116 jaceat,
1105 3045 1183 3100 sic
1203 3044 1380 3100 forsan
1398 3044 1686 3100 semtentia

88 3147 361 3218 primitive
389 3150 645 3210 concepta
675 3158 689 3195 :
715 3141 976 3210 physicam
1002 3141 1206 3194 tradens
1235 3149 1480 3194 naturam
1505 3153 1686 3193 rerum

95 3250 149 3295 ut
192 3239 484 3302 discerent,
519 3234 761 3306 politiam
809 3234 1011 3289 docens
1057 3233 1383 3299 naturaliter,
1416 3241 1521 3287 etc.
1571 3232 1687 3288 Non

95 3343 176 3390 est
228 3335 448 3400 insuper
497 3344 811 3394 necessum,
862 3337 922 3382 ut
964 3342 1062 3398 per
1113 3328 1210 3382 has
1260 3327 1392 3397 leges
1441 3325 1689 3396 positive:

93 3426 494 3496 intelligantur;
521 3422 614 3478 sed
638 3421 946 3478 econtrario
975 3421 1211 3490 legitime
1234 3421 1464 3489 supponi
1490 3428 1686 3489 potest,

93 3535 156 3575 ea
184 3533 305 3574 esse
334 3523 540 3572 tantum
573 3515 838 3570 naturalia
883 3513 1152 3584 aequitatis
1195 3512 1454 3583 principia
1493 3511 1689 3582 quibus

91 3613 196 3668 vita
226 3608 403 3666 civilis
433 3606 739 3663 instituitur.
772 3604 880 3661 Nec
908 3619 1014 3660 non
1055 3611 1111 3660 et
1141 3603 1398 3659 formulas
1441 3603 1687 3658 incanta-

90 3707 253 3765 tionis
278 3716 336 3762 et
361 3702 778 3774 conjurationis,
806 3699 994 3769 quales
1023 3699 1178 3756 nobis
1202 3712 1232 3754 e
1260 3696 1494 3764 Graecis,
1523 3697 1692 3754 Scan-

90 3801 309 3858 dinavis
356 3808 410 3854 et
465 3795 748 3854 Germanis
803 3792 1020 3848 tradidit
1070 3790 1398 3862 antiquitas,
1443 3788 1496 3844 in
1559 3803 1693 3846 voce

90 3895 357 3950 contiones
405 3890 582 3946 locum
629 3883 917 3942 Jornandis
946 3882 1108 3939 modo
1151 3881 1423 3938 laudatum
1455 3895 1692 3951 sequen-

93 3997 174 4042 tes
227 3983 491 4055 suspicari
548 3993 867 4052 possemus,
913 3974 1018 4032 nisi
1078 3975 1242 4030 etiam
1301 3982 1583 4029 contextus
1625 3972 1692 4027 ad

93 4079 276 4133 minus
323 4075 572 4130 usitatam
603 4067 1044 4141 significationem
1085 4074 1264 4121 cantus
1296 4079 1484 4122 vocem
1525 4064 1691 4120 cantio

94 4167 431 4238 restringere
458 4163 728 4220 suaderet.

171 4279 192 4312 s
235 4259 313 4316 De
339 4255 630 4312 Bibliorum
656 4252 928 4318 versione,
957 4264 1076 4322 quae
1103 4247 1172 4303 ad
1199 4255 1452 4318 quartum
1477 4245 1695 4303 circiter

91 4354 358 4413 saeculum
387 4351 456 4406 ab
489 4347 642 4405 Ullila
668 4347 921 4416 incoepta,
951 4342 1021 4399 ab
1044 4341 1172 4410 alio,
1196 4340 1300 4396 nisi
1329 4340 1510 4396 forsan
1534 4338 1602 4394 ab
1631 4353 1699 4394 eo

93 4456 219 4522 ipso
229 4449 538 4506 continuata
559 4443 675 4511 fuit,
689 4443 800 4514 jam
812 4455 971 4511 supra
986 4439 1040 4495 in
1064 4437 1307 4510 prolegg.
1325 4436 1393 4492 ad
1417 4434 1695 4491 ullilanum

93 4554 308 4602 textum
337 4538 564 4613 quaestio
591 4535 708 4592 fuit.
733 4532 918 4603 Quoad
945 4545 1075 4587 vero
1105 4528 1389 4593 Skeireina,
1421 4527 1524 4582 hoc
1552 4524 1699 4580 aliud

92 4639 336 4712 gotbicae
368 4637 678 4708 litteratura:
710 4628 886 4699 majus
912 4625 1270 4696 fragmentum
1299 4637 1331 4677 a
1361 4619 1702 4678 Massmanno

93 4734 343 4798 editum,
394 4729 462 4784 ad
514 4725 781 4797 quodnam
840 4731 1051 4789 tempus
1095 4715 1466 4781 referendum,
1522 4723 1702 4768 utrum

93 4827 284 4884 versio
318 4823 391 4879 sit
420 4821 504 4878 vel
541 4817 803 4890 originale
839 4815 1127 4884 scriptum,
1159 4811 1391 4882 denique
1417 4824 1446 4864 a
1473 4823 1704 4881 quonam

95 4919 411 4977 Gothorum
439 4914 660 4970 doctore
687 4909 990 4965 confectum
1014 4907 1106 4970 sit,
1133 4905 1236 4960 hoc
1259 4902 1431 4959 adhuc
1461 4902 1512 4956 iu
1541 4901 1706 4956 dubio

93 5018 382 5076 remanet,
411 5006 539 5063 coll.
586 5003 753 5070 Lbbe,
784 4996 1265 5070 Textberichtigung
1293 4996 1386 5051 der
1427 4994 1702 5062 Skeireins,

95 5106 393 5176 Altenbttrg
419 5101 578 5158 18⁸59.

177 5221 204 5258 s
264 5199 458 5255 Plures
507 5194 728 5264 insuper
767 5189 904 5244 alias
949 5184 1226 5241 versiones
1273 5181 1709 5252 theologicosque

95 5300 376 5352 tractatus
408 5287 585 5359 plures
611 5281 934 5351 conscripsit
963 5274 1146 5332 Ullilas
1165 5317 1182 5344 ,
1230 5284 1345 5332 ut~e
1373 5272 1710 5330 documentis

98 5391 292 5461 primo
330 5387 578 5438 recenter
605 5376 862 5434 consultis
906 5385 962 5432 et
1006 5395 1036 5431 ιι
1079 5371 1312 5430 Waitzio
1364 5368 1571 5440 (Ueber
1607 5367 1710 5461 idus

101 5460 286 5538 ut...
327 5475 436 5530 und
466 5475 550 5528 die
575 5472 738 5527 Lehrc
768 5471 858 5525 des
888 5469 1072 5538 Ulﬁla,
1099 5466 1337 5521 Hannon.
1367 5460 1524 5535 lStO)
1554 5460 1714 5517 editis

104 5573 486 5632 indubitanter
504 5573 737 5630 constat;
769 5563 838 5618 ibi
872 5563 1016 5619 enim
1036 5561 1231 5616 dicitur
1254 5560 1396 5630 (pag.
1420 5555 1514 5625 M)
1538 5553 1710 5626 quod:

110 5689 132 5727 s
172 5678 226 5724 et
254 5667 367 5736 ipse
395 5659 634 5733 (Ulﬁlas)
663 5657 822 5714 tribus
861 5655 1052 5726 linguis
1096 5654 1319 5726 (grteca,
1343 5650 1500 5706 latina
1523 5657 1578 5706 et
1609 5663 1714 5721 go.

186 5783 207 5814 ι
243 5775 530 5846 Quomodo
556 5774 609 5828 in
635 5771 935 5846 editionem
956 5768 1343 5846 germanicam,
1367 5753 1582 5822 aliunde
1606 5775 1714 5822 tam

112 5842 860 5924 exquisitam,__subrepserit_
883 5842 976 5924 ille
1033 5843 1209 5924 gravis
1259 5855 1465 5924 errpr,_
1495 5852 1714 5924 pro-reus

116 5909 421 5981 nescimus.
469 5909 586 5973 Non
634 5909 777 5972 enim
830 5913 1017 5970 doctos
1039 5909 1292 5968 'editores
1337 5909 1471 5980 fugit
1515 5909 1710 5981 nullam

118 5979 367 6068 unquam
420 5989 506 6046 vel
556 5986 832 6043 minimam
891 5984 1157 6043 laudatam
1220 5979 1710 6052 fuisse’epistolam

1479 342 1964 404 INTRODUCTIO.

2136 242 2189 265 11!

3271 345 3370 403 890

1790 459 1917 532 tica)
1959 461 2142 532 plures
2173 469 2431 520 tractatus
2461 469 2516 518 et
2544 460 2738 518 multas
2783 461 3248 534 interpretattones
3286 477 3369 516 vo.

1785 553 2003 608 lentibut
2053 554 2121 608 ad
2179 555 2451 608 utilitatem
2496 563 2544 608 et
2593 556 2659 609 ad
2705 553 3126 624 ardiﬁcationem,
3163 554 3260 610 sibi
3304 553 3371 608 ad

1784 654 2028 698 aeternam
2059 646 2354 699 memoriam
2379 655 2428 700 et
2459 648 2738 702 mercedem
2767 656 2890 718 post
2931 662 2990 702 se
3017 647 3320 718 dereliquit.
3348 665 3368 700 ι

1786 738 1867 791 Ad
1912 739 2234 794 anteriorem
2265 739 2525 811 epocham
2557 743 2795 810 pertinet
2835 742 3138 797 historicum
3164 759 3292 808 opus
3312 742 3374 796 ab

1785 829 2018 898 Ablavio,
2049 841 2104 886 et
2147 833 2487 905 geographica
2523 834 2736 906 scripta,
2767 833 2851 890 vel
2897 835 3076 904 potius
3104 833 3374 905 quoddam

1783 923 2103 977 itinerarium
2155 926 2319 980 totius
2357 927 2658 982 Germaniae
2707 928 2768 981 ab
2808 927 3148 994 Athanarito,
3189 925 3374 981 Hilde-

1787 1016 1962 1082 baldo,
1990 1014 2328 1085 Markomiro,
2365 1017 2430 1072 ad
2461 1029 2672 1073 sextum
2702 1018 2954 1074 saeculum
2984 1017 3372 1086 conscriptum,

1785 1108 2034 1178 quodque
2063 1092 2385 1181 geographus
2414 1109 2687 1166 Ravennas
2717 1111 3012 1182 saepissime
3040 1109 3207 1166 refert
3231 1108 3372 1183 (vid.

1784 1199 2103 1256 Grimmium
2135 1200 2229 1257 Gr.
2263 1219 2385 1258 vat
2413 1203 2498 1277 [1⁸
2527 1203 2731 1276 edit.]).

1861 1311 1881 1345 s
1920 1293 1999 1348 Ad
2053 1295 2365 1351 litteratura:
2408 1296 2702 1352 dominium
2752 1297 3033 1354 referenda
3079 1303 3206 1353 sunt
3271 1310 3374 1352 nec

1787 1382 2161 1440 Calendarium
2193 1386 2463 1456 gotbicum
2491 1431 2506 1454 ,
2549 1404 2648 1445 nec
2682 1389 2915 1460 gothicae
2958 1388 3377 1458 subscriptiones

1786 1477 2160 1534 nonnullorum
2202 1481 2643 1537 documentorum
2685 1485 2735 1536 in
2762 1481 2913 1536 Italia
2943 1481 3110 1537 latine
3137 1481 3376 1536 conscri-

1787 1579 1995 1638 ptorum
2051 1571 2196 1641 (vid.
2255 1575 2398 1644 goth.
2431 1573 2672 1644 ~glossar.
2736 1572 2962 1644 praef.),
3028 1571 3151 1628 licet
3220 1570 3376 1627 nobis

1787 1663 1963 1732 magni
2006 1664 2115 1717 sint
2161 1663 2295 1719 alias
2341 1666 2628 1731 momenti;
2656 1666 2826 1721 multo
2870 1665 3044 1720 minus
3088 1679 3151 1720 ea
3192 1663 3376 1734 spuria

1787 1767 1906 1824 qua:
1935 1754 2308 1811 Massmannus
2355 1757 2537 1812 multis
2580 1757 2792 1827 quidem
2837 1757 3124 1812 sudoribus
3151 1771 3377 1825 compau

1786 1856 1922 1914 rata,
1955 1863 1987 1904 c
2034 1849 2178 1903 fonte
2207 1850 2426 1904 nimium
2477 1850 2654 1906 fallaci
2693 1850 2890 1913 hausit,
2921 1859 2977 1905 et
3006 1851 3059 1905 in
3090 1864 3254 1919 opere
3281 1863 3376 1918 pc-

1784 1937 1988 1994 riodico
2032 1940 2249 2010 l-lauptii
2284 1941 2574 1997 Alterthum
2614 1942 2668 2008 Ι,
2711 1942 2816 1997 294
2862 1956 2981 2013 sqq.
3026 1942 3245 1997 nomine
3286 1955 3376 2012 go-

1784 2030 2040 2084 thicorum
2087 2033 2347 2087 minorum
2387 2034 2646 2106 inscripta
2692 2034 2745 2090 in
2783 2033 2958 2091 lucem
2998 2033 3205 2102 edidit,
3249 2032 3375 2089 coll.

1787 2121 1953 2193 §7.s

1857 2219 1884 2290 §
1914 2221 1966 2275 7.
2000 2219 2224 2278 Gothica
2255 2221 2434 2293 lingua
2457 2237 2563 2278 non
2589 2222 2690 2278 nisi
2722 2223 2868 2278 brevi
2895 2229 3141 2292 tempore
3161 2221 3375 2288 ﬂoruit;

1782 2313 1836 2367 in
1864 2312 2049 2368 Moesia
2073 2315 2227 2370 nobis
2255 2315 2606 2386 extinguitur,
2633 2329 2753 2370 sese
2777 2312 3214 2384 extinguentibus
3235 2311 3377 2367 indi-

1781 2405 1932 2475 genis
1960 2404 2148 2461 Gothis
2189 2422 2221 2462 a
2269 2415 2510 2463 torrente
2549 2423 2809 2464 novorum
2841 2407 3158 2478 populorum
3189 2405 3242 2460 in
3275 2405 3378 2459 Da-

1784 2497 2046 2553 nubianas
2108 2499 2357 2571 regiones
2423 2500 2776 2566 irruentium;
2833 2498 2887 2554 in
2951 2497 3376 2554 occidentalibus

1785 2599 1961 2645 autem
1987 2592 2164 2655 terris,
2181 2591 2269 2646 ubi
2295 2591 2500 2647 Gothos
2522 2593 2710 2648 Ostro-
2730 2601 2785 2647 et
2804 2589 3094 2660 Wisigothi
3119 2588 3378 2660 supplan-

1787 2692 2052 2750 taverunt,
2083 2684 2198 2738 haec
2234 2683 2578 2754 probabiliter
2609 2684 2754 2755 prius
2785 2698 2944 2754 quam
2977 2681 3202 2753 populus
3231 2682 3378 2752 ipse,

1786 2774 2046 2830 influente
2077 2775 2244 2831 latino
2273 2791 2542 2842 sermone,
2573 2775 2814 2846 extingui
2850 2775 3054 2830 debuit.

1863 2884 1882 2918 ι
1920 2865 2145 2920 Gothica
2167 2867 2344 2937 lingua
2371 2869 2424 2922 in
2447 2867 2765 2922 litterariam
2789 2872 3058 2934 provecta,
3077 2863 3162 2918 vel
3189 2863 3379 2918 saltent

1786 2957 1960 3027 primo
1983 2957 2247 3028 scriptura
2275 2959 2507 3014 stabilita
2527 2959 2682 3015 estin
2711 2957 2918 3022 Maesia,
2943 2955 3033 3011 ubi
3057 2956 3380 3025 scripturam

1788 3052 1974 3108 Ullilas
2019 3053 2293 3108 adinvenit
2341 3052 2476 3126 (vid.
2507 3051 2535 3124 §
2571 3050 2672 3122 ll)
2711 3049 3122 3118 versionemque
3169 3046 3376 3102 Biblio-

1791 3160 1911 3200 rum
1942 3147 2181 3216 incmpit.
2217 3147 2312 3201 llic
2340 3145 2521 3200 floruit
2548 3143 2796 3216 gothicus
2823 3157 3023 3211 sermo,
3047 3141 3381 3197 etiam'mor-

1790 3249 1880 3294 tuo
1933 3240 2089 3295 Ulllla
2123 3240 2313 3312 (583),
2341 3249 2399 3295 ut
2445 3255 2513 3295 ex
2555 3238 2915 3294 Tertulliani‘
2950 3236 3186 3306 epistola
3237 3238 3382 3293 circa

1787 3348 1876 3388 an.
1902 3333 2010 3388 405
2036 3333 2239 3402 scripta
2261 3341 2426 3402 patet.
2457 3332 2584 3388 Hec
2610 3347 2770 3403 porro
2789 3331 3017 3401 epistola
3045 3331 3382 3402 (Hieronymi

1789 3443 2013 3498 operum
2047 3437 2177 3482 tom.
2205 3427 2257 3493 Ι,
2293 3423 2452 3498 epist.
2485 3442 2601 3494 cvt;
2633 3427 2834 3483 Patrol.
2870 3437 3002 3483 tom.
3042 3423 3226 3494 XXII,
3251 3424 3380 3480 edit.

1791 3523 1998 3591 Migne;
2031 3537 2153 3591 epp.
2189 3537 2247 3590 tt,
2276 3538 2334 3592 p.
2367 3521 2470 3576 626
2498 3520 2588 3577 ed.
2617 3520 2814 3591 Paris.)
2845 3533 3164 3590 responsum
3213 3517 3384 3572 conti-

1792 3623 1883 3668 net
1912 3612 2134 3669 Sunniae
2162 3621 2217 3667 et
2247 3611 2499 3680 Fretelte,
2534 3610 2724 3667 Gmhis
2763 3610 3116 3682 presbyteris,
3147 3609 3216 3664 de
3245 3623 3384 3663 non-

1792 3707 1955 3762 nullis
1998 3705 2211 3761 Veteris
2251 3705 2584 3761 Testamenti
2617 3704 2748 3760 locis
2791 3704 2972 3759 divum
3003 3705 3278 3758 doctorem
3306 3700 3386 3759 in-

1792 3798 2210 3868 terrogantibus,
2240 3811 2452 3868 quaque
2493 3811 2600 3852 non
2637 3796 2705 3850 ad
2747 3795 3140 3851 institutionem
3181 3793 3386 3851 oralem

1795 3895 2024 3957 tantum,
2053 3887 2148 3942 sed
2193 3887 2259 3941 ad
2309 3887 2579 3957 quoddam
2623 3901 2760 3957 opus
2806 3887 3063 3956 scriptum
3111 3895 3264 3940 certo
3304 3884 3389 3940 usi

1793 3993 1936 4037 sunt.
1979 3981 2118 4050 Quin
2168 3981 2332 4037 immo
2372 3980 2439 4036 ad
2484 3995 2685 4036 nonum
2728 3995 2897 4051 usque
2946 3979 3201 4036 saeculum
3250 3978 3388 4048 apud

1797 4071 2003 4129 Gothos
2050 4071 2277 4128 Danubii
2327 4072 2628 4142 inferioris,
2662 4081 2722 4128 ut
2748 4071 3047 4128 Walafrido
3077 4071 3331 4128 Straboni
3359 4087 3390 4128 a

1796 4168 2153 4226 missionariis
2197 4178 2473 4224 narratum
2515 4178 2618 4237 est,
2653 4169 2706 4223 in
2744 4169 2963 4239 gothico
3011 4182 3261 4222 sermone
3301 4167 3390 4222 di-

1796 4263 1919 4319 vina
1959 4261 2134 4319 ofﬁcia
2180 4261 2564 4319 recitabantur.
2605 4279 2625 4314 s
2659 4259 2840 4326 Gothi,
2882 4260 3056 4332 inquit
3098 4260 3198 4330 (De
3234 4260 3393 4316 rebus

1790 4355 1994 4412 'eccles.
2029 4355 2124 4425 7),
2154 4357 2243 4422 qui
2289 4363 2335 4409 et
2375 4351 2551 4420 ϐείω,
2598 4369 2658 4410 eo
2704 4362 2960 4423 tempore,
2990 4369 3092 4424 quo
3133 4353 3203 4407 ad
3241 4352 3392 4422 ﬁdens

1800 4446 1994 4502 Christi
2037 4445 2269 4515 perducti
2309 4455 2457 4512 sunt,
2488 4446 2540 4499 in
2588 4444 2884 4499 Graecorum
2932 4445 3209 4513 provinciis
3253 4460 3393 4498 com-

1799 4551 2080 4607 morantes,
2112 4547 2366 4606 nostrum,
2396 4539 2451 4593 id
2497 4547 2570 4594 est
2613 4538 2932 4594 theodiscum
2975 4554 3255 4594 sermonem
3303 4537 3396 4591 ha-

1801 4636 2036 4702 buerunt,
2070 4645 2137 4700 et,
2156 4643 2210 4688 ut
2241 4633 2470 4688 historice
2514 4641 2784 4701 testantur,
2820 4634 3144 4702 postmodum
3181 4631 3397 4687 studiosi

1801 4728 1946 4784 illius
1976 4729 2138 4800 gentis
2181 4728 2378 4781 divinos
2409 4725 2568 4781 libros
2597 4727 2652 4781 in
2680 4717 2786 4781 suae
2813 4725 3082 4782 locutionis
3109 4727 3398 4798 proprieta-

1805 4830 1902 4876 tem
1953 4821 2366 4886 transtulerunt,
2415 4835 2634 4890 quorum
2683 4821 2852 4874 adhuc
2892 4832 3214 4875 monumenta
3257 4818 3398 4888 apud

1806 4911 2082 4968 nonnullos
2136 4911 2408 4968 habentur.
2464 4911 2536 4968 Et
2598 4913 2826 4983 ﬁdelium
2881 4916 3100 4979 {rutrum
3155 4910 3399 4966 relations

1806 5005 2108 5070 didicimus,
2132 5003 2273 5075 quod
2311 5005 2564 5075 quasdam
2605 5004 2918 5075 Scytharum
2957 5013 3148 5074 gentes,
3180 5003 3400 5057 maxime

1811 5094 2144 5162 Tomitanos,
2172 5096 2347 5151 eadem
2389 5098 2647 5152 locutione
2688 5097 2860 5151 divina
2905 5096 3150 5150 hactenus
3193 5096 3400 5150 recitari

1809 5188 1994 5258 ofﬁcia.
2031 5207 2050 5240 ι
2077 5185 2211 5243 Cum
2237 5197 2417 5244 autem
2439 5189 2601 5244 Olaus
2630 5187 2886 5243 Budbeck
2909 5187 3133 5259 (Atlant.
3157 5186 3246 5252 lll,
3268 5186 3397 5258 210)

1809 5289 2029 5347 narrat,
2067 5280 2208 5351 quod
2255 5295 2352 5336 sua
2397 5281 2559 5336 etiam
2609 5288 2767 5335 aetate
2815 5281 2902 5351 (in
2947 5278 3144 5336 saeculo
3189 5279 3312 5350 17⁸)
3343 5281 3398 5336 in

1813 5372 2057 5444 plurimis
2100 5371 2395 5428 Walachiaz
2439 5372 2570 5429 locis
2621 5373 2846 5443 vestigia
2889 5371 3086 5443 gothici
3133 5373 3400 5429 sermonis

1813 5473 2155 5536 supererant,
2187 5464 2289 5519 hoc
2311 5463 2377 5518 ad
2407 5462 2619 5520 fabulas
2641 5464 3050 5520 adscribendum
3081 5473 3183 5530 est,
3207 5465 3401 5536 quibus

1812 5557 2049 5613 abundat
2099 5554 2259 5624 hujus
2302 5555 2538 5611 auctoris
2581 5570 2745 5625 opus;
2777 5556 2942 5611 immo
2978 5556 3185 5612 etiamsi
3214 5571 3399 5612 verum

1814 5659 1978 5714 esset,
2010 5657 2068 5703 ut
2113 5647 2201 5703 ille
2249 5646 2517 5714 affirmat,
2545 5647 2689 5719 quod
2737 5648 2852 5720 ipse
2895 5650 3087 5705 viderit
3129 5650 3400 5707 hominem

1817 5761 2160 5831 Tertulliani,
2193 5765 2284 5835 qui
2312 5765 2526 5820 aliunde
2553 5778 2694 5820 anno
2723 5764 2938 5820 circiter
2975 5764 3084 5820 2l6
3121 5766 3271 5820 obiit.
3304 5765 3402 5821 llic

1817 5839 1980 5908 igitur
2019 5837 2207 5892 calami
2250 5846 2452 5892 tantum
2501 5838 2682 5908 lapsus
2733 5836 3401 5908 ειιιεειεΗΙΙξὶΒΟΝΥΜυΜ

1821 5924 2023 6040 ἳὲῗθὶθ
2051 5911 2260 5978 volens,
2295 5908 2549 5967 mendose
2593 5907 3134 5966 TERTULLIANUM
3163 5911 3398 5979 scripsit.

1911 5998 1964 6037 er
2003 5997 2044 6035 r.

1911 5997 2044 6037 errr.
