  <div class='ocr_page' id='page_1' title='image "/cluster/home/n/w/nwhite01/storage/ocr_20150623/18/hvd.32044015471337/453.png"; bbox 0 0 3840 6560; ppageno 0'>
   <div class='ocr_carea' id='block_1_1' title="bbox 530 387 623 449">
    <p class='ocr_par' dir='ltr' id='par_1_1' title="bbox 530 387 623 449">
     <span class='ocr_line' id='line_1_1' title="bbox 530 387 623 449; baseline 0.032 -3"><span class='ocrx_word' id='word_1_1' title='bbox 530 387 623 449; x_wconf 69' lang='grc'><strong>891</strong></span> 
     </span>
    </p>
   </div>
   <div class='ocr_carea' id='block_1_2' title="bbox 529 509 2122 585">
    <p class='ocr_par' dir='ltr' id='par_1_2' title="bbox 529 509 2122 585">
     <span class='ocr_line' id='line_1_2' title="bbox 529 509 2122 585; baseline 0.003 -18"><span class='ocrx_word' id='word_1_2' title='bbox 529 510 820 584; x_wconf 87' lang='lat' dir='ltr'><strong>quemdam</strong></span> <span class='ocrx_word' id='word_1_3' title='bbox 876 509 946 570; x_wconf 86' lang='lat' dir='ltr'><strong>ab</strong></span> <span class='ocrx_word' id='word_1_4' title='bbox 993 510 1079 567; x_wconf 85' lang='lat' dir='ltr'><strong>bis</strong></span> <span class='ocrx_word' id='word_1_5' title='bbox 1123 511 1433 583; x_wconf 72' lang='lat' dir='ltr'><strong>regionibus</strong></span> <span class='ocrx_word' id='word_1_6' title='bbox 1485 512 1552 568; x_wconf 90' lang='lat' dir='ltr'><strong>ad</strong></span> <span class='ocrx_word' id='word_1_7' title='bbox 1600 529 1780 585; x_wconf 81' lang='lat' dir='ltr'><strong>regem</strong></span> <span class='ocrx_word' id='word_1_8' title='bbox 1827 516 2122 572; x_wconf 84' lang='lat' dir='ltr'><strong>Succorum</strong></span> 
     </span>
    </p>
   </div>
   <div class='ocr_carea' id='block_1_3' title="bbox 529 607 2122 678">
    <p class='ocr_par' dir='ltr' id='par_1_3' title="bbox 529 607 2122 678">
     <span class='ocr_line' id='line_1_3' title="bbox 529 607 2122 678; baseline 0.003 -16"><span class='ocrx_word' id='word_1_9' title='bbox 529 607 801 678; x_wconf 89' lang='lat' dir='ltr'><strong>legatum,</strong></span> <span class='ocrx_word' id='word_1_10' title='bbox 843 607 936 677; x_wconf 90' lang='lat' dir='ltr'><strong>qui</strong></span> <span class='ocrx_word' id='word_1_11' title='bbox 987 607 1200 662; x_wconf 82' lang='lat' dir='ltr'><strong>Ultilam</strong></span> <span class='ocrx_word' id='word_1_12' title='bbox 1247 607 1460 677; x_wconf 85' lang='lat' dir='ltr'><strong>gothice</strong></span> <span class='ocrx_word' id='word_1_13' title='bbox 1507 608 1743 678; x_wconf 85' lang='lat' dir='ltr'><strong>legerat,</strong></span> <span class='ocrx_word' id='word_1_14' title='bbox 1773 609 1897 665; x_wconf 89' lang='lat' dir='ltr'><strong>hinc</strong></span> <span class='ocrx_word' id='word_1_15' title='bbox 1945 622 2122 667; x_wconf 88' lang='lat' dir='ltr'><strong>tamen</strong></span> 
     </span>
    </p>
   </div>
   <div class='ocr_carea' id='block_1_4' title="bbox 535 701 2124 772">
    <p class='ocr_par' dir='ltr' id='par_1_4' title="bbox 535 701 2124 772">
     <span class='ocr_line' id='line_1_4' title="bbox 535 701 2124 772; baseline 0.001 -15"><span class='ocrx_word' id='word_1_16' title='bbox 535 701 806 772; x_wconf 87' lang='lat' dir='ltr'><strong>gothicam</strong></span> <span class='ocrx_word' id='word_1_17' title='bbox 854 701 1089 772; x_wconf 78' lang='lat' dir='ltr'><strong>linguam</strong></span> <span class='ocrx_word' id='word_1_18' title='bbox 1129 710 1256 756; x_wconf 89' lang='lat' dir='ltr'><strong>tunc</strong></span> <span class='ocrx_word' id='word_1_19' title='bbox 1305 701 1564 770; x_wconf 88' lang='lat' dir='ltr'><strong>temporis</strong></span> <span class='ocrx_word' id='word_1_20' title='bbox 1596 703 1644 754; x_wconf 87' lang='lat' dir='ltr'><strong>in</strong></span> <span class='ocrx_word' id='word_1_21' title='bbox 1677 701 1954 758; x_wconf 87' lang='lat' dir='ltr'><strong>Walachia</strong></span> <span class='ocrx_word' id='word_1_22' title='bbox 1985 705 2124 759; x_wconf 86' lang='lat' dir='ltr'><strong>exti-</strong></span> 
     </span>
    </p>
   </div>
   <div class='ocr_carea' id='block_1_5' title="bbox 532 793 2124 866">
    <p class='ocr_par' dir='ltr' id='par_1_5' title="bbox 532 793 2124 866">
     <span class='ocr_line' id='line_1_5' title="bbox 532 793 2124 866; baseline 0 -14"><span class='ocrx_word' id='word_1_23' title='bbox 532 797 664 852; x_wconf 85' lang='lat' dir='ltr'><strong>tisse</strong></span> <span class='ocrx_word' id='word_1_24' title='bbox 690 795 969 852; x_wconf 89' lang='lat' dir='ltr'><strong>immerito</strong></span> <span class='ocrx_word' id='word_1_25' title='bbox 989 793 1421 851; x_wconf 72' lang='lat' dir='ltr'><strong>concluderetur.</strong></span> <span class='ocrx_word' id='word_1_26' title='bbox 1451 793 1846 850; x_wconf 66' lang='lat' dir='ltr'><strong>Castillionazus</strong></span> <span class='ocrx_word' id='word_1_27' title='bbox 1874 796 2124 866; x_wconf 90' lang='lat' dir='ltr'><strong>equidem</strong></span> 
     </span>
    </p>
   </div>
   <div class='ocr_carea' id='block_1_6' title="bbox 535 893 2126 968">
    <p class='ocr_par' dir='ltr' id='par_1_6' title="bbox 535 893 2126 968">
     <span class='ocr_line' id='line_1_6' title="bbox 535 893 2126 968; baseline -0.003 -17"><span class='ocrx_word' id='word_1_28' title='bbox 535 896 608 968; x_wconf 86' lang='lat' dir='ltr'><strong>(ll</strong></span> <span class='ocrx_word' id='word_1_29' title='bbox 636 895 881 952; x_wconf 88' lang='lat' dir='ltr'><strong>Corinth.</strong></span> <span class='ocrx_word' id='word_1_30' title='bbox 910 910 964 968; x_wconf 89' lang='lat' dir='ltr'><strong>p.</strong></span> <span class='ocrx_word' id='word_1_31' title='bbox 1013 894 1107 964; x_wconf 79' lang='lat'><strong>85)</strong></span> <span class='ocrx_word' id='word_1_32' title='bbox 1149 894 1265 950; x_wconf 66' lang='lat' dir='ltr'><strong>haec</strong></span> <span class='ocrx_word' id='word_1_33' title='bbox 1308 893 1535 962; x_wconf 70' lang='lat' dir='ltr'><strong>gothicte</strong></span> <span class='ocrx_word' id='word_1_34' title='bbox 1572 893 1764 963; x_wconf 79' lang='lat' dir='ltr'><strong>linguae</strong></span> <span class='ocrx_word' id='word_1_35' title='bbox 1814 893 2035 963; x_wconf 88' lang='lat' dir='ltr'><strong>vestigia</strong></span> <span class='ocrx_word' id='word_1_36' title='bbox 2068 893 2126 947; x_wconf 87' lang='lat' dir='ltr'><strong>in</strong></span> 
     </span>
    </p>
   </div>
   <div class='ocr_carea' id='block_1_7' title="bbox 533 985 2126 1060">
    <p class='ocr_par' dir='ltr' id='par_1_7' title="bbox 533 985 2126 1060">
     <span class='ocr_line' id='line_1_7' title="bbox 533 985 2126 1060; baseline -0.002 -17"><span class='ocrx_word' id='word_1_37' title='bbox 533 988 636 1044; x_wconf 89' lang='lat' dir='ltr'><strong>ista</strong></span> <span class='ocrx_word' id='word_1_38' title='bbox 661 989 886 1060; x_wconf 88' lang='lat' dir='ltr'><strong>regione</strong></span> <span class='ocrx_word' id='word_1_39' title='bbox 927 1001 1021 1059; x_wconf 88' lang='lat' dir='ltr'><strong>per</strong></span> <span class='ocrx_word' id='word_1_40' title='bbox 1065 987 1306 1043; x_wconf 79' lang='lat' dir='ltr'><strong>Saxones</strong></span> <span class='ocrx_word' id='word_1_41' title='bbox 1334 985 1739 1057; x_wconf 73' lang='lat' dir='ltr'><strong>Transylvania:</strong></span> <span class='ocrx_word' id='word_1_42' title='bbox 1781 986 2002 1042; x_wconf 86' lang='lat' dir='ltr'><strong>colonos</strong></span> <span class='ocrx_word' id='word_1_43' title='bbox 2034 1001 2126 1042; x_wconf 87' lang='lat' dir='ltr'><strong>ex-</strong></span> 
     </span>
    </p>
   </div>
   <div class='ocr_carea' id='block_1_8' title="bbox 530 1079 2125 1155">
    <p class='ocr_par' dir='ltr' id='par_1_8' title="bbox 530 1079 2125 1155">
     <span class='ocr_line' id='line_1_8' title="bbox 530 1079 2125 1155; baseline -0.003 -15"><span class='ocrx_word' id='word_1_44' title='bbox 530 1083 734 1155; x_wconf 87' lang='lat' dir='ltr'><strong>plicare</strong></span> <span class='ocrx_word' id='word_1_45' title='bbox 767 1083 970 1154; x_wconf 89' lang='lat' dir='ltr'><strong>potuit;</strong></span> <span class='ocrx_word' id='word_1_46' title='bbox 1003 1082 1124 1154; x_wconf 83' lang='lat' dir='ltr'><strong>quis</strong></span> <span class='ocrx_word' id='word_1_47' title='bbox 1150 1092 1330 1138; x_wconf 80' lang='lat' dir='ltr'><strong>autem</strong></span> <span class='ocrx_word' id='word_1_48' title='bbox 1371 1080 1558 1138; x_wconf 79' lang='lat' dir='ltr'><strong>credat</strong></span> <span class='ocrx_word' id='word_1_49' title='bbox 1602 1081 1869 1136; x_wconf 81' lang='lat' dir='ltr'><strong>Saxonem</strong></span> <span class='ocrx_word' id='word_1_50' title='bbox 1914 1079 2125 1136; x_wconf 85' lang='lat' dir='ltr'><strong>Ullilam</strong></span> 
     </span>
    </p>
   </div>
   <div class='ocr_carea' id='block_1_9' title="bbox 533 1174 2127 1249">
    <p class='ocr_par' dir='ltr' id='par_1_9' title="bbox 533 1174 2127 1249">
     <span class='ocr_line' id='line_1_9' title="bbox 533 1174 2127 1249; baseline -0.003 -15"><span class='ocrx_word' id='word_1_51' title='bbox 533 1191 602 1234; x_wconf 87' lang='lat' dir='ltr'><strong>eo</strong></span> <span class='ocrx_word' id='word_1_52' title='bbox 628 1178 789 1235; x_wconf 89' lang='lat' dir='ltr'><strong>modo</strong></span> <span class='ocrx_word' id='word_1_53' title='bbox 819 1178 1000 1249; x_wconf 85' lang='lat' dir='ltr'><strong>legere</strong></span> <span class='ocrx_word' id='word_1_54' title='bbox 1029 1176 1288 1246; x_wconf 84' lang='lat' dir='ltr'><strong>potuisse,</strong></span> <span class='ocrx_word' id='word_1_55' title='bbox 1317 1174 1516 1246; x_wconf 81' lang='lat' dir='ltr'><strong>ignotis</strong></span> <span class='ocrx_word' id='word_1_56' title='bbox 1544 1174 1813 1244; x_wconf 85' lang='lat' dir='ltr'><strong>scriptura</strong></span> <span class='ocrx_word' id='word_1_57' title='bbox 1842 1176 2127 1245; x_wconf 78' lang='lat' dir='ltr'><strong>linguaque</strong></span> 
     </span>
    </p>
   </div>
   <div class='ocr_carea' id='block_1_10' title="bbox 535 1272 800 1349">
    <p class='ocr_par' dir='ltr' id='par_1_10' title="bbox 535 1272 800 1349">
     <span class='ocr_line' id='line_1_10' title="bbox 535 1272 800 1349; baseline -0.004 -23"><span class='ocrx_word' id='word_1_58' title='bbox 535 1272 800 1349; x_wconf 88' lang='lat' dir='ltr'><strong>gothicis?</strong></span> 
     </span>
    </p>
   </div>
   <div class='ocr_carea' id='block_1_11' title="bbox 609 1363 2128 1437">
    <p class='ocr_par' dir='ltr' id='par_1_11' title="bbox 609 1363 2128 1437">
     <span class='ocr_line' id='line_1_11' title="bbox 609 1363 2128 1437; baseline -0.001 -17"><span class='ocrx_word' id='word_1_59' title='bbox 609 1385 630 1420; x_wconf 73' lang='grc' dir='ltr'>ι</span> <span class='ocrx_word' id='word_1_60' title='bbox 679 1369 1043 1437; x_wconf 88' lang='lat' dir='ltr'><strong>Quoscunque</strong></span> <span class='ocrx_word' id='word_1_61' title='bbox 1103 1366 1267 1423; x_wconf 80' lang='lat' dir='ltr'><strong>Gothi</strong></span> <span class='ocrx_word' id='word_1_62' title='bbox 1331 1364 1676 1435; x_wconf 84' lang='lat' dir='ltr'><strong>subjecerunt</strong></span> <span class='ocrx_word' id='word_1_63' title='bbox 1727 1363 1994 1433; x_wconf 87' lang='lat' dir='ltr'><strong>populos,</strong></span> <span class='ocrx_word' id='word_1_64' title='bbox 2048 1364 2128 1419; x_wconf 87' lang='lat' dir='ltr'><strong>eis</strong></span> 
     </span>
    </p>
   </div>
   <div class='ocr_carea' id='block_1_12' title="bbox 533 1460 2129 1533">
    <p class='ocr_par' dir='ltr' id='par_1_12' title="bbox 533 1460 2129 1533">
     <span class='ocr_line' id='line_1_12' title="bbox 533 1460 2129 1533; baseline 0.001 -16"><span class='ocrx_word' id='word_1_65' title='bbox 533 1477 806 1533; x_wconf 81' lang='lat' dir='ltr'><strong>nunquam</strong></span> <span class='ocrx_word' id='word_1_66' title='bbox 831 1475 987 1516; x_wconf 88' lang='lat' dir='ltr'><strong>suum</strong></span> <span class='ocrx_word' id='word_1_67' title='bbox 1018 1461 1217 1517; x_wconf 90' lang='lat' dir='ltr'><strong>idioma</strong></span> <span class='ocrx_word' id='word_1_68' title='bbox 1247 1461 1645 1530; x_wconf 85' lang='lat' dir='ltr'><strong>imposuerunt,</strong></span> <span class='ocrx_word' id='word_1_69' title='bbox 1671 1460 1792 1531; x_wconf 90' lang='lat' dir='ltr'><strong>jura</strong></span> <span class='ocrx_word' id='word_1_70' title='bbox 1818 1460 2129 1531; x_wconf 88' lang='lat' dir='ltr'><strong>patriosque</strong></span> 
     </span>
    </p>
   </div>
   <div class='ocr_carea' id='block_1_13' title="bbox 532 1553 2126 1626">
    <p class='ocr_par' dir='ltr' id='par_1_13' title="bbox 532 1553 2126 1626">
     <span class='ocr_line' id='line_1_13' title="bbox 532 1553 2126 1626; baseline -0.001 -15"><span class='ocrx_word' id='word_1_71' title='bbox 532 1569 714 1612; x_wconf 88' lang='lat' dir='ltr'><strong>mores</strong></span> <span class='ocrx_word' id='word_1_72' title='bbox 767 1555 925 1610; x_wconf 87' lang='lat' dir='ltr'><strong>simul</strong></span> <span class='ocrx_word' id='word_1_73' title='bbox 969 1563 1133 1626; x_wconf 87' lang='lat' dir='ltr'><strong>atque</strong></span> <span class='ocrx_word' id='word_1_74' title='bbox 1191 1554 1430 1623; x_wconf 85' lang='lat' dir='ltr'><strong>linguam</strong></span> <span class='ocrx_word' id='word_1_75' title='bbox 1485 1553 1688 1609; x_wconf 88' lang='lat' dir='ltr'><strong>servari</strong></span> <span class='ocrx_word' id='word_1_76' title='bbox 1732 1553 2126 1623; x_wconf 74' lang='lat' dir='ltr'><strong>permittentes.</strong></span> 
     </span>
    </p>
   </div>
   <div class='ocr_carea' id='block_1_14' title="bbox 534 1650 2127 1722">
    <p class='ocr_par' dir='ltr' id='par_1_14' title="bbox 534 1650 2127 1722">
     <span class='ocr_line' id='line_1_14' title="bbox 534 1650 2127 1722; baseline 0.001 -15"><span class='ocrx_word' id='word_1_77' title='bbox 534 1652 605 1707; x_wconf 81' lang='lat' dir='ltr'><strong>Ea</strong></span> <span class='ocrx_word' id='word_1_78' title='bbox 637 1652 734 1707; x_wconf 89' lang='lat' dir='ltr'><strong>fult</strong></span> <span class='ocrx_word' id='word_1_79' title='bbox 765 1653 816 1706; x_wconf 89' lang='lat' dir='ltr'><strong>in</strong></span> <span class='ocrx_word' id='word_1_80' title='bbox 841 1650 988 1706; x_wconf 89' lang='lat' dir='ltr'><strong>Italia</strong></span> <span class='ocrx_word' id='word_1_81' title='bbox 1022 1650 1470 1722; x_wconf 83' lang='lat' dir='ltr'><strong>Ostrogothorum</strong></span> <span class='ocrx_word' id='word_1_82' title='bbox 1519 1651 1710 1719; x_wconf 82' lang='lat' dir='ltr'><strong>agendi</strong></span> <span class='ocrx_word' id='word_1_83' title='bbox 1759 1653 1914 1708; x_wconf 81' lang='lat' dir='ltr'><strong>ratio.</strong></span> <span class='ocrx_word' id='word_1_84' title='bbox 1951 1652 2046 1708; x_wconf 83' lang='lat' dir='ltr'><strong>Hic</strong></span> <span class='ocrx_word' id='word_1_85' title='bbox 2075 1653 2127 1710; x_wconf 91' lang='lat' dir='ltr'><strong>in</strong></span> 
     </span>
    </p>
   </div>
   <div class='ocr_carea' id='block_1_15' title="bbox 532 1742 2126 1814">
    <p class='ocr_par' dir='ltr' id='par_1_15' title="bbox 532 1742 2126 1814">
     <span class='ocr_line' id='line_1_15' title="bbox 532 1742 2126 1814; baseline -0.001 -16"><span class='ocrx_word' id='word_1_86' title='bbox 532 1743 709 1799; x_wconf 88' lang='lat' dir='ltr'><strong>medio</strong></span> <span class='ocrx_word' id='word_1_87' title='bbox 737 1743 1123 1814; x_wconf 83' lang='lat' dir='ltr'><strong>relinquemus,</strong></span> <span class='ocrx_word' id='word_1_88' title='bbox 1153 1754 1331 1797; x_wconf 88' lang='lat' dir='ltr'><strong>utrum</strong></span> <span class='ocrx_word' id='word_1_89' title='bbox 1362 1742 1546 1798; x_wconf 84' lang='lat' dir='ltr'><strong>Manso</strong></span> <span class='ocrx_word' id='word_1_90' title='bbox 1587 1750 1842 1813; x_wconf 88' lang='lat' dir='ltr'><strong>punctum</strong></span> <span class='ocrx_word' id='word_1_91' title='bbox 1875 1743 2126 1812; x_wconf 77' lang='lat' dir='ltr'><strong>tetigerit,</strong></span> 
     </span>
    </p>
   </div>
   <div class='ocr_carea' id='block_1_16' title="bbox 533 1833 2129 1907">
    <p class='ocr_par' dir='ltr' id='par_1_16' title="bbox 533 1833 2129 1907">
     <span class='ocr_line' id='line_1_16' title="bbox 533 1833 2129 1907; baseline -0.001 -15"><span class='ocrx_word' id='word_1_92' title='bbox 533 1835 719 1892; x_wconf 83' lang='lat' dir='ltr'><strong>dicens</strong></span> <span class='ocrx_word' id='word_1_93' title='bbox 752 1833 1078 1907; x_wconf 85' lang='lat' dir='ltr'><strong>(Geschichte</strong></span> <span class='ocrx_word' id='word_1_94' title='bbox 1105 1835 1196 1889; x_wconf 83' lang='lat' dir='ltr'><strong>des</strong></span> <span class='ocrx_word' id='word_1_95' title='bbox 1217 1835 1499 1903; x_wconf 84' lang='lat' dir='ltr'><strong>ostrogoth.</strong></span> <span class='ocrx_word' id='word_1_96' title='bbox 1530 1834 1736 1901; x_wconf 81' lang='lat' dir='ltr'><strong>Reichs,</strong></span> <span class='ocrx_word' id='word_1_97' title='bbox 1764 1834 1893 1907; x_wconf 69' lang='lat'><strong>135)</strong></span> <span class='ocrx_word' id='word_1_98' title='bbox 1922 1836 2129 1892; x_wconf 77' lang='lat' dir='ltr'><strong>Gothos</strong></span> 
     </span>
    </p>
   </div>
   <div class='ocr_carea' id='block_1_17' title="bbox 535 1925 2126 1998">
    <p class='ocr_par' dir='ltr' id='par_1_17' title="bbox 535 1925 2126 1998">
     <span class='ocr_line' id='line_1_17' title="bbox 535 1925 2126 1998; baseline -0.001 -15"><span class='ocrx_word' id='word_1_99' title='bbox 535 1928 888 1994; x_wconf 72' lang='lat' dir='ltr'><strong>intellexisse,</strong></span> <span class='ocrx_word' id='word_1_100' title='bbox 920 1927 1061 1998; x_wconf 90' lang='lat' dir='ltr'><strong>quod</strong></span> <span class='ocrx_word' id='word_1_101' title='bbox 1093 1941 1120 1979; x_wconf 91' lang='lat' dir='ltr'><strong>a</strong></span> <span class='ocrx_word' id='word_1_102' title='bbox 1154 1926 1362 1994; x_wconf 76' lang='lat' dir='ltr'><strong>legibus</strong></span> <span class='ocrx_word' id='word_1_103' title='bbox 1387 1935 1439 1980; x_wconf 92' lang='lat' dir='ltr'><strong>et</strong></span> <span class='ocrx_word' id='word_1_104' title='bbox 1466 1941 1720 1980; x_wconf 90' lang='lat' dir='ltr'><strong>sermone</strong></span> <span class='ocrx_word' id='word_1_105' title='bbox 1764 1925 2126 1982; x_wconf 80' lang='lat' dir='ltr'><strong>Romanorum</strong></span> 
     </span>
    </p>
   </div>
   <div class='ocr_carea' id='block_1_18' title="bbox 532 2017 2130 2091">
    <p class='ocr_par' dir='ltr' id='par_1_18' title="bbox 532 2017 2130 2091">
     <span class='ocr_line' id='line_1_18' title="bbox 532 2017 2130 2091; baseline 0.002 -19"><span class='ocrx_word' id='word_1_106' title='bbox 532 2017 750 2072; x_wconf 80' lang='lat' dir='ltr'><strong>nonnisi</strong></span> <span class='ocrx_word' id='word_1_107' title='bbox 795 2017 1005 2073; x_wconf 86' lang='lat' dir='ltr'><strong>discere</strong></span> <span class='ocrx_word' id='word_1_108' title='bbox 1052 2027 1106 2073; x_wconf 91' lang='lat' dir='ltr'><strong>et</strong></span> <span class='ocrx_word' id='word_1_109' title='bbox 1147 2017 1390 2088; x_wconf 87' lang='lat' dir='ltr'><strong>accipere</strong></span> <span class='ocrx_word' id='word_1_110' title='bbox 1439 2029 1661 2088; x_wconf 82' lang='lat' dir='ltr'><strong>possent</strong></span> <span class='ocrx_word' id='word_1_111' title='bbox 1700 2018 1860 2091; x_wconf 84' lang='lat' dir='ltr'><strong>(nam</strong></span> <span class='ocrx_word' id='word_1_112' title='bbox 1909 2020 1990 2074; x_wconf 88' lang='lat' dir='ltr'><strong>vir</strong></span> <span class='ocrx_word' id='word_1_113' title='bbox 2037 2020 2130 2075; x_wconf 89' lang='lat' dir='ltr'><strong>ille</strong></span> 
     </span>
    </p>
   </div>
   <div class='ocr_carea' id='block_1_19' title="bbox 532 2111 2130 2185">
    <p class='ocr_par' dir='ltr' id='par_1_19' title="bbox 532 2111 2130 2185">
     <span class='ocr_line' id='line_1_19' title="bbox 532 2111 2130 2185; baseline 0.004 -20"><span class='ocrx_word' id='word_1_114' title='bbox 532 2111 726 2166; x_wconf 85' lang='lat' dir='ltr'><strong>doctus</strong></span> <span class='ocrx_word' id='word_1_115' title='bbox 768 2112 998 2168; x_wconf 79' lang='lat' dir='ltr'><strong>miriﬁce</strong></span> <span class='ocrx_word' id='word_1_116' title='bbox 1031 2111 1101 2169; x_wconf 93' lang='lat' dir='ltr'><strong>de</strong></span> <span class='ocrx_word' id='word_1_117' title='bbox 1137 2113 1315 2183; x_wconf 77' lang='lat' dir='ltr'><strong>lingua</strong></span> <span class='ocrx_word' id='word_1_118' title='bbox 1354 2113 1566 2183; x_wconf 88' lang='lat' dir='ltr'><strong>gothica</strong></span> <span class='ocrx_word' id='word_1_119' title='bbox 1611 2121 1794 2182; x_wconf 87' lang='lat' dir='ltr'><strong>putat,</strong></span> <span class='ocrx_word' id='word_1_120' title='bbox 1823 2128 1944 2169; x_wconf 90' lang='lat' dir='ltr'><strong>cum</strong></span> <span class='ocrx_word' id='word_1_121' title='bbox 1973 2115 2130 2185; x_wconf 87' lang='lat' dir='ltr'><strong>vulgo</strong></span> 
     </span>
    </p>
   </div>
   <div class='ocr_carea' id='block_1_20' title="bbox 533 2202 2131 2273">
    <p class='ocr_par' dir='ltr' id='par_1_20' title="bbox 533 2202 2131 2273">
     <span class='ocr_line' id='line_1_20' title="bbox 533 2202 2131 2273; baseline 0.001 -16"><span class='ocrx_word' id='word_1_122' title='bbox 533 2203 869 2259; x_wconf 89' lang='lat' dir='ltr'><strong>contendens</strong></span> <span class='ocrx_word' id='word_1_123' title='bbox 896 2219 1014 2259; x_wconf 92' lang='lat' dir='ltr'><strong>eam</strong></span> <span class='ocrx_word' id='word_1_124' title='bbox 1065 2203 1301 2259; x_wconf 91' lang='lat' dir='ltr'><strong>nondum</strong></span> <span class='ocrx_word' id='word_1_125' title='bbox 1344 2205 1477 2259; x_wconf 81' lang='lat' dir='ltr'><strong>satis</strong></span> <span class='ocrx_word' id='word_1_126' title='bbox 1519 2202 1813 2273; x_wconf 82' lang='lat' dir='ltr'><strong>perfectam</strong></span> <span class='ocrx_word' id='word_1_127' title='bbox 1855 2202 2039 2270; x_wconf 90' lang='lat' dir='ltr'><strong>fuisse,</strong></span> <span class='ocrx_word' id='word_1_128' title='bbox 2073 2212 2131 2259; x_wconf 92' lang='lat' dir='ltr'><strong>ut</strong></span> 
     </span>
    </p>
   </div>
   <div class='ocr_carea' id='block_1_21' title="bbox 533 2294 2128 2364">
    <p class='ocr_par' dir='ltr' id='par_1_21' title="bbox 533 2294 2128 2364">
     <span class='ocr_line' id='line_1_21' title="bbox 533 2294 2128 2364; baseline 0.001 -15"><span class='ocrx_word' id='word_1_129' title='bbox 533 2294 865 2350; x_wconf 81' lang='lat' dir='ltr'><strong>necessarias</strong></span> <span class='ocrx_word' id='word_1_130' title='bbox 891 2294 1015 2349; x_wconf 72' lang='lat' dir='ltr'><strong>vita:</strong></span> <span class='ocrx_word' id='word_1_131' title='bbox 1049 2294 1226 2348; x_wconf 81' lang='lat' dir='ltr'><strong>civilis</strong></span> <span class='ocrx_word' id='word_1_132' title='bbox 1259 2295 1612 2364; x_wconf 74' lang='lat' dir='ltr'><strong>cogitationes</strong></span> <span class='ocrx_word' id='word_1_133' title='bbox 1640 2295 1945 2364; x_wconf 70' lang='lat' dir='ltr'><strong>exprimere</strong></span> <span class='ocrx_word' id='word_1_134' title='bbox 1979 2294 2128 2351; x_wconf 84' lang='lat' dir='ltr'><strong>vale-</strong></span> 
     </span>
    </p>
   </div>
   <div class='ocr_carea' id='block_1_22' title="bbox 533 2382 2127 2458">
    <p class='ocr_par' dir='ltr' id='par_1_22' title="bbox 533 2382 2127 2458">
     <span class='ocr_line' id='line_1_22' title="bbox 533 2382 2127 2458; baseline 0.003 -19"><span class='ocrx_word' id='word_1_135' title='bbox 533 2382 670 2455; x_wconf 88' lang='lat' dir='ltr'><strong>ret);</strong></span> <span class='ocrx_word' id='word_1_136' title='bbox 701 2383 796 2440; x_wconf 86' lang='lat' dir='ltr'><strong>sed</strong></span> <span class='ocrx_word' id='word_1_137' title='bbox 841 2384 910 2441; x_wconf 90' lang='lat' dir='ltr'><strong>de</strong></span> <span class='ocrx_word' id='word_1_138' title='bbox 954 2386 1094 2441; x_wconf 90' lang='lat' dir='ltr'><strong>facto</strong></span> <span class='ocrx_word' id='word_1_139' title='bbox 1134 2385 1344 2456; x_wconf 87' lang='lat' dir='ltr'><strong>gotbica</strong></span> <span class='ocrx_word' id='word_1_140' title='bbox 1390 2384 1565 2455; x_wconf 88' lang='lat' dir='ltr'><strong>lingua</strong></span> <span class='ocrx_word' id='word_1_141' title='bbox 1617 2386 1768 2442; x_wconf 90' lang='lat' dir='ltr'><strong>nullo</strong></span> <span class='ocrx_word' id='word_1_142' title='bbox 1797 2387 1960 2443; x_wconf 85' lang='lat' dir='ltr'><strong>modo</strong></span> <span class='ocrx_word' id='word_1_143' title='bbox 1987 2389 2127 2458; x_wconf 90' lang='lat' dir='ltr'><strong>apud</strong></span> 
     </span>
    </p>
   </div>
   <div class='ocr_carea' id='block_1_23' title="bbox 536 2474 2132 2547">
    <p class='ocr_par' dir='ltr' id='par_1_23' title="bbox 536 2474 2132 2547">
     <span class='ocr_line' id='line_1_23' title="bbox 536 2474 2132 2547; baseline 0.004 -17"><span class='ocrx_word' id='word_1_144' title='bbox 536 2474 697 2530; x_wconf 87' lang='lat' dir='ltr'><strong>Italos</strong></span> <span class='ocrx_word' id='word_1_145' title='bbox 727 2475 994 2532; x_wconf 87' lang='lat' dir='ltr'><strong>introduci</strong></span> <span class='ocrx_word' id='word_1_146' title='bbox 1027 2479 1240 2546; x_wconf 90' lang='lat' dir='ltr'><strong>potuit:</strong></span> <span class='ocrx_word' id='word_1_147' title='bbox 1273 2477 1568 2547; x_wconf 87' lang='lat' dir='ltr'><strong>peculiares</strong></span> <span class='ocrx_word' id='word_1_148' title='bbox 1613 2479 1759 2534; x_wconf 86' lang='lat' dir='ltr'><strong>enim</strong></span> <span class='ocrx_word' id='word_1_149' title='bbox 1809 2489 1936 2534; x_wconf 75' lang='lat' dir='ltr'><strong>sunt</strong></span> <span class='ocrx_word' id='word_1_150' title='bbox 1973 2495 2132 2538; x_wconf 74' lang='lat' dir='ltr'><strong>casus</strong></span> 
     </span>
    </p>
   </div>
   <div class='ocr_carea' id='block_1_24' title="bbox 531 2569 2134 2644">
    <p class='ocr_par' dir='ltr' id='par_1_24' title="bbox 531 2569 2134 2644">
     <span class='ocr_line' id='line_1_24' title="bbox 531 2569 2134 2644; baseline 0.005 -21"><span class='ocrx_word' id='word_1_151' title='bbox 531 2569 896 2639; x_wconf 78' lang='lat' dir='ltr'><strong>peculiaribus</strong></span> <span class='ocrx_word' id='word_1_152' title='bbox 920 2572 1219 2641; x_wconf 81' lang='lat' dir='ltr'><strong>explicandi</strong></span> <span class='ocrx_word' id='word_1_153' title='bbox 1242 2569 1570 2640; x_wconf 85' lang='lat' dir='ltr'><strong>rationibus,</strong></span> <span class='ocrx_word' id='word_1_154' title='bbox 1599 2587 1722 2628; x_wconf 90' lang='lat' dir='ltr'><strong>cum</strong></span> <span class='ocrx_word' id='word_1_155' title='bbox 1760 2575 1986 2630; x_wconf 83' lang='lat' dir='ltr'><strong>Romani</strong></span> <span class='ocrx_word' id='word_1_156' title='bbox 2015 2577 2134 2644; x_wconf 83' lang='lat' dir='ltr'><strong>qui-</strong></span> 
     </span>
    </p>
   </div>
   <div class='ocr_carea' id='block_1_25' title="bbox 534 2663 2128 2741">
    <p class='ocr_par' dir='ltr' id='par_1_25' title="bbox 534 2663 2128 2741">
     <span class='ocr_line' id='line_1_25' title="bbox 534 2663 2128 2741; baseline 0.004 -23"><span class='ocrx_word' id='word_1_157' title='bbox 534 2663 656 2718; x_wconf 87' lang='lat' dir='ltr'><strong>dam</strong></span> <span class='ocrx_word' id='word_1_158' title='bbox 705 2664 918 2736; x_wconf 77' lang='lat' dir='ltr'><strong>gothice</strong></span> <span class='ocrx_word' id='word_1_159' title='bbox 979 2664 1144 2719; x_wconf 88' lang='lat' dir='ltr'><strong>locuti</strong></span> <span class='ocrx_word' id='word_1_160' title='bbox 1197 2675 1320 2719; x_wconf 89' lang='lat' dir='ltr'><strong>sunt</strong></span> <span class='ocrx_word' id='word_1_161' title='bbox 1375 2665 1542 2734; x_wconf 90' lang='lat' dir='ltr'><strong>(coll.</strong></span> <span class='ocrx_word' id='word_1_162' title='bbox 1593 2665 1839 2722; x_wconf 88' lang='lat' dir='ltr'><strong>Cassiod.</strong></span> <span class='ocrx_word' id='word_1_163' title='bbox 1876 2667 1938 2734; x_wconf 77' lang='lat'><strong>8,</strong></span> <span class='ocrx_word' id='word_1_164' title='bbox 1983 2667 2128 2741; x_wconf 69' lang='lat' dir='ltr'><strong>2t);</strong></span> 
     </span>
    </p>
   </div>
   <div class='ocr_carea' id='block_1_26' title="bbox 534 2756 2133 2831">
    <p class='ocr_par' dir='ltr' id='par_1_26' title="bbox 534 2756 2133 2831">
     <span class='ocr_line' id='line_1_26' title="bbox 534 2756 2133 2831; baseline 0.002 -17"><span class='ocrx_word' id='word_1_165' title='bbox 534 2767 755 2827; x_wconf 76' lang='lat' dir='ltr'><strong>econtra</strong></span> <span class='ocrx_word' id='word_1_166' title='bbox 803 2773 939 2814; x_wconf 87' lang='lat' dir='ltr'><strong>nova</strong></span> <span class='ocrx_word' id='word_1_167' title='bbox 978 2756 1097 2814; x_wconf 68' lang='lat' dir='ltr'><strong>hac</strong></span> <span class='ocrx_word' id='word_1_168' title='bbox 1128 2760 1276 2829; x_wconf 88' lang='lat' dir='ltr'><strong>regio</strong></span> <span class='ocrx_word' id='word_1_169' title='bbox 1306 2759 1506 2814; x_wconf 88' lang='lat' dir='ltr'><strong>urbana</strong></span> <span class='ocrx_word' id='word_1_170' title='bbox 1534 2759 1799 2827; x_wconf 88' lang='lat' dir='ltr'><strong>moribus,</strong></span> <span class='ocrx_word' id='word_1_171' title='bbox 1823 2761 2133 2831; x_wconf 85' lang='lat' dir='ltr'><strong>productio-</strong></span> 
     </span>
    </p>
   </div>
   <div class='ocr_carea' id='block_1_27' title="bbox 533 2852 2135 2922">
    <p class='ocr_par' dir='ltr' id='par_1_27' title="bbox 533 2852 2135 2922">
     <span class='ocr_line' id='line_1_27' title="bbox 533 2852 2135 2922; baseline 0.002 -16"><span class='ocrx_word' id='word_1_172' title='bbox 533 2853 692 2909; x_wconf 87' lang='lat' dir='ltr'><strong>nibus</strong></span> <span class='ocrx_word' id='word_1_173' title='bbox 735 2854 1014 2922; x_wconf 89' lang='lat' dir='ltr'><strong>opulenta,</strong></span> <span class='ocrx_word' id='word_1_174' title='bbox 1052 2852 1416 2922; x_wconf 77' lang='lat' dir='ltr'><strong>voluptatibus</strong></span> <span class='ocrx_word' id='word_1_175' title='bbox 1441 2853 1623 2922; x_wconf 85' lang='lat' dir='ltr'><strong>unica,</strong></span> <span class='ocrx_word' id='word_1_176' title='bbox 1657 2852 1954 2909; x_wconf 88' lang='lat' dir='ltr'><strong>Gothorum</strong></span> <span class='ocrx_word' id='word_1_177' title='bbox 1997 2855 2135 2910; x_wconf 81' lang='lat' dir='ltr'><strong>adeo</strong></span> 
     </span>
    </p>
   </div>
   <div class='ocr_carea' id='block_1_28' title="bbox 535 2945 2134 3016">
    <p class='ocr_par' dir='ltr' id='par_1_28' title="bbox 535 2945 2134 3016">
     <span class='ocr_line' id='line_1_28' title="bbox 535 2945 2134 3016; baseline 0 -14"><span class='ocrx_word' id='word_1_178' title='bbox 535 2947 743 3002; x_wconf 74' lang='lat' dir='ltr'><strong>animos</strong></span> <span class='ocrx_word' id='word_1_179' title='bbox 794 2946 1029 3012; x_wconf 81' lang='lat' dir='ltr'><strong>seduxit,</strong></span> <span class='ocrx_word' id='word_1_180' title='bbox 1083 2960 1382 3016; x_wconf 82' lang='lat' dir='ltr'><strong>eorumque</strong></span> <span class='ocrx_word' id='word_1_181' title='bbox 1423 2946 1851 3002; x_wconf 81' lang='lat' dir='ltr'><strong>nationalitatem</strong></span> <span class='ocrx_word' id='word_1_182' title='bbox 1890 2945 2134 3002; x_wconf 79' lang='lat' dir='ltr'><strong>inﬁrma-</strong></span> 
     </span>
    </p>
   </div>
   <div class='ocr_carea' id='block_1_29' title="bbox 536 3038 2134 3110">
    <p class='ocr_par' dir='ltr' id='par_1_29' title="bbox 536 3038 2134 3110">
     <span class='ocr_line' id='line_1_29' title="bbox 536 3038 2134 3110; baseline -0.001 -14"><span class='ocrx_word' id='word_1_183' title='bbox 536 3043 639 3097; x_wconf 90' lang='lat' dir='ltr'><strong>vit.</strong></span> <span class='ocrx_word' id='word_1_184' title='bbox 673 3049 730 3096; x_wconf 89' lang='lat' dir='ltr'><strong>ut</strong></span> <span class='ocrx_word' id='word_1_185' title='bbox 765 3041 876 3110; x_wconf 81' lang='lat' dir='ltr'><strong>jam</strong></span> <span class='ocrx_word' id='word_1_186' title='bbox 922 3038 1294 3095; x_wconf 84' lang='lat' dir='ltr'><strong>Theodericus</strong></span> <span class='ocrx_word' id='word_1_187' title='bbox 1330 3039 1397 3094; x_wconf 86' lang='lat' dir='ltr'><strong>ad</strong></span> <span class='ocrx_word' id='word_1_188' title='bbox 1439 3039 1718 3109; x_wconf 81' lang='lat' dir='ltr'><strong>gymnasia</strong></span> <span class='ocrx_word' id='word_1_189' title='bbox 1767 3053 1988 3094; x_wconf 86' lang='lat' dir='ltr'><strong>romana</strong></span> <span class='ocrx_word' id='word_1_190' title='bbox 2029 3040 2134 3094; x_wconf 89' lang='lat' dir='ltr'><strong>fre-</strong></span> 
     </span>
    </p>
   </div>
   <div class='ocr_carea' id='block_1_30' title="bbox 537 3131 2130 3205">
    <p class='ocr_par' dir='ltr' id='par_1_30' title="bbox 537 3131 2130 3205">
     <span class='ocr_line' id='line_1_30' title="bbox 537 3131 2130 3205; baseline 0.001 -21"><span class='ocrx_word' id='word_1_191' title='bbox 537 3133 840 3205; x_wconf 80' lang='lat' dir='ltr'><strong>qucntanda</strong></span> <span class='ocrx_word' id='word_1_192' title='bbox 891 3146 1018 3189; x_wconf 86' lang='lat' dir='ltr'><strong>suos</strong></span> <span class='ocrx_word' id='word_1_193' title='bbox 1065 3133 1247 3188; x_wconf 90' lang='lat' dir='ltr'><strong>innixe</strong></span> <span class='ocrx_word' id='word_1_194' title='bbox 1294 3131 1562 3188; x_wconf 88' lang='lat' dir='ltr'><strong>incitaret.</strong></span> <span class='ocrx_word' id='word_1_195' title='bbox 1639 3131 1794 3198; x_wconf 88' lang='lat' dir='ltr'><strong>Quod</strong></span> <span class='ocrx_word' id='word_1_196' title='bbox 1849 3141 2026 3186; x_wconf 87' lang='lat' dir='ltr'><strong>autem</strong></span> <span class='ocrx_word' id='word_1_197' title='bbox 2076 3131 2130 3186; x_wconf 91' lang='lat' dir='ltr'><strong>in</strong></span> 
     </span>
    </p>
   </div>
   <div class='ocr_carea' id='block_1_31' title="bbox 536 3224 2131 3296">
    <p class='ocr_par' dir='ltr' id='par_1_31' title="bbox 536 3224 2131 3296">
     <span class='ocr_line' id='line_1_31' title="bbox 536 3224 2131 3296; baseline -0.002 -13"><span class='ocrx_word' id='word_1_198' title='bbox 536 3227 682 3283; x_wconf 90' lang='lat' dir='ltr'><strong>ltalia</strong></span> <span class='ocrx_word' id='word_1_199' title='bbox 721 3225 883 3283; x_wconf 85' lang='lat' dir='ltr'><strong>Gothi</strong></span> <span class='ocrx_word' id='word_1_200' title='bbox 932 3225 1148 3296; x_wconf 88' lang='lat' dir='ltr'><strong>gothice</strong></span> <span class='ocrx_word' id='word_1_201' title='bbox 1174 3226 1355 3281; x_wconf 59' lang='lat' dir='ltr'><strong>.locuti</strong></span> <span class='ocrx_word' id='word_1_202' title='bbox 1407 3225 1536 3293; x_wconf 88' lang='lat' dir='ltr'><strong>sint,</strong></span> <span class='ocrx_word' id='word_1_203' title='bbox 1569 3224 1675 3280; x_wconf 91' lang='lat' dir='ltr'><strong>hoc</strong></span> <span class='ocrx_word' id='word_1_204' title='bbox 1719 3224 1978 3296; x_wconf 86' lang='lat' dir='ltr'><strong>probatur</strong></span> <span class='ocrx_word' id='word_1_205' title='bbox 2019 3234 2131 3281; x_wconf 89' lang='lat' dir='ltr'><strong>tum</strong></span> 
     </span>
    </p>
   </div>
   <div class='ocr_carea' id='block_1_32' title="bbox 538 3316 2130 3389">
    <p class='ocr_par' dir='ltr' id='par_1_32' title="bbox 538 3316 2130 3389">
     <span class='ocr_line' id='line_1_32' title="bbox 538 3316 2130 3389; baseline -0.003 -14"><span class='ocrx_word' id='word_1_206' title='bbox 538 3333 603 3376; x_wconf 79' lang='lat' dir='ltr'><strong>ex</strong></span> <span class='ocrx_word' id='word_1_207' title='bbox 633 3317 1073 3389; x_wconf 85' lang='lat' dir='ltr'><strong>inscriptionibus</strong></span> <span class='ocrx_word' id='word_1_208' title='bbox 1124 3317 1456 3387; x_wconf 85' lang='lat' dir='ltr'><strong>neapolitani</strong></span> <span class='ocrx_word' id='word_1_209' title='bbox 1487 3326 1545 3374; x_wconf 91' lang='lat' dir='ltr'><strong>et</strong></span> <span class='ocrx_word' id='word_1_210' title='bbox 1573 3317 1766 3372; x_wconf 89' lang='lat' dir='ltr'><strong>aretini</strong></span> <span class='ocrx_word' id='word_1_211' title='bbox 1798 3316 2130 3382; x_wconf 89' lang='lat' dir='ltr'><strong>documenti,-</strong></span> 
     </span>
    </p>
   </div>
   <div class='ocr_carea' id='block_1_33' title="bbox 537 3409 2132 3480">
    <p class='ocr_par' dir='ltr' id='par_1_33' title="bbox 537 3409 2132 3480">
     <span class='ocr_line' id='line_1_33' title="bbox 537 3409 2132 3480; baseline 0.001 -16"><span class='ocrx_word' id='word_1_212' title='bbox 537 3419 649 3466; x_wconf 84' lang='lat' dir='ltr'><strong>tom</strong></span> <span class='ocrx_word' id='word_1_213' title='bbox 679 3426 711 3466; x_wconf 92' lang='lat' dir='ltr'><strong>e</strong></span> <span class='ocrx_word' id='word_1_214' title='bbox 739 3411 996 3480; x_wconf 74' lang='lat' dir='ltr'><strong>seiunctis</strong></span> <span class='ocrx_word' id='word_1_215' title='bbox 1046 3410 1400 3466; x_wconf 85' lang='lat' dir='ltr'><strong>tribunalibus</strong></span> <span class='ocrx_word' id='word_1_216' title='bbox 1450 3409 1752 3466; x_wconf 87' lang='lat' dir='ltr'><strong>Gothorum</strong></span> <span class='ocrx_word' id='word_1_217' title='bbox 1793 3418 1848 3464; x_wconf 89' lang='lat' dir='ltr'><strong>et</strong></span> <span class='ocrx_word' id='word_1_218' title='bbox 1877 3409 2132 3466; x_wconf 87' lang='lat' dir='ltr'><strong>Italorum</strong></span> 
     </span>
    </p>
   </div>
   <div class='ocr_carea' id='block_1_34' title="bbox 537 3503 2136 3577">
    <p class='ocr_par' dir='ltr' id='par_1_34' title="bbox 537 3503 2136 3577">
     <span class='ocr_line' id='line_1_34' title="bbox 537 3503 2136 3577; baseline -0.001 -16"><span class='ocrx_word' id='word_1_219' title='bbox 537 3505 631 3577; x_wconf 86' lang='lat' dir='ltr'><strong>(de</strong></span> <span class='ocrx_word' id='word_1_220' title='bbox 660 3520 768 3576; x_wconf 86' lang='lat' dir='ltr'><strong>quo</strong></span> <span class='ocrx_word' id='word_1_221' title='bbox 796 3519 952 3560; x_wconf 89' lang='lat' dir='ltr'><strong>suum</strong></span> <span class='ocrx_word' id='word_1_222' title='bbox 993 3519 1214 3561; x_wconf 86' lang='lat' dir='ltr'><strong>sensum</strong></span> <span class='ocrx_word' id='word_1_223' title='bbox 1244 3505 1454 3574; x_wconf 89' lang='lat' dir='ltr'><strong>aperuit</strong></span> <span class='ocrx_word' id='word_1_224' title='bbox 1485 3503 1717 3572; x_wconf 76' lang='lat' dir='ltr'><strong>Gloden,</strong></span> <span class='ocrx_word' id='word_1_225' title='bbox 1750 3505 1857 3558; x_wconf 81' lang='lat' dir='ltr'><strong>Das</strong></span> <span class='ocrx_word' id='word_1_226' title='bbox 1884 3506 2136 3560; x_wconf 66' lang='lat' dir='ltr'><strong>ramum</strong></span> 
     </span>
    </p>
   </div>
   <div class='ocr_carea' id='block_1_35' title="bbox 538 3599 2133 3672">
    <p class='ocr_par' dir='ltr' id='par_1_35' title="bbox 538 3599 2133 3672">
     <span class='ocr_line' id='line_1_35' title="bbox 538 3599 2133 3672; baseline 0.002 -18"><span class='ocrx_word' id='word_1_227' title='bbox 538 3599 702 3654; x_wconf 79' lang='lat' dir='ltr'><strong>Ilecht</strong></span> <span class='ocrx_word' id='word_1_228' title='bbox 728 3601 781 3654; x_wconf 84' lang='lat' dir='ltr'><strong>in</strong></span> <span class='ocrx_word' id='word_1_229' title='bbox 813 3600 1184 3672; x_wconf 78' lang='lat' dir='ltr'><strong>ostgethischen</strong></span> <span class='ocrx_word' id='word_1_230' title='bbox 1220 3599 1430 3667; x_wconf 79' lang='lat' dir='ltr'><strong>Reiche,</strong></span> <span class='ocrx_word' id='word_1_231' title='bbox 1460 3599 1590 3655; x_wconf 80' lang='lat' dir='ltr'><strong>Jena</strong></span> <span class='ocrx_word' id='word_1_232' title='bbox 1639 3599 1830 3671; x_wconf 71' lang='lat'><strong>1845);</strong></span> <span class='ocrx_word' id='word_1_233' title='bbox 1859 3610 1912 3656; x_wconf 90' lang='lat' dir='ltr'><strong>et</strong></span> <span class='ocrx_word' id='word_1_234' title='bbox 1941 3603 2133 3658; x_wconf 87' lang='lat' dir='ltr'><strong>verisi-</strong></span> 
     </span>
    </p>
   </div>
   <div class='ocr_carea' id='block_1_36' title="bbox 539 3691 2134 3765">
    <p class='ocr_par' dir='ltr' id='par_1_36' title="bbox 539 3691 2134 3765">
     <span class='ocr_line' id='line_1_36' title="bbox 539 3691 2134 3765; baseline 0.001 -17"><span class='ocrx_word' id='word_1_235' title='bbox 539 3693 824 3748; x_wconf 88' lang='lat' dir='ltr'><strong>millimum</strong></span> <span class='ocrx_word' id='word_1_236' title='bbox 855 3700 941 3748; x_wconf 87' lang='lat' dir='ltr'><strong>est</strong></span> <span class='ocrx_word' id='word_1_237' title='bbox 965 3691 1218 3762; x_wconf 82' lang='lat' dir='ltr'><strong>reliquias</strong></span> <span class='ocrx_word' id='word_1_238' title='bbox 1244 3706 1432 3747; x_wconf 89' lang='lat' dir='ltr'><strong>omnes</strong></span> <span class='ocrx_word' id='word_1_239' title='bbox 1459 3691 1658 3763; x_wconf 91' lang='lat' dir='ltr'><strong>gothici</strong></span> <span class='ocrx_word' id='word_1_240' title='bbox 1687 3694 1972 3762; x_wconf 84' lang='lat' dir='ltr'><strong>sermonis,</strong></span> <span class='ocrx_word' id='word_1_241' title='bbox 2003 3710 2134 3765; x_wconf 83' lang='lat' dir='ltr'><strong>qua-</strong></span> 
     </span>
    </p>
   </div>
   <div class='ocr_carea' id='block_1_37' title="bbox 537 3781 2131 3864">
    <p class='ocr_par' dir='ltr' id='par_1_37' title="bbox 537 3781 2131 3864">
     <span class='ocr_line' id='line_1_37' title="bbox 537 3781 2131 3864; baseline 0.001 -26"><span class='ocrx_word' id='word_1_242' title='bbox 537 3783 619 3839; x_wconf 89' lang='lat' dir='ltr'><strong>les</strong></span> <span class='ocrx_word' id='word_1_243' title='bbox 665 3795 808 3838; x_wconf 88' lang='lat' dir='ltr'><strong>nunc</strong></span> <span class='ocrx_word' id='word_1_244' title='bbox 854 3782 1147 3850; x_wconf 79' lang='lat' dir='ltr'><strong>habemus,</strong></span> <span class='ocrx_word' id='word_1_245' title='bbox 1175 3797 1240 3837; x_wconf 86' lang='lat' dir='ltr'><strong>ex</strong></span> <span class='ocrx_word' id='word_1_246' title='bbox 1288 3781 1434 3836; x_wconf 88' lang='lat' dir='ltr'><strong>Italia</strong></span> <span class='ocrx_word' id='word_1_247' title='bbox 1481 3781 1648 3838; x_wconf 87' lang='lat' dir='ltr'><strong>fuisse</strong></span> <span class='ocrx_word' id='word_1_248' title='bbox 1691 3782 1978 3864; x_wconf 68' lang='lat' dir='ltr'><strong>deductas;</strong></span> <span class='ocrx_word' id='word_1_249' title='bbox 2007 3785 2131 3841; x_wconf 91' lang='lat' dir='ltr'><strong>coll.</strong></span> 
     </span>
    </p>
   </div>
   <div class='ocr_carea' id='block_1_38' title="bbox 535 3876 2130 3950">
    <p class='ocr_par' dir='ltr' id='par_1_38' title="bbox 535 3876 2130 3950">
     <span class='ocr_line' id='line_1_38' title="bbox 535 3876 2130 3950; baseline 0 -15"><span class='ocrx_word' id='word_1_250' title='bbox 535 3879 743 3935; x_wconf 83' lang='lat' dir='ltr'><strong>Castill.</strong></span> <span class='ocrx_word' id='word_1_251' title='bbox 791 3891 927 3950; x_wconf 82' lang='lat' dir='ltr'><strong>spec.</strong></span> <span class='ocrx_word' id='word_1_252' title='bbox 971 3877 1037 3934; x_wconf 81' lang='lat' dir='ltr'><strong>IV</strong></span> <span class='ocrx_word' id='word_1_253' title='bbox 1074 3887 1130 3934; x_wconf 90' lang='lat' dir='ltr'><strong>et</strong></span> <span class='ocrx_word' id='word_1_254' title='bbox 1175 3877 1242 3932; x_wconf 89' lang='lat' dir='ltr'><strong>ad</strong></span> <span class='ocrx_word' id='word_1_255' title='bbox 1295 3877 1337 3932; x_wconf 89' lang='lat' dir='ltr'><strong>II</strong></span> <span class='ocrx_word' id='word_1_256' title='bbox 1381 3876 1507 3934; x_wconf 88' lang='lat' dir='ltr'><strong>Cor.</strong></span> <span class='ocrx_word' id='word_1_257' title='bbox 1556 3893 1608 3948; x_wconf 93' lang='lat' dir='ltr'><strong>p.</strong></span> <span class='ocrx_word' id='word_1_258' title='bbox 1644 3877 1746 3945; x_wconf 82' lang='lat'><strong>85;</strong></span> <span class='ocrx_word' id='word_1_259' title='bbox 1781 3876 1870 3933; x_wconf 83' lang='lat' dir='ltr'><strong>W.</strong></span> <span class='ocrx_word' id='word_1_260' title='bbox 1905 3879 2130 3935; x_wconf 89' lang='lat' dir='ltr'><strong>Grimm.</strong></span> 
     </span>
    </p>
   </div>
   <div class='ocr_carea' id='block_1_39' title="bbox 536 3969 1317 4036">
    <p class='ocr_par' dir='ltr' id='par_1_39' title="bbox 536 3969 1317 4036">
     <span class='ocr_line' id='line_1_39' title="bbox 536 3969 1317 4036; baseline -0.003 -10"><span class='ocrx_word' id='word_1_261' title='bbox 536 3969 720 4027; x_wconf 68' lang='lat' dir='ltr'><strong>Jahrb.</strong></span> <span class='ocrx_word' id='word_1_262' title='bbox 744 3973 836 4027; x_wconf 84' lang='lat' dir='ltr'><strong>der</strong></span> <span class='ocrx_word' id='word_1_263' title='bbox 866 3970 972 4027; x_wconf 88' lang='lat' dir='ltr'><strong>Lit.</strong></span> <span class='ocrx_word' id='word_1_264' title='bbox 1008 3970 1192 4036; x_wconf 78' lang='lat' dir='ltr'><strong>XLIII,</strong></span> <span class='ocrx_word' id='word_1_265' title='bbox 1227 3969 1317 4026; x_wconf 69' lang='lat'><strong>29.</strong></span> 
     </span>
    </p>
   </div>
   <div class='ocr_carea' id='block_1_40' title="bbox 613 4061 2132 4135">
    <p class='ocr_par' dir='ltr' id='par_1_40' title="bbox 613 4061 2132 4135">
     <span class='ocr_line' id='line_1_40' title="bbox 613 4061 2132 4135; baseline 0.001 -16"><span class='ocrx_word' id='word_1_266' title='bbox 613 4081 632 4119; x_wconf 67' lang='grc' dir='ltr'>ι</span> <span class='ocrx_word' id='word_1_267' title='bbox 671 4065 777 4121; x_wconf 83' lang='lat' dir='ltr'><strong>Nec</strong></span> <span class='ocrx_word' id='word_1_268' title='bbox 806 4065 1033 4120; x_wconf 90' lang='lat' dir='ltr'><strong>ulterius</strong></span> <span class='ocrx_word' id='word_1_269' title='bbox 1061 4062 1344 4135; x_wconf 84' lang='lat' dir='ltr'><strong>Wisigothl</strong></span> <span class='ocrx_word' id='word_1_270' title='bbox 1374 4064 1428 4118; x_wconf 88' lang='lat' dir='ltr'><strong>in</strong></span> <span class='ocrx_word' id='word_1_271' title='bbox 1451 4061 1675 4120; x_wconf 82' lang='lat' dir='ltr'><strong>victoria</strong></span> <span class='ocrx_word' id='word_1_272' title='bbox 1706 4064 1976 4121; x_wconf 90' lang='lat' dir='ltr'><strong>abutendo</strong></span> <span class='ocrx_word' id='word_1_273' title='bbox 2005 4079 2132 4134; x_wconf 83' lang='lat' dir='ltr'><strong>pro-</strong></span> 
     </span>
    </p>
   </div>
   <div class='ocr_carea' id='block_1_41' title="bbox 534 4157 2132 4232">
    <p class='ocr_par' dir='ltr' id='par_1_41' title="bbox 534 4157 2132 4232">
     <span class='ocr_line' id='line_1_41' title="bbox 534 4157 2132 4232; baseline -0.001 -16"><span class='ocrx_word' id='word_1_274' title='bbox 534 4159 707 4232; x_wconf 81' lang='lat' dir='ltr'><strong>gressi</strong></span> <span class='ocrx_word' id='word_1_275' title='bbox 753 4166 905 4224; x_wconf 78' lang='lat' dir='ltr'><strong>sunt,</strong></span> <span class='ocrx_word' id='word_1_276' title='bbox 953 4166 1234 4228; x_wconf 83' lang='lat' dir='ltr'><strong>postquam</strong></span> <span class='ocrx_word' id='word_1_277' title='bbox 1283 4159 1336 4212; x_wconf 88' lang='lat' dir='ltr'><strong>in</strong></span> <span class='ocrx_word' id='word_1_278' title='bbox 1390 4157 1670 4212; x_wconf 83' lang='lat' dir='ltr'><strong>Franciam</strong></span> <span class='ocrx_word' id='word_1_279' title='bbox 1717 4167 1770 4213; x_wconf 89' lang='lat' dir='ltr'><strong>et</strong></span> <span class='ocrx_word' id='word_1_280' title='bbox 1821 4157 2132 4228; x_wconf 83' lang='lat' dir='ltr'><strong>Hispaniam</strong></span> 
     </span>
    </p>
   </div>
   <div class='ocr_carea' id='block_1_42' title="bbox 533 4234 2132 4322">
    <p class='ocr_par' dir='ltr' id='par_1_42' title="bbox 533 4234 2132 4322">
     <span class='ocr_line' id='line_1_42' title="bbox 533 4234 2132 4322; baseline -0.001 -14"><span class='ocrx_word' id='word_1_281' title='bbox 533 4254 844 4318; x_wconf 81' lang='lat' dir='ltr'><strong>irruissent;</strong></span> <span class='ocrx_word' id='word_1_282' title='bbox 877 4234 1327 4322; x_wconf 80' lang='lat' dir='ltr'><strong>quemadmodum</strong></span> <span class='ocrx_word' id='word_1_283' title='bbox 1373 4251 1516 4306; x_wconf 90' lang='lat' dir='ltr'><strong>enim</strong></span> <span class='ocrx_word' id='word_1_284' title='bbox 1550 4250 1602 4306; x_wconf 89' lang='lat' dir='ltr'><strong>in</strong></span> <span class='ocrx_word' id='word_1_285' title='bbox 1634 4251 1825 4316; x_wconf 87' lang='lat' dir='ltr'><strong>sacris,</strong></span> <span class='ocrx_word' id='word_1_286' title='bbox 1869 4250 1940 4305; x_wconf 83' lang='lat' dir='ltr'><strong>ita</strong></span> <span class='ocrx_word' id='word_1_287' title='bbox 1985 4261 2039 4306; x_wconf 91' lang='lat' dir='ltr'><strong>et</strong></span> <span class='ocrx_word' id='word_1_288' title='bbox 2079 4250 2132 4306; x_wconf 87' lang='lat' dir='ltr'><strong>in</strong></span> 
     </span>
    </p>
   </div>
   <div class='ocr_carea' id='block_1_43' title="bbox 532 4342 2133 4420">
    <p class='ocr_par' dir='ltr' id='par_1_43' title="bbox 532 4342 2133 4420">
     <span class='ocr_line' id='line_1_43' title="bbox 532 4342 2133 4420; baseline -0.002 -18"><span class='ocrx_word' id='word_1_289' title='bbox 532 4347 769 4420; x_wconf 80' lang='lat' dir='ltr'><strong>profanis</strong></span> <span class='ocrx_word' id='word_1_290' title='bbox 811 4346 1104 4402; x_wconf 87' lang='lat' dir='ltr'><strong>tolerantes</strong></span> <span class='ocrx_word' id='word_1_291' title='bbox 1145 4359 1205 4400; x_wconf 89' lang='lat' dir='ltr'><strong>se</strong></span> <span class='ocrx_word' id='word_1_292' title='bbox 1245 4344 1612 4414; x_wconf 78' lang='lat' dir='ltr'><strong>praebuerunt.</strong></span> <span class='ocrx_word' id='word_1_293' title='bbox 1652 4343 1810 4399; x_wconf 88' lang='lat' dir='ltr'><strong>Gothi</strong></span> <span class='ocrx_word' id='word_1_294' title='bbox 1857 4342 1958 4412; x_wconf 86' lang='lat' dir='ltr'><strong>ipsi</strong></span> <span class='ocrx_word' id='word_1_295' title='bbox 2006 4356 2133 4398; x_wconf 88' lang='lat' dir='ltr'><strong>suos</strong></span> 
     </span>
    </p>
   </div>
   <div class='ocr_carea' id='block_1_44' title="bbox 536 4434 2134 4510">
    <p class='ocr_par' dir='ltr' id='par_1_44' title="bbox 536 4434 2134 4510">
     <span class='ocr_line' id='line_1_44' title="bbox 536 4434 2134 4510; baseline -0.004 -15"><span class='ocrx_word' id='word_1_296' title='bbox 536 4449 738 4506; x_wconf 84' lang='lat' dir='ltr'><strong>mores,</strong></span> <span class='ocrx_word' id='word_1_297' title='bbox 771 4439 919 4510; x_wconf 83' lang='lat' dir='ltr'><strong>leges</strong></span> <span class='ocrx_word' id='word_1_298' title='bbox 947 4451 1360 4506; x_wconf 80' lang='lat' dir='ltr'><strong>sermonemque</strong></span> <span class='ocrx_word' id='word_1_299' title='bbox 1403 4450 1498 4506; x_wconf 91' lang='lat' dir='ltr'><strong>per</strong></span> <span class='ocrx_word' id='word_1_300' title='bbox 1530 4434 1793 4491; x_wconf 83' lang='lat' dir='ltr'><strong>ducentos</strong></span> <span class='ocrx_word' id='word_1_301' title='bbox 1822 4449 1992 4490; x_wconf 88' lang='lat' dir='ltr'><strong>annos</strong></span> <span class='ocrx_word' id='word_1_302' title='bbox 2019 4450 2134 4490; x_wconf 87' lang='lat' dir='ltr'><strong>ser-</strong></span> 
     </span>
    </p>
   </div>
   <div class='ocr_carea' id='block_1_45' title="bbox 537 4527 2132 4603">
    <p class='ocr_par' dir='ltr' id='par_1_45' title="bbox 537 4527 2132 4603">
     <span class='ocr_line' id='line_1_45' title="bbox 537 4527 2132 4603; baseline -0.001 -17"><span class='ocrx_word' id='word_1_303' title='bbox 537 4539 750 4597; x_wconf 74' lang='lat' dir='ltr'><strong>varunt,</strong></span> <span class='ocrx_word' id='word_1_304' title='bbox 783 4532 953 4589; x_wconf 81' lang='lat' dir='ltr'><strong>donec</strong></span> <span class='ocrx_word' id='word_1_305' title='bbox 984 4541 1240 4602; x_wconf 84' lang='lat' dir='ltr'><strong>regnante</strong></span> <span class='ocrx_word' id='word_1_306' title='bbox 1270 4529 1578 4587; x_wconf 81' lang='lat' dir='ltr'><strong>Reccaredo</strong></span> <span class='ocrx_word' id='word_1_307' title='bbox 1609 4527 1759 4603; x_wconf 81' lang='grc'><strong>(601)</strong></span> <span class='ocrx_word' id='word_1_308' title='bbox 1783 4528 2008 4584; x_wconf 80' lang='lat' dir='ltr'><strong>Romani</strong></span> <span class='ocrx_word' id='word_1_309' title='bbox 2040 4529 2132 4584; x_wconf 85' lang='lat' dir='ltr'><strong>lle-</strong></span> 
     </span>
    </p>
   </div>
   <div class='ocr_carea' id='block_1_46' title="bbox 536 4624 2132 4696">
    <p class='ocr_par' dir='ltr' id='par_1_46' title="bbox 536 4624 2132 4696">
     <span class='ocr_line' id='line_1_46' title="bbox 536 4624 2132 4696; baseline 0 -14"><span class='ocrx_word' id='word_1_310' title='bbox 536 4635 678 4684; x_wconf 80' lang='lat' dir='ltr'><strong>rent.</strong></span> <span class='ocrx_word' id='word_1_311' title='bbox 727 4625 1009 4694; x_wconf 55' lang='lat' dir='ltr'><strong>ch,enim</strong></span> <span class='ocrx_word' id='word_1_312' title='bbox 1059 4624 1267 4681; x_wconf 86' lang='lat' dir='ltr'><strong>Gothos</strong></span> <span class='ocrx_word' id='word_1_313' title='bbox 1313 4633 1369 4680; x_wconf 92' lang='lat' dir='ltr'><strong>et</strong></span> <span class='ocrx_word' id='word_1_314' title='bbox 1407 4624 1678 4680; x_wconf 79' lang='lat' dir='ltr'><strong>Romanos</strong></span> <span class='ocrx_word' id='word_1_315' title='bbox 1718 4625 1821 4681; x_wconf 88' lang='lat' dir='ltr'><strong>sibi</strong></span> <span class='ocrx_word' id='word_1_316' title='bbox 1858 4624 2132 4696; x_wconf 77' lang='lat' dir='ltr'><strong>subjectos</strong></span> 
     </span>
    </p>
   </div>
   <div class='ocr_carea' id='block_1_47' title="bbox 537 4716 2128 4786">
    <p class='ocr_par' dir='ltr' id='par_1_47' title="bbox 537 4716 2128 4786">
     <span class='ocr_line' id='line_1_47' title="bbox 537 4716 2128 4786; baseline -0.001 -12"><span class='ocrx_word' id='word_1_317' title='bbox 537 4729 705 4774; x_wconf 87' lang='lat' dir='ltr'><strong>unum</strong></span> <span class='ocrx_word' id='word_1_318' title='bbox 753 4717 1002 4786; x_wconf 82' lang='lat' dir='ltr'><strong>populum</strong></span> <span class='ocrx_word' id='word_1_319' title='bbox 1043 4729 1306 4785; x_wconf 76' lang='lat' dir='ltr'><strong>unamque</strong></span> <span class='ocrx_word' id='word_1_320' title='bbox 1345 4724 1560 4786; x_wconf 84' lang='lat' dir='ltr'><strong>gentem</strong></span> <span class='ocrx_word' id='word_1_321' title='bbox 1608 4716 1748 4774; x_wconf 82' lang='lat' dir='ltr'><strong>effici</strong></span> <span class='ocrx_word' id='word_1_322' title='bbox 1793 4717 2128 4783; x_wconf 85' lang='lat' dir='ltr'><strong>desiderans,</strong></span> 
     </span>
    </p>
   </div>
   <div class='ocr_carea' id='block_1_48' title="bbox 534 4808 2127 4879">
    <p class='ocr_par' dir='ltr' id='par_1_48' title="bbox 534 4808 2127 4879">
     <span class='ocr_line' id='line_1_48' title="bbox 534 4808 2127 4879; baseline -0.004 -10"><span class='ocrx_word' id='word_1_323' title='bbox 534 4813 588 4870; x_wconf 87' lang='lat' dir='ltr'><strong>in</strong></span> <span class='ocrx_word' id='word_1_324' title='bbox 615 4811 718 4866; x_wconf 89' lang='lat' dir='ltr'><strong>hoc</strong></span> <span class='ocrx_word' id='word_1_325' title='bbox 739 4808 968 4865; x_wconf 85' lang='lat' dir='ltr'><strong>consilio</strong></span> <span class='ocrx_word' id='word_1_326' title='bbox 987 4809 1356 4879; x_wconf 81' lang='lat' dir='ltr'><strong>exsequendo,</strong></span> <span class='ocrx_word' id='word_1_327' title='bbox 1383 4809 1638 4866; x_wconf 83' lang='lat' dir='ltr'><strong>influente</strong></span> <span class='ocrx_word' id='word_1_328' title='bbox 1666 4809 1834 4876; x_wconf 89' lang='lat' dir='ltr'><strong>clero,</strong></span> <span class='ocrx_word' id='word_1_329' title='bbox 1868 4817 2011 4864; x_wconf 89' lang='lat' dir='ltr'><strong>totus</strong></span> <span class='ocrx_word' id='word_1_330' title='bbox 2041 4808 2127 4864; x_wconf 80' lang='lat' dir='ltr'><strong>in-</strong></span> 
     </span>
    </p>
   </div>
   <div class='ocr_carea' id='block_1_49' title="bbox 532 4903 2121 4975">
    <p class='ocr_par' dir='ltr' id='par_1_49' title="bbox 532 4903 2121 4975">
     <span class='ocr_line' id='line_1_49' title="bbox 532 4903 2121 4975; baseline -0.001 -14"><span class='ocrx_word' id='word_1_331' title='bbox 532 4907 736 4962; x_wconf 81' lang='lat' dir='ltr'><strong>cubuit.</strong></span> <span class='ocrx_word' id='word_1_332' title='bbox 779 4904 965 4974; x_wconf 81' lang='lat' dir='ltr'><strong>Itaque</strong></span> <span class='ocrx_word' id='word_1_333' title='bbox 1003 4903 1124 4958; x_wconf 90' lang='lat' dir='ltr'><strong>tulit</strong></span> <span class='ocrx_word' id='word_1_334' title='bbox 1149 4904 1320 4975; x_wconf 90' lang='lat' dir='ltr'><strong>legem</strong></span> <span class='ocrx_word' id='word_1_335' title='bbox 1348 4903 1414 4958; x_wconf 90' lang='lat' dir='ltr'><strong>ad</strong></span> <span class='ocrx_word' id='word_1_336' title='bbox 1446 4912 1704 4974; x_wconf 88' lang='lat' dir='ltr'><strong>utrosque</strong></span> <span class='ocrx_word' id='word_1_337' title='bbox 1734 4904 2121 4975; x_wconf 86' lang='lat' dir='ltr'><strong>pertinentem;</strong></span> 
     </span>
    </p>
   </div>
   <div class='ocr_carea' id='block_1_50' title="bbox 533 4996 2127 5069">
    <p class='ocr_par' dir='ltr' id='par_1_50' title="bbox 533 4996 2127 5069">
     <span class='ocr_line' id='line_1_50' title="bbox 533 4996 2127 5069; baseline -0.001 -13"><span class='ocrx_word' id='word_1_338' title='bbox 533 5013 652 5057; x_wconf 77' lang='lat' dir='ltr'><strong>cum</strong></span> <span class='ocrx_word' id='word_1_339' title='bbox 705 5007 882 5054; x_wconf 89' lang='lat' dir='ltr'><strong>autem</strong></span> <span class='ocrx_word' id='word_1_340' title='bbox 932 4996 1293 5068; x_wconf 86' lang='lat' dir='ltr'><strong>subjectornm</strong></span> <span class='ocrx_word' id='word_1_341' title='bbox 1325 4996 1691 5053; x_wconf 84' lang='lat' dir='ltr'><strong>Romanorum</strong></span> <span class='ocrx_word' id='word_1_342' title='bbox 1740 4998 1902 5069; x_wconf 90' lang='lat' dir='ltr'><strong>longe</strong></span> <span class='ocrx_word' id='word_1_343' title='bbox 1954 4998 2127 5069; x_wconf 82' lang='lat' dir='ltr'><strong>major</strong></span> 
     </span>
    </p>
   </div>
   <div class='ocr_carea' id='block_1_51' title="bbox 530 5089 2129 5160">
    <p class='ocr_par' dir='ltr' id='par_1_51' title="bbox 530 5089 2129 5160">
     <span class='ocr_line' id='line_1_51' title="bbox 530 5089 2129 5160; baseline -0.004 -8"><span class='ocrx_word' id='word_1_344' title='bbox 530 5097 677 5152; x_wconf 77' lang='lat' dir='ltr'><strong>esset</strong></span> <span class='ocrx_word' id='word_1_345' title='bbox 715 5095 992 5157; x_wconf 85' lang='lat' dir='ltr'><strong>humerus,</strong></span> <span class='ocrx_word' id='word_1_346' title='bbox 1041 5091 1123 5147; x_wconf 80' lang='lat' dir='ltr'><strong>lex</strong></span> <span class='ocrx_word' id='word_1_347' title='bbox 1171 5091 1267 5145; x_wconf 90' lang='lat' dir='ltr'><strong>ista</strong></span> <span class='ocrx_word' id='word_1_348' title='bbox 1315 5090 1476 5146; x_wconf 87' lang='lat' dir='ltr'><strong>latine</strong></span> <span class='ocrx_word' id='word_1_349' title='bbox 1520 5089 1690 5160; x_wconf 82' lang='lat' dir='ltr'><strong>redigi</strong></span> <span class='ocrx_word' id='word_1_350' title='bbox 1735 5090 1938 5156; x_wconf 90' lang='lat' dir='ltr'><strong>debuit,</strong></span> <span class='ocrx_word' id='word_1_351' title='bbox 1970 5091 2040 5146; x_wconf 89' lang='lat' dir='ltr'><strong>ita</strong></span> <span class='ocrx_word' id='word_1_352' title='bbox 2070 5101 2129 5146; x_wconf 91' lang='lat' dir='ltr'><strong>ut</strong></span> 
     </span>
    </p>
   </div>
   <div class='ocr_carea' id='block_1_52' title="bbox 532 5178 2126 5254">
    <p class='ocr_par' dir='ltr' id='par_1_52' title="bbox 532 5178 2126 5254">
     <span class='ocr_line' id='line_1_52' title="bbox 532 5178 2126 5254; baseline -0.002 -12"><span class='ocrx_word' id='word_1_353' title='bbox 532 5185 731 5242; x_wconf 85' lang='lat' dir='ltr'><strong>latinus</strong></span> <span class='ocrx_word' id='word_1_354' title='bbox 759 5185 1067 5254; x_wconf 71' lang='lat' dir='ltr'><strong>reipublicae</strong></span> <span class='ocrx_word' id='word_1_355' title='bbox 1111 5198 1289 5239; x_wconf 87' lang='lat' dir='ltr'><strong>sermo</strong></span> <span class='ocrx_word' id='word_1_356' title='bbox 1332 5183 1504 5239; x_wconf 89' lang='lat' dir='ltr'><strong>factus</strong></span> <span class='ocrx_word' id='word_1_357' title='bbox 1533 5183 1635 5249; x_wconf 87' lang='lat' dir='ltr'><strong>sit;</strong></span> <span class='ocrx_word' id='word_1_358' title='bbox 1667 5183 1976 5238; x_wconf 71' lang='lat' dir='ltr'><strong>christiana:</strong></span> <span class='ocrx_word' id='word_1_359' title='bbox 2007 5178 2126 5239; x_wconf 77' lang='lat' dir='ltr'><strong>ﬁdei</strong></span> 
     </span>
    </p>
   </div>
   <div class='ocr_carea' id='block_1_53' title="bbox 533 5273 2126 5345">
    <p class='ocr_par' dir='ltr' id='par_1_53' title="bbox 533 5273 2126 5345">
     <span class='ocr_line' id='line_1_53' title="bbox 533 5273 2126 5345; baseline -0.003 -10"><span class='ocrx_word' id='word_1_360' title='bbox 533 5281 760 5336; x_wconf 83' lang='lat' dir='ltr'><strong>devotus</strong></span> <span class='ocrx_word' id='word_1_361' title='bbox 786 5279 938 5345; x_wconf 84' lang='lat' dir='ltr'><strong>erat;</strong></span> <span class='ocrx_word' id='word_1_362' title='bbox 970 5279 1090 5332; x_wconf 88' lang='lat' dir='ltr'><strong>hinc</strong></span> <span class='ocrx_word' id='word_1_363' title='bbox 1117 5276 1295 5333; x_wconf 80' lang='lat' dir='ltr'><strong>divina</strong></span> <span class='ocrx_word' id='word_1_364' title='bbox 1322 5273 1498 5332; x_wconf 81' lang='lat' dir='ltr'><strong>ofﬁcia</strong></span> <span class='ocrx_word' id='word_1_365' title='bbox 1528 5275 1690 5331; x_wconf 88' lang='lat' dir='ltr'><strong>latine</strong></span> <span class='ocrx_word' id='word_1_366' title='bbox 1727 5273 1986 5331; x_wconf 86' lang='lat' dir='ltr'><strong>celebrari</strong></span> <span class='ocrx_word' id='word_1_367' title='bbox 2013 5275 2126 5345; x_wconf 83' lang='lat' dir='ltr'><strong>jus-</strong></span> 
     </span>
    </p>
   </div>
   <div class='ocr_carea' id='block_1_54' title="bbox 532 5368 2127 5442">
    <p class='ocr_par' dir='ltr' id='par_1_54' title="bbox 532 5368 2127 5442">
     <span class='ocr_line' id='line_1_54' title="bbox 532 5368 2127 5442; baseline -0.003 -13"><span class='ocrx_word' id='word_1_368' title='bbox 532 5373 622 5436; x_wconf 75' lang='lat' dir='ltr'><strong>sit.</strong></span> <span class='ocrx_word' id='word_1_369' title='bbox 649 5373 722 5427; x_wconf 85' lang='lat' dir='ltr'><strong>ita</strong></span> <span class='ocrx_word' id='word_1_370' title='bbox 753 5382 811 5427; x_wconf 88' lang='lat' dir='ltr'><strong>ut</strong></span> <span class='ocrx_word' id='word_1_371' title='bbox 841 5371 1001 5442; x_wconf 85' lang='lat' dir='ltr'><strong>hujus</strong></span> <span class='ocrx_word' id='word_1_372' title='bbox 1030 5370 1281 5426; x_wconf 84' lang='lat' dir='ltr'><strong>Ecclesiae</strong></span> <span class='ocrx_word' id='word_1_373' title='bbox 1308 5382 1488 5425; x_wconf 86' lang='lat' dir='ltr'><strong>sermo</strong></span> <span class='ocrx_word' id='word_1_374' title='bbox 1510 5368 1765 5437; x_wconf 80' lang='lat' dir='ltr'><strong>deinceps</strong></span> <span class='ocrx_word' id='word_1_375' title='bbox 1787 5368 1983 5423; x_wconf 90' lang='lat' dir='ltr'><strong>latinus</strong></span> <span class='ocrx_word' id='word_1_376' title='bbox 2013 5368 2127 5424; x_wconf 89' lang='lat' dir='ltr'><strong>fue-</strong></span> 
     </span>
    </p>
   </div>
   <div class='ocr_carea' id='block_1_55' title="bbox 533 5457 2124 5527">
    <p class='ocr_par' dir='ltr' id='par_1_55' title="bbox 533 5457 2124 5527">
     <span class='ocr_line' id='line_1_55' title="bbox 533 5457 2124 5527; baseline -0.002 -8"><span class='ocrx_word' id='word_1_377' title='bbox 533 5463 635 5527; x_wconf 85' lang='lat' dir='ltr'><strong>rit;</strong></span> <span class='ocrx_word' id='word_1_378' title='bbox 667 5463 854 5518; x_wconf 81' lang='lat' dir='ltr'><strong>aulicis</strong></span> <span class='ocrx_word' id='word_1_379' title='bbox 897 5463 1008 5517; x_wconf 91' lang='lat' dir='ltr'><strong>suis</strong></span> <span class='ocrx_word' id='word_1_380' title='bbox 1056 5462 1268 5516; x_wconf 91' lang='lat' dir='ltr'><strong>nomina</strong></span> <span class='ocrx_word' id='word_1_381' title='bbox 1320 5460 1479 5515; x_wconf 88' lang='lat' dir='ltr'><strong>latina</strong></span> <span class='ocrx_word' id='word_1_382' title='bbox 1527 5460 1693 5527; x_wconf 89' lang='lat' dir='ltr'><strong>dedit,</strong></span> <span class='ocrx_word' id='word_1_383' title='bbox 1737 5457 1808 5516; x_wconf 78' lang='lat' dir='ltr'><strong>ita</strong></span> <span class='ocrx_word' id='word_1_384' title='bbox 1852 5470 1908 5516; x_wconf 90' lang='lat' dir='ltr'><strong>ut</strong></span> <span class='ocrx_word' id='word_1_385' title='bbox 1955 5461 2124 5516; x_wconf 91' lang='lat' dir='ltr'><strong>aulica</strong></span> 
     </span>
    </p>
   </div>
   <div class='ocr_carea' id='block_1_56' title="bbox 535 5551 2128 5627">
    <p class='ocr_par' dir='ltr' id='par_1_56' title="bbox 535 5551 2128 5627">
     <span class='ocr_line' id='line_1_56' title="bbox 535 5551 2128 5627; baseline -0.002 -17"><span class='ocrx_word' id='word_1_386' title='bbox 535 5553 714 5624; x_wconf 77' lang='lat' dir='ltr'><strong>lingua</strong></span> <span class='ocrx_word' id='word_1_387' title='bbox 744 5551 852 5624; x_wconf 67' lang='lat' dir='ltr'><strong>jam</strong></span> <span class='ocrx_word' id='word_1_388' title='bbox 888 5555 1047 5609; x_wconf 86' lang='lat' dir='ltr'><strong>latina</strong></span> <span class='ocrx_word' id='word_1_389' title='bbox 1075 5554 1306 5610; x_wconf 86' lang='lat' dir='ltr'><strong>evaserit</strong></span> <span class='ocrx_word' id='word_1_390' title='bbox 1328 5553 1473 5627; x_wconf 78' lang='lat' dir='ltr'><strong>(coll.</strong></span> <span class='ocrx_word' id='word_1_391' title='bbox 1501 5554 1799 5619; x_wconf 81' lang='lat' dir='ltr'><strong>Aschbach,</strong></span> <span class='ocrx_word' id='word_1_392' title='bbox 1823 5553 2006 5608; x_wconf 80' lang='lat' dir='ltr'><strong>Gesch.</strong></span> <span class='ocrx_word' id='word_1_393' title='bbox 2038 5554 2128 5609; x_wconf 82' lang='lat' dir='ltr'><strong>der</strong></span> 
     </span>
    </p>
   </div>
   <div class='ocr_carea' id='block_1_57' title="bbox 543 5643 2124 5719">
    <p class='ocr_par' dir='ltr' id='par_1_57' title="bbox 543 5643 2124 5719">
     <span class='ocr_line' id='line_1_57' title="bbox 543 5643 2124 5719; baseline 0.001 -16"><span class='ocrx_word' id='word_1_394' title='bbox 543 5643 895 5719; x_wconf 77' lang='lat' dir='ltr'><strong>Westgothen,</strong></span> <span class='ocrx_word' id='word_1_395' title='bbox 932 5663 983 5718; x_wconf 91' lang='lat' dir='ltr'><strong>p.</strong></span> <span class='ocrx_word' id='word_1_396' title='bbox 1011 5647 1116 5703; x_wconf 72' lang='lat'><strong>250</strong></span> <span class='ocrx_word' id='word_1_397' title='bbox 1145 5647 1310 5718; x_wconf 78' lang='lat' dir='ltr'><strong>seq.);</strong></span> <span class='ocrx_word' id='word_1_398' title='bbox 1334 5647 1590 5703; x_wconf 90' lang='lat' dir='ltr'><strong>confectis</strong></span> <span class='ocrx_word' id='word_1_399' title='bbox 1612 5647 1696 5704; x_wconf 87' lang='lat' dir='ltr'><strong>his</strong></span> <span class='ocrx_word' id='word_1_400' title='bbox 1722 5649 2124 5716; x_wconf 78' lang='lat' dir='ltr'><strong>mutationibus,</strong></span> 
     </span>
    </p>
   </div>
   <div class='ocr_carea' id='block_1_58' title="bbox 535 5741 2126 5813">
    <p class='ocr_par' dir='ltr' id='par_1_58' title="bbox 535 5741 2126 5813">
     <span class='ocr_line' id='line_1_58' title="bbox 535 5741 2126 5813; baseline 0 -17"><span class='ocrx_word' id='word_1_401' title='bbox 535 5749 814 5813; x_wconf 88' lang='lat' dir='ltr'><strong>poteratne</strong></span> <span class='ocrx_word' id='word_1_402' title='bbox 839 5741 1046 5811; x_wconf 86' lang='lat' dir='ltr'><strong>gothica</strong></span> <span class='ocrx_word' id='word_1_403' title='bbox 1073 5741 1392 5810; x_wconf 84' lang='lat' dir='ltr'><strong>scriptorum</strong></span> <span class='ocrx_word' id='word_1_404' title='bbox 1427 5741 1604 5811; x_wconf 84' lang='lat' dir='ltr'><strong>lingua</strong></span> <span class='ocrx_word' id='word_1_405' title='bbox 1625 5741 1944 5813; x_wconf 75' lang='lat' dir='ltr'><strong>superesse?</strong></span> <span class='ocrx_word' id='word_1_406' title='bbox 1964 5741 2126 5813; x_wconf 83' lang='lat' dir='ltr'><strong>Equi-</strong></span> 
     </span>
    </p>
   </div>
   <div class='ocr_carea' id='block_1_59' title="bbox 535 5832 2124 5909">
    <p class='ocr_par' dir='ltr' id='par_1_59' title="bbox 535 5832 2124 5909">
     <span class='ocr_line' id='line_1_59' title="bbox 535 5832 2124 5909; baseline 0.002 -18"><span class='ocrx_word' id='word_1_407' title='bbox 535 5833 660 5891; x_wconf 81' lang='lat' dir='ltr'><strong>dem</strong></span> <span class='ocrx_word' id='word_1_408' title='bbox 700 5832 873 5903; x_wconf 81' lang='lat' dir='ltr'><strong>lingua</strong></span> <span class='ocrx_word' id='word_1_409' title='bbox 911 5833 964 5889; x_wconf 86' lang='lat' dir='ltr'><strong>in</strong></span> <span class='ocrx_word' id='word_1_410' title='bbox 997 5833 1194 5892; x_wconf 82' lang='lat' dir='ltr'><strong>ultimis</strong></span> <span class='ocrx_word' id='word_1_411' title='bbox 1237 5833 1571 5908; x_wconf 74' lang='lat' dir='ltr'><strong>temporibus</strong></span> <span class='ocrx_word' id='word_1_412' title='bbox 1611 5835 2010 5898; x_wconf 79' lang='lat' dir='ltr'><strong>dominationis.</strong></span> <span class='ocrx_word' id='word_1_413' title='bbox 2029 5849 2124 5909; x_wconf 77' lang='lat' dir='ltr'><strong>go-</strong></span> 
     </span>
    </p>
   </div>
   <div class='ocr_carea' id='block_1_60' title="bbox 1573 367 3668 480">
    <p class='ocr_par' dir='ltr' id='par_1_60' title="bbox 1573 367 3668 480">
     <span class='ocr_line' id='line_1_60' title="bbox 1573 367 3668 480; baseline 0.008 -30"><span class='ocrx_word' id='word_1_414' title='bbox 1573 391 2028 450; x_wconf 80' lang='lat' dir='ltr'><strong>GRAMMATICA</strong></span> <span class='ocrx_word' id='word_1_415' title='bbox 2070 394 2393 453; x_wconf 57' lang='lat' dir='ltr'><strong>sormea:</strong></span> <span class='ocrx_word' id='word_1_416' title='bbox 2430 397 2727 458; x_wconf 63' lang='lat' dir='ltr'><strong>meum.</strong></span> <span class='ocrx_word' id='word_1_417' title='bbox 3172 367 3184 374; x_wconf 67' lang='grc'><em>’</em></span> <span class='ocrx_word' id='word_1_418' title='bbox 3603 423 3668 480; x_wconf 61' lang='grc' dir='ltr'><strong>ως</strong></span> 
     </span>
    </p>
   </div>
   <div class='ocr_carea' id='block_1_61' title="bbox 2228 517 3671 608">
    <p class='ocr_par' dir='ltr' id='par_1_61' title="bbox 2228 517 3671 608">
     <span class='ocr_line' id='line_1_61' title="bbox 2228 517 3671 608; baseline 0.017 -36"><span class='ocrx_word' id='word_1_419' title='bbox 2228 517 2381 574; x_wconf 67' lang='grc' dir='ltr'><strong>ῑὴὶοίε</strong></span> <span class='ocrx_word' id='word_1_420' title='bbox 2429 521 2680 590; x_wconf 86' lang='lat' dir='ltr'><strong>paulatim</strong></span> <span class='ocrx_word' id='word_1_421' title='bbox 2723 523 2792 578; x_wconf 90' lang='lat' dir='ltr'><strong>ab</strong></span> <span class='ocrx_word' id='word_1_422' title='bbox 2818 537 2914 580; x_wconf 89' lang='lat' dir='ltr'><strong>ore</strong></span> <span class='ocrx_word' id='word_1_423' title='bbox 2958 529 3138 598; x_wconf 89' lang='lat' dir='ltr'><strong>populi</strong></span> <span class='ocrx_word' id='word_1_424' title='bbox 3181 529 3406 588; x_wconf 76' lang='lat' dir='ltr'><strong>decidere</strong></span> <span class='ocrx_word' id='word_1_425' title='bbox 3445 539 3671 608; x_wconf 50' lang='lat' dir='ltr'><strong>vinctae</strong></span> 
     </span>
    </p>
   </div>
   <div class='ocr_carea' id='block_1_62' title="bbox 2227 611 3783 706">
    <p class='ocr_par' dir='ltr' id='par_1_62' title="bbox 2227 611 3783 706">
     <span class='ocr_line' id='line_1_62' title="bbox 2227 611 3783 706; baseline 0.01 -40"><span class='ocrx_word' id='word_1_426' title='bbox 2227 611 2465 706; x_wconf 78' lang='lat' dir='ltr'><strong>exceptis</strong></span> <span class='ocrx_word' id='word_1_427' title='bbox 2509 614 2842 682; x_wconf 84' lang='lat' dir='ltr'><strong>paucissimis</strong></span> <span class='ocrx_word' id='word_1_428' title='bbox 2880 621 3205 689; x_wconf 83' lang='lat' dir='ltr'><strong>germanicis</strong></span> <span class='ocrx_word' id='word_1_429' title='bbox 3244 629 3506 697; x_wconf 77' lang='lat' dir='ltr'><strong>vocabulis,</strong></span> <span class='ocrx_word' id='word_1_430' title='bbox 3535 643 3674 706; x_wconf 61' lang='lat' dir='ltr'><strong>quin</strong></span> 
     </span>
    </p>
   </div>
   <div class='ocr_carea' id='block_1_63' title="bbox 2229 701 3674 803">
    <p class='ocr_par' dir='ltr' id='par_1_63' title="bbox 2229 701 3674 803">
     <span class='ocr_line' id='line_1_63' title="bbox 2229 701 3674 803; baseline 0.021 -46"><span class='ocrx_word' id='word_1_431' title='bbox 2229 701 2501 803; x_wconf 72' lang='lat' dir='ltr'><strong>hispanica</strong></span> <span class='ocrx_word' id='word_1_432' title='bbox 2541 706 2754 763; x_wconf 88' lang='lat' dir='ltr'><strong>inducta</strong></span> <span class='ocrx_word' id='word_1_433' title='bbox 2805 720 2932 765; x_wconf 90' lang='lat' dir='ltr'><strong>sunt</strong></span> <span class='ocrx_word' id='word_1_434' title='bbox 2973 713 3123 778; x_wconf 89' lang='lat' dir='ltr'><strong>(coll.</strong></span> <span class='ocrx_word' id='word_1_435' title='bbox 3156 718 3300 788; x_wconf 88' lang='lat' dir='ltr'><strong>goth.</strong></span> <span class='ocrx_word' id='word_1_436' title='bbox 3341 722 3520 792; x_wconf 83' lang='lat' dir='ltr'><strong>glossar.</strong></span> <span class='ocrx_word' id='word_1_437' title='bbox 3547 701 3674 803; x_wconf 60' lang='lat' dir='ltr'><strong>erat),</strong></span> 
     </span>
    </p>
   </div>
   <div class='ocr_carea' id='block_1_64' title="bbox 2230 799 3680 895">
    <p class='ocr_par' dir='ltr' id='par_1_64' title="bbox 2230 799 3680 895">
     <span class='ocr_line' id='line_1_64' title="bbox 2230 799 3680 895; baseline 0.023 -47"><span class='ocrx_word' id='word_1_438' title='bbox 2230 799 2480 895; x_wconf 72' lang='lat' dir='ltr'><strong>nullaulla</strong></span> <span class='ocrx_word' id='word_1_439' title='bbox 2510 809 2713 895; x_wconf 85' lang='lat' dir='ltr'><strong>tantum</strong></span> <span class='ocrx_word' id='word_1_440' title='bbox 2744 817 2775 857; x_wconf 90' lang='lat' dir='ltr'><strong>e</strong></span> <span class='ocrx_word' id='word_1_441' title='bbox 2805 805 3069 861; x_wconf 84' lang='lat' dir='ltr'><strong>rusticam</strong></span> <span class='ocrx_word' id='word_1_442' title='bbox 3111 809 3367 881; x_wconf 72' lang='lat' dir='ltr'><strong>HiSpanim</strong></span> <span class='ocrx_word' id='word_1_443' title='bbox 3398 799 3680 895; x_wconf 69' lang='lat' dir='ltr'><strong>dialeet0,qua</strong></span> 
     </span>
    </p>
   </div>
   <div class='ocr_carea' id='block_1_65' title="bbox 2228 889 3682 988">
    <p class='ocr_par' dir='ltr' id='par_1_65' title="bbox 2228 889 3682 988">
     <span class='ocr_line' id='line_1_65' title="bbox 2228 889 3682 988; baseline 0.017 -44"><span class='ocrx_word' id='word_1_444' title='bbox 2228 889 2409 946; x_wconf 83' lang='lat' dir='ltr'><strong>forsan</strong></span> <span class='ocrx_word' id='word_1_445' title='bbox 2437 907 2544 948; x_wconf 91' lang='lat' dir='ltr'><strong>non</strong></span> <span class='ocrx_word' id='word_1_446' title='bbox 2573 893 2692 950; x_wconf 89' lang='lat' dir='ltr'><strong>sine</strong></span> <span class='ocrx_word' id='word_1_447' title='bbox 2717 896 2924 953; x_wconf 89' lang='lat' dir='ltr'><strong>ratione</strong></span> <span class='ocrx_word' id='word_1_448' title='bbox 2952 904 3242 970; x_wconf 71' lang='lat' dir='ltr'><strong>germania:</strong></span> <span class='ocrx_word' id='word_1_449' title='bbox 3263 907 3313 977; x_wconf 85' lang='lat' dir='ltr'><strong>(a</strong></span> <span class='ocrx_word' id='word_1_450' title='bbox 3342 918 3435 964; x_wconf 88' lang='lat' dir='ltr'><strong>vet.</strong></span> <span class='ocrx_word' id='word_1_451' title='bbox 3459 927 3585 981; x_wconf 82' lang='lat' dir='ltr'><strong>germ.</strong></span> 
     </span>
    </p>
   </div>
   <div class='ocr_carea' id='block_1_66' title="bbox 2229 987 3682 1070">
    <p class='ocr_par' dir='ltr' id='par_1_66' title="bbox 2229 987 3682 1070">
     <span class='ocr_line' id='line_1_66' title="bbox 2229 987 3682 1070; baseline 0.018 -33"><span class='ocrx_word' id='word_1_452' title='bbox 2229 997 2344 1049; x_wconf 88' lang='lat' dir='ltr'><strong>rus,</strong></span> <span class='ocrx_word' id='word_1_453' title='bbox 2374 1000 2554 1054; x_wconf 85' lang='lat' dir='ltr'><strong>gauer,</strong></span> <span class='ocrx_word' id='word_1_454' title='bbox 2580 987 2834 1058; x_wconf 86' lang='lat' dir='ltr'><strong>ruricola)</strong></span> <span class='ocrx_word' id='word_1_455' title='bbox 2873 1004 3224 1064; x_wconf 89' lang='lat' dir='ltr'><strong>nuncupatur,</strong></span> <span class='ocrx_word' id='word_1_456' title='bbox 3253 1012 3316 1052; x_wconf 90' lang='lat' dir='ltr'><strong>ex</strong></span> <span class='ocrx_word' id='word_1_457' title='bbox 3337 1006 3682 1070; x_wconf 75' lang='lat' dir='ltr'><strong>germauieisille-</strong></span> 
     </span>
    </p>
   </div>
   <div class='ocr_carea' id='block_1_67' title="bbox 2229 1079 3688 1169">
    <p class='ocr_par' dir='ltr' id='par_1_67' title="bbox 2229 1079 3688 1169">
     <span class='ocr_line' id='line_1_67' title="bbox 2229 1079 3688 1169; baseline 0.016 -39"><span class='ocrx_word' id='word_1_458' title='bbox 2229 1084 2484 1169; x_wconf 85' lang='lat' dir='ltr'><strong>strantur,</strong></span> <span class='ocrx_word' id='word_1_459' title='bbox 2502 1089 2557 1132; x_wconf 93' lang='lat' dir='ltr'><strong>ut</strong></span> <span class='ocrx_word' id='word_1_460' title='bbox 2586 1096 2598 1132; x_wconf 92' lang='lat'>:</span> <span class='ocrx_word' id='word_1_461' title='bbox 2626 1079 2791 1147; x_wconf 88' lang='lat' dir='ltr'><strong>ledro,</strong></span> <span class='ocrx_word' id='word_1_462' title='bbox 2824 1081 3058 1146; x_wconf 87' lang='lat' dir='ltr'><strong>sinister.</strong></span> <span class='ocrx_word' id='word_1_463' title='bbox 3089 1086 3238 1156; x_wconf 87' lang='lat' dir='ltr'><strong>goth.</strong></span> <span class='ocrx_word' id='word_1_464' title='bbox 3265 1089 3528 1161; x_wconf 67' lang='lat' dir='ltr'><strong>hleiduatea,</strong></span> <span class='ocrx_word' id='word_1_465' title='bbox 3546 1101 3688 1169; x_wconf 80' lang='lat' dir='ltr'><strong>astirpe</strong></span> 
     </span>
    </p>
   </div>
   <div class='ocr_carea' id='block_1_68' title="bbox 2231 1168 3688 1255">
    <p class='ocr_par' dir='ltr' id='par_1_68' title="bbox 2231 1168 3688 1255">
     <span class='ocr_line' id='line_1_68' title="bbox 2231 1168 3688 1255; baseline 0.018 -34"><span class='ocrx_word' id='word_1_466' title='bbox 2231 1168 2391 1236; x_wconf 82' lang='lat' dir='ltr'><strong>hleid,</strong></span> <span class='ocrx_word' id='word_1_467' title='bbox 2438 1171 2554 1236; x_wconf 85' lang='lat' dir='ltr'><strong>led;</strong></span> <span class='ocrx_word' id='word_1_468' title='bbox 2595 1174 2811 1241; x_wconf 82' lang='lat' dir='ltr'><strong>mundo,</strong></span> <span class='ocrx_word' id='word_1_469' title='bbox 2851 1173 3034 1243; x_wconf 80' lang='lat' dir='ltr'><strong>facies,</strong></span> <span class='ocrx_word' id='word_1_470' title='bbox 3073 1182 3223 1249; x_wconf 88' lang='lat' dir='ltr'><strong>goth.</strong></span> <span class='ocrx_word' id='word_1_471' title='bbox 3267 1184 3457 1255; x_wconf 58' lang='lat' dir='ltr'><strong>muniis,</strong></span> <span class='ocrx_word' id='word_1_472' title='bbox 3492 1203 3563 1252; x_wconf 85' lang='lat' dir='ltr'><strong>os;</strong></span> <span class='ocrx_word' id='word_1_473' title='bbox 3587 1168 3688 1247; x_wconf 70' lang='lat' dir='ltr'><strong>etiam</strong></span> 
     </span>
    </p>
   </div>
   <div class='ocr_carea' id='block_1_69' title="bbox 2231 1260 3691 1350">
    <p class='ocr_par' dir='ltr' id='par_1_69' title="bbox 2231 1260 3691 1350">
     <span class='ocr_line' id='line_1_69' title="bbox 2231 1260 3691 1350; baseline 0.017 -36"><span class='ocrx_word' id='word_1_474' title='bbox 2231 1260 2458 1318; x_wconf 79' lang='lat' dir='ltr'><strong>fortasse</strong></span> <span class='ocrx_word' id='word_1_475' title='bbox 2489 1266 2643 1336; x_wconf 85' lang='lat' dir='ltr'><strong>godo,</strong></span> <span class='ocrx_word' id='word_1_476' title='bbox 2692 1266 2902 1331; x_wconf 87' lang='lat' dir='ltr'><strong>dexter,</strong></span> <span class='ocrx_word' id='word_1_477' title='bbox 2932 1269 3083 1338; x_wconf 85' lang='lat' dir='ltr'><strong>goth.</strong></span> <span class='ocrx_word' id='word_1_478' title='bbox 3126 1273 3248 1343; x_wconf 82' lang='lat' dir='ltr'><strong>god,</strong></span> <span class='ocrx_word' id='word_1_479' title='bbox 3291 1276 3528 1350; x_wconf 88' lang='lat' dir='ltr'><strong>bonus(ut</strong></span> <span class='ocrx_word' id='word_1_480' title='bbox 3553 1283 3691 1339; x_wconf 71' lang='lat' dir='ltr'><strong>aliunde</strong></span> 
     </span>
    </p>
   </div>
   <div class='ocr_carea' id='block_1_70' title="bbox 2229 1357 3692 1442">
    <p class='ocr_par' dir='ltr' id='par_1_70' title="bbox 2229 1357 3692 1442">
     <span class='ocr_line' id='line_1_70' title="bbox 2229 1357 3692 1442; baseline 0.015 -34"><span class='ocrx_word' id='word_1_481' title='bbox 2229 1357 2512 1424; x_wconf 79' lang='lat' dir='ltr'><strong>expressio</strong></span> <span class='ocrx_word' id='word_1_482' title='bbox 2538 1357 2818 1414; x_wconf 87' lang='lat' dir='ltr'><strong>dexterum</strong></span> <span class='ocrx_word' id='word_1_483' title='bbox 2845 1359 2984 1415; x_wconf 89' lang='lat' dir='ltr'><strong>latus</strong></span> <span class='ocrx_word' id='word_1_484' title='bbox 3019 1363 3325 1435; x_wconf 85' lang='lat' dir='ltr'><strong>signiﬁcans</strong></span> <span class='ocrx_word' id='word_1_485' title='bbox 3353 1370 3489 1425; x_wconf 88' lang='lat' dir='ltr'><strong>etiam</strong></span> <span class='ocrx_word' id='word_1_486' title='bbox 3513 1389 3585 1442; x_wconf 90' lang='lat' dir='ltr'><strong>pro</strong></span> <span class='ocrx_word' id='word_1_487' title='bbox 3605 1375 3692 1430; x_wconf 81' lang='lat' dir='ltr'><strong>bono</strong></span> 
     </span>
    </p>
   </div>
   <div class='ocr_carea' id='block_1_71' title="bbox 2231 1451 3783 1534">
    <p class='ocr_par' dir='ltr' id='par_1_71' title="bbox 2231 1451 3783 1534">
     <span class='ocr_line' id='line_1_71' title="bbox 2231 1451 3783 1534; baseline 0.014 -32"><span class='ocrx_word' id='word_1_488' title='bbox 2231 1451 2428 1519; x_wconf 85' lang='lat' dir='ltr'><strong>valet);</strong></span> <span class='ocrx_word' id='word_1_489' title='bbox 2475 1453 2646 1519; x_wconf 79' lang='lat' dir='ltr'><strong>navie,</strong></span> <span class='ocrx_word' id='word_1_490' title='bbox 2694 1467 2912 1524; x_wconf 89' lang='lat' dir='ltr'><strong>corpus,</strong></span> <span class='ocrx_word' id='word_1_491' title='bbox 2959 1457 3212 1525; x_wconf 83' lang='lat' dir='ltr'><strong>cadaver,</strong></span> <span class='ocrx_word' id='word_1_492' title='bbox 3257 1464 3393 1532; x_wconf 88' lang='lat' dir='ltr'><strong>goth.</strong></span> <span class='ocrx_word' id='word_1_493' title='bbox 3436 1471 3695 1534; x_wconf 73' lang='lat' dir='ltr'><strong>eaus,mris;</strong></span> 
     </span>
    </p>
   </div>
   <div class='ocr_carea' id='block_1_72' title="bbox 2231 1535 3783 1627">
    <p class='ocr_par' dir='ltr' id='par_1_72' title="bbox 2231 1535 3783 1627">
     <span class='ocr_line' id='line_1_72' title="bbox 2231 1535 3783 1627; baseline 0.014 -31"><span class='ocrx_word' id='word_1_494' title='bbox 2231 1543 2428 1611; x_wconf 70' lang='lat' dir='ltr'><strong>uncias,</strong></span> <span class='ocrx_word' id='word_1_495' title='bbox 2474 1559 2682 1613; x_wconf 88' lang='lat' dir='ltr'><strong>manus,</strong></span> <span class='ocrx_word' id='word_1_496' title='bbox 2724 1547 2872 1618; x_wconf 89' lang='lat' dir='ltr'><strong>goth.</strong></span> <span class='ocrx_word' id='word_1_497' title='bbox 2917 1568 3069 1622; x_wconf 85' lang='lat' dir='ltr'><strong>agga,</strong></span> <span class='ocrx_word' id='word_1_498' title='bbox 3121 1555 3386 1623; x_wconf 86' lang='lat' dir='ltr'><strong>articulus,</strong></span> <span class='ocrx_word' id='word_1_499' title='bbox 3423 1573 3590 1627; x_wconf 86' lang='lat' dir='ltr'><strong>corpus,</strong></span> <span class='ocrx_word' id='word_1_500' title='bbox 3618 1564 3694 1619; x_wconf 84' lang='lat' dir='ltr'><strong>eolL</strong></span> <span class='ocrx_word' id='word_1_501' title='bbox 3782 1535 3783 1602; x_wconf 22' lang='grc' dir='ltr'>ἢ</span> 
     </span>
    </p>
   </div>
   <div class='ocr_carea' id='block_1_73' title="bbox 2231 1636 3699 1720">
    <p class='ocr_par' dir='ltr' id='par_1_73' title="bbox 2231 1636 3699 1720">
     <span class='ocr_line' id='line_1_73' title="bbox 2231 1636 3699 1720; baseline 0.014 -31"><span class='ocrx_word' id='word_1_502' title='bbox 2231 1636 2376 1707; x_wconf 85' lang='lat' dir='ltr'><strong>angl.</strong></span> <span class='ocrx_word' id='word_1_503' title='bbox 2408 1639 2574 1705; x_wconf 79' lang='lat' dir='ltr'><strong>uncle,</strong></span> <span class='ocrx_word' id='word_1_504' title='bbox 2610 1639 2769 1696; x_wconf 89' lang='lat' dir='ltr'><strong>infer.</strong></span> <span class='ocrx_word' id='word_1_505' title='bbox 2791 1658 2960 1712; x_wconf 90' lang='lat' dir='ltr'><strong>germ.</strong></span> <span class='ocrx_word' id='word_1_506' title='bbox 2991 1644 3158 1701; x_wconf 80' lang='lat' dir='ltr'><strong>enkel.</strong></span> <span class='ocrx_word' id='word_1_507' title='bbox 3191 1648 3367 1720; x_wconf 83' lang='lat' dir='ltr'><strong>Neque</strong></span> <span class='ocrx_word' id='word_1_508' title='bbox 3395 1652 3440 1706; x_wconf 91' lang='lat' dir='ltr'><strong>in</strong></span> <span class='ocrx_word' id='word_1_509' title='bbox 3472 1653 3538 1707; x_wconf 88' lang='lat' dir='ltr'><strong>his</strong></span> <span class='ocrx_word' id='word_1_510' title='bbox 3559 1655 3699 1711; x_wconf 55' lang='lat' dir='ltr'><strong>inveni.</strong></span> 
     </span>
    </p>
   </div>
   <div class='ocr_carea' id='block_1_74' title="bbox 2233 1730 3699 1811">
    <p class='ocr_par' dir='ltr' id='par_1_74' title="bbox 2233 1730 3699 1811">
     <span class='ocr_line' id='line_1_74' title="bbox 2233 1730 3699 1811; baseline 0.014 -28"><span class='ocrx_word' id='word_1_511' title='bbox 2233 1730 2535 1802; x_wconf 87' lang='lat' dir='ltr'><strong>gationibus</strong></span> <span class='ocrx_word' id='word_1_512' title='bbox 2564 1732 2775 1804; x_wconf 88' lang='lat' dir='ltr'><strong>longius</strong></span> <span class='ocrx_word' id='word_1_513' title='bbox 2808 1738 3054 1806; x_wconf 84' lang='lat' dir='ltr'><strong>progredi</strong></span> <span class='ocrx_word' id='word_1_514' title='bbox 3087 1740 3232 1808; x_wconf 90' lang='lat' dir='ltr'><strong>licet,</strong></span> <span class='ocrx_word' id='word_1_515' title='bbox 3255 1757 3370 1798; x_wconf 91' lang='lat' dir='ltr'><strong>cum</strong></span> <span class='ocrx_word' id='word_1_516' title='bbox 3398 1745 3488 1798; x_wconf 86' lang='lat' dir='ltr'><strong>alia</strong></span> <span class='ocrx_word' id='word_1_517' title='bbox 3511 1748 3699 1811; x_wconf 75' lang='lat' dir='ltr'><strong>nonnulla,</strong></span> 
     </span>
    </p>
   </div>
   <div class='ocr_carea' id='block_1_75' title="bbox 2233 1821 3700 1905">
    <p class='ocr_par' dir='ltr' id='par_1_75' title="bbox 2233 1821 3700 1905">
     <span class='ocr_line' id='line_1_75' title="bbox 2233 1821 3700 1905; baseline 0.013 -31"><span class='ocrx_word' id='word_1_518' title='bbox 2233 1821 2414 1889; x_wconf 85' lang='lat' dir='ltr'><strong>specie</strong></span> <span class='ocrx_word' id='word_1_519' title='bbox 2441 1823 2767 1892; x_wconf 83' lang='lat' dir='ltr'><strong>germanica,</strong></span> <span class='ocrx_word' id='word_1_520' title='bbox 2797 1841 3034 1883; x_wconf 65' lang='lat' dir='ltr'><strong>remanat</strong></span> <span class='ocrx_word' id='word_1_521' title='bbox 3075 1839 3252 1887; x_wconf 88' lang='lat' dir='ltr'><strong>tamen</strong></span> <span class='ocrx_word' id='word_1_522' title='bbox 3285 1845 3400 1888; x_wconf 90' lang='lat' dir='ltr'><strong>sunt</strong></span> <span class='ocrx_word' id='word_1_523' title='bbox 3432 1837 3621 1905; x_wconf 80' lang='lat' dir='ltr'><strong>originis,</strong></span> <span class='ocrx_word' id='word_1_524' title='bbox 3641 1849 3700 1892; x_wconf 87' lang='lat' dir='ltr'><strong>ut:</strong></span> 
     </span>
    </p>
   </div>
   <div class='ocr_carea' id='block_1_76' title="bbox 2233 1918 3702 1998">
    <p class='ocr_par' dir='ltr' id='par_1_76' title="bbox 2233 1918 3702 1998">
     <span class='ocr_line' id='line_1_76' title="bbox 2233 1918 3702 1998; baseline 0.012 -31"><span class='ocrx_word' id='word_1_525' title='bbox 2233 1930 2370 1986; x_wconf 75' lang='lat' dir='ltr'><strong>asas,</strong></span> <span class='ocrx_word' id='word_1_526' title='bbox 2398 1929 2576 1983; x_wconf 88' lang='lat' dir='ltr'><strong>aures,</strong></span> <span class='ocrx_word' id='word_1_527' title='bbox 2604 1918 2853 1987; x_wconf 88' lang='lat' dir='ltr'><strong>equidem</strong></span> <span class='ocrx_word' id='word_1_528' title='bbox 2883 1921 3036 1990; x_wconf 87' lang='lat' dir='ltr'><strong>goth.</strong></span> <span class='ocrx_word' id='word_1_529' title='bbox 3057 1940 3205 1988; x_wconf 82' lang='lat' dir='ltr'><strong>ausa,</strong></span> <span class='ocrx_word' id='word_1_530' title='bbox 3229 1927 3323 1982; x_wconf 90' lang='lat' dir='ltr'><strong>sed</strong></span> <span class='ocrx_word' id='word_1_531' title='bbox 3347 1929 3528 1998; x_wconf 86' lang='lat' dir='ltr'><strong>hispan.</strong></span> <span class='ocrx_word' id='word_1_532' title='bbox 3549 1947 3702 1993; x_wconf 67' lang='lat' dir='ltr'><strong>annm</strong></span> 
     </span>
    </p>
   </div>
   <div class='ocr_carea' id='block_1_77' title="bbox 2233 2007 3704 2095">
    <p class='ocr_par' dir='ltr' id='par_1_77' title="bbox 2233 2007 3704 2095">
     <span class='ocr_line' id='line_1_77' title="bbox 2233 2007 3704 2095; baseline 0.01 -34"><span class='ocrx_word' id='word_1_533' title='bbox 2233 2007 2340 2073; x_wconf 90' lang='lat' dir='ltr'><strong>ris;</strong></span> <span class='ocrx_word' id='word_1_534' title='bbox 2382 2017 2561 2077; x_wconf 69' lang='lat' dir='ltr'><strong>&quot;teter,</strong></span> <span class='ocrx_word' id='word_1_535' title='bbox 2604 2010 2910 2079; x_wconf 89' lang='lat' dir='ltr'><strong>comedere,</strong></span> <span class='ocrx_word' id='word_1_536' title='bbox 2962 2014 3212 2084; x_wconf 85' lang='lat' dir='ltr'><strong>equidem</strong></span> <span class='ocrx_word' id='word_1_537' title='bbox 3256 2017 3397 2089; x_wconf 90' lang='lat' dir='ltr'><strong>goth.</strong></span> <span class='ocrx_word' id='word_1_538' title='bbox 3444 2024 3616 2095; x_wconf 74' lang='lat' dir='ltr'><strong>inatjaa,</strong></span> <span class='ocrx_word' id='word_1_539' title='bbox 3649 2022 3704 2076; x_wconf 75' lang='lat' dir='ltr'><strong>sed</strong></span> 
     </span>
    </p>
   </div>
   <div class='ocr_carea' id='block_1_78' title="bbox 2234 2098 3783 2184">
    <p class='ocr_par' dir='ltr' id='par_1_78' title="bbox 2234 2098 3783 2184">
     <span class='ocr_line' id='line_1_78' title="bbox 2234 2098 3783 2184; baseline 0.014 -32"><span class='ocrx_word' id='word_1_540' title='bbox 2234 2098 2444 2169; x_wconf 69' lang='lat' dir='ltr'><strong>hispan.</strong></span> <span class='ocrx_word' id='word_1_541' title='bbox 2487 2110 2664 2169; x_wconf 73' lang='lat' dir='ltr'><strong>metet,</strong></span> <span class='ocrx_word' id='word_1_542' title='bbox 2709 2105 3086 2175; x_wconf 88' lang='lat' dir='ltr'><strong>introducere;</strong></span> <span class='ocrx_word' id='word_1_543' title='bbox 3119 2110 3292 2181; x_wconf 79' lang='lat' dir='ltr'><strong>bufar,</strong></span> <span class='ocrx_word' id='word_1_544' title='bbox 3319 2113 3542 2179; x_wconf 87' lang='lat' dir='ltr'><strong>clamare,</strong></span> <span class='ocrx_word' id='word_1_545' title='bbox 3566 2131 3704 2184; x_wconf 74' lang='lat' dir='ltr'><strong>vocan,</strong></span> <span class='ocrx_word' id='word_1_546' title='bbox 3782 2098 3783 2174; x_wconf 47' lang='grc' dir='ltr'><strong>ἶ</strong></span> 
     </span>
    </p>
   </div>
   <div class='ocr_carea' id='block_1_79' title="bbox 2233 2193 3783 2284">
    <p class='ocr_par' dir='ltr' id='par_1_79' title="bbox 2233 2193 3783 2284">
     <span class='ocr_line' id='line_1_79' title="bbox 2233 2193 3783 2284; baseline 0.012 -36"><span class='ocrx_word' id='word_1_547' title='bbox 2233 2193 2481 2264; x_wconf 87' lang='lat' dir='ltr'><strong>equidem</strong></span> <span class='ocrx_word' id='word_1_548' title='bbox 2517 2198 2670 2268; x_wconf 88' lang='lat' dir='ltr'><strong>goth.</strong></span> <span class='ocrx_word' id='word_1_549' title='bbox 2714 2205 2930 2274; x_wconf 80' lang='lat' dir='ltr'><strong>tijan,</strong></span> <span class='ocrx_word' id='word_1_550' title='bbox 2965 2205 3058 2258; x_wconf 83' lang='lat' dir='ltr'><strong>sed</strong></span> <span class='ocrx_word' id='word_1_551' title='bbox 3106 2206 3314 2276; x_wconf 88' lang='lat' dir='ltr'><strong>hispan.</strong></span> <span class='ocrx_word' id='word_1_552' title='bbox 3364 2209 3513 2279; x_wconf 69' lang='grc' dir='ltr'><strong>ὀνίαν,</strong></span> <span class='ocrx_word' id='word_1_553' title='bbox 3553 2212 3706 2279; x_wconf 74' lang='lat' dir='ltr'><strong>iutigin;</strong></span> <span class='ocrx_word' id='word_1_554' title='bbox 3782 2235 3783 2284; x_wconf 43' lang='grc' dir='ltr'>ξ</span> 
     </span>
    </p>
   </div>
   <div class='ocr_carea' id='block_1_80' title="bbox 2234 2291 3783 2374">
    <p class='ocr_par' dir='ltr' id='par_1_80' title="bbox 2234 2291 3783 2374">
     <span class='ocr_line' id='line_1_80' title="bbox 2234 2291 3783 2374; baseline 0.006 -28"><span class='ocrx_word' id='word_1_555' title='bbox 2234 2291 2406 2360; x_wconf 89' lang='lat' dir='ltr'><strong>ipsum</strong></span> <span class='ocrx_word' id='word_1_556' title='bbox 2438 2294 2592 2349; x_wconf 72' lang='lat' dir='ltr'><strong>nario</strong></span> <span class='ocrx_word' id='word_1_557' title='bbox 2636 2295 2848 2366; x_wconf 85' lang='lat' dir='ltr'><strong>hispan.</strong></span> <span class='ocrx_word' id='word_1_558' title='bbox 2892 2300 3044 2354; x_wconf 74' lang='lat' dir='ltr'><strong>navie</strong></span> <span class='ocrx_word' id='word_1_559' title='bbox 3081 2301 3284 2371; x_wconf 85' lang='lat' dir='ltr'><strong>(navis)</strong></span> <span class='ocrx_word' id='word_1_560' title='bbox 3308 2318 3422 2359; x_wconf 90' lang='lat' dir='ltr'><strong>esse</strong></span> <span class='ocrx_word' id='word_1_561' title='bbox 3453 2305 3707 2374; x_wconf 80' lang='lat' dir='ltr'><strong>posset,eoll.</strong></span> 
     </span>
    </p>
   </div>
   <div class='ocr_carea' id='block_1_81' title="bbox 2242 2383 3783 2452">
    <p class='ocr_par' dir='ltr' id='par_1_81' title="bbox 2242 2383 3783 2452">
     <span class='ocr_line' id='line_1_81' title="bbox 2242 2383 3783 2452; baseline 0.009 -14"><span class='ocrx_word' id='word_1_562' title='bbox 2242 2383 2584 2441; x_wconf 77' lang='lat' dir='ltr'><strong>Vocabulario</strong></span> <span class='ocrx_word' id='word_1_563' title='bbox 2613 2388 2677 2441; x_wconf 81' lang='lat' dir='ltr'><strong>dc</strong></span> <span class='ocrx_word' id='word_1_564' title='bbox 2704 2387 2983 2444; x_wconf 82' lang='lat' dir='ltr'><strong>Germania</strong></span> <span class='ocrx_word' id='word_1_565' title='bbox 3009 2407 3076 2445; x_wconf 84' lang='lat' dir='ltr'><strong>an</strong></span> <span class='ocrx_word' id='word_1_566' title='bbox 3098 2395 3195 2448; x_wconf 84' lang='lat' dir='ltr'><strong>den</strong></span> <span class='ocrx_word' id='word_1_567' title='bbox 3222 2395 3491 2452; x_wconf 70' lang='lat' dir='ltr'><strong>[ieiunum</strong></span> <span class='ocrx_word' id='word_1_568' title='bbox 3507 2399 3561 2451; x_wconf 84' lang='lat' dir='ltr'><strong>de</strong></span> <span class='ocrx_word' id='word_1_569' title='bbox 3577 2397 3709 2452; x_wconf 65' lang='lat' dir='ltr'><strong>(im</strong></span> <span class='ocrx_word' id='word_1_570' title='bbox 3782 2417 3783 2452; x_wconf 45' lang='grc' dir='ltr'>ξ</span> 
     </span>
    </p>
   </div>
   <div class='ocr_carea' id='block_1_82' title="bbox 2234 2476 3783 2562">
    <p class='ocr_par' dir='ltr' id='par_1_82' title="bbox 2234 2476 3783 2562">
     <span class='ocr_line' id='line_1_82' title="bbox 2234 2476 3783 2562; baseline 0.008 -34"><span class='ocrx_word' id='word_1_571' title='bbox 2234 2476 2344 2544; x_wconf 81' lang='lat' dir='ltr'><strong>nia,</strong></span> <span class='ocrx_word' id='word_1_572' title='bbox 2393 2476 2596 2533; x_wconf 88' lang='lat' dir='ltr'><strong>editum</strong></span> <span class='ocrx_word' id='word_1_573' title='bbox 2627 2494 2658 2533; x_wconf 89' lang='lat' dir='ltr'><strong>a</strong></span> <span class='ocrx_word' id='word_1_574' title='bbox 2684 2478 2840 2535; x_wconf 83' lang='lat' dir='ltr'><strong>Jean.</strong></span> <span class='ocrx_word' id='word_1_575' title='bbox 2881 2479 3136 2553; x_wconf 87' lang='lat' dir='ltr'><strong>llidalgo,</strong></span> <span class='ocrx_word' id='word_1_576' title='bbox 3169 2484 3372 2540; x_wconf 76' lang='lat' dir='ltr'><strong>Madrid</strong></span> <span class='ocrx_word' id='word_1_577' title='bbox 3406 2487 3542 2542; x_wconf 78' lang='grc'>1779.</span> <span class='ocrx_word' id='word_1_578' title='bbox 3573 2488 3629 2541; x_wconf 81' lang='lat' dir='ltr'><strong>Ex</strong></span> <span class='ocrx_word' id='word_1_579' title='bbox 3655 2501 3709 2555; x_wconf 67' lang='lat' dir='ltr'><strong>ge</strong></span> 
     </span>
    </p>
   </div>
   <div class='ocr_carea' id='block_1_83' title="bbox 2239 2567 3713 2645">
    <p class='ocr_par' dir='ltr' id='par_1_83' title="bbox 2239 2567 3713 2645">
     <span class='ocr_line' id='line_1_83' title="bbox 2239 2567 3713 2645; baseline 0.005 -23"><span class='ocrx_word' id='word_1_580' title='bbox 2239 2567 2397 2623; x_wconf 87' lang='lat' dir='ltr'><strong>thieis</strong></span> <span class='ocrx_word' id='word_1_581' title='bbox 2437 2569 2673 2639; x_wconf 87' lang='lat' dir='ltr'><strong>scriptis,</strong></span> <span class='ocrx_word' id='word_1_582' title='bbox 2719 2585 2840 2642; x_wconf 66' lang='lat' dir='ltr'><strong>qua:</strong></span> <span class='ocrx_word' id='word_1_583' title='bbox 2883 2573 2949 2627; x_wconf 88' lang='lat' dir='ltr'><strong>ad</strong></span> <span class='ocrx_word' id='word_1_584' title='bbox 2998 2589 3095 2628; x_wconf 90' lang='lat' dir='ltr'><strong>nos</strong></span> <span class='ocrx_word' id='word_1_585' title='bbox 3146 2587 3512 2645; x_wconf 89' lang='lat' dir='ltr'><strong>pervenerunt,</strong></span> <span class='ocrx_word' id='word_1_586' title='bbox 3539 2578 3713 2634; x_wconf 78' lang='lat' dir='ltr'><strong>altumin</strong></span> 
     </span>
    </p>
   </div>
   <div class='ocr_carea' id='block_1_84' title="bbox 2237 2659 3783 2740">
    <p class='ocr_par' dir='ltr' id='par_1_84' title="bbox 2237 2659 3783 2740">
     <span class='ocr_line' id='line_1_84' title="bbox 2237 2659 3783 2740; baseline 0.006 -27"><span class='ocrx_word' id='word_1_587' title='bbox 2237 2659 2488 2730; x_wconf 78' lang='lat' dir='ltr'><strong>Hispania</strong></span> <span class='ocrx_word' id='word_1_588' title='bbox 2518 2663 2820 2719; x_wconf 88' lang='lat' dir='ltr'><strong>confectum</strong></span> <span class='ocrx_word' id='word_1_589' title='bbox 2871 2664 3038 2721; x_wconf 87' lang='lat' dir='ltr'><strong>fuisse</strong></span> <span class='ocrx_word' id='word_1_590' title='bbox 3081 2682 3204 2723; x_wconf 91' lang='lat' dir='ltr'><strong>cum</strong></span> <span class='ocrx_word' id='word_1_591' title='bbox 3247 2670 3464 2740; x_wconf 85' lang='lat' dir='ltr'><strong>quadam</strong></span> <span class='ocrx_word' id='word_1_592' title='bbox 3491 2671 3712 2726; x_wconf 78' lang='lat' dir='ltr'><strong>certitudine</strong></span> <span class='ocrx_word' id='word_1_593' title='bbox 3782 2669 3783 2740; x_wconf 43' lang='grc' dir='ltr'>ἢ</span> 
     </span>
    </p>
   </div>
   <div class='ocr_carea' id='block_1_85' title="bbox 2234 2759 3713 2828">
    <p class='ocr_par' dir='ltr' id='par_1_85' title="bbox 2234 2759 3713 2828">
     <span class='ocr_line' id='line_1_85' title="bbox 2234 2759 3713 2828; baseline 0.007 -23"><span class='ocrx_word' id='word_1_594' title='bbox 2234 2760 2471 2809; x_wconf 89' lang='lat' dir='ltr'><strong>statuere</strong></span> <span class='ocrx_word' id='word_1_595' title='bbox 2497 2770 2604 2809; x_wconf 91' lang='lat' dir='ltr'><strong>non</strong></span> <span class='ocrx_word' id='word_1_596' title='bbox 2631 2771 2949 2826; x_wconf 88' lang='lat' dir='ltr'><strong>possumus;</strong></span> <span class='ocrx_word' id='word_1_597' title='bbox 2974 2759 3060 2828; x_wconf 85' lang='lat' dir='ltr'><strong>qui</strong></span> <span class='ocrx_word' id='word_1_598' title='bbox 3087 2762 3236 2816; x_wconf 89' lang='lat' dir='ltr'><strong>enim</strong></span> <span class='ocrx_word' id='word_1_599' title='bbox 3260 2763 3488 2818; x_wconf 86' lang='lat' dir='ltr'><strong>codicem</strong></span> <span class='ocrx_word' id='word_1_600' title='bbox 3507 2762 3713 2818; x_wconf 78' lang='lat' dir='ltr'><strong>caroliauu</strong></span> 
     </span>
    </p>
   </div>
   <div class='ocr_carea' id='block_1_86' title="bbox 2235 2845 3714 2927">
    <p class='ocr_par' dir='ltr' id='par_1_86' title="bbox 2235 2845 3714 2927">
     <span class='ocr_line' id='line_1_86' title="bbox 2235 2845 3714 2927; baseline 0.006 -27"><span class='ocrx_word' id='word_1_601' title='bbox 2235 2854 2289 2900; x_wconf 87' lang='lat' dir='ltr'><strong>et</strong></span> <span class='ocrx_word' id='word_1_602' title='bbox 2311 2845 2607 2917; x_wconf 84' lang='lat' dir='ltr'><strong>fragmenta</strong></span> <span class='ocrx_word' id='word_1_603' title='bbox 2633 2848 2840 2905; x_wconf 85' lang='lat' dir='ltr'><strong>Veteris</strong></span> <span class='ocrx_word' id='word_1_604' title='bbox 2862 2850 3194 2911; x_wconf 86' lang='lat' dir='ltr'><strong>Testamenti</strong></span> <span class='ocrx_word' id='word_1_605' title='bbox 3227 2856 3315 2912; x_wconf 88' lang='lat' dir='ltr'><strong>hic</strong></span> <span class='ocrx_word' id='word_1_606' title='bbox 3337 2858 3592 2927; x_wconf 86' lang='lat' dir='ltr'><strong>composita</strong></span> <span class='ocrx_word' id='word_1_607' title='bbox 3612 2855 3714 2909; x_wconf 70' lang='lat' dir='ltr'><strong>fuisse</strong></span> 
     </span>
    </p>
   </div>
   <div class='ocr_carea' id='block_1_87' title="bbox 2235 2942 3783 3021">
    <p class='ocr_par' dir='ltr' id='par_1_87' title="bbox 2235 2942 3783 3021">
     <span class='ocr_line' id='line_1_87' title="bbox 2235 2942 3783 3021; baseline 0.004 -27"><span class='ocrx_word' id='word_1_608' title='bbox 2235 2950 2523 3010; x_wconf 86' lang='lat' dir='ltr'><strong>assereret,</strong></span> <span class='ocrx_word' id='word_1_609' title='bbox 2566 2956 2632 2998; x_wconf 92' lang='lat' dir='ltr'><strong>eo</strong></span> <span class='ocrx_word' id='word_1_610' title='bbox 2667 2942 3014 3002; x_wconf 89' lang='lat' dir='ltr'><strong>fundamento</strong></span> <span class='ocrx_word' id='word_1_611' title='bbox 3049 2949 3229 3018; x_wconf 87' lang='lat' dir='ltr'><strong>nixus,</strong></span> <span class='ocrx_word' id='word_1_612' title='bbox 3260 2950 3399 3020; x_wconf 82' lang='lat' dir='ltr'><strong>quod</strong></span> <span class='ocrx_word' id='word_1_613' title='bbox 3435 2951 3560 3021; x_wconf 89' lang='lat' dir='ltr'><strong>prior</strong></span> <span class='ocrx_word' id='word_1_614' title='bbox 3580 2948 3715 3019; x_wconf 64' lang='lat' dir='ltr'><strong>engin-</strong></span> <span class='ocrx_word' id='word_1_615' title='bbox 3782 2951 3783 2960; x_wconf 85' lang='lat'>‘</span> 
     </span>
    </p>
   </div>
   <div class='ocr_carea' id='block_1_88' title="bbox 2242 3025 3783 3114">
    <p class='ocr_par' dir='ltr' id='par_1_88' title="bbox 2242 3025 3783 3114">
     <span class='ocr_line' id='line_1_88' title="bbox 2242 3025 3783 3114; baseline 0.005 -30"><span class='ocrx_word' id='word_1_616' title='bbox 2242 3031 2335 3085; x_wconf 79' lang='lat' dir='ltr'><strong>bus</strong></span> <span class='ocrx_word' id='word_1_617' title='bbox 2365 3030 2554 3088; x_wconf 88' lang='lat' dir='ltr'><strong>Isidori</strong></span> <span class='ocrx_word' id='word_1_618' title='bbox 2578 3033 2898 3105; x_wconf 88' lang='lat' dir='ltr'><strong>hispalensis</strong></span> <span class='ocrx_word' id='word_1_619' title='bbox 2918 3041 3320 3111; x_wconf 88' lang='lat' dir='ltr'><strong>superscriptus</strong></span> <span class='ocrx_word' id='word_1_620' title='bbox 3338 3043 3423 3109; x_wconf 89' lang='lat' dir='ltr'><strong>sit,</strong></span> <span class='ocrx_word' id='word_1_621' title='bbox 3444 3051 3490 3096; x_wconf 90' lang='lat' dir='ltr'><strong>et</strong></span> <span class='ocrx_word' id='word_1_622' title='bbox 3513 3040 3716 3110; x_wconf 76' lang='lat' dir='ltr'><strong>posteriora</strong></span> 
     </span>
    </p>
   </div>
   <div class='ocr_carea' id='block_1_89' title="bbox 2240 3123 3783 3202">
    <p class='ocr_par' dir='ltr' id='par_1_89' title="bbox 2240 3123 3783 3202">
     <span class='ocr_line' id='line_1_89' title="bbox 2240 3123 3783 3202; baseline 0.005 -24"><span class='ocrx_word' id='word_1_623' title='bbox 2240 3125 2407 3178; x_wconf 82' lang='lat' dir='ltr'><strong>textui</strong></span> <span class='ocrx_word' id='word_1_624' title='bbox 2438 3127 2820 3198; x_wconf 84' lang='lat' dir='ltr'><strong>complutensis</strong></span> <span class='ocrx_word' id='word_1_625' title='bbox 2851 3129 3036 3186; x_wconf 67' lang='lat' dir='ltr'><strong>Bibliar</strong></span> <span class='ocrx_word' id='word_1_626' title='bbox 3064 3135 3405 3202; x_wconf 78' lang='lat' dir='ltr'><strong>conveniant,</strong></span> <span class='ocrx_word' id='word_1_627' title='bbox 3435 3131 3718 3189; x_wconf 74' lang='lat' dir='ltr'><strong>intolerabilem</strong></span> 
     </span>
    </p>
   </div>
   <div class='ocr_carea' id='block_1_90' title="bbox 2238 3221 3783 3292">
    <p class='ocr_par' dir='ltr' id='par_1_90' title="bbox 2238 3221 3783 3292">
     <span class='ocr_line' id='line_1_90' title="bbox 2238 3221 3783 3292; baseline 0.007 -22"><span class='ocrx_word' id='word_1_628' title='bbox 2238 3224 2482 3271; x_wconf 86' lang='lat' dir='ltr'><strong>tueretur</strong></span> <span class='ocrx_word' id='word_1_629' title='bbox 2527 3221 2873 3276; x_wconf 88' lang='lat' dir='ltr'><strong>sententiam.</strong></span> <span class='ocrx_word' id='word_1_630' title='bbox 2931 3222 3112 3292; x_wconf 84' lang='lat' dir='ltr'><strong>Neque</strong></span> <span class='ocrx_word' id='word_1_631' title='bbox 3161 3234 3341 3281; x_wconf 89' lang='lat' dir='ltr'><strong>tamen</strong></span> <span class='ocrx_word' id='word_1_632' title='bbox 3395 3226 3640 3282; x_wconf 83' lang='lat' dir='ltr'><strong>audiendus</strong></span> <span class='ocrx_word' id='word_1_633' title='bbox 3669 3229 3718 3277; x_wconf 73' lang='lat' dir='ltr'><strong>est</strong></span> <span class='ocrx_word' id='word_1_634' title='bbox 3782 3221 3783 3292; x_wconf 51' lang='grc' dir='ltr'>ᾗ</span> 
     </span>
    </p>
   </div>
   <div class='ocr_carea' id='block_1_91' title="bbox 2236 3310 3783 3392">
    <p class='ocr_par' dir='ltr' id='par_1_91' title="bbox 2236 3310 3783 3392">
     <span class='ocr_line' id='line_1_91' title="bbox 2236 3310 3783 3392; baseline 0.001 -26"><span class='ocrx_word' id='word_1_635' title='bbox 2236 3310 2471 3368; x_wconf 85' lang='lat' dir='ltr'><strong>Lembke</strong></span> <span class='ocrx_word' id='word_1_636' title='bbox 2512 3315 2720 3383; x_wconf 79' lang='lat' dir='ltr'><strong>(Gesch.</strong></span> <span class='ocrx_word' id='word_1_637' title='bbox 2769 3316 3030 3384; x_wconf 81' lang='lat' dir='ltr'><strong>Spanicns</strong></span> <span class='ocrx_word' id='word_1_638' title='bbox 3083 3319 3132 3386; x_wconf 89' lang='grc' dir='ltr'><strong>Ι,</strong></span> <span class='ocrx_word' id='word_1_639' title='bbox 3184 3320 3322 3392; x_wconf 75' lang='grc'><strong>245)</strong></span> <span class='ocrx_word' id='word_1_640' title='bbox 3361 3317 3718 3376; x_wconf 82' lang='lat' dir='ltr'><strong>dicensznulluu</strong></span> <span class='ocrx_word' id='word_1_641' title='bbox 3782 3310 3783 3340; x_wconf 74' lang='grc'>³</span> 
     </span>
    </p>
   </div>
   <div class='ocr_carea' id='block_1_92' title="bbox 2235 3409 3783 3486">
    <p class='ocr_par' dir='ltr' id='par_1_92' title="bbox 2235 3409 3783 3486">
     <span class='ocr_line' id='line_1_92' title="bbox 2235 3409 3783 3486; baseline 0.01 -28"><span class='ocrx_word' id='word_1_642' title='bbox 2235 3419 2518 3473; x_wconf 84' lang='lat' dir='ltr'><strong>superesse</strong></span> <span class='ocrx_word' id='word_1_643' title='bbox 2534 3409 2835 3478; x_wconf 79' lang='lat' dir='ltr'><strong>vestigium.</strong></span> <span class='ocrx_word' id='word_1_644' title='bbox 2855 3425 2922 3465; x_wconf 86' lang='lat' dir='ltr'><strong>ex</strong></span> <span class='ocrx_word' id='word_1_645' title='bbox 2939 3427 3045 3481; x_wconf 91' lang='lat' dir='ltr'><strong>quo</strong></span> <span class='ocrx_word' id='word_1_646' title='bbox 3066 3412 3262 3469; x_wconf 88' lang='lat' dir='ltr'><strong>deduci</strong></span> <span class='ocrx_word' id='word_1_647' title='bbox 3288 3417 3464 3485; x_wconf 87' lang='lat' dir='ltr'><strong>possit,</strong></span> <span class='ocrx_word' id='word_1_648' title='bbox 3489 3419 3533 3470; x_wconf 85' lang='lat' dir='ltr'><strong>in‘</strong></span> <span class='ocrx_word' id='word_1_649' title='bbox 3551 3412 3718 3483; x_wconf 63' lang='lat' dir='ltr'><strong>Hispani!</strong></span> <span class='ocrx_word' id='word_1_650' title='bbox 3782 3479 3783 3486; x_wconf 29' lang='grc' dir='ltr'><strong>η</strong></span> 
     </span>
    </p>
   </div>
   <div class='ocr_carea' id='block_1_93' title="bbox 2235 3497 3720 3576">
    <p class='ocr_par' dir='ltr' id='par_1_93' title="bbox 2235 3497 3720 3576">
     <span class='ocr_line' id='line_1_93' title="bbox 2235 3497 3720 3576; baseline 0.006 -23"><span class='ocrx_word' id='word_1_651' title='bbox 2235 3497 2447 3568; x_wconf 87' lang='lat' dir='ltr'><strong>gothice</strong></span> <span class='ocrx_word' id='word_1_652' title='bbox 2475 3500 2734 3570; x_wconf 88' lang='lat' dir='ltr'><strong>scriptum</strong></span> <span class='ocrx_word' id='word_1_653' title='bbox 2755 3503 2950 3573; x_wconf 90' lang='lat' dir='ltr'><strong>fuisse;</strong></span> <span class='ocrx_word' id='word_1_654' title='bbox 2973 3522 3080 3576; x_wconf 89' lang='lat' dir='ltr'><strong>qua</strong></span> <span class='ocrx_word' id='word_1_655' title='bbox 3100 3508 3168 3564; x_wconf 84' lang='lat' dir='ltr'><strong>de</strong></span> <span class='ocrx_word' id='word_1_656' title='bbox 3190 3526 3252 3565; x_wconf 88' lang='lat' dir='ltr'><strong>re</strong></span> <span class='ocrx_word' id='word_1_657' title='bbox 3273 3511 3400 3567; x_wconf 85' lang='lat' dir='ltr'><strong>coll.</strong></span> <span class='ocrx_word' id='word_1_658' title='bbox 3427 3515 3720 3567; x_wconf 77' lang='lat' dir='ltr'><strong>Massmannnll</strong></span> 
     </span>
    </p>
   </div>
   <div class='ocr_carea' id='block_1_94' title="bbox 2236 3594 3783 3676">
    <p class='ocr_par' dir='ltr' id='par_1_94' title="bbox 2236 3594 3783 3676">
     <span class='ocr_line' id='line_1_94' title="bbox 2236 3594 3783 3676; baseline 0 -27"><span class='ocrx_word' id='word_1_659' title='bbox 2236 3595 2289 3650; x_wconf 90' lang='lat' dir='ltr'><strong>in</strong></span> <span class='ocrx_word' id='word_1_660' title='bbox 2322 3594 2530 3667; x_wconf 86' lang='lat' dir='ltr'><strong>Hauptii</strong></span> <span class='ocrx_word' id='word_1_661' title='bbox 2561 3597 2856 3671; x_wconf 79' lang='lat' dir='ltr'><strong>Zeitschrift</strong></span> <span class='ocrx_word' id='word_1_662' title='bbox 2886 3599 2927 3667; x_wconf 86' lang='grc' dir='ltr'><strong>Ι,</strong></span> <span class='ocrx_word' id='word_1_663' title='bbox 2959 3602 3086 3657; x_wconf 83' lang='grc'>578.</span> <span class='ocrx_word' id='word_1_664' title='bbox 3115 3602 3386 3658; x_wconf 63' lang='lat' dir='ltr'><strong>Caeterum</strong></span> <span class='ocrx_word' id='word_1_665' title='bbox 3415 3605 3456 3659; x_wconf 88' lang='lat' dir='ltr'><strong>si</strong></span> <span class='ocrx_word' id='word_1_666' title='bbox 3482 3603 3632 3676; x_wconf 78' lang='lat' dir='ltr'><strong>gothia&#39;</strong></span> <span class='ocrx_word' id='word_1_667' title='bbox 3650 3597 3719 3650; x_wconf 68' lang='lat' dir='ltr'><strong>libri</strong></span> <span class='ocrx_word' id='word_1_668' title='bbox 3782 3623 3783 3676; x_wconf 31' lang='grc' dir='ltr'>ξ</span> 
     </span>
    </p>
   </div>
   <div class='ocr_carea' id='block_1_95' title="bbox 2236 3694 3783 3770">
    <p class='ocr_par' dir='ltr' id='par_1_95' title="bbox 2236 3694 3783 3770">
     <span class='ocr_line' id='line_1_95' title="bbox 2236 3694 3783 3770; baseline 0.003 -26"><span class='ocrx_word' id='word_1_669' title='bbox 2236 3701 2744 3757; x_wconf 88' lang='lat' dir='ltr'><strong>commemorantur,</strong></span> <span class='ocrx_word' id='word_1_670' title='bbox 2773 3707 2880 3748; x_wconf 86' lang='lat' dir='ltr'><strong>non</strong></span> <span class='ocrx_word' id='word_1_671' title='bbox 2903 3694 3146 3764; x_wconf 85' lang='lat' dir='ltr'><strong>equidem</strong></span> <span class='ocrx_word' id='word_1_672' title='bbox 3169 3697 3315 3766; x_wconf 87' lang='lat' dir='ltr'><strong>quod</strong></span> <span class='ocrx_word' id='word_1_673' title='bbox 3341 3699 3536 3770; x_wconf 72' lang='lat' dir='ltr'><strong>gotliico</strong></span> <span class='ocrx_word' id='word_1_674' title='bbox 3556 3704 3720 3752; x_wconf 77' lang='lat' dir='ltr'><strong>sermone</strong></span> <span class='ocrx_word' id='word_1_675' title='bbox 3782 3707 3783 3768; x_wconf 83' lang='lat' dir='ltr'>j</span> 
     </span>
    </p>
   </div>
   <div class='ocr_carea' id='block_1_96' title="bbox 2237 3780 3719 3864">
    <p class='ocr_par' dir='ltr' id='par_1_96' title="bbox 2237 3780 3719 3864">
     <span class='ocr_line' id='line_1_96' title="bbox 2237 3780 3719 3864; baseline 0.003 -29"><span class='ocrx_word' id='word_1_676' title='bbox 2237 3780 2442 3838; x_wconf 85' lang='lat' dir='ltr'><strong>fuerint</strong></span> <span class='ocrx_word' id='word_1_677' title='bbox 2467 3784 2773 3855; x_wconf 87' lang='lat' dir='ltr'><strong>compositi,</strong></span> <span class='ocrx_word' id='word_1_678' title='bbox 2811 3787 2907 3842; x_wconf 86' lang='lat' dir='ltr'><strong>sed</strong></span> <span class='ocrx_word' id='word_1_679' title='bbox 2945 3787 3086 3858; x_wconf 91' lang='lat' dir='ltr'><strong>quod</strong></span> <span class='ocrx_word' id='word_1_680' title='bbox 3113 3789 3180 3844; x_wconf 91' lang='lat' dir='ltr'><strong>ad</strong></span> <span class='ocrx_word' id='word_1_681' title='bbox 3211 3792 3430 3861; x_wconf 74' lang='lat' dir='ltr'><strong>ofﬁcium</strong></span> <span class='ocrx_word' id='word_1_682' title='bbox 3457 3790 3671 3864; x_wconf 76' lang='lat' dir='ltr'><strong>gothicrsi,</strong></span> <span class='ocrx_word' id='word_1_683' title='bbox 3691 3781 3719 3836; x_wconf 74' lang='lat' dir='ltr'><strong>it</strong></span> 
     </span>
    </p>
   </div>
   <div class='ocr_carea' id='block_1_97' title="bbox 2236 3875 3720 3949">
    <p class='ocr_par' dir='ltr' id='par_1_97' title="bbox 2236 3875 3720 3949">
     <span class='ocr_line' id='line_1_97' title="bbox 2236 3875 3720 3949; baseline 0.004 -21"><span class='ocrx_word' id='word_1_684' title='bbox 2236 3881 2341 3944; x_wconf 90' lang='lat' dir='ltr'><strong>est,</strong></span> <span class='ocrx_word' id='word_1_685' title='bbox 2369 3875 2436 3930; x_wconf 88' lang='lat' dir='ltr'><strong>ad</strong></span> <span class='ocrx_word' id='word_1_686' title='bbox 2467 3875 2735 3947; x_wconf 88' lang='lat' dir='ltr'><strong>liturgiam</strong></span> <span class='ocrx_word' id='word_1_687' title='bbox 2765 3881 3095 3949; x_wconf 85' lang='lat' dir='ltr'><strong>generalem,</strong></span> <span class='ocrx_word' id='word_1_688' title='bbox 3131 3899 3160 3937; x_wconf 89' lang='lat' dir='ltr'><strong>a</strong></span> <span class='ocrx_word' id='word_1_689' title='bbox 3201 3886 3434 3941; x_wconf 85' lang='lat' dir='ltr'><strong>concilio</strong></span> <span class='ocrx_word' id='word_1_690' title='bbox 3470 3883 3668 3940; x_wconf 82' lang='lat' dir='ltr'><strong>Toletano</strong></span> <span class='ocrx_word' id='word_1_691' title='bbox 3691 3879 3720 3929; x_wconf 78' lang='lat' dir='ltr'><strong>in</strong></span> 
     </span>
    </p>
   </div>
   <div class='ocr_carea' id='block_1_98' title="bbox 2236 3966 3718 4045">
    <p class='ocr_par' dir='ltr' id='par_1_98' title="bbox 2236 3966 3718 4045">
     <span class='ocr_line' id='line_1_98' title="bbox 2236 3966 3718 4045; baseline 0.004 -24"><span class='ocrx_word' id='word_1_692' title='bbox 2236 3966 2464 4023; x_wconf 84' lang='lat' dir='ltr'><strong>ecclesia</strong></span> <span class='ocrx_word' id='word_1_693' title='bbox 2491 3969 2702 4038; x_wconf 79' lang='lat' dir='ltr'><strong>gothica</strong></span> <span class='ocrx_word' id='word_1_694' title='bbox 2726 3969 2993 4041; x_wconf 77' lang='lat' dir='ltr'><strong>Hispania:</strong></span> <span class='ocrx_word' id='word_1_695' title='bbox 3016 3983 3074 4029; x_wconf 88' lang='lat' dir='ltr'><strong>et</strong></span> <span class='ocrx_word' id='word_1_696' title='bbox 3097 3977 3443 4045; x_wconf 64' lang='lat' dir='ltr'><strong>Septimania:</strong></span> <span class='ocrx_word' id='word_1_697' title='bbox 3464 3974 3718 4032; x_wconf 75' lang='lat' dir='ltr'><strong>introductum</strong></span> 
     </span>
    </p>
   </div>
   <div class='ocr_carea' id='block_1_99' title="bbox 2237 4057 3570 4137">
    <p class='ocr_par' dir='ltr' id='par_1_99' title="bbox 2237 4057 3570 4137">
     <span class='ocr_line' id='line_1_99' title="bbox 2237 4057 3570 4137; baseline 0.005 -25"><span class='ocrx_word' id='word_1_698' title='bbox 2237 4066 2296 4112; x_wconf 90' lang='lat' dir='ltr'><strong>ut</strong></span> <span class='ocrx_word' id='word_1_699' title='bbox 2317 4057 2438 4114; x_wconf 87' lang='lat' dir='ltr'><strong>libri</strong></span> <span class='ocrx_word' id='word_1_700' title='bbox 2469 4059 2689 4116; x_wconf 89' lang='lat' dir='ltr'><strong>rituales</strong></span> <span class='ocrx_word' id='word_1_701' title='bbox 2717 4063 3044 4132; x_wconf 86' lang='lat' dir='ltr'><strong>pertinerent</strong></span> <span class='ocrx_word' id='word_1_702' title='bbox 3079 4065 3410 4137; x_wconf 71' lang='lat' dir='ltr'><strong>(Aschbach,</strong></span> <span class='ocrx_word' id='word_1_703' title='bbox 3439 4065 3570 4136; x_wconf 72' lang='lat'><strong>550).</strong></span> 
     </span>
    </p>
   </div>
   <div class='ocr_carea' id='block_1_100' title="bbox 2315 4150 3719 4226">
    <p class='ocr_par' dir='ltr' id='par_1_100' title="bbox 2315 4150 3719 4226">
     <span class='ocr_line' id='line_1_100' title="bbox 2315 4150 3719 4226; baseline 0.004 -24"><span class='ocrx_word' id='word_1_704' title='bbox 2315 4167 2334 4202; x_wconf 73' lang='grc' dir='ltr'>ι</span> <span class='ocrx_word' id='word_1_705' title='bbox 2368 4150 2851 4222; x_wconf 84' lang='lat' dir='ltr'><strong>Constantinopoli,</strong></span> <span class='ocrx_word' id='word_1_706' title='bbox 2876 4155 2928 4210; x_wconf 93' lang='lat' dir='ltr'><strong>in</strong></span> <span class='ocrx_word' id='word_1_707' title='bbox 2949 4171 3050 4226; x_wconf 88' lang='lat' dir='ltr'><strong>qua</strong></span> <span class='ocrx_word' id='word_1_708' title='bbox 3090 4157 3312 4215; x_wconf 87' lang='lat' dir='ltr'><strong>civitate</strong></span> <span class='ocrx_word' id='word_1_709' title='bbox 3347 4159 3412 4214; x_wconf 80' lang='lat' dir='ltr'><strong>ad</strong></span> <span class='ocrx_word' id='word_1_710' title='bbox 3456 4159 3719 4212; x_wconf 66' lang='lat' dir='ltr'><strong>(inermem!</strong></span> 
     </span>
    </p>
   </div>
   <div class='ocr_carea' id='block_1_101' title="bbox 2237 4243 3720 4320">
    <p class='ocr_par' dir='ltr' id='par_1_101' title="bbox 2237 4243 3720 4320">
     <span class='ocr_line' id='line_1_101' title="bbox 2237 4243 3720 4320; baseline 0.011 -24"><span class='ocrx_word' id='word_1_711' title='bbox 2237 4244 2411 4312; x_wconf 90' lang='lat' dir='ltr'><strong>quarti</strong></span> <span class='ocrx_word' id='word_1_712' title='bbox 2441 4246 2619 4300; x_wconf 81' lang='lat' dir='ltr'><strong>saeculi</strong></span> <span class='ocrx_word' id='word_1_713' title='bbox 2653 4256 2707 4301; x_wconf 89' lang='lat' dir='ltr'><strong>et</strong></span> <span class='ocrx_word' id='word_1_714' title='bbox 2736 4247 2942 4302; x_wconf 90' lang='lat' dir='ltr'><strong>initium</strong></span> <span class='ocrx_word' id='word_1_715' title='bbox 2975 4249 3143 4318; x_wconf 88' lang='lat' dir='ltr'><strong>quinti</strong></span> <span class='ocrx_word' id='word_1_716' title='bbox 3174 4251 3382 4320; x_wconf 86' lang='lat' dir='ltr'><strong>schola,</strong></span> <span class='ocrx_word' id='word_1_717' title='bbox 3413 4258 3601 4307; x_wconf 82' lang='lat' dir='ltr'><strong>curante</strong></span> <span class='ocrx_word' id='word_1_718' title='bbox 3616 4243 3720 4312; x_wconf 63' lang='grc' dir='ltr'><strong>(Μ’</strong></span> 
     </span>
    </p>
   </div>
   <div class='ocr_carea' id='block_1_102' title="bbox 2237 4338 3719 4415">
    <p class='ocr_par' dir='ltr' id='par_1_102' title="bbox 2237 4338 3719 4415">
     <span class='ocr_line' id='line_1_102' title="bbox 2237 4338 3719 4415; baseline 0.003 -24"><span class='ocrx_word' id='word_1_719' title='bbox 2237 4341 2498 4402; x_wconf 66' lang='lat' dir='ltr'><strong>so&#39;stomo,</strong></span> <span class='ocrx_word' id='word_1_720' title='bbox 2530 4347 2715 4408; x_wconf 81' lang='lat' dir='ltr'><strong>aperta</strong></span> <span class='ocrx_word' id='word_1_721' title='bbox 2750 4338 2944 4407; x_wconf 75' lang='lat' dir='ltr'><strong>fuerat,</strong></span> <span class='ocrx_word' id='word_1_722' title='bbox 2975 4352 3033 4397; x_wconf 93' lang='lat' dir='ltr'><strong>ut</strong></span> <span class='ocrx_word' id='word_1_723' title='bbox 3066 4341 3227 4399; x_wconf 84' lang='lat' dir='ltr'><strong>Gothi</strong></span> <span class='ocrx_word' id='word_1_724' title='bbox 3270 4347 3477 4415; x_wconf 89' lang='lat' dir='ltr'><strong>gotbice</strong></span> <span class='ocrx_word' id='word_1_725' title='bbox 3501 4343 3719 4398; x_wconf 78' lang='lat' dir='ltr'><strong>docereth</strong></span> 
     </span>
    </p>
   </div>
   <div class='ocr_carea' id='block_1_103' title="bbox 2241 4425 3720 4508">
    <p class='ocr_par' dir='ltr' id='par_1_103' title="bbox 2241 4425 3720 4508">
     <span class='ocr_line' id='line_1_103' title="bbox 2241 4425 3720 4508; baseline 0.004 -26"><span class='ocrx_word' id='word_1_726' title='bbox 2241 4425 2372 4497; x_wconf 81' lang='lat' dir='ltr'><strong>(vid.</strong></span> <span class='ocrx_word' id='word_1_727' title='bbox 2404 4427 2724 4484; x_wconf 79' lang='lat' dir='ltr'><strong>Massmann.</strong></span> <span class='ocrx_word' id='word_1_728' title='bbox 2757 4428 2929 4486; x_wconf 76' lang='lat' dir='ltr'><strong>Skeir;</strong></span> <span class='ocrx_word' id='word_1_729' title='bbox 2963 4432 3077 4504; x_wconf 77' lang='lat' dir='ltr'><strong>9i),</strong></span> <span class='ocrx_word' id='word_1_730' title='bbox 3109 4433 3177 4489; x_wconf 89' lang='lat' dir='ltr'><strong>de</strong></span> <span class='ocrx_word' id='word_1_731' title='bbox 3205 4436 3424 4508; x_wconf 86' lang='lat' dir='ltr'><strong>gotbico</strong></span> <span class='ocrx_word' id='word_1_732' title='bbox 3448 4439 3720 4490; x_wconf 54' lang='lat' dir='ltr'><strong>sermoeew</strong></span> 
     </span>
    </p>
   </div>
   <div class='ocr_carea' id='block_1_104' title="bbox 2241 4521 3718 4592">
    <p class='ocr_par' dir='ltr' id='par_1_104' title="bbox 2241 4521 3718 4592">
     <span class='ocr_line' id='line_1_104' title="bbox 2241 4521 3718 4592; baseline 0.006 -19"><span class='ocrx_word' id='word_1_733' title='bbox 2241 4521 2358 4588; x_wconf 85' lang='lat' dir='ltr'><strong>pius</strong></span> <span class='ocrx_word' id='word_1_734' title='bbox 2383 4523 2607 4592; x_wconf 68' lang='lat' dir='ltr'><strong>qumstio</strong></span> <span class='ocrx_word' id='word_1_735' title='bbox 2637 4534 2747 4590; x_wconf 86' lang='lat' dir='ltr'><strong>est;</strong></span> <span class='ocrx_word' id='word_1_736' title='bbox 2778 4523 2862 4580; x_wconf 89' lang='lat' dir='ltr'><strong>hic</strong></span> <span class='ocrx_word' id='word_1_737' title='bbox 2891 4527 3052 4582; x_wconf 86' lang='lat' dir='ltr'><strong>etiam</strong></span> <span class='ocrx_word' id='word_1_738' title='bbox 3077 4531 3283 4584; x_wconf 71' lang='lat' dir='ltr'><strong>saeculo</strong></span> <span class='ocrx_word' id='word_1_739' title='bbox 3313 4532 3512 4586; x_wconf 87' lang='lat' dir='ltr'><strong>decimo</strong></span> <span class='ocrx_word' id='word_1_740' title='bbox 3541 4535 3718 4581; x_wconf 72' lang='grc' dir='ltr'><strong>ωειιοηο</strong></span> 
     </span>
    </p>
   </div>
   <div class='ocr_carea' id='block_1_105' title="bbox 2241 4614 3719 4692">
    <p class='ocr_par' dir='ltr' id='par_1_105' title="bbox 2241 4614 3719 4692">
     <span class='ocr_line' id='line_1_105' title="bbox 2241 4614 3719 4692; baseline 0.003 -22"><span class='ocrx_word' id='word_1_741' title='bbox 2241 4625 2328 4670; x_wconf 92' lang='lat' dir='ltr'><strong>tur</strong></span> <span class='ocrx_word' id='word_1_742' title='bbox 2356 4615 2531 4672; x_wconf 83' lang='lat' dir='ltr'><strong>adhuc</strong></span> <span class='ocrx_word' id='word_1_743' title='bbox 2555 4617 2820 4687; x_wconf 86' lang='lat' dir='ltr'><strong>quoddam</strong></span> <span class='ocrx_word' id='word_1_744' title='bbox 2852 4618 3134 4677; x_wconf 77' lang='lat' dir='ltr'><strong>Gotthikon</strong></span> <span class='ocrx_word' id='word_1_745' title='bbox 3157 4625 3301 4692; x_wconf 89' lang='lat' dir='ltr'><strong>apud</strong></span> <span class='ocrx_word' id='word_1_746' title='bbox 3333 4620 3623 4681; x_wconf 83' lang='lat' dir='ltr'><strong>Constantia.</strong></span> <span class='ocrx_word' id='word_1_747' title='bbox 3645 4614 3719 4670; x_wconf 73' lang='lat' dir='ltr'><strong>Pot-</strong></span> 
     </span>
    </p>
   </div>
   <div class='ocr_carea' id='block_1_106' title="bbox 2239 4708 3720 4786">
    <p class='ocr_par' dir='ltr' id='par_1_106' title="bbox 2239 4708 3720 4786">
     <span class='ocr_line' id='line_1_106' title="bbox 2239 4708 3720 4786; baseline 0.003 -25"><span class='ocrx_word' id='word_1_748' title='bbox 2239 4708 2538 4779; x_wconf 86' lang='lat' dir='ltr'><strong>phyrngeo.</strong></span> <span class='ocrx_word' id='word_1_749' title='bbox 2563 4711 2625 4763; x_wconf 85' lang='lat' dir='ltr'><strong>de</strong></span> <span class='ocrx_word' id='word_1_750' title='bbox 2649 4709 2928 4768; x_wconf 73' lang='lat' dir='ltr'><strong>Carmen.</strong></span> <span class='ocrx_word' id='word_1_751' title='bbox 2955 4715 3090 4768; x_wconf 68' lang='lat' dir='ltr'><strong>aulis</strong></span> <span class='ocrx_word' id='word_1_752' title='bbox 3115 4715 3324 4786; x_wconf 61' lang='lat' dir='ltr'><strong>03ml.</strong></span> <span class='ocrx_word' id='word_1_753' title='bbox 3355 4717 3395 4783; x_wconf 94' lang='lat' dir='ltr'><strong>l,</strong></span> <span class='ocrx_word' id='word_1_754' title='bbox 3417 4716 3497 4771; x_wconf 80' lang='lat'><strong>83.</strong></span> <span class='ocrx_word' id='word_1_755' title='bbox 3522 4714 3609 4768; x_wconf 89' lang='lat' dir='ltr'><strong>lloc</strong></span> <span class='ocrx_word' id='word_1_756' title='bbox 3625 4716 3720 4777; x_wconf 80' lang='grc' dir='ltr'><strong>ροηθ</strong></span> 
     </span>
    </p>
   </div>
   <div class='ocr_carea' id='block_1_107' title="bbox 2240 4794 3717 4878">
    <p class='ocr_par' dir='ltr' id='par_1_107' title="bbox 2240 4794 3717 4878">
     <span class='ocr_line' id='line_1_107' title="bbox 2240 4794 3717 4878; baseline 0.005 -25"><span class='ocrx_word' id='word_1_757' title='bbox 2240 4798 2532 4855; x_wconf 81' lang='lat' dir='ltr'><strong>Gotthikon</strong></span> <span class='ocrx_word' id='word_1_758' title='bbox 2570 4815 2677 4857; x_wconf 90' lang='lat' dir='ltr'><strong>non</strong></span> <span class='ocrx_word' id='word_1_759' title='bbox 2720 4806 2936 4874; x_wconf 85' lang='lat' dir='ltr'><strong>proprie</strong></span> <span class='ocrx_word' id='word_1_760' title='bbox 2957 4815 3146 4861; x_wconf 87' lang='lat' dir='ltr'><strong>cantus</strong></span> <span class='ocrx_word' id='word_1_761' title='bbox 3189 4817 3330 4874; x_wconf 87' lang='lat' dir='ltr'><strong>erat,</strong></span> <span class='ocrx_word' id='word_1_762' title='bbox 3363 4808 3453 4864; x_wconf 86' lang='lat' dir='ltr'><strong>sed</strong></span> <span class='ocrx_word' id='word_1_763' title='bbox 3477 4794 3717 4878; x_wconf 70' lang='lat' dir='ltr'><strong>spe-eiul!di</strong></span> 
     </span>
    </p>
   </div>
   <div class='ocr_carea' id='block_1_108' title="bbox 2235 4892 3719 4966">
    <p class='ocr_par' dir='ltr' id='par_1_108' title="bbox 2235 4892 3719 4966">
     <span class='ocr_line' id='line_1_108' title="bbox 2235 4892 3719 4966; baseline 0.003 -21"><span class='ocrx_word' id='word_1_764' title='bbox 2235 4893 2318 4946; x_wconf 86' lang='lat' dir='ltr'><strong>vel</strong></span> <span class='ocrx_word' id='word_1_765' title='bbox 2347 4894 2638 4961; x_wconf 88' lang='lat' dir='ltr'><strong>spectaculi</strong></span> <span class='ocrx_word' id='word_1_766' title='bbox 2665 4894 2744 4966; x_wconf 87' lang='lat' dir='ltr'><strong>(et</strong></span> <span class='ocrx_word' id='word_1_767' title='bbox 2770 4910 3027 4965; x_wconf 83' lang='lat' dir='ltr'><strong>expresse</strong></span> <span class='ocrx_word' id='word_1_768' title='bbox 3053 4897 3342 4954; x_wconf 85' lang='lat' dir='ltr'><strong>dicebatur</strong></span> <span class='ocrx_word' id='word_1_769' title='bbox 3361 4903 3543 4964; x_wconf 79' lang='grc' dir='ltr'><strong>παίζειν</strong></span> <span class='ocrx_word' id='word_1_770' title='bbox 3561 4898 3604 4952; x_wconf 81' lang='grc' dir='ltr'><strong>τὸ</strong></span> <span class='ocrx_word' id='word_1_771' title='bbox 3615 4892 3719 4965; x_wconf 60' lang='grc' dir='ltr'><strong>τιτθί’</strong></span> 
     </span>
    </p>
   </div>
   <div class='ocr_carea' id='block_1_109' title="bbox 2233 4978 3718 5061">
    <p class='ocr_par' dir='ltr' id='par_1_109' title="bbox 2233 4978 3718 5061">
     <span class='ocr_line' id='line_1_109' title="bbox 2233 4978 3718 5061; baseline 0.003 -24"><span class='ocrx_word' id='word_1_772' title='bbox 2233 4984 2364 5054; x_wconf 80' lang='grc' dir='ltr'><strong>κόν),</strong></span> <span class='ocrx_word' id='word_1_773' title='bbox 2392 5000 2530 5039; x_wconf 85' lang='lat' dir='ltr'><strong>nono</strong></span> <span class='ocrx_word' id='word_1_774' title='bbox 2559 4985 2643 5040; x_wconf 82' lang='lat' dir='ltr'><strong>die</strong></span> <span class='ocrx_word' id='word_1_775' title='bbox 2673 4986 2941 5042; x_wconf 82' lang='lat' dir='ltr'><strong>duodecim</strong></span> <span class='ocrx_word' id='word_1_776' title='bbox 2967 4991 3216 5060; x_wconf 81' lang='lat' dir='ltr'><strong>noctium,</strong></span> <span class='ocrx_word' id='word_1_777' title='bbox 3253 4992 3308 5046; x_wconf 92' lang='lat' dir='ltr'><strong>in</strong></span> <span class='ocrx_word' id='word_1_778' title='bbox 3341 4988 3575 5061; x_wconf 85' lang='lat' dir='ltr'><strong>imperiali</strong></span> <span class='ocrx_word' id='word_1_779' title='bbox 3597 4978 3718 5058; x_wconf 69' lang='lat' dir='ltr'><strong>ptth</strong></span> 
     </span>
    </p>
   </div>
   <div class='ocr_carea' id='block_1_110' title="bbox 2234 5075 3719 5148">
    <p class='ocr_par' dir='ltr' id='par_1_110' title="bbox 2234 5075 3719 5148">
     <span class='ocr_line' id='line_1_110' title="bbox 2234 5075 3719 5148; baseline 0.001 -16"><span class='ocrx_word' id='word_1_780' title='bbox 2234 5078 2376 5132; x_wconf 86' lang='lat' dir='ltr'><strong>inter</strong></span> <span class='ocrx_word' id='word_1_781' title='bbox 2417 5078 2602 5148; x_wconf 84' lang='lat' dir='ltr'><strong>epulas</strong></span> <span class='ocrx_word' id='word_1_782' title='bbox 2628 5093 2658 5134; x_wconf 87' lang='lat' dir='ltr'><strong>a</strong></span> <span class='ocrx_word' id='word_1_783' title='bbox 2687 5078 2907 5137; x_wconf 79' lang='lat' dir='ltr'><strong>Venetis</strong></span> <span class='ocrx_word' id='word_1_784' title='bbox 2943 5092 2998 5139; x_wconf 88' lang='lat' dir='ltr'><strong>et</strong></span> <span class='ocrx_word' id='word_1_785' title='bbox 3026 5083 3270 5139; x_wconf 86' lang='lat' dir='ltr'><strong>Prasinis</strong></span> <span class='ocrx_word' id='word_1_786' title='bbox 3300 5085 3631 5140; x_wconf 74' lang='lat' dir='ltr'><strong>introductum.</strong></span> <span class='ocrx_word' id='word_1_787' title='bbox 3653 5075 3719 5128; x_wconf 68' lang='lat'><strong>90°</strong></span> 
     </span>
    </p>
   </div>
   <div class='ocr_carea' id='block_1_111' title="bbox 2235 5173 3720 5246">
    <p class='ocr_par' dir='ltr' id='par_1_111' title="bbox 2235 5173 3720 5246">
     <span class='ocr_line' id='line_1_111' title="bbox 2235 5173 3720 5246; baseline 0.009 -20"><span class='ocrx_word' id='word_1_788' title='bbox 2235 5181 2390 5226; x_wconf 90' lang='lat' dir='ltr'><strong>erant</strong></span> <span class='ocrx_word' id='word_1_789' title='bbox 2419 5182 2593 5227; x_wconf 85' lang='lat' dir='ltr'><strong>castra</strong></span> <span class='ocrx_word' id='word_1_790' title='bbox 2620 5190 2633 5227; x_wconf 87' lang='lat'><strong>:</strong></span> <span class='ocrx_word' id='word_1_791' title='bbox 2664 5188 2729 5228; x_wconf 86' lang='lat' dir='ltr'><strong>ex</strong></span> <span class='ocrx_word' id='word_1_792' title='bbox 2757 5185 2978 5245; x_wconf 86' lang='lat' dir='ltr'><strong>utraque</strong></span> <span class='ocrx_word' id='word_1_793' title='bbox 3009 5187 3158 5245; x_wconf 86' lang='lat' dir='ltr'><strong>parte</strong></span> <span class='ocrx_word' id='word_1_794' title='bbox 3183 5177 3294 5232; x_wconf 92' lang='lat' dir='ltr'><strong>duo</strong></span> <span class='ocrx_word' id='word_1_795' title='bbox 3321 5178 3493 5243; x_wconf 86' lang='lat' dir='ltr'><strong>Gothi,</strong></span> <span class='ocrx_word' id='word_1_796' title='bbox 3519 5173 3609 5246; x_wconf 69' lang='lat' dir='ltr'><strong>quit</strong></span> <span class='ocrx_word' id='word_1_797' title='bbox 3629 5173 3720 5223; x_wconf 60' lang='lat'><strong>&#39;5”</strong></span> 
     </span>
    </p>
   </div>
   <div class='ocr_carea' id='block_1_112' title="bbox 2238 5268 3721 5343">
    <p class='ocr_par' dir='ltr' id='par_1_112' title="bbox 2238 5268 3721 5343">
     <span class='ocr_line' id='line_1_112' title="bbox 2238 5268 3721 5343; baseline 0.001 -22"><span class='ocrx_word' id='word_1_798' title='bbox 2238 5268 2406 5338; x_wconf 91' lang='lat' dir='ltr'><strong>pilosa</strong></span> <span class='ocrx_word' id='word_1_799' title='bbox 2434 5268 2603 5324; x_wconf 87' lang='lat' dir='ltr'><strong>induti</strong></span> <span class='ocrx_word' id='word_1_800' title='bbox 2633 5269 2930 5340; x_wconf 88' lang='lat' dir='ltr'><strong>faciemque</strong></span> <span class='ocrx_word' id='word_1_801' title='bbox 2958 5271 3103 5326; x_wconf 87' lang='lat' dir='ltr'><strong>larva</strong></span> <span class='ocrx_word' id='word_1_802' title='bbox 3134 5275 3398 5343; x_wconf 87' lang='lat' dir='ltr'><strong>coeperti,</strong></span> <span class='ocrx_word' id='word_1_803' title='bbox 3421 5272 3604 5328; x_wconf 77' lang='lat' dir='ltr'><strong>sinistra</strong></span> <span class='ocrx_word' id='word_1_804' title='bbox 3621 5271 3721 5317; x_wconf 67' lang='lat' dir='ltr'><strong>manu</strong></span> 
     </span>
    </p>
   </div>
   <div class='ocr_carea' id='block_1_113' title="bbox 2237 5348 3722 5437">
    <p class='ocr_par' dir='ltr' id='par_1_113' title="bbox 2237 5348 3722 5437">
     <span class='ocr_line' id='line_1_113' title="bbox 2237 5348 3722 5437; baseline 0.003 -21"><span class='ocrx_word' id='word_1_805' title='bbox 2237 5361 2509 5433; x_wconf 87' lang='lat' dir='ltr'><strong>clypeum,</strong></span> <span class='ocrx_word' id='word_1_806' title='bbox 2535 5363 2721 5416; x_wconf 88' lang='lat' dir='ltr'><strong>dextra</strong></span> <span class='ocrx_word' id='word_1_807' title='bbox 2742 5371 2920 5418; x_wconf 90' lang='lat' dir='ltr'><strong>autem</strong></span> <span class='ocrx_word' id='word_1_808' title='bbox 2951 5364 3156 5436; x_wconf 86' lang='lat' dir='ltr'><strong>virgam</strong></span> <span class='ocrx_word' id='word_1_809' title='bbox 3184 5367 3460 5437; x_wconf 83' lang='lat' dir='ltr'><strong>gerebant.</strong></span> <span class='ocrx_word' id='word_1_810' title='bbox 3481 5348 3722 5421; x_wconf 62' lang='lat' dir='ltr'><strong>Cautum!li</strong></span> 
     </span>
    </p>
   </div>
   <div class='ocr_carea' id='block_1_114' title="bbox 2236 5449 3721 5527">
    <p class='ocr_par' dir='ltr' id='par_1_114' title="bbox 2236 5449 3721 5527">
     <span class='ocr_line' id='line_1_114' title="bbox 2236 5449 3721 5527; baseline -0.002 -16"><span class='ocrx_word' id='word_1_811' title='bbox 2236 5457 2603 5527; x_wconf 89' lang='lat' dir='ltr'><strong>spectaculum</strong></span> <span class='ocrx_word' id='word_1_812' title='bbox 2650 5458 3034 5525; x_wconf 86' lang='lat' dir='ltr'><strong>comitabatur,</strong></span> <span class='ocrx_word' id='word_1_813' title='bbox 3091 5459 3314 5515; x_wconf 88' lang='lat' dir='ltr'><strong>alternis</strong></span> <span class='ocrx_word' id='word_1_814' title='bbox 3365 5459 3548 5514; x_wconf 86' lang='lat' dir='ltr'><strong>vicibus</strong></span> <span class='ocrx_word' id='word_1_815' title='bbox 3591 5449 3721 5508; x_wconf 48' lang='lat' dir='ltr'><strong>reici?</strong></span> 
     </span>
    </p>
   </div>
   <div class='ocr_carea' id='block_1_115' title="bbox 2237 5544 3722 5624">
    <p class='ocr_par' dir='ltr' id='par_1_115' title="bbox 2237 5544 3722 5624">
     <span class='ocr_line' id='line_1_115' title="bbox 2237 5544 3722 5624; baseline -0.003 -19"><span class='ocrx_word' id='word_1_816' title='bbox 2237 5549 2394 5605; x_wconf 91' lang='lat' dir='ltr'><strong>batur</strong></span> <span class='ocrx_word' id='word_1_817' title='bbox 2439 5551 2631 5621; x_wconf 88' lang='lat' dir='ltr'><strong>partim</strong></span> <span class='ocrx_word' id='word_1_818' title='bbox 2679 5566 2853 5622; x_wconf 73' lang='lat' dir='ltr'><strong>graece</strong></span> <span class='ocrx_word' id='word_1_819' title='bbox 2895 5565 2925 5604; x_wconf 90' lang='lat' dir='ltr'><strong>a</strong></span> <span class='ocrx_word' id='word_1_820' title='bbox 2969 5552 3240 5620; x_wconf 88' lang='lat' dir='ltr'><strong>chorlstis,</strong></span> <span class='ocrx_word' id='word_1_821' title='bbox 3293 5553 3479 5624; x_wconf 84' lang='lat' dir='ltr'><strong>partim</strong></span> <span class='ocrx_word' id='word_1_822' title='bbox 3516 5544 3722 5604; x_wconf 68' lang='lat' dir='ltr'><strong>barbare!</strong></span> 
     </span>
    </p>
   </div>
   <div class='ocr_carea' id='block_1_116' title="bbox 2235 5633 3723 5715">
    <p class='ocr_par' dir='ltr' id='par_1_116' title="bbox 2235 5633 3723 5715">
     <span class='ocr_line' id='line_1_116' title="bbox 2235 5633 3723 5715; baseline -0.006 -15"><span class='ocrx_word' id='word_1_823' title='bbox 2235 5645 2533 5701; x_wconf 88' lang='lat' dir='ltr'><strong>Gothorum</strong></span> <span class='ocrx_word' id='word_1_824' title='bbox 2565 5659 2793 5715; x_wconf 88' lang='lat' dir='ltr'><strong>persona</strong></span> <span class='ocrx_word' id='word_1_825' title='bbox 2821 5644 3041 5701; x_wconf 89' lang='lat' dir='ltr'><strong>indutis.</strong></span> <span class='ocrx_word' id='word_1_826' title='bbox 3073 5645 3188 5701; x_wconf 85' lang='lat' dir='ltr'><strong>.lam</strong></span> <span class='ocrx_word' id='word_1_827' title='bbox 3223 5661 3353 5701; x_wconf 89' lang='lat' dir='ltr'><strong>vero</strong></span> <span class='ocrx_word' id='word_1_828' title='bbox 3396 5645 3448 5700; x_wconf 87' lang='lat' dir='ltr'><strong>bi</strong></span> <span class='ocrx_word' id='word_1_829' title='bbox 3487 5633 3723 5710; x_wconf 63' lang='lat' dir='ltr'><strong>posteriores</strong></span> 
     </span>
    </p>
   </div>
   <div class='ocr_carea' id='block_1_117' title="bbox 2235 5721 3723 5811">
    <p class='ocr_par' dir='ltr' id='par_1_117' title="bbox 2235 5721 3723 5811">
     <span class='ocr_line' id='line_1_117' title="bbox 2235 5721 3723 5811; baseline -0.007 -16"><span class='ocrx_word' id='word_1_830' title='bbox 2235 5740 2420 5796; x_wconf 83' lang='lat' dir='ltr'><strong>ludum</strong></span> <span class='ocrx_word' id='word_1_831' title='bbox 2448 5741 2775 5810; x_wconf 87' lang='lat' dir='ltr'><strong>aperientes,</strong></span> <span class='ocrx_word' id='word_1_832' title='bbox 2809 5739 3002 5796; x_wconf 90' lang='lat' dir='ltr'><strong>mediis</strong></span> <span class='ocrx_word' id='word_1_833' title='bbox 3031 5739 3346 5811; x_wconf 84' lang='lat' dir='ltr'><strong>strepitibus</strong></span> <span class='ocrx_word' id='word_1_834' title='bbox 3371 5738 3634 5810; x_wconf 74' lang='lat' dir='ltr'><strong>clypeorum</strong></span> <span class='ocrx_word' id='word_1_835' title='bbox 3653 5721 3723 5777; x_wconf 68' lang='grc' dir='ltr'><strong>τῖε·</strong></span> 
     </span>
    </p>
   </div>
   <div class='ocr_carea' id='block_1_118' title="bbox 2235 5820 3721 5908">
    <p class='ocr_par' dir='ltr' id='par_1_118' title="bbox 2235 5820 3721 5908">
     <span class='ocr_line' id='line_1_118' title="bbox 2235 5820 3721 5908; baseline -0.022 1"><span class='ocrx_word' id='word_1_836' title='bbox 2235 5849 2318 5908; x_wconf 75' lang='grc' dir='ltr'><strong>αιε</strong></span> <span class='ocrx_word' id='word_1_837' title='bbox 2347 5848 2726 5906; x_wconf 66' lang='grc' dir='ltr'><strong>Ρθΐειιεεοιδυιιι</strong></span> <span class='ocrx_word' id='word_1_838' title='bbox 2757 5835 2915 5906; x_wconf 80' lang='lat' dir='ltr'><strong>pleno</strong></span> <span class='ocrx_word' id='word_1_839' title='bbox 2937 5847 3036 5891; x_wconf 88' lang='lat' dir='ltr'><strong>ore</strong></span> <span class='ocrx_word' id='word_1_840' title='bbox 3067 5832 3371 5890; x_wconf 80' lang='lat' dir='ltr'><strong>clamabant</strong></span> <span class='ocrx_word' id='word_1_841' title='bbox 3400 5847 3414 5886; x_wconf 88' lang='lat'><strong>:</strong></span> <span class='ocrx_word' id='word_1_842' title='bbox 3441 5825 3525 5894; x_wconf 77' lang='lat' dir='ltr'><strong>tul,</strong></span> <span class='ocrx_word' id='word_1_843' title='bbox 3550 5820 3636 5877; x_wconf 72' lang='lat' dir='ltr'><strong>tul!</strong></span> <span class='ocrx_word' id='word_1_844' title='bbox 3653 5826 3721 5869; x_wconf 70' lang='grc' dir='ltr'>ιίια</span> 
     </span>
    </p>
   </div>
  </div>
