3840 6528
595 437 701 498 895

594 563 745 611 recte
774 553 1045 612 aestimare
1086 553 1276 626 possit.
1307 553 1493 627 Neque
1526 555 1670 612 enim
1719 556 1947 627 gothicae
1995 556 2192 628 linguae

600 647 732 704 vitio
771 647 908 703 verti
949 656 1158 717 potest,
1189 647 1328 718 quod
1373 648 1642 704 nonnullis
1669 648 1819 704 verbi
1865 648 2054 705 formis
2095 663 2186 704 ca-

597 747 743 807 reat,
774 739 966 810 quibus
1011 740 1099 796 alii
1151 755 1430 797 sermones
1459 739 1724 811 gaudent,
1756 755 1878 796 cum
1911 757 2004 798 eas
2051 756 2180 798 cono

595 832 988 888 structionibus
1017 843 1122 888 tam
1156 835 1292 890 mire
1317 834 1593 904 suppleat,
1624 834 1794 888 multo
1822 834 2022 900 minus,
2050 834 2191 905 quod

595 923 813 995 propria
839 923 1096 979 vocabula
1144 925 1302 980 rebus
1345 934 1401 981 et
1439 924 1574 980 ideis
1607 941 1713 980 non
1758 927 2060 994 escuserit,
2095 941 2190 997 po-

596 1017 727 1089 pulo
775 1032 998 1089 prorsus
1051 1019 1276 1089 ignotis;
1335 1019 1463 1073 coll.
1508 1018 1658 1090 goth.
1700 1019 1866 1091 gloss.
1921 1019 2073 1090 prati.
2131 1019 2191 1075 Si

595 1108 760 1179 igitur
804 1123 984 1165 sermo
1014 1108 1082 1166 iis
1135 1110 1370 1180 indigeat
1399 1110 1483 1166 vel
1529 1127 1732 1181 pauper
1773 1112 1844 1167 sit
1891 1113 2187 1182 vocabulis,

595 1200 792 1270 quibus
841 1201 1046 1256 marina
1097 1200 1468 1272 designentur,
1519 1217 1628 1257 non
1680 1212 1787 1257 tam
1829 1204 2024 1259 mirum
2071 1213 2188 1274 est,

595 1305 754 1360 quam
782 1290 1006 1359 fuisset,
1037 1291 1086 1347 si
1109 1308 1242 1363 gens
1267 1295 1370 1350 iter
1397 1309 1496 1364 per
1525 1309 1674 1352 mare
1702 1293 1918 1352 fecisset
1946 1298 2190 1368 marique

593 1383 781 1441 fuisset
808 1397 1049 1454 assueta;
1078 1387 1180 1444 sed
1211 1403 1408 1445 novum
1441 1397 1524 1444 est
1547 1388 1800 1445 indicium
1829 1390 1970 1461 quod
1999 1391 2067 1446 ab
2095 1406 2190 1446 an-

593 1477 756 1548 tiquis
782 1479 926 1534 dicta
972 1481 1039 1536 de
1085 1480 1273 1536 Gothis
1315 1498 1346 1536 e
1395 1481 1760 1538 Scandinavia
1805 1483 2189 1554 emigrantibus

591 1583 888 1642 eorumque
929 1574 1360 1643 navigationibus
1390 1588 1538 1629 mera
1570 1574 1822 1644 figmenta
1866 1575 1974 1630 sint
2011 1585 2067 1632 et
2111 1575 2190 1632 fa-

591 1663 731 1720 bulm
753 1665 892 1737 (vid.
921 1681 1082 1738 supra
1112 1667 1140 1739 ᾗ
1173 1668 1250 1738 1).
1279 1668 1397 1736 Quo
1423 1670 1570 1724 enim
1600 1679 1756 1738 pacto
1787 1667 1968 1737 Gothi,
2002 1686 2190 1741 quem-

590 1756 875 1814 admodum
918 1760 1370 1831 septentrionales
1412 1770 1600 1832 gentes
1640 1779 1733 1818 sua
1765 1764 2027 1834 skipbrot,
2059 1764 2189 1819 skib—

593 1852 754 1920 brud,
785 1853 1134 1926 skeppsbrote,
1174 1856 1246 1910 ita
1272 1855 1582 1928 skipabruka
1611 1873 1715 1912 non
1753 1856 2078 1914 formassent
2099 1899 2115 1926 ,
2139 1859 2186 1915 si

592 1959 706 2000 rem
738 1947 884 2014 prius
911 1947 1324 2017 cognovissent?
1364 1949 1633 2006 Praeterea
1667 1951 1934 2008 mirumne
1973 1953 2069 2008 ulli
2106 1955 2190 2009 vi-

591 2039 709 2094 deri
741 2051 942 2109 posset,
975 2042 1116 2110 quod
1157 2042 1320 2101 Gothi
1364 2045 1570 2100 nullum
1612 2045 1930 2102 vocabulum
1975 2062 2072 2117 pro
2100 2064 2188 2102 ne-

598 2142 715 2204 pote
743 2132 1006 2202 habeant,
1036 2135 1178 2192 hunc
1226 2153 1323 2206 per
1368 2138 1522 2192 barne
1573 2140 1732 2195 burna
1791 2140 2187 2210 exprimentes?

599 2223 755 2281 Nullo
783 2226 930 2282 enim
960 2227 1068 2282 alio
1096 2227 1257 2283 modo
1283 2229 1617 2297 significatur
1648 2232 1790 2301 apud
1837 2241 2050 2289 veteres
2079 2233 2188 2288 lin-

591 2333 762 2389 guas:
797 2330 904 2375 vet.
932 2335 1089 2376 norv.
1133 2322 1454 2392 barnaborn,
1485 2323 1614 2380 dan.
1657 2326 1999 2395 bmrnebaern,
2033 2343 2183 2384 suec.

589 2411 868 2480 barnbarn,
889 2424 996 2470 vet.
1021 2429 1142 2486 sup.
1165 2430 1338 2485 germ.
1361 2417 1732 2472 chindescltind
1747 2463 1764 2486 ,
1788 2420 1976 2475 chindo
1996 2420 2182 2486 ehind;

591 2507 750 2561 etiam
783 2509 922 2578 apud
951 2523 1064 2564 rec.
1092 2521 1212 2580 sup.
1249 2525 1419 2580 germ.
1445 2510 1822 2580 kindeskinder,
1852 2522 1907 2570 et
1926 2526 2183 2585 cognatos

590 2612 901 2666 sermones;
931 2601 1057 2670 quin
1089 2601 1253 2656 immo
1284 2603 1424 2673 apud
1457 2603 1744 2660 Homerum
1774 2609 1946 2677 nepoti
1975 2609 2180 2664 nullum

593 2691 753 2746 datur
800 2694 1072 2762 pr0prium
1117 2696 1469 2764 vocabulum,
1510 2697 1605 2752 sed
1653 2698 2036 2768 tequivalenter
2085 2716 2182 2755 ex-

589 2784 840 2853 primitttr
863 2802 877 2839 :
900 2784 1091 2841 παίδων
1111 2786 1314 2849 παῖδας.
1338 2787 1366 2843 J
1373 2803 1457 2842 am
1476 2803 1606 2844 vero
1629 2806 1694 2846 ex
1720 2803 1787 2846 eo
1801 2790 1944 2862 quod
1967 2791 2180 2862 gothica

590 2876 770 2948 lingua
827 2878 1117 2935 verborum
1169 2881 1236 2936 ad
1292 2881 1510 2937 civilem
1574 2885 1736 2939 vitam
1795 2886 2176 2954 pertinentium

587 2969 766 3039 inopia
796 2970 1027 3040 laboret,
1055 2971 1237 3028 Manso
1263 2973 1586 3044 (Ostgotlten,
1617 2976 1742 3046 155)
1769 2975 1974 3032 Gothos
2001 2977 2054 3032 in
2085 2977 2183 3032 Ita-

585 3061 652 3114 lia
687 3061 875 3131 pedem
905 3077 1010 3118 non
1042 3064 1256 3120 firmum
1297 3066 1538 3136 poSuisse
1568 3067 1756 3134 infert;
1789 3069 1883 3124 scd
1917 3069 2018 3125 hoc
2059 3081 2180 3125 tan-

585 3162 696 3210 tum
727 3156 916 3212 deduci
941 3165 1147 3226 potest,
1173 3159 1318 3229 quod
1364 3159 1554 3229 Gothi,
1578 3176 1712 3232 gens
1742 3161 1984 3218 candidis
2014 3165 2179 3219 mori-

587 3246 684 3299 bus
738 3257 955 3303 assueta
1005 3248 1254 3321 facilique
1303 3251 1529 3322 imperio
1583 3253 1853 3324 subjecta,
1903 3269 2008 3310 non
2057 3271 2176 3312 eam

586 3335 819 3404 linguam
835 3338 1250 3412 haberentquae
1270 3340 1633 3400 Romanorum
1659 3346 1927 3403 licentiam
1949 3360 2003 3405 et
2024 3351 2174 3419 vitia,

587 3428 780 3486 decora
803 3441 858 3487 et
887 3433 1140 3490 indecora
1169 3450 1336 3508 prope
1379 3438 1587 3493 inﬁnita
1619 3441 2025 3512 omnigenornm
2057 3460 2175 3499 mn-

585 3539 772 3580 ncrum
803 3527 1106 3596 exprimere
1135 3530 1416 3599 potuisset.
1464 3532 1539 3588 De
1582 3542 1802 3603 caetero,
1835 3535 1978 3606 quod
2029 3547 2175 3594 certe

588 3617 770 3686 negari
818 3619 1032 3689 nequit,
1063 3621 1108 3676 si
1161 3621 1337 3678 adhue
1367 3622 1846 3694 Longobardorum
1887 3643 2066 3684 sermo
2106 3630 2172 3685 ad

583 3708 916 3765 elformanda
948 3712 1166 3767 nomina
1205 3727 1343 3783 pene
1389 3715 1743 3772 innumeralia
1772 3733 2051 3776 munerum
2080 3735 2175 3792 ap.

585 3808 687 3856 tus-
709 3810 822 3872 est,
855 3817 954 3859 cur
996 3802 1135 3861 hanc
1172 3806 1531 3879 aptitudinem
1559 3818 1614 3866 et
1644 3808 1900 3870 Gothicus
1939 3830 2045 3870 nos
2081 3816 2176 3871 ha-

583 3891 821 3949 buisset?

659 4030 677 4062 ‹
717 4011 772 4066 In
803 4027 868 4069 eo
897 4015 1113 4085 gothica
1155 4017 1336 4090 lingua
1362 4020 1706 4091 potissimum
1747 4033 1998 4095 prmstat,
2029 4027 2172 4097 quod

581 4104 894 4175 synonymis
931 4105 1193 4164 ditissima
1223 4111 1322 4178 sit;
1359 4113 1616 4170 vocabula
1658 4129 1747 4172 res
1790 4125 1845 4173 et
1879 4117 2028 4175 ideas
2057 4135 2175 4176 om-

583 4197 709 4251 nino
742 4214 907 4256 novas
939 4204 1295 4274 exprimentia
1340 4207 1628 4266 eﬂ‘ormare
1667 4214 1868 4282 possit;
1901 4216 2174 4284 possideat

585 4293 881 4363 completas
903 4296 1164 4355 ﬂectionis
1186 4298 1409 4370 formas,
1427 4310 1484 4359 et
1502 4316 1898 4376 consequenter
1914 4323 1974 4365 ea
1999 4319 2171 4368 trans-

581 4385 815 4453 ponendi
855 4384 1110 4446 vocabula
1151 4391 1404 4450 facultate
1437 4397 1702 4466 gaudeat,
1737 4415 1876 4470 qua,
1910 4405 2171 4472 prosaicis

579 4480 888 4536 auctoribus
912 4486 1188 4542 audaciam
1221 4490 1596 4546 saxonicorutn
1628 4501 1683 4549 et
1708 4493 2005 4551 borealium
2037 4513 2168 4568 poe-

460 4619 464 4624 .
580 4578 754 4626 tarum
801 4573 1120 4633 habentibus
1167 4578 1295 4651 (Gr.
1323 4580 1414 4638 Gr.
1442 4583 1532 4652 IV,
1562 4585 1696 4654 552,
1738 4587 1862 4644 coll.
1901 4589 1974 4655 ll,
2017 4588 2166 4662 920),

579 4676 750 4736 poetae
781 4669 1011 4738 gothici,
1037 4675 1139 4730 sub
1168 4676 1271 4732 isto
1309 4681 1498 4736 saltem
1528 4692 1808 4753 respectu,
1844 4701 2028 4758 parum
2057 4692 2166 4748 sint

576 4763 950 4832 desiderandi;
996 4770 1432 4844 orthographiam
1475 4775 1670 4833 habeat
1719 4779 1855 4837 adeo
1903 4784 2165 4843 determi-

577 4865 780 4926 natam,
811 4867 867 4913 ut
894 4861 1184 4920 scribentis
1206 4866 1425 4924 arbitrio
1456 4869 1585 4926 nihil
1611 4873 1879 4945 relinquat
1904 4876 2166 4936 definien-

576 4952 700 5007 dnm
727 4970 740 5020 ;
773 4954 1008 5028 denique
1038 4959 1230 5015 aliena:
1272 4961 1588 5022 litteraturae
1615 4970 1845 5040 scripta,
1879 4972 2046 5029 immo
2071 4975 2166 5030 ab-

573 5055 801 5103 stractas
830 5053 1125 5108 sententias
1156 5055 1208 5108 in
1236 5069 1296 5111 se
1325 5055 1579 5116 facillime
1607 5065 1847 5128 converti
1875 5065 2018 5122 sinat
2043 5067 2160 5137 (Gr.

575 5137 670 5196 Gr.
693 5156 814 5198 XLVI
841 5140 924 5197 ’1⁸
945 5144 1131 5220 edit.];
1160 5158 1338 5204 nostra
1364 5153 1606 5226 prolegg.
1628 5155 1696 5210 ad
1721 5155 1980 5231 Ullilam).
2009 5162 2162 5219 Unde

572 5232 711 5302 quod
742 5232 882 5301 lhre,
912 5235 1089 5295 Gloss.
1115 5237 1338 5312 Suigoth
1366 5243 1424 5312 l,
1459 5244 1529 5301 29
1559 5245 1726 5301 dicit:
1762 5266 1780 5299 ο
1817 5249 2046 5322 linguam
2069 5271 2165 5326 go-

572 5327 761 5381 tlticam
805 5329 934 5386 adeo
973 5334 1165 5389 cultam
1208 5346 1254 5390 et
1299 5340 1602 5393 concinnam
1642 5357 1772 5412 esse,
1804 5351 1861 5398 ut
1907 5347 2164 5420 elegantia

570 5420 734 5492 nulli,
760 5440 823 5479 ne
847 5442 1026 5496 graecae
1050 5429 1252 5503 quidem
1275 5441 1320 5486 et
1349 5432 1521 5488 latina:
1548 5435 1828 5506 quidquam
1851 5442 2112 5507 concedat,
2135 5460 2156 5495 ι

572 5528 755 5571 verum
781 5525 891 5587 est,
918 5523 1092 5591 quoad
1114 5523 1455 5594 principium,
1473 5528 1652 5596 quoad
1676 5543 1803 5585 vero
1821 5535 2157 5590 consecutio-

573 5622 718 5674 nem,
751 5610 928 5682 lingua
959 5615 1159 5670 diutius
1185 5617 1420 5686 vivente,
1475 5634 1660 5676 verum
1711 5620 1828 5678 fieri
1872 5627 2153 5695 potuisset.

648 5720 665 5753 ‹
701 5701 891 5760 Utrum
934 5707 1150 5778 gothica
1195 5711 1375 5784 lingua
1403 5713 1475 5769 sit
1503 5715 1678 5787 reipsa
1708 5717 1924 5787 cognitu
1970 5719 2042 5775 ita
2074 5720 2155 5774 fa-

566 5795 706 5865 cilis,
747 5807 802 5854 ut
849 5799 1017 5872 Maius
1055 5813 1111 5862 et
1154 5805 1548 5865 Castillionaeus
1596 5810 1764 5866 semel
1809 5823 2158 5872 asseruerunt

564 5893 743 5965 (Spec.
767 5894 833 5950 Vl
865 5913 881 5952 :
922 5916 941 5950 t
980 5917 1140 5971 neque
1178 5903 1450 5974 ulpltilana
1494 5903 1674 5974 lingua
1711 5907 2022 5978 perdifﬁcilis
2050 5920 2152 5978 est,

562 6003 722 6059 neque
763 5994 877 6066 ejus
915 5995 1186 6065 primorem
1215 6007 1446 6052 notitiam
1491 5999 1650 6058 quivis
1693 6001 1847 6056 etiam
1888 6003 1998 6060 sine
2036 6019 2152 6058 ma-

1661 413 2121 496 cntt'uuutca
2147 433 2477 496 sormea:
2514 436 2817 498 uncum.
3690 449 3749 507 se

2303 556 2462 628 gistro
2490 574 2594 612 non
2638 559 2773 614 brevi
2802 559 3086 633 obtinebit),
3115 577 3147 619 e
3173 563 3357 636 majori
3384 567 3605 629 mittorire
3636 583 3753 649 mgni.

2300 649 2464 719 tione,
2493 665 2652 722 quam
2680 667 2996 725 comparare
3032 657 3185 725 velis,
3231 662 3571 732 consequitur;
3607 668 3681 725 hoc
3709 685 3756 728 ιδ.

2298 757 2420 798 men
2451 742 2590 799 bene
2617 756 2954 816 compertum
2982 748 3202 819 habeas,
3223 752 3363 822 quod
3391 755 3627 827 plusquam
3645 771 3757 835 cogni-

2295 834 2442 890 tione
2492 836 2739 893 incboata
2787 853 2922 910 opus
2971 850 3090 913 est,
3143 851 3202 898 ut
3249 845 3366 916 quis
3409 862 3524 904 sana
3563 865 3695 911 mente
3723 863 3761 915 tle

2294 933 2509 1002 gothico
2533 947 2786 992 sermone
2803 935 3048 1006 judicare
3074 940 3260 1010 possit.

2361 1050 2386 1122 §
2413 1050 2446 1106 9
2454 1050 2602 1118 .Quaa
2614 1055 3026 1124 grammaticales
3037 1058 3392 1114 annotationes
3401 1059 3465 1116 de
3475 1061 3620 1133 lingua
3628 1066 3757 1132 gothiu

2293 1145 2408 1200 sive
2432 1160 2463 1200 a
2483 1145 2756 1201 veteribus
2778 1147 2897 1204 sive
2917 1163 2946 1202 a
2969 1151 3357 1206 recentioribus
3383 1155 3654 1223 conscripta.-
3675 1169 3756 1219 Sunt,

2291 1251 2384 1292 eas
2407 1239 2587 1293 retulit
2608 1239 2978 1297 Massmannus
3002 1241 3081 1312 (in
3103 1243 3758 1316 HanptiiZeitscltriftfurdat.

2291 1329 2444 1383 schen
2471 1330 2764 1385 Alterthum
2785 1333 2824 1393 Ι.
2850 1333 2957 1388 298
2983 1334 3162 1405 sqq);
3185 1351 3306 1407 quae
3327 1352 3451 1392 vero
3470 1343 3760 1409 grammaticae

2290 1423 2549 1493 peculiari
2577 1433 2760 1480 textus
2798 1427 2997 1482 uliilani
3029 1429 3208 1484 studio
3237 1430 3305 1484 ab
3331 1438 3484 1486 astate
3508 1432 3625 1486 Junii
3649 1434 3761 1502 vulg.-

2291 1523 2358 1572 ιω
2387 1525 2546 1585 sunt,
2574 1532 2665 1572 eas
2697 1517 2844 1574 Zahn
2889 1517 3209 1592 (Einleitung
3235 1537 3351 1574 eum
3380 1521 3553 1590 Ul/ilas
3577 1539 3619 1592 ι).
3635 1525 3678 1577 61
3699 1531 3762 1594 sq.)

2291 1613 2756 1680 commemoravit,
2801 1627 2904 1666 suo
2960 1613 3120 1668 modo
3159 1613 3477 1685 dijudicans.
3513 1615 3762 1671 Grammatia

2291 1717 2412 1772 quae
2444 1704 2610 1774 prima
2643 1705 2801 1776 hujus
2826 1708 3057 1763 nominis
3087 1723 3196 1764 non
3219 1709 3436 1780 indigna
3459 1709 3565 1775 fuit,
3584 1721 3761 1764 auctom

2293 1793 2480 1851 habuit
2511 1796 2748 1865 Fuldan;
2794 1788 3023 1869 primum
3053 1816 3183 1856 vero
3223 1816 3375 1856 sana:
3401 1803 3629 1858 doctrina
3648 1818 3765 1871 corpu

2287 1889 2338 1945 in
2369 1892 2669 1962 germanica
2695 1896 3043 1964 grammatica
3065 1895 3315 1952 Grimmii
3342 1898 3582 1968 reperies.

2367 2003 2386 2035 ‹
2424 1984 2500 2040 De
2529 1984 2794 2056 indigenis
2822 1988 3123 2044 Gothorum
3174 1991 3536 2060 grammaticis
3567 2006 3650 2046 non
3674 1992 3765 2044 noti-

2287 2088 2436 2139 mus;
2469 2085 2524 2130 et
2548 2075 2767 2139 aliunde
2794 2092 2974 2134 sermo
3017 2078 3285 2135 brevioris
3326 2081 3424 2134 fuit
3453 2081 3584 2146 vitze,
3607 2095 3716 2150 quam
3734 2093 3764 2134 ιιι

2286 2167 2646 2237 corruptionis
2677 2169 2974 2238 periculum
3016 2169 3167 2226 adire
3197 2173 3463 2241 potuerit,
3504 2171 3762 2243 indigenum

2287 2262 2758 2330 grammaticarum
2821 2277 3038 2318 causam
3107 2265 3550 2320 communiorent.
3595 2264 3762 2320 Gothicus

2285 2353 2601 2424 alphabetus
2627 2357 3028 2426 nonnullaaque
3059 2358 3265 2428 regula:
3303 2356 3373 2414 ad
3414 2357 3762 2415 determinandam
3804 2359 3805 2428 ξ

2283 2446 2639 2515 quorumdam
2665 2463 2920 2502 sonorum
2951 2449 3308 2519 prolationem
3340 2451 3508 2520 primo
3529 2449 3763 2503 inveniuntur

2285 2539 2426 2607 apud
2458 2540 2729 2594 viennense
2757 2543 3160 2612 manuscriptum
3193 2542 3512 2612 (Membran.
3542 2539 3760 2596 Salisbh'r.

2285 2628 2410 2696 140,
2434 2630 2561 2684 olim
2607 2629 2801 2687 Salisb.
2835 2631 2887 2686 7i
2928 2631 3022 2686 fol.
3047 2631 3167 2701 20),
3199 2633 3346 2702 quod
3379 2631 3535 2687 Wilh.
3572 2631 3763 2687 Grimuiu

2284 2719 2398 2791 (ὧδ’
2431 2730 2574 2777 lomo
2605 2720 2925 2776 Jarhbucher
2953 2723 3037 2791 [ur
3066 2723 3361 2790 Literatur,
3385 2740 3435 2795 p.
3460 2721 3627 2794 Ssqq.)
3662 2721 3763 2791 prim

2287 2815 2484 2882 edidit,
2518 2817 2586 2872 de
2613 2832 2720 2887 quo
2751 2817 2857 2876 vid.
2884 2817 3291 2872 Massmannum
3323 2819 3363 2873 l.
3387 2818 3426 2874 1.
3454 2816 3551 2872 296
3569 2832 3660 2886 sqq.

2361 2926 2378 2957 ‹
2409 2908 2587 2962 Tuma
2607 2907 2964 2963 Bonaventura
2991 2908 3247 2964 Vulcanio
3273 2911 3511 2981 vulgatus
3529 2919 3598 2965 est
3615 2907 3762 2971 libellus,
3804 2891 3805 2894 ¹

2284 3012 2504 3056 auctore
2535 3017 2828 3074 anonymo,
2860 3003 2963 3058 hoc
2992 3003 3208 3057 nomine
3255 3003 3575 3073 inscriptus:
3601 3000 3660 3053 De
3688 3000 3764 3052 lith-

2281 3093 2352 3145 ris
2384 3101 2428 3146 et
2462 3094 2640 3165 lingua
2674 3093 2920 3148 Getarum
2959 3095 3061 3148 sive
3099 3093 3424 3160 Gothorum;
3462 3093 3538 3150 cui
3578 3091 3765 3161 adjunctus

2283 3192 2366 3238 cst
2395 3183 2851 3244 Commentariolus
2879 3185 2941 3239 de
2972 3185 3150 3256 lingua
3175 3188 3438 3257 gotthica,
3469 3183 3648 3255 Leyden
3671 3181 3764 3240 l59i,

2283 3273 2391 3329 vid.
2421 3276 2815 3330 Massmannum
2840 3275 2877 3330 Ι.
2900 3276 2938 3330 l.
2961 3275 3060 3331 ’511
3091 3291 3235 3346 sqq.,
3263 3278 3361 3346 qui
3392 3275 3617 3332 nonnulla
3639 3281 3764 3328 etetn

2279 3376 2532 3436 excerpta
2563 3375 2618 3421 et
2655 3365 3030 3423 annotationes
3079 3367 3132 3422 in
3162 3368 3456 3423 nonnullas
3497 3367 3662 3422 litteras
3688 3378 3764 3416 una

2282 3461 2661 3530 nullorumque
2689 3461 2953 3516 vocalium
2983 3471 3185 3518 rectam
3214 3462 3561 3532 prolationem
3587 3457 3761 3514 continet:

2281 3553 2421 3609 idem
2457 3553 2616 3608 etiam
2653 3554 2892 3610 invenire
2930 3563 3013 3610 est
3050 3555 3103 3609 in
3153 3552 3398 3612 Gruterii
3437 3550 3758 3620 inscriptionibu-

2358 3668 2376 3701 ι
2400 3649 2462 3704 G.
2494 3649 2710 3718 Hickes,
2728 3651 3070 3705 institutiones
3089 3653 3447 3722 grammatica
3463 3647 3760 3723 anglosasonits
3804 3657 3805 3660 ‘

2277 3749 2324 3796 et
2356 3741 2745 3814 maesogothicw,
2766 3741 2991 3809 Oxford,
3021 3741 3161 3798 1689
3182 3784 3197 3808 ,
3228 3744 3264 3799 4
3298 3745 3438 3810 vol.,
3463 3755 3650 3812 quorum
3672 3738 3759 3806 prius

2277 3832 2596 3904 Linguarum
2622 3844 2846 3888 veterum
2874 3834 3355 3905 septentrionalium
3387 3834 3660 3889 Thesaurus'.
3678 3829 3759 3897 eius.

2277 3929 2400 3986 dem
2429 3931 2666 3986 auctoris
2694 3931 2958 3998 continet,
2988 3943 3123 4000 opus
3169 3929 3370 3986 iterum
3418 3928 3614 3993 editum,
3637 3919 3758 3979 (bind

2281 4024 2438 4090 1705,
2469 4025 2504 4079 2
2541 4024 2650 4077 vol.
2683 4023 2776 4078 fol.

2355 4137 2373 4171 ι
2406 4117 2653 4173 Lambert
2685 4126 2772 4172 ten
2814 4115 2966 4184 Kate,
2998 4115 3385 4190 Gemeenschap
3425 4127 3579 4172 tussen
3611 4114 3657 4167 de
3684 4107 3756 4162 Gal.

2275 4213 2433 4270 tisclte
2489 4213 2722 4284 Spractte
2766 4228 2829 4268 en
2883 4213 2944 4268 de
2998 4211 3476 4278 Nederduistsclte,
3523 4204 3756 4266 Amstcrdll

2274 4309 2438 4377 1710,
2467 4309 2523 4364 4.

2349 4420 2368 4454 t
2407 4401 2562 4458 Edw.
2595 4401 2729 4474 Lye,
2754 4403 3092 4475 grammatica
3134 4404 3382 4474 gothico,
3412 4403 3554 4475 cuius
3578 4401 3621 4454 in
3643 4390 3754 4466 prrit

2272 4495 2417 4552 tione
2454 4496 2740 4552 Sacrorum
2786 4495 3164 4567 evangeliorum
3201 4499 3371 4553 versio
3413 4497 3595 4571 gothico
3624 4487 3752 4544 indm

2270 4597 2356 4644 est
2382 4589 2451 4644 ab
2474 4589 2680 4645 editore
2728 4589 3002 4656 Benzelio,
3032 4588 3234 4645 Oxford
3285 4592 3450 4654 1750.
3473 4589 3506 4643 4
3529 4587 3615 4644 vol.
3640 4599 3676 4654 ρ.
3697 4576 3751 4632 59-

2271 4680 2376 4748 62;
2409 4681 2568 4750 hujus
2596 4682 2957 4752 grammaticae
2982 4683 3339 4739 sommarium
3363 4691 3446 4738 est
3471 4681 3572 4738 0w.
3595 4671 3751 4734 latinia:

2271 4773 2622 4830 Grammatica
2659 4774 3114 4847 (Anglosaxonica
3159 4779 3234 4846 et)
3266 4774 3626 4847 Mesogotlticu,
3657 4764 3750 4829 Cuj'b’

2272 4873 2378 4928 1υω
2395 4873 2501 4929 vol.
2525 4870 2901 4928 Dictionarium
2922 4875 3194 4928 saxonico-
3223 4885 3271 4928 et
3287 4872 3752 4947 gothico-latinam,“-

2271 4975 2420 5022 ctore
2450 4967 2579 5038 Lye,
2605 4967 2866 5034 continet,
2881 4967 2950 5024 ab
2972 4967 3162 5024 eodem
3185 4967 3442 5039 Manning
3462 4954 3749 5030 edit,an

2270 5059 2429 5124 1772,
2460 5061 2495 5114 2
2522 5060 2627 5115 vol.
2657 5060 2750 5116 fol.

2341 5172 2364 5207 s
2401 5153 2492 5210 Fr.
2521 5154 2647 5209 Karl
2690 5153 2895 5222 Fulda,
2927 5153 3268 5224 Ulﬁlanisclte
3318 5135 3748 5227 Spracltlehreﬂni'

2266 5247 2374 5304 vol.
2406 5246 2594 5318 Ulﬁlas
2623 5264 2654 5303 a
2682 5248 2888 5304 Zahnio
2913 5249 3090 5305 editus
3117 5264 3172 5321 p.
3205 5249 3358 5305 1-62.

2343 5362 2363 5396 ι
2399 5341 2446 5398 J.
2481 5342 2709 5410 Grimm,
2735 5340 2988 5397 Deutsche
3015 5338 3624 5410 Grammatik,Gotlingeu
3649 5324 3747 5384 1819.

2263 5434 2329 5489 2³
2354 5436 2510 5500 ediL,
2533 5435 2568 5489 4
2589 5434 2720 5502 vol.;
2751 5436 2875 5490 item
2905 5433 3138 5490 18%2-57
3159 5451 3175 5498 ;
3199 5434 3264 5489 5⁸
3289 5435 3420 5490 edit.
3442 5474 3456 5498 ,
3487 5430 3509 5484 l
3538 5426 3621 5482 vol.
3647 5417 3750 5475 limi

2339 5548 2360 5582 ‹
2401 5530 2475 5586 De
2519 5529 2838 5600 prolationis
2877 5537 2932 5583 et
2975 5527 3265 5583 formarum
3312 5526 3540 5582 doctrina
3565 5509 3747 5573 notandaS

2262 5636 2345 5682 est
2370 5625 2429 5680 F.
2457 5625 2624 5697 Bopp,
2661 5622 3058 5696 Vergleicltende
3099 5620 3436 5688 Grammatilt,
3467 5613 3616 5674 Berlin
3640 5600 3745 5662 1855·

2260 5718 2352 5790 42,
2383 5720 2418 5776 4
2445 5729 2582 5790 part.

2337 5832 2357 5867 ι
2393 5813 2472 5870 De
2499 5813 2878 5885 Monographia
2907 5810 3162 5868 laudandi
3194 5816 3358 5868 sunt:
3708 5876 3718 5890 .

2336 5927 2357 5961 s
2408 5907 2532 5964 Joh.
2583 5923 2688 5962 von
2743 5905 3013 5977 lhre,.De
3064 5904 3224 5959 verbis
3265 5890 3742 5977 Mmogotltomlt‘l“

2263 6001 2570 6072 Bitschingii
2612 5973 2929 6057 collectione
2973 5997 3291 6053 Scrt'utorum
3336 5992 3582 6048 t'ersiossnt
3615 5973 3737 6033 uMls-

3731 6331 3806 6410 ,Δ
