3840 6600
55 371 129 430 897
1368 355 1456 415 DE
1495 351 1899 414 SCRIPTURA.

57 494 205 543 ηαηιει
237 485 446 554 linguam
491 479 905 553 meoegothicam
946 475 1344 542 illustrantium,
1393 471 1572 529 Berlin

58 575 254 641 1773,40
278 574 374 630 vol.
405 588 456 644 p.
494 571 715 628 tto-7t.

113 691 126 719 ι
157 665 394 737 Ejusdem,
424 662 501 717 De
540 662 828 717 nominibus
870 659 1196 717 substantivis
1236 666 1282 714 et
1314 655 1577 728 adjectivis

57 760 448 834 lltrrogotltorum,
485 757 642 824 I769,
675 756 805 813 ibid.
840 770 892 828 p.
920 754 1148 813 221-56.

3165 352 3269 411 898

1757 490 1776 522 ι
1808 469 1930 526 ιλιι».
1951 466 2275 535 Wellmanu,
2296 467 2398 523 Das
2416 467 2692 524 Gothische
2711 467 3270 540 adjectivum,Stettin,

1799 584 1854 618 οο

1799 584 1854 618 οο

1687 565 1794 710 is?
1824 657 1927 713 Ad.
1954 634 2241 724 Ziemaun',
2272 655 2518 712 Gothisch
2557 655 2928 712 hochtleutsclte
2961 653 3275 726 Wortlclue,

1689 749 2086 821 Quedlinburg,
2117 751 2280 808 1854.

60 861 2368 893 ___________________________._.________._

1115 951 1536 1060 CAPUT
1615 945 2173 1050 PRIMUM.

624 1138 783 1224 DE
874 1125 1546 1223 SCRIPTURA
1631 1120 1783 1204 ET
1875 1121 2655 1210 PROLATIONE.

1385 1258 1866 1281 μ*-

1611 1336 1696 1445 Α

1222 1535 1363 1606 DE
1414 1525 2076 1604 SCRIPTURA.

111 1680 226 1752 §l0.
253 1678 470 1737 Gothica
519 1677 697 1749 lingua
748 1673 937 1746 viginti
982 1681 1038 1729 et
1088 1672 1324 1743 quinque
1375 1667 1588 1723 litteras

57 1773 207 1844 (lakes)
231 1775 396 1840 habet,
426 1788 552 1844 qua:
585 1779 882 1842 sequuntur
911 1785 923 1823 :

195 1905 353 1963 ιιι
645 1871 866 1946 .ιϊί
1221 1878 1397 1951 με

188 1985 353 2040 Bb
703 1978 891 2036 illi
1225 1976 1399 2026 8s

192 2078 352 2147 l‘g
713 2071 880 2127 λι
1225 2061 1404 2116 Tt

189 2168 354 2230 Ad
699 2161 897 2216 Mm
1225 2151 1410 2224 Yv

189 2256 357 2314 Ge
699 2251 891 2306 Nn
1234 2241 1409 2316 ιρι

194 2346 359 2420 Uq
701 2341 874 2411 (Ἰιὶ
1223 2333 1407 2389 Χι

192 2437 367 2496 11
705 2434 893 2491 ῐὶιι
1223 2423 1410 2478 0w

192 2529 362 2586 hh
709 2531 892 2589 np
1223 2517 1412 2584 Q0

200 2622 250 2698 ᾧ
331 2619 519 2696 dhlb)

111 2771 126 2804 ι
149 2752 170 2824 §
191 2753 268 2810 il.
285 2752 578 2810 Annotatio
594 2751 615 2807 l
630 2750 1044 2807 .-Adiuventio
1063 2751 1293 2822 gothicae
1311 2753 1595 2824 scriptura:

60 2844 191 2901 Uliilze
229 2846 589 2903 adscribitur:
614 2845 1004 2918 Philostorgius
1048 2845 1226 2919 (Hist.
1269 2847 1393 2901 sccl.
1427 2847 1495 2913 2,
1525 2847 1597 2918 5)

58 2955 146 2996 eum
169 2953 307 2999 vocat
332 2961 355 2999 c
389 2966 409 3000 ε
426 2947 457 3001 ὑ
471 2966 503 3020 ρ
519 2949 662 3004 srvis
690 2945 1007 3023 γραμμάτων
1032 2944 1286 3009 nimim»
1323 2953 1378 2998 et
1401 2945 1596 2998 Socra-

58 3043 118 3088 tes
138 3034 278 3107 (Hist.
301 3037 422 3094 eccl.
441 3039 497 3107 4,
517 3037 617 3110 52)
636 3037 827 3094 asserit
851 3036 994 3108 quod
1022 3053 1042 3087 ε
1070 3039 1350 3116 γράμματα
1371 3038 1437 3110 ἕφ
1449 3057 1471 3091 ι
1484 3043 1515 3091 ῦ
1526 3058 1558 3112 ρ
1571 3057 1592 3091 ι

57 3128 273 3196 Μαάθ
303 3131 437 3200 quod
487 3130 678 3201 plures
721 3130 813 3185 alii
861 3129 1058 3185 deinde
1097 3129 1429 3200 repetierunt
1459 3128 1591 3200 (vid.

58 3213 374 3286 Waitz,Leben
394 3223 483 3277 des
511 3219 707 3291 Ulﬁlas
729 3235 782 3291 p.
805 3219 919 3291 51).
946 3219 1300 3277 Crediderunt
1322 3218 1592 3290 equidem,

61 3322 280 3369 asserente
302 3313 605 3380 lornande,
641 3313 765 3384 quia
807 3311 1098 3382 Bilogineis
1134 3311 1348 3381 scripta:
1388 3311 1597 3366 fuerant

64 3399 160 3466 (Vid.
190 3403 213 3474 §
240 3404 306 3475 6),
338 3406 625 3477 scripturae
651 3413 820 3460 artem
849 3403 1011 3459 etiam
1053 3412 1178 3458 ante
1210 3401 1422 3458 Ulﬁlam
1455 3399 1594 3470 apud

64 3490 222 3549 Gothos
243 3504 409 3552 notam
439 3504 497 3553 et
531 3504 848 3565 usurpatam
897 3492 1092 3559 luisse,
1119 3503 1176 3549 et
1204 3492 1427 3548 eruditis
1459 3491 1598 3547 italis

64 3587 132 3642 vix
155 3591 371 3649 credibile
395 3593 651 3658 videtur,
683 3589 825 3662 quod
853 3590 1048 3659 linguas
1090 3588 1154 3644 iis
1195 3586 1416 3658 pollenti
1461 3585 1600 3642 doti-

66 3680 156 3747 bus,
181 3699 294 3754 qttas
329 3685 382 3742 in
423 3687 543 3742 suis
575 3684 829 3753 operibus
868 3682 1045 3754 prodit
1071 3681 1286 3746 Ullilas,
1334 3679 1616 3750 scriptura.

65 3771 271 3843 defuerit;
311 3779 355 3834 si
396 3788 586 3836 autem
639 3776 755 3832 haec
804 3772 1145 3832 ratiocinatio
1171 3773 1402 3845 legitima
1435 3781 1596 3839 esset,

66 3881 154 3922 cum
189 3871 363 3930 deinde
404 3871 816 3930 Castillionaeus
843 3868 934 3940 (ad
962 3868 1193 3938 Philipp.
1229 3881 1266 3932 t,
1302 3864 1415 3938 18),
1441 3880 1506 3921 ex
1536 3879 1601 3921 eo

68 3960 172 4026 quod
211 3963 400 4034 gothica
449 3965 639 4034 lingua
681 3961 860 4018 futuro
910 3957 1148 4029 indigeat
1195 3965 1252 4014 et
1295 3957 1603 4027 interpretis

69 4052 306 4110 oscitantis;
323 4056 390 4113 de
412 4055 634 4126 passivo
661 4050 1027 4110 convertenda
1052 4051 1279 4105 nimium
1309 4050 1597 4119 relinquat,

70 4151 154 4195 eam
185 4145 349 4202 rudem
387 4147 787 4216 barbaramque
830 4143 1270 4216 improbavisset,
1303 4141 1498 4198 exinde
1527 4141 1603 4196 le-

70 4233 206 4300 gitime
238 4241 474 4298 concludi
523 4248 732 4312 posset,
762 4239 923 4296 etiam
973 4246 1132 4294 actate
1186 4236 1360 4295 Ulllla:
1401 4235 1600 4291 nullam

71 4327 201 4387 adhuc
223 4336 350 4406 apud
389 4336 604 4394 Gothos
655 4333 824 4390 fuisse
873 4333 1216 4404 scripturam.
1270 4330 1376 4387 Sed
1408 4330 1605 4400 princi-

71 4420 198 4495 ρῐιιω,
223 4431 352 4500 quod
394 4429 652 4502 organica
699 4427 966 4483 sermonis
997 4424 1256 4497 perfectio
1281 4439 1312 4479 e
1339 4422 1604 4492 scriptura

73 4518 264 4589 pendeat,
290 4524 434 4581 nullo
465 4521 818 4580 fundamento
845 4519 1036 4574 nititur
1065 4516 1214 4589 (coll.
1248 4514 1335 4571 W.
1370 4514 1600 4571 Grimm.

71 4607 269 4670 Deutsche
310 4616 558 4684 Runnen,
603 4630 661 4686 p.
705 4613 828 4684 45).
880 4609 1198 4668 Econtrario
1246 4606 1485 4665 ostendit
1510 4605 1600 4662 W.

75 4697 307 4765 Gritntnius
337 4725 460 4766 cum
507 4708 678 4766 multa
706 4713 1144 4778 argumentorum
1187 4700 1272 4770 vi,
1298 4701 1408 4771 jam
1436 4699 1490 4754 in
1523 4697 1609 4755 Bi-

74 4791 249 4856 bliorum
287 4803 539 4859 versione
597 4800 746 4856 ideas
793 4797 1075 4864 scribendi,
1125 4793 1354 4867 legendi,
1391 4793 1604 4861 litteris,

74 4883 183 4955 libri,
218 4893 398 4962 plutei,
450 4902 592 4960 etc.,
638 4890 909 4963 indigenis
950 4881 1254 4944 nominibus
1303 4883 1606 4955 designari,

71 4983 150 5040 vid.
171 4987 226 5044 ad
246 4989 272 5062 ς
295 4992 380 5048 18.
401 4990 584 5047 Waitz
604 4988 851 5060 equidem
875 4985 935 5058 (1.
961 4984 1000 5041 l.
1023 4982 1117 5053 55)
1132 4989 1306 5037 artem
1329 4980 1611 5050 scriptura:

70 5076 175 5143 apud
200 5077 390 5138 Gothos
431 5083 546 5153 jam
595 5090 720 5135 ante
763 5076 976 5135 Ulﬂlam
1025 5067 1303 5139 retrofert;
1335 5071 1615 5128 contendit

75 5176 243 5242 autem,
270 5189 371 5230 non
413 5189 510 5230 eas
562 5173 798 5237 litteras,
830 5181 965 5240 quas
1011 5164 1228 5221 induxit
1275 5161 1488 5230 Ulﬁlas,
1520 5161 1614 5218 sed

70 5261 241 5319 runicas
267 5275 388 5322 tunc
414 5265 470 5320 in
498 5278 654 5320 usum
683 5262 878 5328 fuisse;
911 5256 1187 5316 conclusio
1214 5253 1336 5312 sine
1360 5254 1614 5327 scrupulo

67 5357 379 5433 admittenda,
411 5377 472 5422 ut
496 5380 618 5437 qua:
645 5363 948 5435 speciosam
984 5356 1468 5417 contradictionem
1500 5370 1616 5412 mo-

69 5466 394 5520 numentorum
426 5470 556 5520 ante
599 5461 813 5520 Ullliam
860 5459 1182 5530 scriptorum
1203 5496 1220 5524 ,
1253 5463 1309 5512 et
1336 5454 1616 5526 scriptura

70 5546 119 5601 ab
140 5551 277 5613 Ullila
316 5560 646 5627 adinventte,
683 5558 752 5614 de
797 5555 995 5630 quibus
1045 5553 1225 5619 factis,
1258 5550 1515 5607 historice
1538 5551 1617 5606 lo-

69 5645 260 5715 tluendo,
302 5650 430 5705 nihil
477 5659 560 5707 est
587 5651 1006 5707 curdubitemus
1032 5689 1049 5716 ,
1079 5645 1324 5717 apprime
1365 5643 1612 5714 explicet.

128 5753 144 5783 ‹
172 5737 277 5794 iam
301 5756 427 5798 vero
452 5756 520 5798 ex
545 5742 723 5798 tabula
752 5750 918 5812 patet,
941 5739 1183 5813 gothicas
1213 5738 1442 5804 litteras,
1468 5735 1616 5792 nulla

73 5823 159 5882 lere
186 5845 418 5903 excepta,
446 5837 635 5908 graecis
669 5836 955 5907 latinisque
993 5834 1156 5906 plane
1195 5846 1515 5903 congruere,
1545 5829 1618 5888 ita

71 5925 114 5971 ut
140 5923 252 5981 nihil
281 5927 419 5984 aliud
450 5928 634 5987 iecerit
661 5928 870 5996 Ullilas,
901 5927 1004 5986 nisi
1036 5928 1134 5985 has
1159 5927 1391 6001 gothicaz
1419 5927 1615 6000 linguae

1695 1662 2198 1718 accommodaverit.
2245 1661 2341 1717 Hic
2381 1675 2509 1718 vero
2558 1670 2830 1733 quaeretur
2852 1705 2868 1732 ,
2897 1664 3168 1736 plerisque
3195 1681 3286 1738 gos

1697 1751 1822 1808 thici
1863 1753 2133 1823 alphabeti
2176 1752 2368 1809 litteris
2409 1753 2602 1823 graecis
2632 1762 2687 1808 et
2718 1753 2897 1810 latinis
2922 1758 3290 1814 convenientis

1700 1846 2152 1920 bus,quemnam
2202 1849 2393 1906 horum
2440 1850 2849 1920 alphabetorum
2897 1867 3052 1909 suum
3103 1855 3290 1912 Ullilas

1697 1939 1918 1997 fecerit?
1951 1941 2177 1999 Cuinam
2221 1945 2383 2000 etiam
2413 1943 2504 1999 alii
2533 1944 2821 2015 alphabeto
2856 1947 3154 2004 tribuenda:
3181 1948 3291 2005 sint

1699 2050 1779 2092 ea:
1807 2037 2021 2104 litterte,
2045 2054 2164 2109 quae
2199 2040 2314 2096 sive
2345 2038 2514 2094 forma
2547 2038 2661 2094 sive
2700 2040 3090 2110 signiﬁcatione
3116 2041 3292 2098 neutri

1697 2143 1872 2198 graeco
1898 2129 2130 2186 latinove
2155 2131 2490 2202 congruunt?
2511 2130 2610 2186 llic
2625 2130 2944 2201 alpltabetus
2964 2147 3026 2187 ex
3050 2132 3292 2188 omnium

1699 2237 1966 2278 consensu
2018 2224 2234 2280 runicus
2281 2233 2385 2293 est,
2425 2223 2536 2296 jam
2585 2232 2710 2280 ante
2759 2224 3033 2281 ullllanam
3080 2211 3292 2281 aetatem

1698 2317 1837 2388 apud
1863 2317 2068 2374 Gothos
2097 2327 2278 2374 notus.
2299 2318 2485 2387 Quoad
2510 2319 2736 2388 primam
2767 2319 3144 2389 quaestionem,
3165 2317 3291 2375 lltre

1699 2408 1862 2480 (Diu.
1897 2411 1958 2466 de
1989 2411 2104 2465 cod.
2135 2422 2376 2482 argenteo
2412 2423 2460 2468 et
2495 2411 2786 2466 litteratura
2831 2409 3294 2485 Masogothorum)

1697 2511 1750 2556 et
1782 2502 1870 2557 W.
1899 2503 2129 2559 Grimm.
2163 2502 2272 2576 (1.1.
2315 2502 2385 2559 28
2431 2501 2603 2574 sqq.),
2635 2517 2704 2558 ne
2732 2501 3007 2574 gothicum
3037 2502 3294 2572 alphabe-

1700 2600 1810 2646 tum
1841 2607 1872 2647 e
1898 2592 2144 2662 pluribus
2180 2590 2300 2646 aliis
2347 2591 2634 2647 arbitrarie
2675 2599 2958 2663 exceptum
2990 2607 3112 2648 esse
3151 2591 3292 2647 fate-

1699 2689 2167 2749 rentur,asserunt
2193 2696 2318 2740 eum
2348 2682 2592 2752 primitus
2623 2683 2786 2738 fuisse
2807 2683 2914 2752 jam
2936 2691 3062 2739 ante
3087 2682 3293 2740 Ullilam

1699 2787 1767 2828 ex
1795 2774 1984 2830 eodem
2032 2775 2182 2830 fonte
2223 2783 2385 2843 atque
2429 2787 2662 2844 graecum
2691 2782 2746 2828 et
2771 2773 2995 2828 latinum
3021 2771 3293 2828 haustum.

1699 2865 1870 2933 Quam
1914 2874 2102 2921 contra
2152 2864 2473 2920 sententiam
2506 2878 2612 2918 non
2651 2871 2858 2918 tantum
2886 2861 3100 2928 militat,
3129 2862 3294 2932 quod,

1701 2966 1758 3012 ut
1777 2966 1921 3013 certa
1947 2957 2086 3012 fama
2109 2965 2214 3024 est,
2245 2954 2430 3011 Ullilas
2445 2953 2713 3024 gothicam
2737 2952 3054 3022 scripturam
3078 2951 3295 3008 adiuve-

1700 3047 1865 3112 nerit,
1891 3045 1985 3101 sed
2017 3046 2178 3100 etiam
2208 3043 2349 3115 quod
2381 3041 2725 3099 characteres
2773 3042 2874 3112 ipsi
2920 3041 2992 3097 ita
3039 3042 3219 3097 latinis
3241 3049 3296 3096 et

1701 3137 1892 3207 graecis
1942 3134 2299 3200 conveniant,
2343 3141 2404 3188 ut
2450 3132 2515 3186 ad
2568 3133 2841 3203 propriam
2890 3139 2944 3187 et
2994 3131 3295 3186 absolutam

1702 3240 1890 3281 eorum
1918 3223 2146 3280 formam
2188 3223 2426 3294 cogitare
2471 3237 2573 3279 non
2625 3216 2903 3288 liceat;'et
2930 3222 3151 3292 insuper
3177 3223 3296 3293 quis

1702 3325 1788 3373 est
1810 3317 1914 3372 iste
1945 3315 2198 3384 pristinus
2222 3313 2539 3384 alphabetus
2561 3357 2576 3382 ,
2609 3312 2808 3383 gothici
2839 3312 3021 3380 simul,
3052 3313 3214 3383 graeci
3244 3321 3300 3370 et

1700 3409 1849 3466 latini
1881 3408 2113 3480 parcns?
2143 3407 2277 3462 Eum
2326 3405 2577 3476 equidem
2611 3405 2731 3462 lhre
2756 3414 2914 3461 vocat
2952 3405 3296 3477 pelasgicum,

1701 3502 2051 3574 alphabetum
2105 3500 2260 3556 nobis
2314 3499 2535 3555 omnino
2582 3499 2856 3569 ignotum;
2887 3498 2976 3556 W.
3006 3499 3298 3556 Grimmius

1703 3595 1909 3652 nullum
1940 3594 2188 3665 equidem
2238 3591 2411 3660 alfert,
2442 3592 2537 3649 sed
2589 3592 2723 3648 adeo
2753 3592 3184 3664 inexpugnabilis
3212 3601 3299 3650 est

1703 3688 2051 3760 congruentia
2103 3686 2444 3757 gothicarum
2492 3686 2794 3740 litterarum
2841 3700 2962 3740 cum
3015 3686 3208 3756 graecis
3245 3696 3300 3742 et

1703 3781 1904 3850 latinis,
1934 3791 1994 3838 ut
2031 3780 2184 3838 fateri
2214 3791 2430 3836 coactus
2465 3780 2625 3836 fuerit
2654 3780 3082 3851 graeco-latinum
3114 3782 3299 3852 alpha-

1706 3875 1886 3933 betum
1933 3892 1962 3932 c
2011 3885 2262 3932 contacm
2315 3874 2634 3946 populorum
2687 3875 2740 3929 in
2790 3875 3063 3946 gotlticum
3115 3889 3300 3932 rursus

1705 3970 2013 4038 induxisse,
2064 3985 2171 4040 quo
2217 3970 2464 4024 confesso
2527 3967 2754 4039 quaestio
2817 3967 3148 4038 regreditur,
3195 3983 3301 4024 non

1706 4063 1950 4120 solvitur.
2004 4062 2202 4119 Verum
2257 4069 2510 4131 punctum
2568 4062 2792 4132 tetigere
2839 4060 3016 4117 Waitz
3062 4061 3197 4133 (1.1.
3233 4061 3296 4117 51

1706 4155 1852 4228 sqq.)
1882 4164 1936 4211 et
1983 4153 2258 4209 Baumlein
2301 4151 2794 4224 (Untersuchungen
2843 4151 2995 4220 uber,
3046 4159 3174 4219 etc.,
3223 4151 3305 4207 die

1708 4245 2030 4316 Eutsteltung
2076 4243 2165 4298 des
2222 4241 2519 4314 gothischen
2562 4238 2861 4313 Alphabets,
2887 4241 2956 4298 97
3001 4239 3185 4312 sqq.),
3216 4241 3304 4312 qui
3403 4298 3408 4299 ,

1706 4353 1940 4411 graecum
1984 4336 2326 4408 alphabetum
2363 4345 2419 4391 ut
2448 4333 2648 4406 gothici
2697 4342 2880 4406 typum
2931 4333 3148 4400 habent,
3179 4333 3306 4390 licet

1707 4446 1740 4488 e
1762 4430 1925 4486 latino
1942 4439 2017 4498 et,
2039 4429 2190 4484 lateri
2212 4427 2492 4495 debemus,
2516 4427 2709 4482 runico
2739 4426 3000 4498 quosdam
3026 4428 3305 4482 characte-

1709 4539 1796 4581 res
1845 4523 2031 4580 Ullilas
2079 4529 2355 4578 mutuatus
2417 4521 2540 4578 erit.
2594 4521 2667 4574 Ea
2721 4527 2839 4576 erat
2897 4520 3060 4576 etiam
3115 4518 3299 4575 Jacobi

1710 4613 1958 4672 Grimmii
2007 4614 2305 4681 sententia,
2335 4626 2459 4669 cum
2490 4610 2544 4667 in
2581 4611 2900 4683 praefatione
2929 4612 2994 4668 ad
3042 4611 3306 4668 servicam

1711 4706 2115 4778 grammaticam
2162 4705 2325 4762 Wuki
2389 4703 2862 4776 Stephanowitsch
2915 4720 2970 4775 p.
3023 4720 3054 4758 κ
3111 4703 3238 4760 dicit
3292 4721 3306 4760 :

1719 4825 1739 4860 ι
1776 4807 1964 4878 Ul/ilas
1995 4807 2126 4879 legte
2154 4806 2320 4860 seiner
2342 4803 2516 4859 Arbeit
2544 4805 2636 4858 das
2669 4802 2981 4876 griecliische
3020 4802 3129 4857 und
3164 4801 3308 4857 lutei-

1714 4901 1887 4955 m'sclte
1929 4897 2184 4970 Alphabet
2227 4897 2320 4951 mit
2369 4896 2676 4967 Zuziehung
2720 4896 2990 4951 runischer
3019 4897 3142 4950 oder
3179 4895 3308 4949 will-

1715 4989 1968 5046 kurlicher
2005 4988 2224 5045 Zeichen
2276 4989 2365 5057 [ur
2408 4988 2491 5042 die
2530 4986 2812 5042 besondern
2835 4985 2996 5042 Lauta
3021 4984 3309 5058 gothiscltcr

1717 5081 1951 5154 Spraclte
1971 5089 2141 5148 unter,
2163 5099 2182 5132 ι
2206 5079 2260 5135 id
2285 5087 2388 5147 est,
2415 5078 2627 5134 Ullilam
2655 5091 2790 5147 opus
2819 5091 2975 5132 suum
3002 5072 3304 5132 instituisse

1716 5193 1782 5234 ex
1828 5193 2006 5250 graeco
2052 5189 2108 5234 et
2155 5178 2325 5234 latino
2369 5175 2680 5248 alphabeto,
2710 5171 3028 5246 quibusdam
3079 5168 3244 5240 signis
3278 5183 3310 5225 e

1715 5270 1907 5326 runico
1929 5271 2012 5328 vel
2042 5270 2324 5327 arbitrarie
2354 5270 2616 5341 exceptis,
2649 5275 2707 5322 ut
2749 5265 3049 5337 peculiares
3076 5262 3307 5335 gothicte

1715 5363 1912 5436 linguas
1992 5352 2110 5422 soni

1717 5459 1908 5514 doctus
1959 5459 2282 5515 contrariam
2334 5456 2659 5512 sententiam
2719 5465 2971 5511 recenter
3022 5451 3310 5510 admisisse

1718 5553 1949 5623 videtur,
1973 5551 2160 5608 dicens
2182 5550 2464 5622 (Deutsche
2488 5548 2808 5605 Grammatik
2833 5547 2875 5616 l,
2901 5545 2972 5603 25
2996 5545 3081 5621 [5"
3104 5542 3307 5619 edit.]):

1721 5661 1748 5703 s
1781 5643 1847 5701 In
1868 5645 2132 5719 gothische
2149 5642 2400 5715 Alphabet
2424 5642 2525 5696 sint
2545 5639 2857 5712 griechisclte
2875 5640 2985 5694 and
3009 5635 3312 5692 lateirtisclte

1721 5738 2042 5796 Buchslabett
2072 5743 2219 5791 unler
2245 5733 2484 5790 rum'sche
2506 5749 2806 5806 genommen
2839 5730 3043 5794 verden,
3075 5747 3093 5783 ι
3121 5728 3175 5784 id
3205 5733 3310 5796 cst,

1721 5834 1774 5890 in
1807 5829 2023 5901 gothico
2068 5827 2358 5899 alphabeto
2385 5841 2588 5898 grrccas
2617 5835 2672 5883 et
2700 5825 2892 5882 latinas
2938 5825 3143 5881 litteras
3172 5821 3312 5876 inter

1721 5923 1938 5981 runicas
1967 5927 2219 5992 exceptas
2249 5917 2431 5976 fuisse.

2195 5365 2461 5435 scriptura
2539 5368 2982 5433 repraesentaret;
3056 5355 3152 5414 sed
3225 5355 3310 5412 vir
3391 5414 3405 5425 ,
