3840 6630
124 425 239 486 θοι

126 561 273 600 nam
317 545 632 618 Anonymus
656 543 970 601 Valesisnus
1008 543 1152 614 apud
1180 542 1505 602 Muratorem
1528 544 1732 616 (Antig.

119 636 278 692 Ital.
304 637 371 703 11,
399 636 530 710 505)
557 652 810 708 expresse
837 636 1000 692 dicit:
1030 656 1049 690 ί
1089 635 1436 692 Theodericus
1461 635 1738 691 illiteratus

122 739 250 782 aut
279 738 327 783 et
357 730 431 783 sic
459 731 644 784 obruto
670 747 855 797 sensu,
883 738 937 784 ut
967 729 1023 784 in
1061 729 1233 785 decem
1275 745 1439 785 annos
1484 728 1629 802 regni
1655 728 1738 783 sui

124 833 372 892 quatuor
415 823 613 878 litteras
641 823 1029 895 subscriptionis
1056 823 1210 878 edicti
1235 823 1318 878 sui
1342 823 1538 879 discere
1567 821 1737 877 nulla-

124 922 299 968 tenus
341 913 615 984 potuisset,
655 916 720 970 de
763 931 865 984 qua
923 930 978 969 re
1024 915 1183 984 jussit
1231 915 1478 969 laminam
1523 930 1735 969 auream

115 1006 487 1071 interrasilem
543 1007 658 1076 ﬁeri
675 1048 692 1072 ,
734 1015 953 1078 quatuor
1017 1005 1222 1062 litteras
1283 1008 1418 1078 regis
1469 1006 1734 1062 habentem

116 1091 402 1166 T0600,
447 1106 520 1164 ut,
562 1098 607 1155 si
648 1097 966 1155 subscribere
1008 1099 1282 1165 voluisset,
1327 1101 1496 1172 posita
1539 1100 1735 1156 lamina

115 1206 299 1262 super
345 1190 610 1258 chartam,
659 1209 752 1264 per
786 1208 899 1248 eam
954 1210 1122 1264 penna
1167 1195 1475 1262 duceretur,
1518 1205 1566 1249 et
1609 1194 1732 1249 sub-

115 1283 357 1353 scriptio
383 1287 494 1354 ejus
515 1292 718 1339 tantum
743 1285 1016 1341 videretur.
1034 1306 1051 1338 ι
1077 1286 1215 1345 Cum
1239 1298 1416 1343 autem
1447 1287 1531 1342 his
1553 1288 1733 1344 verbis

118 1376 402 1431 asseritur
434 1391 616 1447 regem
649 1387 882 1448 quatuor
921 1389 1123 1436 tantum
1153 1379 1348 1436 litteris
1369 1381 1730 1446 subscribere,

126 1463 376 1523 ἠιθοθ
411 1477 594 1524 autem
635 1470 871 1540 quinque
895 1484 1178 1538 constare,
1210 1471 1475 1528 infelicius
1503 1471 1734 1542 coniecit

135 1557 342 1613 Reiske
361 1560 432 1612 ad
463 1559 735 1617 Constant.
762 1563 826 1617 de
852 1561 1058 1622 ϐίω-ἕντι.
1088 1564 1200 1618 aut.
1231 1565 1490 1635 bysantin.
1517 1581 1570 1635 p.
1605 1564 1730 1631 140,

134 1651 269 1704 edit.
302 1650 472 1722 Lips.,
498 1652 617 1709 loco
642 1655 874 1714 ‘I‘HGOD
895 1656 1101 1728 aliquid
1141 1656 1313 1723 aliud,
1340 1656 1519 1712 forsan
1547 1655 1730 1724 LEGI,

128 1743 450 1814 legendum.
495 1747 630 1805 Hinc
655 1749 812 1805 tactle
852 1749 1077 1807 solvitur
1117 1751 1440 1807 Massmanni
1481 1752 1728 1822 quaestio,

127 1834 316 1891 Skeir.
375 1838 527 1908 praef.
587 1855 640 1910 p.
693 1842 843 1913 x“),
900 1852 1078 1899 utrum
1136 1842 1456 1900 Theoderici
1495 1843 1730 1915 sigillum

71 1947 96 1974 ι
126 1928 466 1996 scripturam
500 1932 770 2002 gothicam
799 1934 1123 1992 contineret.

211 2038 232 2072 ι
264 2004 305 2076 ἰ’
323 2031 377 2076 et
400 2021 418 2076 l
441 2022 496 2077 in
520 2037 588 2079 eo
628 2033 754 2080 sunt
779 2026 1217 2094 discriminanda,
1250 2028 1392 2099 quod
1423 2028 1571 2098 prius
1600 2028 1734 2083 insi-

126 2112 342 2182 piente,
383 2115 648 2182 posterius
687 2117 850 2173 metio
886 2128 943 2174 et
981 2119 1262 2175 desinente
1290 2119 1554 2178 vocabulo
1576 2135 1734 2176 usur-

127 2212 319 2277 patur,
345 2205 453 2261 vid.
479 2207 599 2279 ads
631 2208 714 2264 t7.

210 2319 232 2352 ι
264 2299 325 2368 Ο,
341 2311 428 2356 est
453 2301 497 2357 G
520 2302 852 2360 Latinorum.
897 2304 1174 2361 Librarius
1199 2305 1399 2366 codicis
1423 2307 1732 2364 Viennensis

126 2391 273 2462 (vid.
302 2387 407 2465 σο)
435 2390 484 2462 (ᾖ
503 2404 558 2451 et
589 2407 626 2452 Β
649 2397 814 2454 habet
844 2407 898 2454 et
929 2409 1148 2469 usurpat
1178 2414 1276 2469 pro
1310 2399 1499 2458 eadem
1529 2401 1731 2470 littera,

125 2497 202 2539 ea
245 2496 426 2542 tamen
471 2487 861 2558 discrepantia,
889 2490 1035 2561 quod
1077 2492 1253 2561 prius,
1283 2493 1533 2564 latinum,
1557 2493 1736 2549 debile

129 2580 176 2644 ἰ,
203 2580 499 2648 posterius,
520 2595 776 2652 graecum,
818 2597 1068 2653 asperum
1105 2584 1150 2639 G
1189 2586 1394 2652 valeat;
1435 2587 1651 2656 deinde,
1675 2596 1736 2654 ut

130 2672 498 2741 prolationem
544 2676 880 2745 gothicorum
919 2692 1178 2734 sonorum
1221 2679 1525 2748 ignotorum
1544 2677 1732 2738 'deter:

131 2767 312 2823 minet
341 2813 357 2838 ,
390 2769 650 2826 vocabula
679 2771 908 2841 cognitae
938 2772 1254 2841 prolationis
1280 2775 1437 2830 atfert
1481 2774 1652 2846 genuit
1679 2782 1735 2828 et

131 2863 374 2931 Gabriel,
402 2872 460 2918 ut
485 2864 558 2920 ita
597 2865 779 2922 dicere
820 2867 1102 2924 intendat:
1128 2868 1214 2924 ubi
1256 2868 1486 2924 debilior
1512 2878 1594 2925 est
1616 2883 1736 2939 pro-

129 2953 289 3022 latio,
319 2965 377 3010 ut
403 2957 454 3010 in
486 2958 678 3028 genuit,
702 2959 974 3029 gothicum
1011 2958 1084 3026 G;
1115 2959 1206 3015 ubi
1235 2973 1364 3016 vero
1389 2959 1651 3031 asperior,
1676 2969 1736 3015 ut

132 3050 191 3103 in
223 3046 455 3116 Gabriel,
478 3061 514 3105 Γ
540 3051 845 3108 adhibetur.
874 3053 1076 3110 Eodem
1113 3055 1275 3111 modo
1303 3071 1419 3112 rem
1454 3056 1735 3116 intellexe-

131 3153 265 3197 runt
295 3143 380 3198 Ψ.
405 3142 696 3201 Grimmius
729 3155 786 3201 et
816 3147 1210 3217 Massmannus,
1245 3164 1472 3220 quorum
1503 3150 1651 3220 prior
1677 3151 1731 3206 in

129 3238 422 3293 s'iennensi
461 3237 643 3294 Jahrb.
690 3257 740 3310 p.
787 3243 876 3311 15,
920 3245 1190 3313 posterior
1239 3245 1292 3300 in
1334 3244 1549 3316 Hanptii
1589 3244 1733 3300 Zeit-

128 3333 325 3401 schrift
345 3347 397 3401 τι.
423 3331 551 3400 299,
572 3332 845 3390 afﬁrmant
865 3337 1079 3407 quidem
1112 3339 1215 3395 hoc
1238 3341 1540 3412 exemplum
1560 3342 1734 3413 genuit

128 3424 216 3478 rei
243 3424 447 3479 nullam
469 3424 660 3483 stl‘erre
685 3427 882 3498 lucem,
904 3445 1070 3501 seque
1094 3433 1257 3489 malle
1286 3433 1606 3490 vocabulum
1637 3449 1735 3505 per
1762 3474 1772 3485 .

131 3515 162 3572 J
190 3518 475 3588 incipiens,
510 3531 587 3586 ut,
619 3523 818 3587 lorsan,
833 3525 1074 3596 judaius.
1106 3527 1218 3581 Hoc
1245 3526 1408 3582 etiam
1435 3527 1610 3584 obiter
1648 3527 1731 3583 di-

135 3615 370 3667 cendum
399 3624 503 3680 est,
534 3614 804 3671 itttnierito
833 3617 942 3687 Lye
971 3634 1024 3688 p.
1074 3617 1315 3685 XXXIX,
1343 3619 1394 3684 [ᾗ
1432 3635 1530 3690 pro
1553 3635 1734 3692 graeco

133 3727 150 3758 t
181 3706 463 3776 accepisse
493 3707 646 3775 ideo,
673 3710 815 3780 quod
853 3711 1002 3780 goth.
1025 3711 1324 3784 isltarjotes,
1355 3729 1534 3784 graeco
1575 3715 1735 3772 ἰσκαο

125 3804 327 3875 pidum;
352 3802 729 3870 responderet;
750 3813 806 3858 et
836 3804 954 3860 lhre
978 3822 1027 3875 p.
1052 3804 1160 3862 202
1189 3807 1342 3876 (edit.
1370 3809 1592 3879 Bitsch.)
1607 3823 1730 3865 cum

126 3894 244 3948 ’eni
266 3893 540 3950 sibilantis
569 3910 704 3952 sono
732 3897 861 3952 illud
889 3899 1264 3969 proferendum
1286 3903 1607 3968 asseruisse,
1639 3902 1732 3974 qui

124 3990 384 4046 eruditus
421 3992 502 4047 vir
553 3990 610 4048 in
655 3993 760 4050 hoc
801 3994 1140 4066 conjiciendo
1179 3999 1206 4064 ξ
1246 3998 1492 4055 eamdem
1538 4000 1732 4056 sedem

123 4097 408 4154 occupans
439 4085 490 4141 in
518 4084 804 4157 aipbabeto
825 4103 1003 4159 graeco
1023 4099 1182 4161 atque
1203 4091 1260 4157 (Σ,
1283 4091 1336 4146 in
1364 4091 1580 4163 gothico
1606 4102 1733 4148 ante

121 4177 326 4232 oculos
345 4176 710 4235 verisimiliter
739 4180 942 4237 habuit.

209 4312 234 4345 s
259 4293 340 4361 II,
363 4294 410 4352 si
440 4309 469 4349 e
491 4295 654 4350 latino
680 4311 713 4348 η
735 4310 839 4351 non
862 4297 1165 4369 deducitur,
1184 4303 1623 4373 propriumfesset
1640 4320 1736 4376 go-

123 4388 263 4445 thici
310 4391 575 4464 alphabeti
613 4394 852 4472 signum;
878 4395 972 4452 sed
995 4377 1152 4452 nemo
1175 4412 1305 4455 sane
1322 4415 1516 4470 negare
1532 4411 1729 4472 potest,

121 4479 237 4537 hoc
266 4484 457 4540 rnnico
489 4483 565 4540 Ur
595 4459 741 4559 (ΓΙ)
771 4488 1000 4544 similius
1037 4505 1182 4566 esse,
1215 4507 1371 4564 quam
1397 4505 1456 4548 ut
1484 4511 1648 4551 unum
1679 4505 1735 4551 et

120 4573 283 4629 idem
336 4590 440 4631 nor.
480 4587 772 4648 asseratur,
818 4581 1182 4649 praeeuntibus
1221 4581 1332 4654 Lyc
1377 4601 1430 4654 p.
1479 4583 1730 4654 XXXIX,

123 4664 426 4733 Grimmio,
455 4667 640 4723 Runen
672 4670 763 4740 45,
800 4681 852 4726 et
902 4671 1150 4746 Waitaio,
1185 4675 1224 4730 l.
1268 4675 1306 4731 l.
1340 4677 1431 4732 52.
1461 4676 1733 4735 Caeterum

123 4754 307 4812 altera
346 4759 577 4828 prolatio
609 4776 770 4819 causa
803 4771 904 4829 est,
949 4781 1046 4820 cur
1086 4745 1515 4846 gnsco-latinum
1548 4771 1593 4827 Ο
1633 4788 1732 4844 pro

127 4861 275 4903 sono
310 4865 342 4901 ιι
373 4864 479 4904 non
513 4852 684 4906 electa
716 4854 814 4909 fuit
840 4871 854 4908 :
887 4853 1057 4912 forma
1083 4859 1228 4920 enim
1255 4859 1423 4916 latina
1448 4861 1491 4917 U
1515 4877 1616 4933 pro
1637 4879 1734 4920 vo-

127 4940 237 4997 cali
260 4953 516 5016 usurpata
534 4946 769 5002 nondum
794 4963 822 5003 a
846 4955 1158 5006 consonanti
1179 4953 1218 5007 ν
1232 4953 1728 5014 discriminabatur.

211 5054 232 5087 ‹
271 5039 316 5094 8
340 5052 439 5108 pro
472 5054 571 5095 sua
609 5041 830 5111 pristina
865 5043 1035 5100 forma
1065 5045 1288 5124 latinum
1322 5059 1448 5118 est;
1482 5049 1652 5107 forma
1684 5039 1734 5136 ί

126 5130 385 5200 proxime
414 5134 676 5190 accedens
705 5135 772 5190 ad
801 5150 1044 5207 graecum
1068 5137 1132 5207 C,
1175 5140 1229 5196 in
1273 5144 1564 5200 recentiori
1592 5130 1731 5200 scri-

127 5233 294 5295 ptura
338 5225 403 5281 ad
451 5230 719 5300 cursivam
767 5230 1147 5316 propinquanti
1196 5236 1428 5306 primum
1473 5239 1730 5310 occurrit,

131 5313 252 5372 vid.
280 5313 885 5386 Massmannum,Skeir.
911 5327 982 5398 Χ,
1001 5326 1092 5383 ubi
1117 5328 1277 5386 etiam
1310 5331 1628 5403 angulosum
1660 5329 1730 5402 Ε,

131 5408 250 5484 vid.
283 5412 582 5478 viennense
606 5412 790 5472 Jahrb.
829 5419 880 5475 9.

216 5542 238 5580 ι
272 5520 320 5600 γ
356 5541 438 5598 est
467 5543 642 5600 neque
670 5532 1144 5610 anglosaitonicum
1177 5535 1216 5606 ι)
1247 5537 1382 5612 (Lye
1411 5538 1547 5612 XL),
1577 5541 1732 5614 cujus

135 5633 168 5675 ι
200 5616 374 5686 forma
403 5621 559 5692 longe
579 5623 779 5692 diliert,
801 5642 975 5700 neque
997 5631 1244 5687 runicum
1274 5632 1522 5702 (Grimm.
1547 5633 1732 5692 Runen

136 5715 258 5788 ιι),
271 5716 608 5788 sedgrtecnm
626 5718 664 5774 Υ
680 5719 932 5792 (Gritntn.
949 5719 1130 5780 Gram.
1145 5725 1186 5792 l,
1201 5725 1292 5792 42,
1308 5725 1398 5794 57;
1415 5726 1727 5800 Waitz.59.).

219 5829 239 5863 s
281 5810 322 5885 tt
347 5820 433 5868 est
471 5812 780 5871 Latinorum
819 5816 898 5884 F;
940 5817 1235 5878 Grimmius
1262 5819 1480 5890 quidem
1520 5819 1733 5892 (Runen

138 5903 234 5973 ll)
269 5905 368 5958 hoc
399 5903 557 5961 habet
593 5915 842 5980 tanquam
873 5910 1139 5983 digamma
1172 5911 1418 5969 aeolicum
1445 5930 1459 5972 ;
1504 5913 1598 5970 sed
1630 5913 1730 5970 ob-

139 6004 270 6064 Stat,
298 5996 441 6068 quod
474 5998 616 6055 istud
646 6001 804 6059 aliam
831 6013 991 6076 atque
1015 6005 1290 6077 gothicum
1324 6011 1350 6076 ί
1377 6008 1568 6066 habeat
1599 6023 1727 6080 pro-

37 6452 1782 6552 —-—-’—

1556 421 1646 483 DE
1679 419 2071 486 SBIIPTURA

3324 427 3430 488 902

1839 541 2117 604 lationem,
2163 552 2322 610 quam
2357 539 2576 600 aliunde
2625 540 2773 598 novit
2819 541 3026 610 Ulﬁlas,
3061 557 3092 598 υ
3137 557 3428 614 usurpans,

1836 631 2034 702 ubique
2058 630 2316 690 vocabula
2339 647 2517 702 grreca
2533 631 2859 704 digammate
2879 634 3199 704 proferenda
3221 648 3426 700 essent.

1837 722 1896 780 Si
1919 732 2102 781 autem
2129 723 2316 782 Uliilas
2340 725 2544 788 nullum
2571 725 2784 797 signum
2811 726 2980 782 latino
2998 728 3286 798 alphabeto
3310 747 3430 788 mu-

1833 822 2014 874 tuatus
2038 825 2206 885 esset,
2238 815 2512 887 gotlticum
2542 816 2586 890 μ
2612 827 2671 874 ιιι
2696 818 2944 883 rnnicum
2965 812 3017 894 Υ
3037 833 3105 874 eo
3133 820 3306 889 magis
3333 819 3430 884 Ita-

1831 905 2070 976 beretur,
2095 907 2239 977 quod
2266 908 2447 976 lateat,
2477 923 2572 974 cur
2589 923 2827 982 graecum
2853 921 2888 970 stt
2912 925 3008 981 pro
3025 927 3163 970 sono
3187 911 3226 966 [δ
3247 911 3430 983 potius

1831 1017 1940 1060 non
1981 1003 2220 1074 elegerit,
2265 1020 2386 1062 cum
2423 1019 2589 1074 arae.
2633 1029 2667 1076 φ
2705 1020 2920 1074 semper
2954 1006 3057 1063 hoc
3087 1007 3240 1076 signo
3272 1015 3425 1064 tran-

1828 1094 2056 1162 scribat,
2083 1111 2174 1152 ex.
2205 1111 2288 1166 gr.
2313 1111 2332 1152 ι
2354 1094 2618 1169 Filippus,
2640 1099 2913 1165 Φίλιπποςς
2937 1097 3212 1171 Fygailus,
3243 1101 3428 1174 θύγιλ-

1828 1186 1943 1254 λος
1977 1186 2237 1256 Εἱιεηιοιι,
2262 1190 2532 1261 multo»;
2564 1189 2785 1262 Nymfa,
2817 1198 3018 1266 Νυμφᾶ,
3047 1203 3154 1249 etc.

1907 1298 1925 1330 ι
1964 1276 2007 1331 Θ
2031 1279 2184 1335 Licet
2214 1279 2268 1335 in
2297 1296 2364 1337 eo
2393 1296 2584 1337 omnes
2610 1283 2973 1349 consentiant,
3003 1285 3148 1355 quod
3177 1284 3244 1341 ad
3278 1285 3428 1357 igno-

1831 1377 1944 1426 tum
1991 1371 2336 1442 alphabetum
2383 1373 2488 1430 hoc
2523 1372 2736 1445 signum
2763 1376 3051 1445 pertineat,
3082 1385 3139 1432 et
3169 1376 3427 1436 Wailzius

1829 1462 2020 1522 saltem
2033 1474 2243 1521 asserat
2263 1465 2366 1522 hoc
2389 1480 2495 1522 non
2525 1481 2644 1522 esse
2667 1483 2928 1538 graecum,
2960 1484 3082 1524 cum
3110 1479 3288 1528 tamen
3310 1469 3424 1540 jam

1830 1567 2170 1626 perspectum
2195 1557 2502 1627 habuimus,
2522 1559 2737 1624 Ultllam
2760 1576 2964 1632 graecas
2987 1563 3426 1634 Iitteras,quilttts

1829 1648 1884 1703 in
1915 1663 2011 1704 sua
2041 1649 2220 1721 lingua
2243 1651 2422 1706 nullus
2441 1666 2610 1708 sonus
2636 1654 3016 1724 respondebat,
3043 1655 3110 1714 ad
3135 1655 3423 1724 designan-

1828 1739 1928 1798 dos
1969 1743 2106 1800 alios
2147 1757 2314 1802 sonos
2361 1745 2578 1815 gothico
2618 1748 2857 1804 sermoni
2910 1749 3157 1817 proprios
3201 1761 3425 1817 usurpas

1828 1833 1992 1901 visse,
2011 1834 2143 1890 nihil
2156 1835 2354 1905 obstat,
2377 1839 2504 1908 quin
2524 1837 2766 1894 dicamus
2783 1837 2827 1892 Θ
2857 1837 3154 1902 Gothorum
3171 1855 3277 1898 non
3298 1854 3423 1911 pro-

1827 1929 2005 1996 prium
2033 1942 2157 1988 esse
2191 1929 2424 2001 signum,
2470 1931 2568 1988 sed
2605 1933 2972 1992 tantummodo
3009 1945 3048 1990 Θ
3079 1932 3415 1992 Grecorum.

1827 2015 2002 2074 Nemo
2038 2019 2259 2091 insuper
2285 2036 2393 2078 non
2419 2021 2586 2091 videt,
2618 2025 2760 2095 quod
2792 2024 2980 2086 Ulﬁlas
3021 2025 3073 2085 in
3101 2040 3202 2084 suo
3231 2026 3422 2096 alpha-

1827 2109 1954 2170 beto
1991 2129 2167 2184 graeca
2198 2126 2242 2173 γ
2267 2125 2322 2172 et
2361 2126 2403 2174 Θ
2441 2117 2829 2187 intervenerit,
2873 2118 2927 2174 id
2955 2129 3061 2188 est,
3088 2119 3236 2190 goth.
3269 2118 3331 2192 ῴ
3366 2121 3423 2177 iu

1830 2207 2006 2265 locum
2053 2223 2218 2280 graec.
2269 2220 2312 2267 Θ
2347 2220 2401 2268 et
2443 2212 2595 2283 goth.
2631 2211 2676 2268 θ
2723 2213 2778 2269 in
2816 2213 2992 2270 locum
3031 2228 3194 2285 «τωο.
3223 2225 3266 2269 γ
3294 2213 3422 2270 sub-

1833 2300 2052 2359 diderit.

1906 2412 1924 2450 ι
1957 2393 2037 2460 ﬂ,
2052 2401 2275 2452 auctore
2291 2394 2382 2450 w.
2397 2392 2663 2452 Gritnmio
2681 2395 2892 2460 (Runen
2907 2397 3025 2468 43),
3047 2394 3289 2454 runicum
3307 2404 3420 2462 est;

1828 2485 1924 2542 sed
1953 2487 2058 2542 hoc
2081 2488 2131 2561 ςζ
2151 2488 2319 2560 (redit)
2349 2488 2554 2545 codicis
2585 2489 2893 2546 viennensis
2920 2487 3159 2560 (Wiener
3185 2486 3421 2559 Jahrb),

1830 2579 2083 2649 pertinet,
2112 2582 2324 2648 utalia,
2347 2582 2416 2637 ad
2444 2583 2768 2653 scripturam
2793 2584 3012 2639 lineolis
3037 2583 3419 2651 luxuriantem,

1828 2687 1949 2741 qua
1987 2682 2045 2728 ut
2085 2679 2366 2745 exemplar
2407 2677 2635 2746 proponi
2676 2676 2890 2747 nequit;
2939 2675 3161 2732 aliunde
3199 2675 3420 2733 danicus

1829 2779 1996 2822 sonus
2015 2765 2126 2839 (θ)
2143 2768 2358 2838 gotbico
2383 2772 2460 2840 (ὅ)
2489 2770 2715 2826 minime
2741 2774 3023 2841 congruit;
3056 2771 3102 2837 Ω
3124 2772 3306 2844 igitur,
3339 2772 3421 2827 in-

1829 2859 2119 2916 nuentibns
2158 2862 2268 2934 Lye
2309 2862 2553 2930 XXXIX,
2585 2875 2639 2920 et
2666 2864 2898 2922 Waitaio
2932 2867 3020 2931 62,
3060 2876 3142 2921 est
3173 2867 3350 2935 potius
3377 2879 3422 2924 ιλ

1829 2951 2164 3011 Grecorum.
2225 2957 2268 3011 0
2312 2957 2435 3014 huic
2483 2959 2639 3029 signo
2682 2959 2902 3014 omnino
2951 2959 3130 3014 simile
3186 2959 3422 3020 occurrit

1828 3046 1990 3099 etiam
2049 3046 2102 3100 in
2145 3045 2503 3118 inscriptione
2549 3049 2866 3106 adumbrata
2917 3049 3058 3122 apud
3107 3048 3418 3122 Grotefend,

1827 3135 2094 3193 Attilalien
2122 3138 2188 3208 v,
2221 3140 2331 3196 tab.
2367 3139 2431 3208 ιι,
2459 3142 2515 3196 t.
2547 3161 2567 3195 ι

1824 3300 1837 3312 .
1903 3249 1925 3284 ι
1960 3231 1988 3304 §
2017 3234 2107 3288 15.
2137 3232 2431 3290 Annotatio
2457 3235 2587 3290 5.-
2602 3233 2696 3290 His
2726 3235 2916 3305 viginti
2943 3244 2996 3291 et
3017 3236 3253 3307 quinque
3282 3235 3421 3291 litte-

1827 3324 1907 3381 ris
1935 3325 2201 3382 addantur
2223 3327 2331 3384 duo
2357 3330 2677 3398 episemata,
2706 3329 2918 3385 scilicet
2945 3347 2956 3383 :

1905 3434 1926 3470 s
1966 3415 2021 3489 1)
2051 3415 2100 3491 ιι
2125 3418 2383 3486 Quamvis
2417 3419 2519 3475 hoc
2545 3420 2755 3490 signum
2799 3434 3064 3490 nusquam
3116 3428 3174 3474 ut
3215 3419 3417 3487 littera,

1828 3505 1928 3564 sed
1959 3514 2164 3563 tantum
2187 3518 2246 3566 ut
2281 3509 2413 3566 citra
2435 3509 2489 3566 in
2513 3510 2708 3570 codice
2733 3521 2989 3581 argenteo
3017 3520 3294 3582 appareat,
3319 3513 3423 3567 hoc.

1829 3610 2009 3661 tamen
2037 3604 2158 3662 Ibre
2185 3605 2263 3676 (p.
2294 3605 2402 3663 305
2419 3606 2553 3662 edit.
2581 3606 2782 3677 Biusch)
2807 3606 2972 3662 habet
2995 3616 3052 3662 ut
3072 3621 3198 3662 vera
3220 3605 3419 3674 littera,

1829 3711 2012 3768 quam,
2056 3697 2510 3768 quemadmodum
2547 3698 2760 3754 .russico
2798 3697 3096 3758 cbaracteri
3133 3695 3213 3752 tslt
3256 3695 3420 3768 (tsch;

1829 3786 2026 3842 valenti
2048 3786 2218 3842 forma
2245 3787 2518 3856 convenit,
2547 3787 2620 3843 ita
2639 3795 2696 3844 et
2723 3789 2960 3857 potentia
2983 3787 3274 3844 convenire
3291 3801 3427 3843 con.

1829 3881 2020 3936 tendit.
2049 3881 2158 3938 Sed
2187 3893 2376 3938 contra
2408 3882 2621 3950 militat,
2649 3883 2794 3952 quod
2817 3897 3093 3953 imisquam
3120 3881 3304 3939 Ulﬁlas
3325 3881 3420 3940 du-

1830 3974 2024 4043 plicem
2055 3988 2248 4032 sonum
2284 3977 2442 4029 unico
2473 3975 2629 4045 signo
2665 3973 2982 4040 reddiderit,
3012 3983 3068 4030 et
3093 3975 3144 4029 in
3187 3983 3294 4029 tota
3325 3979 3422 4045 go-

1831 4065 1972 4122 thica
2004 4067 2269 4137 scriptura
2301 4068 2636 4138 compositus
2665 4081 2831 4122 sonus
2853 4067 2931 4122 tsk
2961 4083 3223 4139 nusquam
3253 4083 3420 4140 appa-

1829 4167 1966 4214 reat.
1997 4159 2168 4228 Quam
2204 4159 2566 4230 conjecturam
2599 4160 2738 4216 Ihrei
2771 4161 2896 4216 licet
2919 4161 3030 4232 jam
3071 4177 3101 4217 a
3129 4162 3336 4217 Zahnio
3367 4162 3420 4218 in

1831 4252 2274 4326 annotationibus
2334 4252 2402 4307 ad
2462 4253 2734 4328 gothicutq
2790 4253 3133 4324 alphabetum
3196 4252 3421 4326 gothicat

1829 4345 2198 4413 grammaticae
2235 4343 2420 4399 Fuldae
2451 4346 2752 4416 praepositis
2785 4355 2843 4400 ut
2871 4362 3078 4402 merum
3109 4347 3420 4418 figmentum

1831 4433 2132 4504 explosam,
2168 4436 2236 4495 de
2267 4450 2442 4503 novo,
2473 4437 2581 4492 alio
2609 4447 2788 4493 tamen
2814 4437 2976 4494 modo
3002 4441 3294 4510 exagitavit
3332 4438 3421 4495 W.

1832 4523 2124 4580 Grimmius
2149 4525 2348 4598 (Wien.
2379 4527 2563 4582 Jahrb.
2601 4544 2651 4598 p.
2680 4530 2828 4602 7),in
2856 4530 2956 4586 hoc
2980 4532 3134 4604 signo
3162 4533 3417 4600 litteram,

1831 4625 1887 4672 et
1910 4619 2130 4689 quidem
2163 4621 2231 4675 dli
2264 4623 2529 4678 valentem
2559 4621 2754 4678 iterum
2786 4640 3084 4696 agnoscens
3110 4644 3126 4692 ;
3175 4629 3270 4696 sed
3300 4629 3422 4686 huic

1831 4724 1966 4767 sono
1992 4711 2281 4784 respondet
2304 4713 2382 4786 ῲ,
2413 4723 2468 4769 ιιι
2497 4713 2631 4770 infra
2673 4715 2728 4788 (ἓ
2761 4715 2853 4788 50)
2881 4717 3213 4775 ostendetur.
3243 4717 3422 4792 Neque

1832 4805 2033 4862 Jacobo
2074 4807 2334 4871 Grimmio
2379 4808 2580 4881 (Wien.
2622 4809 2810 4868 Jahrb.
2859 4827 2914 4882 p.
2946 4814 3040 4884 40)
3083 4815 3420 4886 displicebat,

1834 4911 1872 4972 ιι
1908 4899 2138 4970 litteram
2167 4915 2309 4967 esse,
2351 4901 2580 4972 negabat
2608 4913 2786 4968 autem
2817 4904 2900 4960 vir
2926 4903 3014 4962 ille
3045 4895 3258 4975 doctus,
3279 4910 3422 4980 quod

1831 4995 1900 5049 ad
1931 4995 2204 5063 gothicum
2234 4995 2577 5065 alphabetum
2607 4997 2725 5070 Ιιωᾳ
2751 4997 2925 5053 littera
2966 5000 3269 5056 necessario
3298 5017 3420 5072 per-

1835 5087 2052 5154 tineret,
2086 5102 2204 5143 eam
2235 5087 2547 5146 adscribens
2576 5089 2642 5145 ad
2693 5090 3035 5160 alphabetum
3084 5108 3149 5146 ex
3196 5107 3303 5162 quo
3330 5093 3420 5153 ille

1834 5178 2149 5250 prodierat;
2180 5181 2390 5236 confert
2417 5181 2667 5250 equidem
2694 5181 2980 5248 slavicum;
3008 5183 3144 5237 hanc
3173 5198 3302 5239 vero
3334 5184 3420 5241 lit-

1834 5277 2003 5326 teram
2037 5283 2144 5324 non
2171 5283 2296 5326 esse
2325 5269 2619 5338 dentalem,
2640 5270 2735 5326 sed
2763 5271 3086 5341 gutturalem
3121 5274 3417 5332 contendit.

1833 5362 2117 5436 Utcunque
2143 5376 2204 5419 se
2226 5361 2424 5419 habent
2449 5363 2571 5432 ista,
2600 5362 2813 5435 signum
2839 5364 2906 5418 de
2931 5379 3038 5436 quo
3061 5379 3200 5437 nunc
3226 5365 3421 5440 agitur,

1833 5471 1941 5513 non
1972 5465 2056 5512 est
2086 5454 2297 5526 gothica
2329 5454 2536 5524 littera,
2573 5453 2668 5512 sed
2701 5441 2905 5512 tantum
2937 5447 3231 5534 numeratis
3271 5468 3422 5528 nota,

1831 5546 1902 5603 90
1930 5549 2133 5616 valens,
2166 5545 2342 5617 koppa
2370 5545 2700 5614 Graecorum,
2733 5546 2840 5603 vid.
2873 5546 3196 5616 Schneider,
3235 5547 3422 5606 Form-

1833 5641 1972 5695 lehre
2003 5640 2041 5707 I,
2075 5638 2212 5705 522;
2236 5633 2454 5693 Matthia
2478 5637 2686 5693 Grieclt.
2716 5637 2894 5708 Gram.
2925 5639 3082 5707 I32;
3111 5640 3421 5714 Buttmann,

1833 5731 2038 5789 Griech.
2069 5733 2249 5788 Gram.
2275 5732 2318 5803 1,
2352 5732 2439 5787 12.
2469 5731 2599 5793 Inde
2625 5732 2713 5788 W.
2738 5733 3030 5791 Grimmius
3049 5726 3225 5808 gra'co
3249 5735 3423 5810 ltoppa

1833 5825 2104 5905 gothicum
2120 5831 2168 5877 n
2189 5823 2453 5880 infelicius
2467 5823 2798 5895 assimilavit,
2812 5827 2953 5899 quod
2971 5817 3135 5884 latino
3157 5849 3185 5897 q
3209 5833 3424 5906 proprie

1834 5903 2146 5988 respondet.
2199 5917 2274 5974 De
2307 5924 2505 5973 caetero
2532 5926 2580 5973 ιι
2614 5925 2668 5973 et
2707 5927 2744 5991 ι)
2773 5919 2960 5976 eodem
3002 5922 3160 5976 modo
3193 5903 3333 5975 inter
3362 5935 3421 5977 su

1833 6012 2154 6084 convenire,
2183 6020 2344 6084 atque
2371 6030 2602 6086 graecum
2635 6011 2805 6085 kappa
2838 6022 2893 6072 et
2929 6015 3116 6087 koppa,
3148 6029 3304 6071 nemo
3337 6025 3421 6075 est
