3840 6594
53 459 160 516 905

54 585 236 632 nrum
278 571 464 631 earum
502 552 730 628 ordinem
770 566 825 624 in
868 562 1153 637 alphabeto
1198 557 1361 618 etiam
1410 557 1644 622 indicat;

53 673 144 746 qui
175 671 316 729 ordo
342 671 482 728 idem
513 684 573 726 se
601 668 781 733 habet,
812 665 867 721 in
897 655 1004 736 quo
1044 661 1239 718 littera:
1276 658 1302 730 §
1331 657 1399 712 10
1429 655 1650 711 fuerunt

54 770 360 826 instructae.
403 767 529 822 Haec
579 777 739 836 porro
782 758 1055 816 instructio
1091 753 1357 826 reperitur
1382 751 1434 807 in
1466 749 1653 821 alpha-

56 864 182 921 beto
201 862 452 918 vaticano
479 860 623 915 dicto
648 857 675 929 ᾗ
704 855 794 922 14,
823 855 877 909 in
906 851 1010 907 alio
1036 847 1322 920 alphabeto
1347 842 1654 900 viennensis

56 958 263 1017 codicis
284 956 354 1014 N‘
386 956 512 1024 140,
539 953 634 1010 fol.
665 949 768 1008 20"
817 947 1022 1022 (Wien.
1049 943 1232 1002 Jahrb.
1262 941 1295 1017 5
1321 941 1450 1012 sq.),
1475 945 1531 996 et
1555 937 1658 994 ibi-

58 1056 181 1112 dem
199 1054 356 1125 juxta
377 1051 620 1108 runicum
643 1045 988 1119 alphabetum
1011 1041 1224 1115 gotbice
1254 1037 1535 1110 scriptum,
1567 1035 1658 1106 qui

60 1161 245 1207 tamen
269 1146 492 1204 ulterius
514 1159 671 1216 quam
697 1160 729 1197 u
751 1157 856 1197 non
880 1137 1222 1213 progreditur
1243 1133 1444 1210 (Wien.
1469 1131 1658 1187 Jahrb.

61 1242 89 1298 1
122 1241 273 1314 sq.);
303 1240 493 1297 eodem
526 1229 714 1295 ordine
740 1234 865 1290 lhre
907 1233 962 1289 in
1006 1230 1184 1288 tabula
1211 1228 1278 1285 ad
1311 1244 1366 1300 p.
1397 1225 1503 1284 200
1528 1225 1658 1282 edit.

62 1333 264 1390 Biusch.
281 1331 520 1405 gotbicas
535 1331 739 1386 litteras
754 1325 1026 1384 instruxit.
1041 1322 1121 1379 Ad
1136 1337 1378 1378 normam
1391 1320 1660 1392 alphabeti

63 1425 238 1493 latini,
271 1439 430 1496 quem
459 1422 635 1479 serius
662 1421 716 1478 in
738 1418 1107 1492 septentrione
1131 1418 1292 1474 etiam
1317 1413 1509 1471 imitati
1539 1422 1666 1469 sunt

67 1519 119 1574 in
158 1515 465 1573 ordinando
505 1513 715 1579 runico,
751 1514 1044 1569 instructus
1082 1520 1165 1565 est
1198 1509 1445 1581 gothicus
1473 1506 1665 1578 alpha-

73 1611 223 1666 betus
256 1611 309 1664 in
339 1609 444 1664 alia
491 1606 801 1663 Viennensis
844 1605 1048 1662 codicis
1077 1603 1218 1660 serie
1249 1620 1265 1659 :
1298 1601 1366 1674 ᾈ,
1397 1604 1458 1670 Β,
1491 1599 1555 1670 I‘,
1587 1599 1664 1668 Ᾱ,

71 1699 134 1768 e,
177 1701 236 1776 μ,
278 1699 351 1769 e,
389 1699 454 1770 h,
492 1683 546 1769 '1',
583 1699 650 1766 κ,
689 1697 762 1769 λ,
807 1697 890 1766 rt,
928 1697 1006 1765 Ν,
1044 1694 1116 1766 n,
1162 1696 1238 1762 Π,
1291 1695 1360 1763 u,
1401 1695 1465 1769 β,
1509 1692 1566 1759 s,
1598 1691 1664 1760 τ,

69 1790 128 1866 't'.
183 1793 258 1862 Ω,
309 1791 383 1862 Χ,
441 1794 532 1861 7.,
583 1791 649 1859 Θ,
704 1789 800 1864 tl);
853 1806 978 1846 cum
1031 1789 1224 1844 littera:
1264 1785 1390 1845 Oet
1427 1787 1488 1860 ῴ
1519 1787 1668 1858 igno-

65 1897 132 1943 ta:
163 1887 393 1960 originis
435 1887 656 1944 librario
699 1895 902 1956 essent,
947 1885 1012 1941 ad
1056 1887 1220 1941 linem
1257 1884 1324 1940 ab
1354 1899 1420 1940 eo
1449 1882 1666 1954 rejects:

63 1992 219 2048 sunt;
253 1980 432 2053 quoad
455 1982 535 2050 Ω,
567 1989 626 2036 ut
664 1996 707 2034 w
745 1979 986 2036 habitum
1016 1994 1137 2036 esse
1166 1978 1398 2034 videtur.
1428 1977 1672 2034 Arbitra-

62 2074 142 2130 rie
169 2073 242 2130 ab
266 2071 516 2131 llickesio
542 2091 598 2146 ι).
634 2075 658 2130 1
691 2072 933 2130 ordinata
969 2082 1096 2129 sunt
1125 2073 1274 2144 signa
1317 2071 1505 2127 Gethis
1547 2087 1670 2142 pro-

66 2173 225 2241 pria:
282 2179 346 2233 tt,
389 2171 458 2235 Β,
492 2175 552 2235 Γ,
588 2173 658 2230 δ,
699 2162 764 2230 Θ,
803 2162 866 2244 Ρ,
907 2161 978 2230 (ἦ,
1011 2165 1084 2233 h,
1114 2165 1179 2237 ἶ,
1215 2161 1291 2230 lt,
1335 2165 1416 2236 λ,
1455 2164 1664 2236 D1,”,

62 2269 127 2332 Ω.
171 2269 266 2334 Π,
314 2266 378 2334 Θ,
428 2266 502 2332 lt,
548 2269 614 2330 S,
665 2262 729 2330 Τ,
771 2262 853 2336 ᾧ,
892 2261 976 2326 n,’
1010 2263 1086 2333 υ,
1125 2265 1188 2339 γ,
1238 2263 1331 2334 Χ,
1385 2278 1468 2335 7,,
1508 2277 1664 2332 quem

66 2359 323 2412 ordinem
353 2356 589 2412 assecuti
618 2363 745 2412 sunt
773 2356 934 2412 etiam
955 2354 1086 2427 Lye,
1106 2371 1162 2428 p.
1198 2357 1418 2412 XXXIX
1443 2366 1495 2411 et
1521 2355 1672 2411 Zahn

66 2449 135 2505 ad
163 2449 402 2505 frontem
427 2448 659 2504 fuldanae
687 2447 1193 2520 grammaticae,hoc
1223 2458 1402 2506 tamen
1430 2448 1677 2503 animad-

68 2557 266 2610 verso,
327 2542 470 2614 quod
517 2542 785 2614 posterior
829 2540 1068 2610 cpisema
1161 2536 1213 2614 [ι
1269 2535 1315 2593 Θ
1357 2539 1497 2594 inter
1549 2547 1669 2607 etB

69 2638 337 2710 posuerit.
371 2637 741 2694 Massmaunus
765 2645 945 2691 autem
972 2633 1219 2690 ordinem
1247 2632 1468 2688 omnino
1504 2648 1674 2704 pecu-

68 2732 263 2788 liarem
306 2729 548 2786 adhibuit
586 2729 640 2784 in
683 2727 947 2799 glossario
979 2727 1046 2782 ad
1082 2725 1380 2794 Skeireins,
1415 2725 1628 2782 scilicet
1657 2743 1674 2782 :

81 2816 150 2884 at,
204 2821 270 2883 Β,
317 2817 393 2884 a,
439 2815 506 2882 θ,
552 2818 609 2891 ιε,
662 2818 728 2890 r,
761 2820 826 2890 h,
887 2819 953 2889 Θ,
1002 2806 1047 2896 '1',
1093 2822 1166 2891 ς,
1224 2821 1289 2890 κ,
1345 2821 1416 2894 λ,
1461 2823 1544 2895 Μ,
1587 2825 1670 2897 Ν,

73 2909 153 2977 Q,
195 2908 276 2974 Π,
334 2907 403 2974 U,
440 2907 504 2981 β,
550 2908 610 2976 S,
653 2909 718 2978 Τ,
773 2911 850 2985 ῴ,
895 2913 970 2983 Π,
1022 2914 1137 2989 (X),
1190 2917 1256 2991 Υ,
1300 2918 1432 2989 (7.).

147 3027 168 3059 ε
184 3007 213 3080 §
232 3009 322 3064 16.
335 3008 626 3064 Annotatio
639 3006 692 3061 6.
709 3037 772 3049 -
785 3005 1133 3063 Gothicarum
1156 3007 1452 3064 litterarum
1471 3011 1679 3064 nomina

66 3103 135 3159 ad
160 3119 269 3159 nos
298 3117 466 3175 usque
489 3118 596 3158 non
626 3112 1005 3174 pervenerunt,
1029 3117 1150 3158 cum
1178 3103 1355 3174 lingua
1380 3102 1447 3158 ab
1474 3103 1682 3175 indige-

69 3201 163 3255 nis
187 3198 550 3270 grammaticis
573 3213 678 3254 non
708 3198 864 3254 fuerit
896 3197 1190 3254 elaborata.
1215 3197 1442 3255 Unicum
1473 3209 1676 3254 tantum

67 3305 283 3347 nomen
325 3289 374 3344 in
419 3289 703 3346 bibliorum
735 3288 985 3346 versione
1019 3290 1274 3357 occurrit,
1307 3289 1514 3346 scilicet
1536 3293 1672 3363 jota,

70 3379 208 3437 Mth.
252 3399 313 3450 v,
363 3383 448 3452 18,
485 3393 648 3455 atque
685 3383 846 3439 etiam
875 3396 1108 3453 graecum
1140 3391 1241 3439 est.
1274 3381 1426 3451 Quod
1460 3383 1680 3454 insuper

83 3476 124 3526 Β
167 3474 620 3547 ὁὶ-ηιιηουρθιιιιι,
647 3491 795 3532 mera
830 3483 916 3532 est
948 3474 1182 3530 Benzelii
1222 3474 1290 3530 ad
1335 3475 1521 3530 Matth.
1555 3491 1614 3545 ll,
1644 3476 1680 3530 9..

72 3566 420 3634 conjectura;
459 3583 632 3640 neque
677 3568 888 3625 meliori
938 3567 1286 3623 fundamento
1325 3567 1448 3626 Ihre
1486 3585 1538 3639 p.
1572 3569 1682 3624 210

72 3654 205 3712 edit.
238 3658 440 3715 Birsch.
469 3659 732 3716 asseritu
752 3658 851 3712 bau
883 3659 970 3714 vel
998 3674 1115 3725 vau,
1145 3669 1197 3715 et
1229 3659 1341 3732 Lye
1371 3676 1424 3730 p.
1455 3660 1683 3717 XXXIX

86 3751 128 3805 κ
159 3754 300 3810 chon
326 3758 530 3814 vocari.
550 3757 607 3813 In
626 3756 904 3813 viennensi
926 3756 1140 3828 quidem
1163 3756 1451 3828 alphabeto
1475 3755 1679 3831 (Wien.

72 3846 260 3908 Jahrb.
292 3850 330 3906 5
359 3853 468 3924 sq.)
501 3866 654 3908 suum
681 3849 874 3922 cuique
904 3849 1098 3907 litterae
1141 3866 1339 3908 nomen
1371 3850 1678 3916 exhibetur,

72 3941 286 3998 scilicet
315 3960 330 3996 :

241 4065 282 4128 ιι
359 4074 452 4111 au
710 4056 753 4113 lt
829 4059 1041 4112 chasma
1230 4064 1269 4112 S
1341 4059 1477 4127 sugil

234 4155 278 4201 Β
355 4150 536 4205 bercna
706 4151 749 4207 λ
823 4151 939 4206 laaz
1222 4149 1265 4206 Τ
1339 4161 1424 4222 lyr,

237 4235 280 4290 Γ
355 4253 519 4308 genua
698 4241 759 4297 Μ
827 4260 1015 4298 manna
1225 4239 1270 4316 ⁸(
1345 4243 1539 4297 uuirmc

239 4340 287 4390 δ
363 4329 495 4383 daaz
700 4329 756 4386 N
834 4336 980 4387 ποία
1227 4335 1281 4400 ,Q
1350 4334 1463 4388 uta!

241 4420 288 4478 Θ
369 4441 459 4496 cy:
708 4427 756 4485 n
834 4444 964 4482 τινα
1233 4427 1280 4483 Χ
1353 4445 1518 4503 enguz

242 4516 287 4592 Ρ
361 4521 412 4590 fc
709 4529 754 4578 l'l
829 4531 1001 4591 pertra
1225 4523 1291 4582 7.
1353 4505 1466 4577 ezec

239 4609 288 4678 (ἦ
359 4628 488 4685 gaar
710 4612 763 4669 II
834 4624 1015 4685 quelra
1237 4615 1283 4673 Θ
1357 4633 1521 4674 uuaer

242 4704 295 4792 Il
366 4707 488 4764 haut
721 4708 766 4783 tl
835 4711 963 4766 reda
1230 4709 1290 4778 ῴ
1354 4712 1514 4784 thytlt'

262 4793 290 4852 1
359 4799 428 4851 iis

93 4887 201 4945 Sed
230 4903 393 4959 quam
436 4887 585 4942 mira:
625 4902 680 4943 et
717 4893 962 4950 obscura
1007 4892 1198 4949 horum
1240 4894 1520 4950 nominum
1569 4899 1698 4947 sunt

89 4979 314 5039 formae!
365 4980 500 5037 Nam
546 4980 755 5036 etiamsi
802 4995 995 5036 omnes
1039 4987 1128 5042 w.
1177 4988 1442 5044 Grimmio
1487 4987 1693 5061 (Wien.

93 5071 280 5130 Jahrb.
318 5089 371 5145 p.
409 5073 495 5145 l9)
520 5073 904 5140 concinerent,
936 5088 1036 5130 nos
1069 5082 1247 5128 tamen
1276 5089 1547 5145 nunquam
1576 5077 1696 5144 ejus

95 5165 486 5237 conjecturam,
530 5165 671 5238 quod
717 5165 834 5223 haac
878 5166 1099 5223 nomina
1139 5165 1413 5238 gothicum
1457 5166 1692 5236 sapiant,

95 5259 383 5318 admittere
428 5274 731 5332 possemus,
773 5261 946 5317 multo
983 5260 1162 5316 minus
1210 5274 1332 5317 cum
1381 5275 1447 5316 eo
1487 5259 1692 5328 dicere,

93 5370 280 5412 eorum
331 5356 610 5413 librarium
660 5357 877 5429 gothica
908 5355 1162 5412 calluisse
1212 5354 1414 5426 lingua.
1462 5354 1696 5411 lacubus

98 5445 391 5505 Grimmius
418 5449 600 5523 (ibid.,
634 5464 686 5519 p.
718 5448 810 5521 41)
855 5448 909 5504 in
956 5448 1156 5504 slavico
1189 5462 1442 5504 sermone
1479 5448 1692 5519 quaerit,

97 5555 204 5609 quo
253 5542 370 5597 baac
408 5540 649 5598 difficilia
691 5541 911 5597 nomina
958 5541 1207 5606 illustret,
1261 5548 1317 5596 et
1356 5540 1694 5611 quantumvis

101 5633 232 5690 mira
254 5643 418 5707 atque
444 5635 680 5692 inaudita
707 5634 788 5691 illi
811 5634 1071 5691 nonnulla
1095 5633 1402 5703 videantur,
1426 5648 1486 5689 ea
1515 5643 1695 5689 tamen

106 5722 340 5793 Sothicaa
370 5731 580 5787 litteras
607 5730 786 5802 rcipsa
813 5729 1116 5804 designare,
1147 5744 1391 5786 asserere
1421 5743 1526 5785 non
1549 5729 1700 5785 dubi-

111 5825 204 5874 tat.
230 5816 336 5876 Sed
379 5816 593 5874 cuinarn
621 5825 706 5882 vel
738 5825 1015 5896 probabile
1038 5825 1162 5892 erit,
1194 5826 1336 5897 quod
1361 5825 1696 5897 gothicarum

84 5910 404 5976 litterarum
435 5912 675 5979 nomina,
727 5913 972 5985 pluribus
999 5921 1213 5976 saeculis
1235 5921 1303 5977 ab
1329 5920 1562 5976 extincta
1597 5919 1698 5974 lin-

50 6017 187 6073 ἔξω
219 6009 449 6084 elapsis,
484 6009 551 6065 ad
599 6017 808 6080 tempus
854 6024 960 6080 quo
1005 6013 1203 6084 scripta
1253 6025 1376 6070 sunt
1414 6014 1696 6070 traditione

556 6103 830 6165 Paraoc.
862 6102 1091 6166 XVIII.

1444 438 1536 495 DE
1575 427 1983 494 SCRIPTURA.

3248 417 3355 478 906

1758 558 1974 607 servata
2007 544 2240 602 fuerint?
2275 544 2542 602 Caeterum
2579 539 2914 616 quaecunque
2936 543 3006 600 de
3045 543 3146 600 hac
3173 557 3234 600 re
3257 558 3359 599 co-

1761 643 1999 715 gitentur
2027 649 2081 695 et
2101 638 2432 710 judicentur,
2453 645 2660 694 certum
2686 647 2768 693 est
2791 645 2971 694 tamen
2995 636 3110 692 haec
3137 636 3356 692 nomina

1760 736 1896 791 adeo
1919 749 2042 790 esse
2064 732 2552 796 deformata,utvel
2568 731 2812 787 habitum
2831 730 3104 802 gothicum
3121 746 3227 787 non
3245 729 3360 802 jam

1762 829 2014 897 habeant,
2049 843 2228 900 neque
2261 827 2311 883 J.
2350 827 2616 884 Grimmio
2649 829 2786 897 ipso,
2819 840 2992 898 neque
3016 825 3363 882 Massmanno
3429 872 3433 880 .

1765 923 1844 996 (in
1876 922 2085 993 llauptii
2116 920 2414 993 Zeitschri/t
2450 936 2506 992 p.
2552 921 2707 992 501),
2761 920 2887 977 licet
2932 920 3366 992 ingeniosisaime

1764 1017 2217 1091 excogitaverint,
2249 1015 2448 1088 aliquid
2478 1015 2611 1072 recti
2639 1013 3074 1085 conjicientibus.
3108 1014 3253 1070 Nihil
3281 1023 3372 1070 tu-
3420 1005 3428 1013 ’

1765 1113 1872 1169 tius
1897 1113 1965 1168 de
1987 1113 2071 1168 his
2092 1109 2400 1167 nominibus
2419 1109 2524 1165 dici
2547 1116 2742 1179 potest,
2763 1108 2864 1164 nisi
2881 1107 3022 1178 quod
3040 1108 3366 1165 elementum

1765 1209 2117 1281 germauicum
2139 1206 2313 1264 adhuc
2333 1205 2704 1278 prmsel‘erant,
2728 1205 3072 1262 coII.Waitz.
3097 1221 3152 1277 p.
3176 1205 3248 1262 52
3270 1206 3314 1263 ³.
3340 1223 3362 1259 ι

1842 1326 1870 1398 §
1909 1327 1996 1380 17.
2024 1325 2310 1381 Annotatio
2343 1325 2398 1380 7.
2422 1354 2493 1365 ——
2517 1323 2671 1393 Quod
2704 1324 2770 1381 ad
2803 1325 2955 1396 signa
2983 1323 3218 1381 lectionis
3246 1340 3370 1398 per-

1770 1417 1927 1485 tinet,
1950 1417 2232 1489 sequentia
2259 1425 2383 1472 sunt
2415 1416 2647 1472 notanda
2679 1433 2691 1470 :

1848 1529 1866 1563 ι
1891 1510 1944 1582 1)
2000 1509 2280 1564 Diacrt'tica
2303 1510 2470 1580 signa.
2503 1509 2819 1581 I-Iujusmodi
2849 1520 3056 1568 tantum
3087 1523 3211 1569 sunt
3237 1530 3372 1587 pun-

1771 1614 1855 1659 cta
1903 1606 2113 1675 superi
2149 1603 2350 1658 initiale
2393 1603 2587 1674 posita,
2630 1604 2737 1659 vid.
2789 1604 2898 1675 Lyc
2939 1605 3193 1674 XXXIX;
3241 1606 3370 1678 Maj.

1776 1696 1934 1767 Spec.
1983 1695 2103 1751 XX.
2153 1696 2280 1751 Ilaec
2326 1697 2766 1753 communissima
2810 1698 3107 1768 designatio
3143 1699 3373 1771 gothicze

1775 1790 1970 1860 linguae
1995 1790 2216 1844 omnino
2243 1796 2327 1844 est
2359 1790 2600 1859 propria;
2632 1790 2677 1844 si
2709 1791 2853 1847 enim
2885 1800 2941 1846 et
2980 1793 3034 1848 in
3075 1795 3376 1850 manuscri.

1777 1884 1884 1955 ptis
1910 1883 2104 1956 grtecis
2133 1883 2455 1940 recentioris
2485 1888 2704 1955 epochae
2729 1885 2834 1940 duo
2859 1898 3150 1958 appareant
3181 1897 3374 1958 puncta

1779 1993 1984 2049 super:
2015 1977 2212 2048 posita,
2261 1992 2322 2033 ea
2375 1979 2445 2033 ita
2490 1987 2614 2033 sunt
2659 1995 2757 2035 usu
2804 1980 3166 2050 particularia,
3215 1993 3274 2039 ut
3322 1983 3380 2042 in

1778 2073 1898 2130 aliis
1926 2087 2090 2144 super
2117 2090 2134 2126 ι
2164 2080 2370 2127 tantum
2421 2073 2621 2128 initiale
2673 2075 2938 2145 vocabuli,
2974 2076 3024 2132 in
3065 2077 3184 2133 aliis
3217 2093 3376 2147 super

1779 2167 1966 2232 alium,
1992 2167 2044 2222 in
2069 2167 2190 2222 aliis
2213 2167 2425 2222 tandem
2455 2176 2708 2240 punctum
2739 2167 3071 2227 diaereticum
3096 2173 3378 2242 inserviat,

1781 2260 1889 2316 vid.
1941 2261 2088 2326 Bast,
2137 2258 2624 2315 Commentationem
2671 2263 3024 2336 palwograph.
3069 2280 3122 2336 p.
3162 2265 3265 2322 718
3296 2280 3378 2338 sq.

1781 2352 1968 2410 Judice
1988 2353 2119 2425 Lye,
2145 2351 2438 2408 secundum
2467 2351 2698 2422 gothica:
2727 2352 2920 2424 linguae
2948 2357 3180 2413 indolem
3201 2357 3221 2414 Ξ
3245 2374 3382 2430 pun-

1782 2446 1924 2518 gitur
1955 2447 2006 2501 in
2051 2446 2294 2517 pluribus
2326 2445 2623 2501 bibliorum
2657 2448 3054 2521 manuscriptis,
3090 2464 3180 2507 ex.
3213 2468 3298 2525 gr.
3327 2453 3381 2509 in

1782 2543 1970 2600 ccdice
2010 2542 2385 2608 alexandrino,
2418 2541 2856 2614 cantabrigiensi,
2890 2545 3212 2616 colbertino,
3245 2559 3382 2618 etc.,

1783 2637 1930 2693 nulla
1977 2647 2153 2693 tamen
2204 2643 2465 2706 sequente
2514 2637 2918 2695 consecutione.
2971 2640 3049 2696 Ex
3099 2642 3384 2704 deficiente

1783 2737 1986 2800 puncto
2035 2729 2089 2784 in
2132 2727 2364 2794 akaikus,
2408 2728 2580 2801 gaius,
2613 2728 2894 2786 iudaivisks
2937 2733 3215 2804 probatur,
3242 2738 3386 2809 quod

1784 2821 1946 2879 Gothi
1985 2821 2036 2876 ai
2081 2829 2138 2875 ut
2178 2836 2369 2877 sonum
2423 2825 2635 2877 unicum
2685 2823 2966 2895 haberent,
3001 2827 3202 2885 Graecis
3245 2831 3386 2890 hunc

1785 2931 2003 2988 semper
2031 2915 2258 2971 divisum
2291 2917 2708 2986 proferentibus,
2742 2928 2799 2974 ut
2829 2921 2992 2976 etiam
3021 2939 3163 2979 nunc
3188 2923 3386 2998 Ἀχαϊ-

1791 3011 1901 3080 κὸς,
1945 3013 2130 3079 Γάϊος,
2174 3009 2426 3074 ἰουδαῑκός
2462 3013 2734 3068 scribitur.
2780 3015 2886 3071 Nos
2925 3032 3056 3072 vero
3102 3019 3202 3076 hoc
3239 3022 3387 3092 gaius

1787 3103 1946 3160 Rom.
1978 3121 2086 3171 xvr,
2110 3106 2200 3171 25;
2225 3103 2349 3160 Cor.
2382 3107 2424 3173 l,
2451 3123 2488 3174 ι,
2521 3106 2587 3162 14
2621 3109 2920 3166 incorrecte
2944 3110 3074 3167 olim
3100 3113 3384 3184 scriptum,

1788 3198 1842 3253 in
1865 3199 1966 3253 hac
1988 3197 2222 3255 editione
2250 3199 2439 3255 sedqu
2465 3200 2889 3258 emendavimns.
2922 3203 3194 3261 Immerito
3219 3210 3389 3279 ymai-

1789 3293 1941 3345 uaius
1972 3291 2112 3346 Tim.
2157 3291 2220 3359 ll,
2267 3309 2326 3360 ll,
2375 3294 2440 3348 17
2472 3309 2502 3348 a
2531 3293 2892 3350 Castillionteo
2937 3297 3212 3365 scribitur,
3244 3301 3388 3371 quod

1789 3386 1960 3440 tribus
1991 3387 2240 3458 punctis:
2269 3389 2666 3458 superscriptus
2693 3399 2843 3456 erat;
2881 3401 3057 3448 tamen
3089 3395 3390 3456 secundum

1789 3479 1930 3535 Tim.
1965 3481 2006 3548 l,
2037 3497 2073 3548 ι,
2110 3481 2175 3538 19
2204 3483 2472 3554 ymenm’us
2509 3483 2790 3555 legendum
2819 3496 2920 3542 est.

1867 3595 1886 3627 ι
1923 3575 2267 3632 Diznreticum
2302 3585 2556 3646 punctum
2583 3588 2923 3650 spectaretur
2956 3583 3010 3638 in
3053 3601 3144 3652 au,
3171 3585 3262 3642 ubi
3307 3586 3392 3643 hic

1790 3667 2010 3723 vocales
2048 3667 2249 3739 duplici
2291 3683 2427 3724 sono
2462 3671 2809 3740 emittuntur,
2851 3687 2938 3730 ex.
2965 3690 3046 3747 gr.
3108 3677 3161 3732 in
3191 3679 3395 3736 (audci-

1789 3761 1924 3828 kaia,
1958 3761 2076 3816 Col.
2128 3778 2199 3828 IV,
2244 3763 2331 3828 15,
2369 3764 2457 3828 15,
2491 3764 2580 3830 16,
2609 3765 2750 3835 quod
2788 3781 2966 3838 graeco
2995 3767 3266 3828 Λαοδικεία
3300 3788 3394 3830 re-

1790 3853 2087 3927 spondens,
2121 3855 2467 3910 la-u-deikaia
2504 3855 2787 3926 legendum
2817 3868 2918 3915 est.

1870 3971 1889 4004 ‹
1922 3951 1978 4021 ‘2)
2006 3950 2446 4022 lnterpunctionis
2475 3953 2645 4024 signa.
2674 3950 2743 4007 Ut
2769 3955 2954 4024 regula
2983 3954 3169 4013 haberi
3194 3967 3394 4030 potest,

1792 4042 1935 4114 quod
1957 4042 2192 4113 simplici
2223 4051 2422 4113 puncto
2453 4042 2710 4111 minores,
2733 4043 2938 4115 duplici
2960 4058 3138 4104 autem
3161 4053 3396 4123 majores

1792 4133 2258 4204 interpunctiones
2299 4134 2622 4202 iudicentur,
2658 4136 2767 4208 Lye
2809 4154 2862 4208 p.
2894 4137 3015 4207 XL;
3050 4141 3170 4199 lhre
3202 4160 3254 4214 p.
3291 4147 3400 4204 193

1679 4228 1688 4234 ”
1795 4227 1926 4285 edit:
1954 4227 2180 4294 Bbsch.;
2213 4226 2598 4299 Castill.Spec.
2627 4229 2779 4298 XIX;
2809 4231 3108 4289 Masmann.
3144 4234 3395 4310 διεβίω.

1798 4321 1888 4377 58.
1923 4320 2051 4378 Ilaec
2092 4329 2271 4376 autem
2306 4321 2670 4392 interpunctio
2701 4325 2898 4380 nullam
2940 4326 3104 4383 trahit
3131 4343 3398 4388 consecu~

1797 4415 2023 4480 tionem,
2049 4428 2170 4469 cum
2199 4413 2395 4484 saepius
2427 4413 2542 4469 haec
2571 4414 2722 4485 signa
2751 4416 2955 4490 absque
2993 4421 3317 4481 necessitate
3347 4433 3401 4482 et

1801 4505 1964 4562 etiam
2005 4504 2172 4561 invito
2208 4521 2371 4561 sensu
2401 4518 2750 4576 usurpentur.
2797 4510 2925 4567 Post
2967 4512 3200 4585 majores
3236 4515 3402 4573 inter-

1797 4596 2117 4670 punctiones
2160 4599 2394 4669 spatium
2435 4614 2658 4657 vacuum
2691 4603 3014 4675 relinquitur
3043 4607 3400 4679 (Massmann.

1801 4711 1856 4768 p.
1887 4695 2002 4766 57),
2036 4695 2160 4750 dum
2191 4693 2324 4750 alias
2352 4696 2515 4753 verba
2559 4697 2664 4754 sibi
2704 4699 2856 4756 nullo
2903 4700 3184 4759 intervallo
3211 4710 3400 4765 succe-

1800 4789 1968 4855 dant;
2000 4789 2085 4843 vel
2113 4790 2273 4844 etiam
2307 4805 2444 4846 nova
2494 4790 2635 4847 linea
2683 4791 2991 4864 inchoatur,
3025 4812 3131 4868 quo
3163 4799 3216 4855 in
3244 4816 3396 4869 casu,

1797 4881 1995 4937 litteris
2023 4881 2332 4950 initialibus,
2366 4897 2486 4953 quae
2516 4882 2831 4955 majusculae
2861 4894 3006 4955 sunt,
3033 4887 3245 4960 signum
3276 4890 3404 4915 ⁵η*

1803 4977 1860 5031 ἱιι
1887 4975 2074 5032 codice
2100 4987 2374 5048 argenteo,
2408 4977 2608 5033 vel"“'
2643 4980 2698 5034 in
2727 4980 2911 5037 codice
2937 4982 3176 5037 carolino
3203 4998 3399 5053 super-

1804 5067 2126 5127 delineatur.
2173 5069 2244 5124 Ut
2283 5071 2631 5140 explicatoria
2664 5080 2789 5128 nota
2832 5076 3064 5130 occurrit
3107 5075 3403 5146 minorpin-

1806 5162 2109 5230 terpunctio
2139 5163 2264 5219 Cor.
2291 5163 2353 5229 ll,
2387 5179 2462 5234 iv,
2487 5165 2542 5233 4,
2567 5166 2655 5222 ubi
2683 5169 2739 5221 in
2765 5167 2966 5240 βαίητεί
2988 5167 3124 5241 gap.
3149 5169 3236 5240 [)is
3261 5171 3404 5226 aiwir

1806 5251 2018 5324 legitur,
2058 5268 2165 5324 quo
2213 5264 2409 5323 puncto
2454 5255 2702 5312 librarius
2750 5257 3105 5327 signiﬁcabat,
3153 5259 3268 5332 gu[)
3310 5261 3404 5334 [iis

1805 5348 1946 5403 aiwis
1975 5363 2080 5403 non
2113 5347 2445 5419 conjunctim
2477 5364 2596 5405 esse
2625 5349 2934 5420 legendum.

1883 5459 1902 5493 ι
1941 5441 1999 5513 ὅ)
2039 5440 2410 5508 Vocabulum,
2459 5442 2513 5497 in
2562 5441 2772 5499 duobus
2821 5445 2978 5500 lineis
3028 5443 3402 5512 scribendum,

1807 5547 1912 5589 non
1942 5547 2008 5588 ex
2036 5533 2376 5606 etymologia:
2405 5533 2681 5605 principiis
2713 5535 2962 5606 partitur,
2987 5536 3084 5592 sed
3113 5537 3405 5593 arbitrarie

1809 5635 1863 5684 et
1911 5641 2010 5697 pro
2051 5627 2226 5698 spatio
2272 5626 2533 5684 dividitur
2573 5628 2924 5696 (Massmann.
2959 5629 3132 5686 Skcir.
3165 5631 3234 5687 58
3264 5631 3405 5702 sq.);

1807 5719 2020 5776 nonnisi
2063 5730 2240 5778 autem
2283 5722 2556 5779 rarissime
2606 5723 2866 5794 peculiari
2911 5725 3066 5796 signo
3110 5723 3406 5797 (partitoria

1809 5825 1949 5882 nota,
1991 5815 2168 5886 equiv.
2210 5815 2337 5884 gaII.
2378 5816 2764 5888 trait-d’um'on)
2799 5819 3016 5888 partitio
3046 5817 3288 5872 vocabuli
3323 5817 3406 5869 in-

1809 5911 2020 5968 dicatur
2051 5930 2063 5965 :
2091 5911 2169 5966 sic
2197 5909 2399 5964 nullum
2442 5909 2675 5966 occurrit
2712 5912 2767 5966 in
2812 5910 2999 5966 codice
3032 5920 3314 5980 argenteo,
3349 5924 3401 5960 Ill

1809 6005 2082 6065 Skeireins
2132 6007 2336 6078 primus
2381 6005 2812 6070 Castillionazus,
2861 6003 3102 6060 codicem
3148 6001 3214 6057 de
3265 6014 3403 6055 novo

2761 6095 2841 6157 29
