3840 6610
250 531 323 611 η1
381 537 476 599 pro
512 524 607 598 ιηι
658 524 835 584 Sirelr.
863 523 925 593 ll,
951 539 1009 592 a;
1042 523 1129 592 Vl,
1161 523 1230 592 b;
1259 521 1391 580 Tab.
1422 519 1486 592 ll,
1512 537 1568 579 ιι.

230 622 336 679 .bN
373 635 472 693 pro
512 621 631 676 NN
676 618 849 676 Skeir.
883 617 972 686 Vl,
999 633 1050 674 c.

247 713 332 771 λλ
369 727 467 785 pro
507 712 616 768 NA
653 712 790 769 Tim.
816 710 880 776 ll,
903 723 961 775 ιι,
982 709 1086 776 24;
1119 721 1200 780 ιιι,
1229 708 1283 776 1,
1311 705 1366 764 2.

253 806 324 862 l8
371 819 466 877 pro
505 803 604 860 NS
640 803 818 860 Skeir.
848 800 937 871 Vl,
965 799 1167 869 a;-Vli,
1196 799 1254 857 b.

261 899 338 972 lib
375 913 470 971 pro
508 897 614 974 βψ
650 898 788 965 lhre,
830 911 885 969 p.
919 896 1040 954 I92.

261 998 320 1117 «Β
379 1057 475 1114 pro
511 1043 619 1116 ῴμ
655 1042 784 1098 Luc.
815 1056 891 1109 ιιι,
926 1043 996 1097 1..

118 1179 242 1234 Ηςιξο
274 1177 638 1233 abbreviatura
668 1175 952 1230 adhibetur
989 1173 1150 1229 etiam
1177 1172 1230 1228 in
1256 1171 1444 1229 codice
1477 1171 1694 1228 ambro-

117 1273 267 1326 siano
297 1284 392 1339 pro
419 1268 604 1340 ῥαὶτὴ,
640 1267 749 1321 vid.
774 1266 940 1321 tabul.
965 1265 1107 1332 ll”,
1131 1275 1187 1318 ιι.

193 1385 213 1415 ‹
244 1368 258 1387 ‘
287 1363 447 1434 Signo
487 1366 560 1387 τ’*
608 1360 868 1416 vocabula
921 1359 972 1414 in
1024 1359 1265 1429 margine
1305 1368 1558 1415 annutata
1610 1359 1695 1416 vel

120 1458 403 1521 illttstrata,
437 1469 642 1510 necnon
675 1460 729 1507 ct
757 1451 949 1522 gloss‘e
981 1452 1110 1521 ipsae
1138 1460 1191 1506 et
1232 1452 1506 1506 variantes
1555 1453 1695 1506 indi-

124 1559 319 1610 cantur,
349 1546 488 1611 lbre,
520 1558 574 1614 ιι.
605 1543 728 1598 190.
761 1541 913 1596 Aliud
959 1543 1203 1612 signum,
1234 1541 1441 1598 scilicet
1467 1543 1534 1614 |-,
1569 1541 1692 1598 Cor.

131 1637 173 1703 l,
223 1653 338 1703 stu,
384 1637 449 1702 5;
510 1651 603 1705 xv,
654 1636 724 1689 53
776 1633 1036 1688 vocabulo
1108 1642 1287 1689 textus
1343 1634 1396 1688 in
1458 1635 1699 1705 margine

121 1730 349 1798 glossato
377 1726 775 1796 superponitur.
803 1726 942 1780 Idem
969 1726 1176 1796 signum
1204 1726 1365 1781 etiam
1392 1725 1529 1797 Eph.
1563 1739 1599 1790 ι,
1632 1726 1699 1781 19

121 1833 171 1878 et
197 1839 258 1892 ιι,
281 1823 347 1877 10
381 1830 526 1876 stare
553 1821 786 1875 videtur.
820 1820 1065 1890 Denique
1084 1820 1321 1875 crassius
1355 1829 1608 1891 punctum
1643 1822 1694 1876 in

121 1915 376 1971 vocabulo
391 1924 566 1970 textus
589 1915 674 1981 ligi
694 1920 891 1983 potest,
913 1920 971 1967 ut
985 1912 1104 1967 Gal.
1121 1927 1179 1983 ιι,
1197 1915 1251 1978 5,
1268 1913 1328 1981 8;
1349 1913 1536 1981 Tim.l,
1553 1928 1589 1979 ι,
1605 1913 1656 1967 5.
1672 1931 1693 1967 ι

193 2004 268 2076 ¢§
297 2004 381 2060 18.
413 2003 706 2058 Annotatio
733 2002 786 2056 8.
813 2031 880 2042 —
911 2003 1194 2072 Scriptura
1223 2003 1434 2058 iitterali
1460 2003 1698 2059 nondum

117 2099 418 2164 adiuverint,
451 2095 613 2152 Gothi
657 2095 898 2164 runicam
943 2095 1295 2166 probabiliter
1337 2096 1698 2168 usurpabant,

117 2205 220 2261 qua
243 2201 297 2246 et
320 2189 412 2246 alii
439 2187 694 2245 Germani
722 2188 1027 2245 utebantur.
1061 2189 1212 2244 Hanc
1241 2191 1480 2245 runicam
1509 2191 1702 2245 verisi-

117 2281 315 2338 militer
362 2289 687 2337 vocaverunt
731 2296 761 2336 a
808 2282 1024 2353 gothieo
1074 2296 1256 2349 ranos,
1289 2281 1464 2352 quod,
1495 2282 1620 2338 licet
1648 2282 1701 2339 in

115 2373 401 2429 bibliorum
430 2373 679 2428 versione
709 2387 852 2428 nunc
880 2372 1055 2428 adhuc
1083 2378 1368 2449 μυστήριον
1406 2373 1697 2446 signiticet,

115 2463 282 2519 etiam
302 2476 402 2534 pro
425 2464 583 2535 βονλή
604 2471 658 2519 et
676 2461 989 2536 συμϐούλιον
1009 2472 1299 2534 usurpatur
1321 2464 1454 2536 (vid.
1475 2464 1664 2536 gloss.)
1687 2481 1701 2519 :

113 2554 319 2623 pariter
369 2555 836 2625 anglosaxouicutn
880 2571 980 2609 run
1014 2557 1110 2609 has
1139 2569 1330 2611 omnes
1359 2556 1705 2628 significatio-

113 2660 215 2701 nes
230 2645 408 2702 habet.
435 2647 612 2702 Hasta:
629 2647 926 2702 litterarum
948 2648 1260 2719 (elementa)
1279 2648 1496 2719 gothice
1510 2649 1670 2704 dicun
1682 2675 1704 2691 -

113 2753 203 2798 tur
227 2743 408 2798 atabeia
435 2743 722 2816 (στοιχεῖα,
749 2745 873 2799 coll.
900 2742 1018 2798 Gal.
1047 2760 1121 2814 IV,
1147 2746 1202 2817 5,
1231 2746 1296 2810 9;
1328 2745 1442 2800 Col.
1471 2760 1538 2812 tl,
1572 2743 1701 2817 20);

111 2839 282 2894 variae
326 2837 556 2905 lineolae,
607 2838 817 2906 uncini,
866 2848 1080 2908 puncta,
1115 2851 1350 2903 cornua,
1393 2839 1551 2891 tritas
1596 2837 1704 2908 (κε-

107 2939 286 3006 ραῖαι,
326 2929 455 2985 Luc.
481 2945 598 2999 XVI,
630 2928 744 2999 17),
787 2930 972 2985 strikos
1016 2931 1277 3008 (κεραῖαι,
1323 2931 1453 2987 Mlh.
1485 2947 1545 2999 ν,
1579 2929 1702 3002 18),

108 3025 270 3079 uikos
322 3023 588 3099 (στιγμαί,
616 3025 743 3081 coli.
779 3025 909 3082 Luc.
943 3039 1013 3091 tv,
1047 3027 1157 3098 15).
1200 3026 1532 3095 Scripturam
1567 3039 1704 3081 nun-

110 3116 385 3186 cupabant
404 3116 553 3185 θοιω,
583 3115 667 3171 vel
696 3119 1034 3172 communius
1057 3117 1112 3173 in
1142 3118 1336 3188 plurali
1365 3132 1590 3173 numero
1616 3117 1706 3171 bo-

114 3209 242 3278 eoti;
284 3223 447 3280 neque
470 3208 616 3264 aliud
641 3221 836 3266 nomen
866 3209 1064 3264 habent
1092 3210 1301 3274 litterae,
1332 3208 1520 3264 charta
1553 3208 1706 3263 testi-

106 3300 392 3369 ﬁcatur-ia,
447 3301 501 3356 in
571 3301 785 3370 neapol.
845 3300 1171 3359 documento
1205 3347 1220 3371 ,
1317 3315 1474 3371 quant
1545 3300 1705 3369 boka,

101 3393 250 3449 alias
290 3393 345 3448 in
391 3394 531 3464 plur.
574 3394 746 3462 bolros,
797 3408 1008 3451 necnon
1051 3404 1104 3450 et
1152 3393 1336 3449 charta
1390 3394 1701 3463 creditoria,

100 3494 392 3554 sponsam:
407 3486 454 3540 ia
501 3485 831 3561 (γράμματα,
866 3486 996 3542 Luc.
1022 3501 1140 3553 xvi,
1171 3487 1226 3552 6,
1255 3485 1343 3557 7);
1387 3486 1570 3542 charta
1622 3487 1707 3556 pi-

100 3579 426 3646 gnoratoria
459 3580 846 3656 (χειρόγραφον,
873 3577 991 3633 Col.
1031 3594 1097 3645 ll,
1132 3580 1226 3649 14)
1255 3588 1338 3634 est
1367 3577 1707 3649 vadjabokos;

100 3667 334 3724 libellus
359 3671 561 3739 repudii
588 3672 948 3742 (ἀποστάσιον,
977 3672 1078 3727 Mc.
1108 3687 1218 3738 χιιι,
1248 3671 1314 3737 4;
1347 3671 1478 3728 Mtit.
1505 3687 1560 3741 v,
1587 3671 1704 3742 51),

96 3761 265 3818 bokos
324 3766 617 3834 alsaleinais
660 3766 743 3821 vel
794 3765 947 3821 bokos
992 3767 1296 3836 afstassais,
1339 3766 1708 3822 denominatio

92 3857 276 3913 etiam
326 3868 425 3928 pro
467 3859 694 3936 epistola
738 3860 1024 3932 (ἐπιστολῇ)
1073 3868 1321 3930 usurpata
1344 3902 1359 3927 ,
1419 3859 1526 3916 vid.
1559 3861 1710 3930 glos-

91 3963 253 4014 sam,
290 3947 352 4002 h.
383 3963 469 4014 v.;
516 3949 651 4005 liber
677 3958 858 4006 autem
898 3951 1124 4022 (βίϐλος,
1160 3952 1375 4023 βιϐλίον)
1407 3951 1521 4006 vid.
1550 3950 1708 4017 ibid.,

95 4057 151 4096 in
187 4056 368 4098 sensu
393 4042 712 4114 christiano,
744 4043 797 4099 id
826 4053 938 4114 est,
972 4045 1283 4116 signiﬁcans
1316 4046 1510 4101 librum
1547 4045 1710 4100 libro-

94 4150 262 4205 rum,
314 4136 481 4193 biblia
528 4137 760 4215 (γραφαί)
806 4137 995 4195 eodem
1043 4140 1304 4195 vocabulo
1353 4139 1511 4206 ῡοΙεα,
1559 4139 1715 4194 bokos

100 4231 448 4301 iesignatur.
482 4231 626 4287 Boka
671 4233 884 4290 tandem
934 4236 1132 4302 littera,
1183 4247 1361 4305 graeco
1405 4234 1625 4311 γράμμα
1655 4237 1711 4290 et

100 4325 432 4400 νράμματα,
460 4339 668 4381 necnon
704 4333 759 4382 et
795 4327 961 4382 latino
1006 4327 1210 4392 littera,
1244 4327 1446 4394 litteraz,
1485 4340 1712 4396 respon-

103 4418 200 4475 det
226 4417 422 4490 (Rom.
447 4433 537 4487 vn,
567 4422 634 4488 6;
675 4421 800 4478 Cor.
842 4422 917 4492 li,
945 4439 1035 4492 ιιι,
1070 4421 1136 4489 6;
1165 4421 1428 4493 imprimis
1477 4419 1599 4477 Gal.
1622 4435 1707 4489 Vl,

103 4509 224 4580 11),
255 4519 314 4567 et
344 4509 496 4567 bokos
535 4524 636 4583 pro
676 4514 919 4584 scientia,
963 4515 1352 4586 scripturarum
1397 4511 1710 4586 cognitione

1489 405 1577 468 DE
1613 397 2072 470 PROLATlONE.

3280 397 3388 459 910

1796 521 2080 582 adhibetur
2125 517 2304 592 (Joan.
2345 532 2450 587 vn,
2499 513 2613 590 l5).
2659 513 3064 590 Consequenter
3105 494 3396 604 scripturas;

1795 613 1990 671 eruditi
2033 607 2172 681 apud
2213 609 2428 666 Indicos
2477 607 2843 688 (γραμματιῖς)
2901 619 3097 663 nomen
3148 603 3397 688 bokarjos;

1798 707 2002 762 habent
2056 676 2205 776 (vid.
2249 701 2416 775 gloss.
2457 676 2670 773 bium“),
2716 676 2858 772 quod
2910 695 3124 770 proprie
3166 676 3400 788 scribaan

1797 795 2095 870 significat,
2136 793 2248 853 vid.
2289 795 2502 850 docum.
2560 794 2774 864 neapoi.
2820 793 2925 848 Pro
2967 789 3195 861 epistola
3239 787 3399 864 (tm

1799 891 1988 966 στολῇ)
2044 890 2378 960 paulinarum
2427 888 2778 958 epistularum
2834 883 3098 957 interpres
3154 898 3388 956 graecum

1796 984 2070 1053 aipistaule
2122 981 2267 1056 (vid.
2321 979 2486 1052 gloss.
2528 979 2582 1034 li.
2632 979 2722 1052 v.)
2781 982 2833 1035 in
2875 994 3036 1036 sensu
3090 974 3387 1034 litterarum

1797 1074 2209 1146 apostolicarum
2240 1073 2532 1143 usurpavit.
2563 1069 2734 1144 Sigljo
2773 1069 3004 1142 sigillum
3040 1068 3305 1146 (σφραγὶς)
3335 1075 3393 1125 et

1799 1167 2286 1242 sigljan,gasigljan
2315 1167 2551 1239 sigillare
2577 1162 2918 1244 (σφραγίζειν)
2949 1159 3391 1236 gothicae'linguaa

1799 1259 2071 1334 proprium
2097 1259 2330 1332 est(vid.
2349 1259 2512 1334 gloss.
2530 1261 2622 1317 hh.
2642 1260 2780 1329 vv.).
2808 1261 3008 1317 Praeter
3029 1259 3180 1316 bokos
3209 1260 3392 1316 valens

1800 1356 2098 1426 scriptum,
2143 1356 2499 1427 scripturam,
2556 1369 2764 1409 sacram
2817 1355 3110 1424 praecipue,
3151 1352 3302 1410 adest
3338 1362 3394 1409 et

1801 1448 1932 1502 mela
1976 1448 2114 1519 (Mc.
2150 1463 2244 1512 χιι,
2271 1446 2374 1513 24;
2414 1446 2542 1500 Luc.
2575 1462 2648 1514 tv,
2688 1445 2792 1510 21;
2826 1445 2982 1500 .Ioan.
3014 1464 3068 1511 v,
3100 1444 3190 1516 47)
3220 1453 3273 1501 et
3300 1461 3405 1519 (μι-⁴

1802 1539 2012 1593 ntelcins
2041 1538 2217 1609 (Joan.
2246 1553 2348 1601 vn,
2374 1537 2465 1603 58,
2498 1537 2598 1606 42;
2631 1537 2757 1590 Cor.
2785 1531 2849 1602 11,
2876 1553 2961 1602 ιιι,
2987 1536 3057 1604 7;
3091 1537 3230 1592 Tim.
3261 1538 3300 1604 l,
3333 1535 3404 1608 v,'

1805 1635 1917 1705 18),
1948 1636 2032 1690 vel
2067 1635 2395 1704 frequentius
2425 1631 2556 1704 pata
2589 1631 2842 1706 gamelido
2868 1630 2999 1702 (vid.
3030 1631 3191 1703 gloss.
3217 1629 3406 1705 h.v.),‘

1805 1728 2142 1797 participium
2171 1735 2324 1799 praet.
2349 1742 2377 1778 a
2405 1727 2697 1797 gameljan,
2734 1725 2875 1796 quod
2905 1725 3062 1781 simul
3089 1735 3248 1798 atque
3275 1721 3406 1806 εἰσι-ξ

1809 1820 1926 1888 piex
1972 1820 2159 1892 meljan
2211 1819 2448 1874 scribere
2480 1817 2732 1891 (γράφειν)
2776 1818 3073 1888 signiﬁcat;
3122 1815 3263 1873 unde
3311 1809 3407 1892 πεί-ξ

1807 1914 1995 1986 meljan
2023 1911 2380 1979 subscribere,
2400 1910 2711 1983 ufarmeljan
2733 1911 3030 1967 inscribere
3051 1885 3408 1991 (ἐπιγράφεινί

1809 2006 1918 2060 vid.
1964 2006 2117 2078 ibid.)
2163 2021 2282 2061 cum
2327 2005 2566 2076 μίαν-τηειὶ
2611 2005 2695 2060 vel
2743 2005 3073 2075 ufarmeleins
3118 2004 3398 2076 inscriptio

1809 2097 2104 2177 (ἐπιγραφή,
2129 2098 2239 2156 vid.
2265 2097 2445 2168 ibid.).

1885 2212 1902 2244 ι
1919 2193 1992 2247 De
2015 2194 2242 2247 materia
2265 2201 2446 2248 autem
2468 2191 2523 2248 in
2547 2205 2649 2262 qua
2674 2189 3012 2262 scripserunt
3028 2190 3201 2262 primo
3213 2185 3400 2260 Gothi,

1809 2283 1941 2339 nihil
1978 2286 2112 2338 certi
2156 2281 2436 2351 novimus;
2470 2283 2614 2355 quod
2663 2283 2806 2339 enim
2857 2282 3114 2340 arborum
3145 2282 3401 2343 corticem

1808 2376 1865 2432 in
1914 2377 2058 2433 hunc
2111 2393 2266 2434 usum
2317 2377 2684 2433 converterint
2714 2391 3018 2449 nomenque
3057 2375 3182 2432 boka
3223 2377 3291 2433 ab
3319 2392 3402 2433 ar-

1811 2470 1958 2526 boris
1989 2469 2232 2537 nomine,
2262 2467 2712 2542 quemadmodum
2746 2470 2872 2524 liber
2903 2469 3130 2526 mutuati
3171 2467 3403 2540 fuerint,

1811 2577 1843 2618 e
1885 2577 2033 2618 mera
2088 2562 2399 2635 conjeCtura
2438 2572 2672 2619 constat.
2723 2560 2914 2618 Postea
2967 2577 3097 2618 vero
3147 2562 3404 2620 societate

1812 2670 1932 2708 cum
1982 2654 2186 2710 Graecis
2234 2656 2392 2723 inita,
2445 2661 2825 2726 perga'menunt
2877 2653 3271 2725 adhibuerunt,
3321 2657 3404 2715 vel

1812 2747 2002 2802 saltem
2053 2762 2150 2816 pro
2178 2763 2244 2802 eo
2289 2760 2481 2802 nomen
2532 2747 2852 2802 maimbrana
2897 2746 3060 2820 (Tim.
3093 2747 3165 2815 ll,
3209 2764 3280 2816 tv,
3315 2745 3404 2820 13)

1813 2850 2159 2910 acceperunt,
2199 2857 2226 2897 e
2254 2855 2431 2912 graeco
2458 2843 2728 2916 μεμϐράνα
2755 2839 3111 2911 exscriptum.
3139 2841 3256 2897 Jam
3279 2857 3404 2900 vero

1814 2948 2002 2989 omnes
2047 2932 2244 3004 gothici
2296 2933 2642 3002 manuscripti
2673 2932 2890 2988 codices
2931 2933 3020 3002 qui
3069 2931 3136 2987 ad
3180 2949 3277 2990 nos
3322 2950 3405 2992 us-

1816 3043 1919 3097 que
1949 3037 2339 3096 pervenerunt,
2373 3023 2423 3080 in
2464 3040 2787 3096 pergameno
2817 3033 2945 3079 sunt
2975 3025 3298 3097 conscripti;
3331 3027 3405 3084 in-

1819 3126 1900 3171 ter
1947 3131 2081 3186 quos
2128 3116 2330 3171 eminet
2377 3115 2543 3171 codex
2576 3127 2864 3187 argenteus
2907 3117 2959 3171 in
3009 3119 3172 3173 rubro
3223 3133 3406 3190 perga-

1813 3225 1994 3280 meno,
2020 3209 2330 3278 litterisque
2361 3209 2634 3282 argenteis
2680 3220 2735 3265 et
2778 3211 2958 3265 aureis
2989 3219 3261 3282 exarattts,
3294 3211 3407 3268 vid.

1797 3296 2057 3377 ‘Prnlegg.
2097 3305 2181 3361 col
2214 3305 2316 3359 489
2343 3322 2465 3376 sq.;
2504 3307 2554 3361 itt
2588 3321 2790 3378 papyro
2818 3305 3030 3376 quidem
3061 3306 3407 3364 conscribitur

1813 3395 2196 3452 documentum
2260 3398 2694 3467 neapolitattntn,
2767 3397 2862 3452 sed
2923 3412 3029 3452 non
3089 3413 3153 3453 ex
3207 3397 3408 3469 integro

1813 3488 2082 3557 gothicum
2114 3498 2213 3543 est.
2247 3487 2453 3544 Mature
2501 3491 2552 3543 in
2602 3489 2790 3543 librum
2823 3487 2949 3544 i‘nlia
2981 3488 3285 3545 coadunare
3320 3488 3409 3546 de-

1814 3579 2040 3633 buerunt
2059 3621 2074 3646 ,
2104 3595 2226 3634 cum
2255 3577 2364 3650 jam
2396 3578 2449 3633 itt
2482 3579 2766 3635 bibliorum
2793 3581 3040 3637 versione
3065 3596 3186 3637 voc.
3216 3579 3410 3654 spildoa

1816 3669 2342 3741 (πινακίδια,πλάκες,
2367 3670 2496 3726 Luc.
2518 3688 2553 3740 ι,
2583 3671 2678 3738 65;
2709 3671 2832 3728 Cor.
2851 3673 2911 3738 ll,
2933 3690 3012 3743 ιιι,
3035 3675 3112 3748 5),
3145 3683 3410 3734 occurrat.

1894 3783 1913 3816 ο
1941 3763 2127 3832 Quoad
2161 3781 2289 3820 vero
2319 3764 2735 3821 instrumentum
2768 3783 2874 3838 quo
2905 3766 2956 3822 in
2987 3767 3273 3824 scribendo
3302 3777 3410 3825 ute-

1791 3858 2040 3923 bantur,
2088 3873 2259 3928 penna
2289 3867 2408 3912 erat
2447 3857 2631 3930 nigra,
2672 3859 2879 3914 svartisl
2910 3860 2994 3916 vel
3036 3861 3275 3916 svartisla
3306 3859 3410 3933 (μίο

1814 3951 1928 4020 λαν,
1956 3953 2121 4023 gloss.
2148 3951 2205 4008 h.
2238 3953 2341 4022 v.),
2371 3951 2735 4009 verisimiliter
2761 3954 3021 4022 calamus,
3061 3971 3204 4022 ratu,
3233 3969 3410 4026 quem-

1818 4046 2107 4102 admodum
2154 4047 2273 4102 alia:
2318 4047 2648 4103 calamorum
2698 4051 2906 4119 species
2958 4049 3268 4122 (κάλαμος),
3303 4047 3410 4106 vid.

1817 4139 1982 4209 gloss.
2030 4139 2083 4192 h.
2130 4155 2216 4208 v.,
2265 4147 2552 4211 utrumque
2590 4141 2818 4211 gotiticae
2848 4142 3044 4213 linguae
3073 4143 3412 4201 vocabulum.

1818 4231 2022 4302 Legere
2069 4240 2123 4285 et
2173 4232 2420 4299 recitare,
2468 4232 2682 4303 siggvan
2711 4241 2764 4287 et
2810 4235 3114 4305 ussiggvan,
3147 4233 3289 4291 idem
3332 4242 3410 4294 est

1820 4325 2168 4392 vocabulum,
2219 4327 2524 4381 cantionem
2561 4326 2643 4380 vel
2692 4326 3142 4384 declamationem
3194 4329 3410 4400 p0pula-

1819 4423 1956 4477 rittm
2009 4421 2400 4476 cantilenarum
2460 4420 2804 4491 signiﬁcans;
2879 4421 3022 4479 unde
3063 4422 3222 4481 lectio
3275 4424 3410 4496 (ἀνά.

1821 4539 2007 4590 γνωσις
2039 4515 2180 4572 Tim.
2210 4515 2251 4582 l,
2277 4531 2354 4582 tv,
2381 4514 2472 4582 15)
2500 4531 2682 4587 saggvs
2712 4516 3054 4587 exponitur.»

113 4669 3393 4702 MM

1302 5013 1440 5084 DE
1519 4984 2253 5086 PBOLATIONE.

193 5191 222 5265 ς
259 5189 346 5248 19.
373 5187 430 5246 Si
453 5187 668 5261 quidem
695 5198 832 5258 pene
853 5193 937 5242 est
964 5183 1293 5256 impossibile
1321 5188 1478 5257 plena
1511 5189 1716 5244 securi-

112 5297 230 5344 tate
281 5286 548 5344 sermonis
593 5285 812 5340 extincti
861 5281 1216 5353 prolationem
1257 5282 1517 5351 delinire,
1567 5293 1715 5339 certa

111 5387 299 5437 tamen
334 5385 614 5437 remanent
642 5359 1075 5447 indicia,'quibus
1103 5375 1357 5446 pensatis,
1390 5374 1456 5430 ad
1499 5373 1717 5447 fugaces

114 5490 287 5529 sonos
319 5473 600 5543 scriptura:
626 5471 792 5542 signis
821 5469 1248 5524 circumvestitos
1278 5468 1560 5538 pervenire
1589 5484 1715 5540 pos-

113 5582 333 5625 sumus.
377 5566 495 5622 Jam
519 5580 646 5620 vero
673 5580 790 5634 quae
821 5561 1016 5618 indicia
1045 5562 1292 5633 gothicus
1319 5576 1499 5619 sermo
1532 5562 1713 5634 singu-

116 5659 306 5718 lariter
336 5677 447 5733 prae
473 5672 530 5716 se
552 5659 674 5724 fert,
709 5659 773 5713 ad
801 5656 1078 5729 sequentia
1111 5655 1415 5712 referuntur
1441 5675 1454 5711 :
1489 5657 1542 5728 1)
1571 5657 1714 5714 litte~

123 5765 304 5805 rarum
352 5752 622 5816 habitum,
668 5761 821 5820 prout
868 5765 898 5804 e
946 5749 1128 5818 lingua
1176 5746 1331 5804 nobis
1378 5763 1482 5804 non
1536 5749 1714 5818 ignota

125 5852 303 5900 ortum
338 5839 572 5903 ducant;
603 5838 659 5909 Ξ)
689 5842 1030 5906 scriptionem
1067 5842 1447 5898 vocabulorum
1476 5843 1718 5914 peregri-

122 5953 321 6000 norum
356 5947 412 5995 et
455 5934 728 5992 nominum
760 5933 1124 6004 propriorum;
1160 5936 1217 6006 5)
1248 5936 1454 5992 litteras
1484 5935 1623 5992 inter
1654 5951 1714 5993 se

1821 5198 2197 5259 commutatas,
2213 5189 2326 5246 sive
2345 5188 2448 5245 hoc
2459 5188 2551 5245 ﬁat
2564 5204 2630 5246 ex
2644 5188 2848 5262 regula,
2865 5187 2982 5244 sive
2993 5202 3060 5244 ex
3072 5187 3415 5248 librariorum

1821 5281 2013 5338 menda
2032 5299 2047 5348 ;
2066 5281 2298 5352 denique
2314 5281 2371 5352 ιι)
2385 5281 2685 5352 analogiam
2707 5291 3055 5351 cogitatorum
3080 5294 3416 5338 sermonum.

1892 5375 2042 5430 Licet
2068 5385 2246 5429 autem
2275 5373 2411 5429 infra
2430 5413 2444 5439 ,
2472 5373 2852 5429 auxiliantibus
2878 5372 2964 5430 his
2990 5373 3224 5440 indiciis,
3252 5386 3418 5432 sonos

1825 5468 2056 5539 gothica:
2107 5467 2300 5538 linguae
2339 5468 2642 5546 instaurare
2679 5465 3043 5534 intendamus,
3080 5466 3418 5524 animadver-

1827 5571 1939 5618 tere
1983 5570 2161 5617 tameu
2202 5563 2297 5617 abs
2327 5575 2388 5616 re
2427 5575 2532 5615 non
2576 5570 2660 5616 est
2710 5575 2808 5614 nos
2850 5567 3043 5630 quarto
3073 5560 3290 5632 indicio,
3322 5574 3418 5617 co-

1825 5666 2106 5728 gnatorum
2129 5655 2332 5712 scilicet
2353 5670 2661 5710 sermonnm
2681 5656 3161 5727 analogia,nonnisi
3185 5657 3415 5714 maxima

1824 5751 2072 5805 cautione
2088 5764 2211 5804 usos
2229 5747 2363 5815 fore,
2382 5757 2436 5804 et
2453 5748 2554 5804 hoc
2564 5763 2627 5802 ex
2649 5749 2929 5819 multiplici
2947 5750 3176 5805 ratione.
3196 5749 3411 5804 Etenim

1823 5845 2038 5912 gothica
2067 5843 2268 5913 lingua,
2293 5841 2445 5912 quasi
2470 5855 2653 5913 ramus
2677 5843 3004 5913 germania:
3029 5841 3212 5910 stirpis
3239 5851 3415 5894 emor-

1827 5945 1970 6001 tuus,
2001 5938 2055 5991 in
2086 5936 2326 6007 cognatis
2359 5937 2553 6008 linguis
2593 5935 2738 5991 nulla
2782 5937 2863 5994 sui
2895 5944 3045 6007 parte
3070 5935 3182 6005 jam
3225 5944 3414 6001 super-
