3840 6600
66 499 176 558 915

141 619 198 690 6)
229 618 486 687 Quamvis
513 634 547 674 α
572 631 670 690 pro
695 631 873 692 greco
894 639 928 674 α
950 625 1056 672 tam
1099 616 1258 686 longo
1297 629 1458 686 quam
1503 615 1656 671 brevi

67 720 383 784 usurpetur,
431 712 488 769 in
525 710 738 782 gotbica
779 718 961 766 tamen
1002 699 1183 780 lingua
1222 721 1330 764 non
1359 706 1463 763 nisi
1491 706 1657 764 breve

66 814 186 873 est,
223 805 341 861 sive
376 803 627 870 radicali,
657 804 772 862 sive
798 803 1100 860 formativa:
1120 801 1341 873 syllaba:
1367 800 1654 871 pertineat.

69 897 231 966 Quod
257 898 550 956 innotescit
579 906 692 956 tum
728 914 796 956 ex
839 897 1158 955 formatione
1195 895 1446 952 secundae
1469 895 1654 964 conju-

65 991 325 1060 gationis,
367 1000 479 1047 tum
515 1006 584 1047 ex
626 989 1129 1062 circumscriptione
1155 996 1245 1046 τοῦ
1281 987 1317 1042 ii
1355 989 1409 1043 in
1450 1004 1482 1042 ο
1511 987 1657 1058 (Quae

64 1068 502 1154 circumscriptio
536 1098 568 1140 a
607 1084 807 1156 populo
845 1084 979 1140 facta
1011 1099 1118 1140 non
1147 1083 1216 1140 ab
1253 1080 1570 1153 interprete)
1599 1079 1654 1136 in

63 1175 332 1230 tamaricis
361 1190 459 1246 pro
491 1175 718 1232 Romani
746 1176 856 1232 vid.
885 1175 1023 1233 infra
1052 1174 1131 1247 7).

140 1265 204 1338 6)
225 1266 383 1324 Salva
404 1267 684 1337 brevitate,
705 1285 738 1324 a
757 1267 916 1326 etiam
939 1278 1147 1325 acutum
1169 1266 1287 1324 fieri
1306 1273 1504 1338 potest,
1519 1262 1662 1334 quod

63 1367 200 1416 ante
226 1359 456 1431 liquidas
493 1377 542 1430 ε,
586 1377 618 1415 s
644 1371 699 1416 et
737 1361 770 1414 It
813 1360 1083 1432 precipue
1120 1357 1334 1415 accidit.
1365 1356 1524 1413 Ratio
1551 1363 1659 1424 est,

64 1452 198 1522 quia
231 1451 452 1523 liquidae
479 1469 505 1509 s
528 1461 583 1509 et
610 1471 640 1507 ι
660 1462 784 1510 sunt
821 1454 934 1510 sive
965 1450 1330 1508 redundanter
1355 1448 1658 1520 geminatae,

71 1553 133 1599 ut
159 1546 218 1600 in
254 1545 540 1602 nasseinais
572 1547 763 1604 Thess.
797 1547 840 1617 l,
873 1563 926 1615 ν,
966 1547 1020 1616 8,
1041 1549 1217 1602 iasson
1243 1542 1464 1618 (Ἰάσων)
1501 1540 1661 1598 Rom.

77 1650 186 1702 xvt,
216 1635 308 1703 2|,
349 1637 586 1693 (auarus
621 1637 904 1714 (Λάζαρος)
933 1636 1064 1693 Luc.
1086 1651 1198 1706 xvi,
1232 1635 1326 1701 23,
1350 1633 1508 1688 [sanat
1533 1631 1660 1686 Cor.

74 1725 117 1794 l,
148 1742 245 1796 vn,
269 1728 370 1796 i6;
401 1730 514 1785 sive
540 1731 656 1786 vice
683 1744 837 1786 versa
864 1729 1227 1801 simpliﬁcatw,
1261 1726 1333 1782 ita
1373 1733 1433 1781 ut
1464 1723 1665 1794 liquida

70 1818 306 1890 simplex
333 1819 668 1892 adhibeatur,
699 1821 791 1879 ubi
827 1821 1185 1893 etymologice
1219 1818 1416 1890 duplex
1441 1823 1658 1888 specta-

70 1922 250 1981 retur,
285 1922 344 1970 ut
371 1915 425 1972 in
459 1917 680 1989 branjan
708 1916 866 1974 Joan.
896 1933 986 1986 xv,
1013 1917 1048 1974 6
1090 1917 1142 1989 (a
1172 1911 1437 1987 brinnan),
1476 1911 1601 1970 coll.
1634 1910 1663 1982 ς

65 2006 165 2078 55,
197 2018 384 2066 annot.
411 2010 463 2080 1,
495 2009 552 2079 2,
580 2011 722 2083 quod
745 2011 806 2068 ﬁt
835 2011 1122 2083 praecipue,
1151 2012 1368 2085 quando
1393 2026 1488 2082 per
1515 2025 1666 2067 com-

68 2099 402 2170 positionem
428 2109 588 2158 tonus
614 2117 645 2158 a
665 2103 870 2175 syllaba
898 2104 968 2161 de
996 2119 1098 2173 qua
1128 2106 1304 2176 agitur
1325 2103 1664 2172 excedit,ex.

64 2204 155 2262 gr.
188 2207 203 2245 :
234 2191 492 2264 alaparba
526 2192 618 2267 (ab
640 2193 766 2267 alis)
791 2195 1224 2270 manumaarprja
1255 2197 1308 2270 (a
1348 2195 1584 2269 manna).
1616 2198 1664 2253 Α

67 2291 198 2338 ante
234 2281 268 2334 It
306 2281 366 2340 ﬁt
392 2293 608 2342 acutum
637 2289 933 2358 praesertim
961 2290 1016 2345 in
1041 2289 1305 2348 vocabulo
1324 2289 1447 2364 jah,
1477 2305 1596 2347 cum
1629 2289 1664 2342 lt

65 2376 320 2446 sequenti
349 2381 664 2438 consonanti
693 2381 1019 2438 assimiletur
1041 2382 1098 2455 (§
1123 2381 1238 2454 56).

147 2485 170 2523 ο
205 2470 495 2530 AnnOtatio
519 2472 659 2528 2.—
685 2473 729 2529 E
754 2473 917 2530 simili
941 2475 1204 2547 principio
1223 2475 1352 2534 oriri
1380 2476 1551 2548 potuit
1575 2491 1668 2548 ge-

67 2565 296 2622 minatio
336 2575 428 2626 τοῦ
473 2568 509 2622 d
553 2568 606 2625 in
651 2568 980 2643 gaddarenus
1021 2585 1118 2642 pro
1171 2569 1499 2647 Padapnvtic,
1550 2572 1662 2630 vid.

65 2657 238 2725 gloss.
272 2657 330 2716 h.
361 2674 414 2713 v.
1487 2691 1491 2696 τ

147 2765 170 2800 s
207 2748 500 2806 Annotatio
528 2751 584 2807 3.
615 2780 686 2793 —
712 2752 788 2808 De
815 2770 849 2808 a
875 2752 1152 2812 debilitata
1183 2755 1291 2812 vid.
1322 2755 1460 2828 §32,
1487 2757 1544 2813 4.
1583 2777 1600 2810 ι

146 2838 205 2908 7)
239 2838 456 2897 Vocalis
486 2840 639 2915 longa
668 2851 760 2901 τοῦ
789 2863 822 2901 a
850 2854 933 2902 est
959 2863 1024 2914 o;
1044 2863 1078 2901 a
1108 2848 1268 2918 igitur
1295 2864 1402 2905 non
1433 2851 1606 2906 solum
1635 2868 1666 2906 ο

65 2929 270 2998 sapius
291 2930 492 2999 evadit,
517 2933 611 2989 sed
641 2950 673 2988 ο
699 2937 1024 3006 generaliter
1047 2947 1353 3009 usurpatur,
1381 2939 1469 2995 ubi
1493 2956 1525 2994 a
1548 2941 1665 2998 lon-

64 3034 195 3090 gum
228 3033 580 3092 spectaretur.
613 3024 864 3083 Formam
895 3029 1156 3084 rumoneis
1180 3043 1278 3099 pro
1306 3030 1530 3087 Romani
1555 3033 1663 3102 jam

69 3123 243 3180 supra
278 3111 334 3182 5)
373 3116 930 3173 commemoravimus.
975 3118 1094 3173 Alia
1131 3133 1259 3176 vero
1297 3124 1566 3191 exempla,
1610 3122 1663 3178 in

74 3200 279 3272 quibus
309 3219 341 3257 a
375 3203 426 3260 in
470 3221 501 3260 ο
531 3205 723 3264 transit
747 3223 848 3266 nec
883 3209 950 3265 ad
988 3211 1259 3282 propriam
1292 3213 1664 3271 absonantiam

76 3292 149 3366 (5
181 3294 287 3364 32,
316 3297 378 3370 2)
413 3299 636 3370 cogitari
691 3311 898 3373 potest,
947 3304 1064 3360 haec
1105 3317 1262 3372 sunt;
1319 3307 1597 3380 gahobains
1632 3323 1665 3364 a

70 3386 275 3456 haben,
304 3391 500 3461 ganohs
525 3408 555 3448 a
580 3394 776 3466 nahan,
818 3395 1124 3472 abtaudogs,
1161 3399 1427 3469 ﬁdardogs
1457 3412 1487 3455 a
1514 3403 1660 3474 dogs.

68 3476 136 3532 1n
165 3479 290 3536 aliis
317 3491 496 3540 autem
532 3485 770 3554 casibus,
803 3499 861 3545 ut
887 3489 941 3544 in
971 3489 1075 3562 sap
1096 3505 1127 3546 a
1154 3491 1307 3565 seps,
1342 3493 1460 3548 bota
1483 3509 1514 3549 a
1539 3493 1669 3564 bats,

67 3569 302 3627 verbum
342 3573 480 3632 forte
506 3577 647 3648 quod
682 3581 999 3638 exsoleverit
1029 3582 1268 3656 (sapuit,
1307 3584 1451 3658 sap,-
1489 3586 1669 3658 hatan,

69 3659 217 3732 bat),
259 3664 631 3725 absonantiam
671 3671 946 3739 explicare
995 3683 1190 3744 potest.
1232 3675 1383 3745 Quod
1414 3676 1576 3734 etiam
1617 3679 1671 3734 in

70 3750 316 3812 ﬂexione
354 3773 384 3812 ο
411 3757 583 3831 longe
633 3763 803 3819 vocali
826 3772 917 3822 τοῦ
952 3782 986 3820 a
1018 3767 1370 3837 respondeat,
1412 3779 1560 3840 patet
1604 3787 1674 3829 ex

65 3840 250 3900 forma
273 3846 415 3917 gibos
439 3863 470 3904 a
498 3851 636 3923 giba,
652 3854 790 3926 vigos
813 3869 845 3909 a
870 3856 978 3927 vigs
1001 3855 1276 3927 (thematis
1313 3860 1530 3935 VIGA),
1550 3878 1673 3920 cum

67 3938 270 4008 gasteis
297 3954 326 3993 a
358 3951 495 4013 gasts
520 3942 795 4013 (thematis
825 3944 1090 4018 GASTI),
1114 3958 1168 4005 et
1200 3949 1315 4006 vice
1347 3966 1501 4008 versa
1531 3953 1677 4008 hair-

69 4037 198 4084 tane
235 4045 366 4102 gen.
395 4047 425 4088 a
454 4032 716 4102 hairtona,
743 4038 798 4093 in
836 4053 945 4109 quo
973 4056 1004 4094 ο
1037 4050 1259 4112 propter
1287 4059 1316 4096 e
1342 4043 1557 4115 longum
1587 4059 1675 4102 se-

68 4124 339 4192 quensin
369 4140 519 4181 suam
549 4127 767 4185 brevem
798 4147 831 4184 a
858 4132 1278 4202 respondentem
1309 4135 1504 4191 iterum
1533 4137 1673 4192 iaci-

69 4215 508 4289 dit.Warjanoh,
526 4222 796 4292 warjatah,
808 4224 1024 4297 warjoh,
1040 4240 1159 4295 qua
1175 4225 1296 4284 loco
1320 4228 1672 4297 warianwuh,

71 4317 218 4377 etc.,
241 4319 556 4376 occurrunt,
581 4328 686 4370 non
708 4329 776 4370 ex
802 4324 1080 4372 contracto
1105 4334 1200 4373 a-u
1224 4319 1278 4374 in
1309 4334 1340 4372 ο
1362 4318 1676 4376 illustranda

70 4409 232 4469 sunt,
263 4415 388 4459 cum
416 4404 548 4460 alias
587 4421 619 4460 a
649 4414 778 4463 ante
810 4407 882 4464 alt
910 4409 1176 4478 elidatur;
1219 4411 1314 4468 sed
1346 4411 1451 4468 hoc
1477 4413 1677 4484 conjici

73 4505 305 4567 potest,
344 4498 488 4569 quod
528 4500 584 4555 in
624 4501 889 4574 principio
947 4504 1148 4561 vocalis
1193 4504 1461 4576 primitive
1519 4506 1678 4578 longa

74 4589 484 4650 terminationis
545 4603 671 4651 ante
712 4597 1028 4667 particulam
1091 4599 1403 4656 encliticam
1469 4601 1680 4656 servari

71 4685 345 4754 potuerit,
386 4695 449 4742 ut
474 4687 529 4743 in
555 4685 784 4744 ainoltun
819 4691 888 4747 ab
920 4693 1044 4747 aina
1071 4700 1126 4748 et
1153 4692 1282 4756 Itan,
1320 4691 1584 4747 aimtohtm
1609 4691 1679 4748 ab

73 4774 282 4830 ainana
320 4777 640 4851 (syncopato
672 4781 850 4854 ainna)
896 4790 952 4839 et
990 4783 1096 4838 lum
1139 4783 1217 4854 (et
1253 4782 1482 4840 fortasse
1513 4783 1679 4840 etiam

77 4867 346 4922 sceiloltan
415 4884 448 4925 a
505 4873 648 4929 weila
705 4885 762 4930 et
805 4873 976 4947 Itan),
1059 4877 1146 4932 vel
1205 4876 1346 4946 quod
1405 4875 1676 4944 enclitica,

75 4972 210 5029 quae
238 4958 328 5015 bis
365 4961 637 5018 vocabulis
667 4971 875 5021 mature
918 4973 976 5021 et
1021 4968 1338 5039 regulariter
1391 4966 1683 5038 postmissa

73 5061 191 5119 est,
219 5053 274 5108 in
287 5053 530 5110 vocalem
560 5057 976 5127 terminationis,
1014 5070 1142 5116 tono
1167 5069 1418 5130 attracto,
1455 5062 1686 5118 inﬂuxe-

74 5145 178 5211 rit,
210 5145 343 5202 dum
365 5146 419 5204 in
440 5149 730 5205 recentiori
751 5158 1012 5222 tempore,
1040 5163 1290 5210 cessante
1311 5155 1538 5226 inﬂuxu,
1561 5155 1685 5212 bre-

75 5237 170 5292 vis
211 5237 608 5295 terminationis
633 5240 833 5296 vocalis
863 5241 994 5297 elisa
1023 5241 1184 5299 ﬁnem
1217 5243 1483 5300 habuerit.

162 5349 186 5384 ι
225 5331 518 5390 Annotatio
548 5335 698 5391 4.-
723 5333 802 5391 De
835 5351 865 5390 e
892 5341 952 5391 ut
986 5335 1154 5394 altera
1183 5336 1385 5396 vocalis
1406 5336 1565 5409 longa
1592 5342 1682 5396 τοῦ

72 5441 112 5481 a
146 5424 520 5494 considerata,
541 5425 654 5483 vid.
687 5426 715 5494 ς
743 5425 837 5494 25,
867 5424 924 5482 4.

877 5643 924 5719 Ῑ

155 5825 192 5900 ς
208 5823 306 5881 23.
329 5823 476 5896 l)Ab
503 5841 538 5881 α
561 5826 582 5882 i
610 5826 809 5884 vocalis
829 5835 913 5883 est
928 5826 1359 5898 frequentissime
1372 5837 1683 5893 occurrens,

73 5920 222 5978 licet
261 5919 460 5986 saepius
515 5919 726 5990 medio,
765 5934 928 5992 quam
969 5919 1124 5978 initio
1166 5921 1251 5988 vel
1287 5920 1398 5979 line
1439 5918 1685 5979 vocabuli

70 6013 426 6076 inveniatur:

1449 502 1538 559 DE
1574 499 2029 559 PROLATIONE.

1829 617 1883 685 a)
1915 614 2108 671 Initio:
2137 614 2303 680 iakob,
2335 613 2460 680 ibai,
2486 615 2673 688 iggqis,
2701 615 2880 683 idveit,
2915 619 3073 686 iesus,
3111 621 3230 687 issi,
3256 619 3344 692 ip,

1758 709 1831 779 iit,
1856 711 1948 773 im,
1978 711 2053 776 in,
2085 710 2182 780 ija,
2207 711 2273 776 is,
2295 710 2425 772 ilan,
2447 709 2656 779 iﬂuma,
2683 709 2932 766 ioharmes
2948 727 2970 776 ;

1831 800 1884 872 ὸ)
1913 800 2128 856 Medio:
2159 799 2296 866 bida,
2319 800 2521 869 blinds,
2567 801 2779 870 brinna,
2827 803 2968 874 giba,
3010 805 3348 878 glitmunjan,

1759 895 1922 968 grids,
1952 897 2136 968 digrei,
2161 896 2398 969 drigkan,
2421 897 2609 970 qipan,
2637 899 2839 970 hilpan,
2879 901 3074 972 hlifan,
3106 901 3348 971 hnivans,

1763 985 1983 1060 hrisjan,
2005 987 2138 1060 pisi,
2164 987 2408 1061 priskan,
2439 988 2626 1060 kilpei,
2667 989 2874 1060 klismo,
2908 991 3074 1058 kniua,
3125 991 3349 1061 Isrispus,

1760 1077 1922 1150 ligari,
1939 1077 2077 1150 mil),
2089 1081 2287 1147 niman,
2305 1079 2493 1153 saijip,
2508 1079 2792 1152 pistikeins,
2809 1083 3058 1157 plinsjan,
3072 1081 3265 1154 priska,
3277 1083 3354 1136 ri-

1761 1173 1878 1244 mis,
1891 1174 2026 1245 sijis,
2039 1173 2256 1242 skildus,
2273 1174 2527 1243 skritnan,
2542 1175 2771 1241 slindan,
2789 1175 2987 1248 smipa,
3003 1177 3206 1243 sniuan,
3223 1176 3355 1247 spit-

1762 1266 1870 1332 lon,
1893 1265 2040 1333 stiks,
2053 1265 2224 1337 striks,
2235 1265 2408 1333 scibis,
2431 1267 2782 1341 timrja,trisa,
2796 1268 2909 1322 tuis.
2919 1306 2958 1322 ..
2968 1307 3008 1334 .,
3019 1266 3188 1335 uirida,
3209 1267 3351 1334 alits,

1761 1359 1959 1427 urikan,
1980 1358 2192 1433 (inpari,
2215 1360 2377 1435 frijei,
2400 1359 2590 1417 wileiks
2613 1375 2632 1427 ;
2656 1361 2778 1427 sici,
2795 1362 2931 1429 siau,
2959 1359 3164 1426 libains,
3187 1360 3350 1433 gibus,

1763 1453 1951 1521 stibna,
1993 1453 2149 1526 trigo,
2193 1453 2353 1524 ligrs,
2393 1454 2668 1527 svignjan,
2711 1454 2955 1526 siggvan,
2997 1453 3178 1524 sigqan
3200 1491 3217 1519 ,
3274 1453 3350 1506 si-

1764 1544 1898 1612 dus,
1943 1547 2152 1620 bidjars,
2202 1546 2388 1616 ﬁdvor,
2441 1547 2600 1617 riqis,
2642 1545 2787 1618 pm,
2830 1545 3018 1611 mizdo,
3063 1543 3349 1612 andavizn,

1765 1635 1978 1707 viisjan,
2027 1637 2139 1705 nili,
2190 1637 2444 1710 aggvipa,
2490 1637 2677 1709 nipjis,
2720 1636 2902 1710 uipra,
2945 1635 3133 1704 mikils,
3177 1635 3351 1706 stikls,

1763 1731 1956 1801 suilsus,
1985 1732 2242 1802 audtilon,
2272 1732 2423 1798 silba,
2465 1733 2640 1796 milds,
2679 1731 2864 1802 [il/tan,
2901 1731 3110 1803 vilpeis,
3137 1728 3351 1800 ﬁlleins,

1766 1828 1996 1896 sis/ilma,
2041 1827 2189 1902 vilja,
2227 1828 2427 1898 hilpan,
2474 1827 2682 1892 sviltan,
2712 1827 2885 1898 gilstr,
2913 1827 3107 1896 qiman,
3135 1823 3350 1892 Itimma,

1769 1918 1937 1988 sinite,
1958 1920 2133 1986 mima,
2160 1921 2407 1992 trimpan,
2427 1920 2563 1991 ﬁmi,
2594 1918 2786 1986 blinds,
2811 1919 3075 1983 minsnan,
3101 1913 3350 1988 gasinpa,

1769 2012 1932 2081 ttinja,
1974 2011 2194 2085 pinsan,
2235 2011 2429 2080 kintus,
2473 2014 2655 2086 friion,
2696 2011 2831 2082 skip,
2868 2010 3031 2083 vipja,
3069 2009 3352 2080 ganipnau,

1766 2104 1888 2171 hiri,
1914 2103 2105 2177 hirjip,
2134 2105 2230 2171 vis,
2253 2105 2469 2176 trisgan,
2494 2105 2721 2174 urisqan,
2752 2101 2896 2173 ﬁsks,
2919 2100 3352 2173 klismjan,vissa,

1767 2197 1902 2266 lists,
1923 2195 2128 2266 hulistr,
2153 2197 2312 2264 sitan,
2339 2196 2470 2263 sitis,
2496 2195 2632 2267 pini,
2655 2195 2817 2267 sifan,
2847 2193 3053 2264 htiftus,
3074 2193 3285 2262 lifnan;

1837 2287 1888 2358 c)
1917 2288 2049 2346 Fine
2075 2306 2091 2344 :
2121 2287 2252 2356 arbi,
2281 2288 2388 2359 aigi
2409 2286 2566 2344 Joan.
2605 2301 2684 2354 Vl,
2724 2285 2816 2349 40,
2855 2283 3182 2357 fautagaggi,
3209 2280 3350 2348 vadi,

1767 2380 1945 2451 bandi,
1975 2381 2128 2452 aqizi,
2149 2379 2314 2453 prohi
2343 2377 2483 2435 Tim.
2513 2378 2557 2447 1,
2589 2393 2646 2447 v,
2671 2378 2761 2445 10,
2786 2375 2962 2449 avspi,
2984 2373 3136 2441 melii,
3159 2372 3352 2439 aurati,

1766 2475 1920 2543 nemi,
1945 2473 2049 2530 Mc.
2081 2483 2176 2540 xtl,
2200 2471 2256 2539 2,
2284 2471 2414 2542 fani,
2435 2469 2608 2541 hropi,
2626 2468 2827 2540 wilftri,
2855 2466 3202 2535 usuissi,nati,
3225 2464 3352 2533 ltivi,

1765 2571 1883 2626 sewi
1908 2568 2010 2625 Mc.
2043 2583 2161 2636 vm,
2189 2567 2284 2624 23.

1836 2664 1894 2736 2)
1928 2663 2235 2731 Vocalibus,
2257 2661 2574 2733 quibuscum
2607 2657 2994 2728 diphthongum
3044 2669 3150 2710 non
3189 2652 3353 2709 en‘or-

1771 2767 1900 2828 mat,
1927 2758 1981 2813 in
2003 2755 2340 2827 simplicibus
2360 2753 2589 2826 gotbica:
2610 2753 2806 2822 lingua:
2826 2747 3103 2805 vocabulis
3123 2760 3229 2802 non
3252 2745 3354 2800 nisi

1767 2866 1894 2907 raso
1925 2850 2283 2921 postponitur,
2332 2857 2385 2902 et
2405 2845 2653 2918 equidem
2685 2840 3054 2900 tantummodo
3085 2847 3206 2910 post
3229 2837 3280 2892 ai
3299 2844 3354 2893 et

1768 2959 1835 2997 au
1856 2957 1875 2998 :
1897 2939 2040 3012 saiip
2066 2938 2190 2997 Cor.
2221 2939 2286 3006 ll,
2312 2953 2388 3006 ιι,
2423 2937 2479 3004 6,
2506 2937 2636 3000 (aui,
2665 2935 2823 3002 sanil,
2849 2931 3072 2987 stauida.

1846 3051 1864 3086 ι
1903 3032 2191 3089 Annotatio
2227 3030 2281 3085 1.
2319 3059 2392 3072 -
2442 3029 2657 3083 Duobus
2691 3028 2707 3079 i
2750 3021 3222 3091 concurrentibus,
3271 3024 3356 3076 vet

1768 3124 1929 3180 ambo
1954 3124 2008 3180 in
2033 3123 2081 3178 ei
2105 3129 2508 3185 convertuntur,
2539 3120 2619 3175 vel
2651 3118 2796 3189 prius
2812 3118 2841 3187 j
2859 3115 3038 3173 evadit
3060 3113 3110 3186 (ᾗ
3126 3115 3215 3181 54,
3231 3111 3310 3185 5).
3331 3129 3354 3165 s

1839 3217 1900 3288 5)
1932 3217 1995 3272 In.
2011 3214 2298 3285 exscriptis
2323 3210 2622 3283 peregrinis
2643 3208 2922 3265 vocabulis
2946 3207 2964 3260 i
2987 3216 3165 3278 graeco
3187 3229 3225 3272 ι,
3247 3203 3362 3261 sive

1773 3318 2054 3367 accentum
2083 3306 2324 3372 babenti,
2342 3303 2458 3360 sive
2488 3319 2620 3372 non,
2638 3301 2998 3360 communiter
3025 3296 3313 3367 respondet
3342 3312 3358 3349 :

1771 3403 1963 3459 iaeiras
2002 3401 2227 3477 Ἰάειρος,
2271 3397 2558 3452 iairaimt'as
2596 3396 2863 3470 Ἱερεμίας,
2911 3391 3097 3447 ἰαὶτὶιςο
3135 3388 3362 3466 ἰιριχώο

1775 3494 2073 3551 aivxaristia
2101 3493 2439 3568 εὐχαριστία,
2463 3489 2733 3561 pymiama
2761 3489 3012 3560 θυμίαμα,
3043 3481 3238 3555 gabriel
3265 3492 3365 3539 rst-

1779 3589 1960 3669 6ριήλ,
2005 3587 2242 3642 diabttlus
2283 3583 2547 3652 διάϐολος,
2598 3581 2824 3636 didimus
2870 3577 3120 3651 Δίδυμος,
3165 3575 3367 3647 krispttl
3487 3633 3494 3640 _

1780 3686 2040 3761 Κρίσπος,
2065 3680 2232 3736 lukius
2256 3677 2490 3745 Λούκιος,
2513 3675 2753 3732 makeibis
2771 3674 3018 3750 Μαγιϐίς,
3035 3669 3368 3726 nikaudemus

1778 3775 2074 3847 Νικόδημος.
2103 3773 2284 3828 siloam
2311 3771 2528 3842 Σιλωάμ.

1857 3893 1879 3929 v
1916 3873 2206 3931 Annotatio
2221 3873 2278 3928 2.
2301 3901 2373 3913 —
2397 3870 2730 3940 Quandoque
2755 3869 2772 3922 i
2813 3868 2974 3924 etiam
3001 3871 3286 3933 usurpatur
3306 3858 3362 3932 ο)

1781 3981 1881 4039 pro
1901 3979 2076 4037 graeco
2100 3987 2133 4026 η
2161 3962 2306 4036 (coll.
2325 3961 2527 4018 Castill.
2543 3961 2607 4015 ad
2625 3960 2748 4016 Cor.
2781 3957 2846 4025 ll,
2865 3974 2904 4023 ι,
2920 3956 3012 4027 16)
3039 3973 3055 4011 :
3081 3954 3368 4012 amisimus

1777 4061 2066 4126 Ὀνήσιμος,
2101 4051 2270 4125 διιίρἱί
2297 4052 2490 4118 Batavi),
2509 4051 2692 4124 jannis
2722 4051 2940 4115 Ἰαννῆς,
2962 4047 3174 4101 abeileni
3216 4045 3360 4103 ’Δϐιο

1779 4150 1922 4216 Inani,
1957 4147 2233 4220 ﬁk’ppisius
2253 4146 2601 4210 Φιλιππήσιος,
2635 4140 2852 4214 bipartit:
2884 4142 3128 4204 Bneavia,‘
3159 4151 3252 4206 per
3276 4151 3371 4190 ex-

1783 4241 2087 4314 ceptionem
2121 4239 2282 4295 etiam
2324 4238 2375 4308 b)
2421 4251 2517 4308 pro
2559 4248 2735 4306 graeco
2769 4255 2801 4289 υ
2837 4249 2852 4286 :
2894 4231 3118 4286 didimus
3154 4227 3372 4300 Δίδυμος
3460 4277 3464 4281 ,

1785 4334 1864 4405 (in
1891 4332 2061 4388 akvila
2090 4345 2187 4401 pro
2205 4331 2417 4390 ’Δκύλας
2443 4327 2616 4383 forma
2646 4326 2808 4381 latina
2831 4333 2988 4395 typus
3009 4322 3170 4378 fuisse
3193 4320 3372 4391 potius

1785 4420 2054 4493 videtur);
2081 4422 2130 4491 c)
2155 4435 2250 4491 pro
2274 4433 2449 4491 graeco
2469 4439 2492 4474 s
2521 4435 2534 4472 :
2561 4417 2774 4472 andrias
2806 4414 2920 4474 Cal.
2939 4415 3116 4486 goth.,
3145 4428 3371 4468 saurau-

1787 4514 1920 4570 babil
1956 4513 2259 4592 Ζοροϐάϐελ,
2302 4512 2504 4588 aggilus
2547 4508 2781 4583 ἅγγελος,
2838 4507 3164 4578 makidonja,
3202 4517 3374 4563 Maus-

1785 4607 1955 4674 δονίας
1990 4609 2049 4677 d)
2080 4622 2177 4678 pro
2211 4620 2385 4676 graeco
2416 4626 2459 4662 ει
2494 4622 2510 4658 :
2547 4601 2815 4659 antiaukia
2840 4602 3165 4674 ’Δντιοχιίας
3198 4598 3250 4673 e)
3279 4611 3378 4670 pro

1788 4715 1967 4773 graeco
1993 4723 2037 4773 χ
2065 4715 2080 4755 :
2109 4700 2290 4756 iareim
2312 4700 2503 4774 xapip.
2541 4715 2561 4750 s

1861 4802 1920 4877 4)
1949 4801 2003 4872 Ι,
2032 4801 2479 4874 quemadmodum
2517 4817 2552 4855 a
2606 4798 2876 4870 primitive
2901 4795 3068 4855 breve
3100 4804 3218 4864 est;
3256 4808 3378 4850 cum

1790 4906 1967 4954 autem
1991 4896 2044 4952 in
2069 4897 2367 4967 prolatione
2389 4895 2457 4950 ad
2477 4895 2523 4948 ei
2541 4900 2596 4949 et
2614 4909 2642 4948 e
2666 4891 2912 4962 proxime
2931 4888 3172 4954 accedat,
3189 4888 3379 4942 horum

1791 4989 2112 5062 quandoque
2141 4997 2202 5044 ut
2239 4988 2455 5058 longum
2485 4999 2774 5058 personam
2805 4979 3222 5054 gerit;‘ponitur
3251 4991 3380 5046 ergo

1793 5077 1848 5152 a)
1874 5095 1972 5151 pro
1998 5083 2043 5135 ei
2074 5081 2128 5135 in
2153 5098 2167 5135 :
2197 5080 2354 5152 digan
2383 5079 2540 5136 Rom.
2575 5093 2650 5144 ix,
2681 5079 2772 5144 20,
2799 5069 3070 5145 ufarassip
3101 5069 3241 5125 Tim.
3267 5067 3310 5137 Ι,
3343 5083 3382 5132 r,

1793 5171 1884 5241 14,
1912 5171 2120 5244 pagkip
2146 5172 2261 5228 Gal.
2285 5188 2360 5240 vi,
2387 5171 2441 5240 5,
2463 5171 2696 5226 visandin
2719 5172 2842 5240 (pro
2860 5162 3146 5234 visandein)
3168 5162 3308 5219 Tim.
3339 5163 3380 5229 Ι,

1798 5279 1842 5336 ι,
1868 5265 1933 5332 4;
1964 5263 2141 5322 Skeir.
2165 5263 2346 5332 Vll,6,
2379 5263 2579 5317 laisaris
2607 5261 2737 5318 Luc.
2767 5275 2842 5330 vr,
2871 5259 2961 5325 40,
2983 5256 3227 5312 silubrins
3251 5253 3384 5309 Μαι.

1798 5373 1966 5427 xxvu,
1998 5357 2052 5424 5,
2088 5356 2264 5428 gabigs
2289 5354 2418 5411 Mtb.
2454 5368 2623 5422 xxvii,
2652 5352 2718 5408 57
2745 5358 2802 5408 et
2832 5364 2990 5420 ωειλ,
3013 5347 3138 5404 coll.
3163 5344 3231 5402 ad
3259 5342 3381 5400 Gal.

1800 5466 1876 5521 vt,
1907 5451 1974 5519 3;
2009 5449 2307 5522 praesertim
2341 5447 2397 5501 in
2433 5444 2740 5503 nominibus
2777 5440 3032 5514 propriis,
3075 5447 3130 5496 ut
3171 5434 3387 5493 arranius

1800 5542 1939 5601 Neb.
1967 5558 2062 5609 vn,
2092 5539 2151 5608 2,
2175 5537 2361 5595 iairiko
2393 5536 2496 5593 Mc.
2526 5550 2584 5605 x,
2611 5533 2704 5600 46,
2735 5530 3040 5588 baiaiamein
3069 5527 3210 5586 Phil.
3242 5541 3325 5593 tn,
3351 5525 3386 5581 5

1689 5638 1692 5640 ⁷
1804 5634 1863 5690 lt.
1888 5633 1956 5703 1.,
1981 5632 2232 5688 israelites
2260 5631 2418 5687 Rom.
2442 5643 2522 5698 tx,
2548 5627 2617 5695 4;
2642 5625 2694 5699 b)
2723 5638 2820 5698 pm
2847 5639 2875 5680 e
2899 5639 2914 5678 :
2940 5620 3152 5694 spidists
3177 5619 3320 5677 Tim.
3341 5617 3386 5686 Ι,

1799 5741 1878 5795 tv,
1901 5725 1956 5794 1,
1981 5727 2166 5782 azitizo
2195 5725 2294 5782 Mc.
2328 5739 2382 5792 x,
2411 5722 2505 5788 25,
2539 5719 2784 5795 svignipa
2813 5718 2942 5775 Luc.
2976 5732 3016 5786 ι,
3046 5716 3139 5784 44,
3167 5715 3390 5786 birusjos

1799 5834 1862 5888 tt,
1892 5819 1986 5888 41,
2013 5819 2198 5874 snivun
2243 5817 2346 5873 Mc.
2377 5832 2453 5884 vr,
2483 5814 2575 5882 53,
2610 5813 2832 5868 nimsina
2865 5811 2995 5867 Luc.
3023 5825 3099 5877 vt,
3134 5805 3226 5873 54,
3264 5805 3389 5874 qimi

1799 5927 1896 5980 vn,
1928 5911 1983 5980 3,
2027 5909 2244 5984 qipeina
2266 5923 2378 5973 vttt,
2402 5905 2508 5975 56;
2537 5921 2612 5972 ιι,
2641 5904 2733 5972 2i,
2763 5901 2954 5976 qipeip
2985 5915 3114 5965 xvu,
3140 5898 3195 5963 (ἱ,
3219 5895 3390 5950 usdri-

1803 6005 1951 6062 bsina
1979 6019 2054 6072 ts,
2091 6002 2178 6072 40,
2209 5999 2591 6076 galagidideina
2631 6014 2684 6067 v,
2716 5997 2805 6066 18,
2835 5993 3147 6052 tavididcinu
3181 6005 3252 6058 γι,
3295 5989 3384 6056 11,
