3840 6600
49 416 155 474 917

53 531 283 604 Ιιιορω,
299 529 468 604 petris,
491 528 674 595 ltelilm,
697 528 854 591 latas,
881 543 1042 599 mags,
1059 541 1261 592 nomint,
1277 527 1384 598 jar,
1406 527 1655 598 garedan,

53 626 190 693 sels,
238 625 471 699 sltevjan,
519 623 718 691 slepau,
763 621 932 693 speds,
975 622 1241 692 svegnjan,
1291 629 1428 687 leva,
1475 637 1656 688 uesuu,

55 720 262 783 erekei,
295 720 426 790 fera,
460 717 646 787 ﬂekan,
685 719 818 787 fret;
855 732 989 788 vegs,
1021 715 1223 784 unleds,
1265 714 1540 787 gafehaba,
1571 733 1663 788 ga-

54 811 273 874 reltsns,
306 809 492 881 nepla,
521 808 674 875 ntelti,
703 809 823 876 mel,
851 824 1057 878 qemun,
1089 822 1259 874 mena,
1294 823 1475 879 capsa,
1507 808 1661 878 {erja,

54 920 197 974 mes,
223 903 490 967 andasets,
523 902 618 969 leo,
648 917 817 967 nemo,

133 997 192 1068 ὸ)
228 996 366 1054 Fine
394 1015 407 1050 :
438 1011 524 1063 ne,
545 996 640 1068 pe,
669 1013 762 1062 we,
788 1013 892 1061 sse,
921 997 1087 1062 simle,
1113 1011 1278 1063 auare,
1296 1003 1438 1060 ante,
1459 993 1663 1067 pande,

59 1090 248 1156 hidre,
274 1088 511 1161 juindrc,
555 1089 744 1156 wodre,
789 1089 1077 1161 bisunjane,
1123 1097 1179 1146 et
1215 1089 1266 1144 in
1307 1087 1476 1158 genit.
1525 1087 1660 1157 plur.

60 1180 218 1251 ῥεια,
250 1180 466 1247 vaurde,
495 1188 601 1236 etc.

136 1272 192 1343 ε)
242 1271 376 1327 Aliis
420 1278 598 1327 autem
642 1271 914 1328 vocalibus
956 1289 982 1327 ο
1011 1289 1281 1344 nunquam
1315 1272 1660 1343 prmponitur,

62 1375 305 1436 excepto
349 1375 524 1422 tamen
545 1366 564 1420 ἱ
589 1379 817 1435 quocum
846 1366 900 1422 in
927 1366 1312 1438 diphthongum
1336 1365 1432 1438 (ei)
1459 1366 1664 1422 incidit.

136 1459 200 1531 9)
231 1460 290 1516 In
319 1459 603 1520 exscrintis
627 1460 904 1518 vocabulis
934 1461 1252 1532 peregrinis,
1293 1477 1471 1533 graeco
1495 1483 1526 1520 1
1569 1475 1660 1517 rs-

74 1558 333 1628 gulariter
357 1560 645 1629 respondet
663 1579 673 1613 :
689 1577 806 1616 esao
829 1568 1005 1628 Ἠσαῦ,
1029 1564 1166 1615 ictus
1191 1562 1413 1623 Ἰησοῦς,
1429 1559 1663 1612 iairusa-

71 1652 171 1703 lem
208 1654 569 1726 Ἶηρουσοιλήμ,
614 1654 770 1709 ἰδναεί
810 1655 1050 1729 Ἰσραήλ,
1100 1653 1369 1708 kaidmeiel
1413 1653 1664 1723 Καὸμιήλ,

66 1742 210 1812 ἴοιεν
219 1746 426 1816 Ἰωσήφ,
446 1747 580 1801 iores
596 1745 764 1811 Ἰωσῆ,
787 1747 927 1816 kefas
945 1751 1134 1820 Κηφᾶς,
1152 1747 1293 1800 kreta
1310 1751 1499 1823 κρήτη,
1514 1761 1670 1798 now-

64 1850 232 1890 renus
252 1837 573 1914 Ναζωρηνός,
607 1838 933 1911 gaddarenus
952 1838 1265 1916 Γαδαρηνὸς,
1297 1837 1669 1911 gainnesaraip

64 1929 414 2001 Γεννησαρέτ.

148 2038 169 2070 r
208 2018 524 2076 Annotatio.
551 2052 620 2062 —
645 2023 743 2077 Per
773 2022 1142 2092 exceptionem
1163 2039 1290 2080 vero
1309 2031 1416 2079 stat
1441 2022 1665 2094 a)pro::

64 2125 205 2164 nam
232 2115 378 2176 Ναίν,
407 2112 614 2183 tyltekus
637 2115 752 2170 Col.
781 2131 855 2184 iv,
885 2115 914 2168 7
937 2117 1198 2187 Τυχικόςς
1228 2116 1280 2184 b)
1313 2132 1408 2186 pro
1434 2137 1456 2172 s
1486 2133 1500 2170 :
1526 2116 1684 2170 iared.

62 2203 264 2281 supra,
308 2208 481 2262 tertius
522 2211 750 2285 Τόρτιος,
802 2209 1066 2281 baiplaem
1101 2211 1354 2282 Βιθλαὲμς
1399 2209 1453 2278 c)
1482 2225 1577 2279 pro
1618 2233 1672 2265 αι

63 2297 169 2353 lat.
198 2313 250 2354 er
284 2315 297 2352 :
331 2297 475 2354 krelts
503 2300 741 2376 Γραικὸς,
773 2299 1015 2357 Graecus.
1055 2320 1072 2352 ι

145 2392 206 2461 3)
237 2391 357 2446 Jam
389 2407 550 2462 supra
589 2392 688 2450 fuit
722 2395 1155 2452 animadversum
1187 2395 1242 2466 (ᾗ
1269 2395 1342 2451 25
1374 2403 1559 2450 snnot.
1587 2395 1666 2466 2),

67 2485 221 2556 quod
272 2502 301 2541 ε
341 2502 463 2543 cum
504 2489 524 2541 i
559 2502 706 2558 saepe
744 2499 1142 2554 commutatur;
1186 2498 1385 2561 praeter
1425 2489 1672 2560 exempla

73 2580 211 2637 illuc
237 2579 428 2648 allata,
471 2581 526 2636 in
553 2583 749 2653 quibus
777 2585 794 2637 ἱ
821 2598 918 2654 pro
947 2602 974 2638 ε
1000 2583 1239 2655 ponitur,
1282 2583 1479 2639 dantur
1508 2585 1669 2640 etiam

69 2689 187 2731 non
212 2689 412 2745 pauca,
459 2675 512 2732 in
550 2675 747 2748 quibus
774 2678 976 2746 pariter
1008 2695 1037 2732 ο
1073 2691 1172 2748 pro
1197 2679 1214 2731 i
1241 2677 1325 2733 vel
1357 2678 1404 2732 ei
1427 2685 1572 2733 stare
1593 2679 1673 2732 vi-

70 2768 259 2824 detr.
289 2765 346 2837 a)
376 2767 481 2824 Pro
505 2769 525 2822 i
548 2783 569 2823 :
594 2767 828 2840 δυοκαηρ
860 2768 993 2826 an.
1018 2785 1132 2832 vin,
1165 2769 1255 2836 17,
1283 2769 1480 2824 weleiks
1511 2785 1548 2840 ι,
1579 2769 1671 2837 29,

70 2863 276 2934 seneigs
305 2859 446 2918 Tim.
489 2861 529 2928 l,
560 2877 617 2927 v,
649 2863 703 2930 Ι,
728 2861 1052 2937 2,.ο99οιίηε
1080 2863 1241 2918 Rom.
1265 2878 1380 2928 vni,
1413 2863 1502 2929 88,
1531 2862 1675 2917 ubels

69 2953 218 3008 Tim.
251 2954 321 3021 ll,
348 2969 429 3021 in,
463 2954 556 3020 13;
579 2955 748 3027 ﬁlegri
776 2955 906 3012 Luc.
938 2972 1050 3023 χιε,
1083 2957 1174 3023 46,
1203 2956 1347 3010 dubi
1370 2957 1470 3013 Mc.
1503 2971 1555 3022 v,
1582 2956 1670 3020 lo,

70 3043 506 3101 mdbahtodsdrm
528 3045 658 3102 Luc.
689 3061 804 3113 vni,
831 3049 929 3112 l7;
961 3047 1012 3118 ὁ)
1038 3063 1134 3118 pro
1158 3048 1205 3101 ei
1235 3062 1254 3101 :
1284 3047 1404 3102 velis
1434 3047 1534 3101 Mc.
1556 3061 1669 3112 vni,

69 3135 154 3191 '26
165 3136 261 3200 ,Ἦ
272 3177 288 3202 ,
299 3136 443 3194 lelteis
457 3139 560 3194 lc.
577 3155 637 3208 ιι,
652 3140 716 3194 17
730 3148 785 3196 et
799 3155 928 3209 step.
939 3181 954 3208 ,
977 3139 1178 3194 lekiuon
1194 3139 1326 3195 Luc.
1341 3155 1370 3193 χ
1381 3180 1395 3204 ,
1411 3139 1466 3205 9,
1482 3138 1673 3211 hlepra

75 3230 246 3287 Ioan.
281 3217 368 3303 vri,
397 3233 452 3301 2,
484 3232 710 3290 sltcreins
738 3235 865 3289 Cor.
899 3234 937 3302 Ι,
973 3251 1085 3299 xiv,
1115 3233 1206 3299 Q6,
1234 3250 1421 3303 speoan
1450 3231 1553 3288 Mc.
1573 3249 1668 3299 vn,

67 3325 174 3390 55,
216 3340 284 3380 ne
305 3325 480 3384 Skeir.
519 3325 563 3394 l,
604 3342 655 3396 c,
700 3331 867 3398 [rem
900 3328 1027 3382 Cor.
1072 3327 1092 3381 ι
1134 3326 1406 3396 suscript.,
1451 3323 1673 3396 amilje

67 3415 224 3472 Phil.
255 3433 337 3484 iv,
360 3419 414 3486 5,
441 3419 534 3474 alte
557 3419 674 3476 Gal.
704 3435 764 3484 ιι,
799 3421 890 3487 it,
919 3419 991 3492 [re
1018 3419 1144 3475 Cor.
1179 3419 1216 3485 l,
1241 3433 1350 3483 xvi,
1377 3419 1428 3484 6,
1454 3417 1674 3489 potuine

67 3507 256 3565 Skeir.
298 3511 336 3579 I,
364 3512 420 3578 6,
461 3512 723 3585 mippane
769 3512 898 3567 Luc.
931 3527 989 3578 ιι,
1038 3510 1130 3578 43,
1164 3511 1305 3581 [rane
1343 3526 1402 3576 ι,
1437 3510 1492 3577 5,
1537 3507 1675 3580 pose

67 3619 194 3669 xix,
225 3603 322 3670 37,
351 3603 474 3676 [me
503 3603 633 3661 Cor.
665 3605 705 3669 1,
737 3619 854 3670 vni,
888 3603 989 3668 M;
1018 3604 1084 3670 ll,
1110 3619 1204 3670 xu,
1236 3603 1324 3671 15,
1351 3606 1430 3658 ise
1456 3600 1588 3656 Mth.
1618 3615 1671 3665 v,

67 3698 142 3750 32
172 3705 229 3752 et
264 3711 426 3766 saep,
476 3697 713 3752 blotande
743 3697 873 3752 Luc.
906 3711 962 3760 ll,
1011 3697 1098 3763 57,
1135 3712 1283 3767 ροηδε
1317 3695 1455 3767 Eph.
1487 3709 1542 3760 v,
1582 3690 1672 3759 22,

65 3785 166 3853 24,
201 3787 368 3842 heres
397 3787 503 3842 'l'it.
533 3803 572 3854 ι,
617 3787 702 3854 12,
734 3789 888 3843 uiues
915 3787 1044 3843 Luc.
1084 3804 1194 3853 ιιι,
1230 3787 1324 3852 9'2,
1355 3787 1678 3858 cipistaulem

67 3877 276 3932 Thess.
314 3877 374 3943 ll,
407 3891 469 3944 ll,
499 3879 603 3945 i7;
632 3877 682 3951 ο)
711 3893 811 3950 pro
837 3880 889 3934 oi
918 3879 1026 3935 vid.
1059 3878 1086 3949 ᾗ
1114 3879 1208 3948 9.8,
1233 3878 1288 3935 3.
1428 3883 1432 3887 ’

141 3967 213 4039 4)
244 3969 306 4027 In
350 3969 593 4041 plurimis
628 3971 842 4029 casibus
875 3988 904 4026 θ
948 3972 1164 4039 longum
1205 3975 1298 4026 τοῦ
1336 3986 1368 4024 a
1414 3983 1535 4028 esse
1593 3985 1676 4025 vi-

68 4065 278 4135 detur,
347 4067 795 4135 quemadmodum
832 4068 972 4138 apud
1016 4066 1235 4124 Graecos
1269 4090 1301 4127 η
1343 4067 1560 4138 longum
1595 4075 1681 4125 est

68 4165 172 4213 τοῦ
201 4174 257 4213 a.
279 4156 374 4214 Sic
401 4159 616 4229 ponitur
640 4159 906 4226 warrtmch,
935 4159 1286 4231 wjammeh,
1311 4158 1677 4216 ainummeltun

69 4250 207 4305 loco
246 4251 598 4317 mamma-ult,
625 4252 1055 4324 marjamma-uh,
1084 4251 1520 4321 «inornata-han,
1559 4267 1680 4323 qua

68 4343 340 4414 exempla
389 4359 460 4403 ex
507 4359 578 4403 eo
629 4353 833 4403 tantum
882 4346 1235 4413 illustrantur,
1272 4346 1416 4416 quod
1468 4345 1678 4417 longior

70 4439 260 4493 forma
288 4453 413 4496 cum
441 4456 468 4494 ε
499 4439 791 4510 primitiva,
834 4448 960 4498 ante
1009 4440 1326 4511 particulam
1373 4439 1679 4496 encliticam

69 4541 302 4586 servata
335 4531 424 4598 sit,
455 4531 582 4588 dum
613 4532 750 4592 Ilias
776 4531 831 4590 in
861 4551 894 4589 α
920 4540 1166 4604 correpta
1186 4543 1289 4603 est,
1312 4533 1396 4590 vel
1422 4532 1563 4603 quod
1592 4533 1682 4588 hic

69 4624 274 4692 etiam,
316 4625 768 4695 quemadmodum
802 4641 962 4699 supra
1004 4627 1060 4701 (δ
1098 4627 1194 4691 i2.
1232 4629 1287 4698 ’1)
1325 4627 1677 4699 coniecimus,

72 4717 368 4786 primitiva
392 4718 642 4776 enclitica
672 4720 726 4775 in
761 4722 1000 4780 vocalem
1037 4721 1434 4779 terminationis
1478 4722 1680 4792 produ-

74 4808 265 4865 cendo
291 4809 588 4868 inﬂuxerit.
611 4813 812 4869 Eodem
836 4813 998 4871 modo
1019 4814 1244 4886 pluralia
1265 4815 1450 4886 gebun,
1467 4831 1678 4882 nemun,

72 4900 362 4970 producto
381 4918 437 4969 ο,
457 4917 526 4960 ex
547 4902 908 4974 singularibus
923 4906 1030 4977 gaf,
1054 4922 1195 4972 nam,
1211 4906 1677 4964 suntdeducends.

72 4995 314 5052 Necnon
353 5005 408 5053 et
447 4998 755 5056 terminatio
800 4999 835 5054 Ξ
869 5014 1016 5071 pers.
1057 5001 1195 5072 sing.
1244 5011 1397 5072 przet.
1431 5001 1684 5059 secunda:

76 5091 519 5162 coniugationis,
569 5095 690 5162 des,
736 5093 896 5151 simili
941 5096 1152 5152 ratione
1200 5095 1519 5166 explicanda
1564 5107 1682 5159 est.

77 5183 258 5238 modo
299 5185 469 5242 semel
495 5184 808 5244 admittatur
832 5187 886 5244 in
918 5186 1018 5243 hac
1043 5188 1418 5246 terminatione
1447 5190 1688 5260 praeteri-

81 5283 207 5330 tum
242 5273 386 5332 forte
409 5291 533 5335 cum
556 5277 800 5336 vocabuli
824 5279 997 5350 stirpe
1022 5280 1300 5336 confusum
1323 5295 1464 5350 esse,
1493 5296 1688 5352 nempe

81 5369 223 5438 dari,
254 5370 390 5439 dest,
423 5372 549 5440 ded,
582 5372 1008 5452 dedunt,dedup,
1038 5374 1230 5444 dedun,
1255 5375 1397 5446 quod
1425 5376 1478 5432 in
1504 5375 1690 5448 singu-

84 5569 231 5610 sona
258 5570 414 5612 suam
447 5558 687 5614 vocalem
709 5559 976 5628 positione
994 5559 1230 5630 longam,
1258 5576 1292 5614 ο
1316 5569 1371 5616 et
1390 5576 1418 5616 α
1444 5575 1689 5617 commu-

89 5648 244 5716 tatis,
279 5647 471 5704 iterum
495 5651 873 5722 assumpsisset
902 5652 1064 5721 (dest,
1087 5652 1201 5719 das,
1221 5651 1479 5724 des),vid.
1507 5652 1534 5725 ἓ
1561 5652 1684 5708 137.

89 5741 364 5814 Equidem
399 5743 778 5813 suspicandum
813 5753 897 5802 est
928 5746 1026 5814 fret
1055 5747 1198 5816 apud
1236 5745 1365 5804 Luc.
1398 5763 1487 5814 xv,
1518 5746 1588 5803 50
1617 5761 1689 5802 ex

89 5841 262 5908 [ra-al
290 5844 541 5892 exortum
569 5851 726 5904 esse;
767 5837 867 5896 sed
906 5839 1070 5896 tutius
1107 5848 1252 5898 esset
1286 5839 1556 5910 conjicere
1585 5838 1690 5896 hoc

87 5950 198 5994 non
241 5945 344 6004 pro
388 5930 522 6003 {ruet
554 5931 829 6006 (quidnam
866 5933 1010 5995 enim
1038 5932 1374 6006 satiricorum
1402 5933 1691 5995 verborum

1452 410 1541 468 DE
1580 409 2029 474 PROLATIONE.

3240 411 3348 472 918

1769 528 1822 584 in
1849 530 1988 598 sing.
2015 532 2169 598 prmi.
2197 525 2309 584 ind.
2340 525 2394 584 in
2420 542 2448 585 α
2474 526 2765 599 desinatii,
2786 526 2885 586 sed
2921 529 3174 590 mendum
3223 543 3346 590 esse

1762 622 1963 682 librarii
1995 637 2092 692 pro
2119 623 2244 692 fret.

1833 717 1892 786 5)
1927 717 1970 774 E
1995 718 2223 788 proferri
2253 718 2424 788 potuit
2449 726 2510 776 ut
2535 735 2562 774 ο
2591 719 2928 788 Latinorum,
2956 721 3042 780 vel
3070 739 3098 776 ο
3127 721 3351 780 (ἔθηκε.

1764 826 1956 868 norum
2005 812 2060 868 in
2112 812 2388 871 vocabulis
2439 813 2556 882 See,
2607 817 2750 872 1ilieer
2804 815 2967 888 (gall.
3011 834 3038 874 ο
3086 819 3246 887 Ιεηηά
3296 826 3353 875 et

1765 902 1988 975 allongé.
2033 905 2296 976 lnterp.);
2339 906 2433 964 sed
2472 907 2648 963 serius
2675 908 2740 964 ad
2771 910 2787 962 ἱ
2820 909 3039 980 propius
3065 910 3354 978 accedens,

1767 997 2038 1066 suggessit
2076 1013 2183 1067 quo
2214 997 2388 1068 ipsius
2419 998 2672 1068 frequens
2701 1002 3051 1058 commutatio
3078 1018 3202 1060 cum
3244 1004 3261 1056 i
3299 1009 3357 1059 et

1767 1088 1810 1142 ei
1839 1089 2212 1158 explicaretur.

2527 1229 2596 1299 0

1841 1359 1867 1430 §
1895 1360 1986 1419 ‘26.
2011 1360 2059 1429 ί)
2093 1361 2137 1414 0
2160 1363 2353 1431 saepius
2385 1365 2617 1419 occurrit
2646 1379 2802 1435 quam
2834 1383 2889 1431 e;
2919 1366 3013 1422 sed
3037 1365 3248 1422 nonnisi
3270 1381 3355 1423 ra-

1770 1453 1982 1508 rissime
2023 1454 2403 1511 vocabulorum
2453 1471 2482 1510 a
2532 1456 2704 1513 fronte
2736 1460 2988 1528 positum,
3035 1459 3354 1528 frequentis-

1771 1547 1904 1602 sime
1930 1545 1982 1601 in
2015 1548 2194 1604 medio
2223 1558 2280 1604 et
2309 1549 2360 1603 in
2392 1549 2496 1605 line
2525 1549 2812 1605 invenitur.

1843 1640 1898 1710 a)
1930 1639 2084 1695 Initio
2116 1658 2128 1693 :
2159 1642 2496 1697 solummodo
2523 1660 2679 1714 ogan,
2714 1647 2868 1715 onjan
2896 1645 2999 1715 to);

1845 1732 1895 1802 ὁ)
1927 1732 2100 1788 Medio
2133 1750 2147 1787 :
2179 1734 2327 1796 θυμία.
2366 1734 2514 1806 ὺίορ,
2551 1735 2770 1807 ὁνοραν,
2803 1737 2950 1807 gods,
2990 1737 3157 1804 doms,
3199 1734 3357 1806 Italia,

1723 1873 1730 1876 ..
1773 1823 2069 1896 ufhlohjan,
2101 1826 2236 1892 hrot,
2269 1825 2538 1901 propjan,
2581 1826 2740 1898 bvoh,
2773 1828 2962 1896 knoda,
3003 1828 3206 1892 kroton,
3231 1827 3358 1897 lofa,

1777 1926 1932 1982 mota,
1960 1929 2100 1979 nota,
2130 1919 2339 1990 rodjan,
2366 1920 2568 1989 sokjan,
2591 1919 2760 1984 skolts,
2785 1919 2920 1984 sloh,
2945 1921 3142 1990 snorjo,
3175 1928 3360 1984 stoma,

1773 2012 2064 2082 svogatjrm,
2107 2009 2356 2084 ubiltojis,
2390 2021 2518 2078 (vos,
2556 2015 2766 2084 ropjan,
2796 2012 3032 2082 vro/afen,
3079 2012 3238 2080 fatus,
3267 2013 3361 2081 [ιο.

1773 2104 1892 2170 dus,
1923 2103 2097 2174 ροβε,
2128 2113 2257 2157 wota
2276 2121 2295 2170 ,'
2317 2103 2622 2174 gahobains,
2647 2104 2937 2174 ﬁdurdogs,
2968 2103 3135 2169 mods,
3159 2101 3364 2172 fodjan,

1773 2199 1912 2268 [σάν.
1968 2199 2253 2274 ganolijan,
2303 2199 2498 2266 skohsl,
2555 2199 2763 2266 rohsns,
2815 2197 3082 2268 Iucbeigs,
3133 2193 3364 2259 vokains,

1773 2294 1942 2361 vokrs,
1969 2293 2144 2360 holon,
2170 2293 2318 2359 stols,
2345 2293 2546 2366 goljan,
2577 2293 2771 2357 bloma,
2795 2295 2906 2361 fon,
2933 2291 3129 2361 stojan,
3159 2302 3365 2359 scopam,

1773 2384 2020 2457 Mopjan,
2045 2385 2187 2450 hora,
2214 2385 2310 2450 los,
2338 2385 2591 2453 blostreis,
2627 2384 2805 2450 botan,
2829 2382 3011 2453 gadof,
3039 2380 3282 2452 woftuli;

1846 2486 1894 2548 c)
1918 2481 2046 2539 Fine
2067 2500 2079 2535 :
2100 2500 2148 2547 ο,
2165 2481 2263 2554 ῥυ,
2280 2498 2357 2547 so,
2382 2498 2476 2546 wo,
2493 2481 2642 2547 loilo,
2662 2482 2820 2546 scito,
2844 2481 3008 2545 univo,
3024 2480 3200 2550 spillo,
3222 2478 3366 2543 ltolo,

1773 2573 2096 2641 airino,luto,
2109 2575 2250 2644 aglo,
2264 2590 2452 2640 sumta,
2469 2574 2672 2646 brunjo,
2687 2590 2843 2642 augo,
2862 2571 3011 2640 auso,
3032 2573 3364 2641 hairto,uato,

1776 2680 1904 2736 etc.,
1931 2681 1985 2726 et
2013 2671 2236 2742 genitivi
2265 2671 2405 2742 plur.
2436 2671 2573 2742 gibo,
2607 2681 2852 2742 tuggono,
2881 2669 3208 2738 manageino,
3230 2675 3338 2722 etc.
3441 2693 3444 2696 η

1848 2762 1908 2836 2)
1938 2765 2306 2820 Communiter
2337 2773 2628 2835 usurpatur
2650 2778 2748 2834 pro
2775 2777 2951 2834 grzeco
2981 2787 3044 2828 ω,
3069 2764 3244 2818 rarius
3272 2775 3369 2832 pro

1777 2881 1804 2913 ο
1823 2868 1876 2913 et
1897 2879 1975 2913 ου.
1996 2860 2050 2928 a)
2069 2859 2173 2912 Pro
2189 2857 2526 2914 «adhibetur
2548 2857 2599 2911 in
2623 2856 2808 2911 εαξηοή
2827 2857 3013 2927 Ἐνώχ,
3034 2857 3182 2909 ainos
3198 2856 3367 2918 Ἐνὼς,

1776 2968 1946 3006 ammo
1969 2950 2154 3024 ’Λμὼς,
2177 2953 2401 3025 αηαροῥ
2416 2953 2654 3016 ⁹Δναθώθ,
2673 2951 2886 3021 apaullo
2901 2952 3168 3018 Ἀπολλώς,
3182 2950 3372 3021 ωηιορ

1777 3049 1977 3119 Δζμὼθ,
1990 3046 2153 3118 ὀρνορ
2167 3051 2357 3123 Βηρὼθ.
2374 3047 2558 3101 zelotes
2575 3049 2818 3112 ζηλωτής,
2834 3049 2918 3101 lor!
2931 3051 3067 3118 Λὼτ,
3083 3063 3374 3102 mammona

1778 3147 2086 3212 μαμμωνᾶς,
2105 3141 2360 3195 nahasson
2383 3133 2831 3208 Nemesim-itaita!
2852 3143 3255 3218 Nazépﬁasson
3279 3142 3376 3196 ἰἀ-

1784 3233 2128 3306 σων,εαύαορ
2145 3235 2375 3302 Σαϐαὼθ,
2409 3235 2604 3291 seimou
2636 3238 2828 3308 Σίμων;
2860 3235 2911 3306 b)
2940 3250 3037 3305 pro
3069 3258 3094 3294 ο
3129 3235 3184 3290 in
3218 3251 3232 3288 :
3261 3251 3373 3290 nta-

1783 3329 1994 3394 kidonia
2010 3327 2311 3394 Μακεδονία,
2327 3328 2557 3401 anlioltja
2568 3328 2688 3385 Gal.
2706 3344 2764 3395 lt,
2792 3330 2852 3384 Η
2874 3331 3186 3401 Ἀντιοχεία,
3203 3329 3378 3384 Clodia

1777 3419 2340 3491 suodiamirmogaineis
2356 3421 3081 3497 'Epito'ys'vnc,bar]2ulomaius
3093 3423 3278 3478 Luc."
3289 3423 3333 3479 .i
3344 3423 3380 3476 4

1778 3515 2170 3588 Βαρθολομαῖος,
2209 3515 2399 3570 diakon
2438 3515 2689 3582 διάκονος,
2719 3516 3066 3571 daimonareis
3096 3515 3378 3590 δαιμονιςοο

1779 3623 1958 3679 pavor;
1999 3608 2047 3679 c)
2092 3623 2188 3678 pro
2216 3630 2273 3663 ου
2302 3608 2354 3664 in
2391 3627 2401 3662 :
2433 3609 2581 3664 iodas
2607 3609 2735 3664 Luc.
2767 3625 2846 3675 tu,
2874 3609 2946 3668 26
2977 3609 3193 3679 Ἰούδα-ς,
3231 3609 3381 3665 latras

1780 3706 2004 3767 Λουκᾶς,
2033 3700 2200 3756 sairolt
2227 3704 2448 3778 Σερούχ.

1855 3794 1911 3864 3)
1947 3791 1992 3847 0
2021 3793 2226 3848 nullum
2256 3795 2272 3846 ἱ
2293 3834 2309 3860 ,
2349 3805 2403 3848 et
2431 3795 2480 3849 in
2517 3809 2714 3866 genere
2740 3796 2937 3852 nullam
2971 3805 3092 3864 pOSt
3115 3809 3178 3854 se
3214 3809 3381 3853 voca~

1783 3885 1888 3941 lem
1913 3886 2224 3954 permittere
2246 3884 2490 3955 videtur;
2516 3885 2633 3954 sed,
2657 3900 2785 3941 casu
2809 3887 2913 3943 hoc
2933 3876 3376 3956 superveniente,

1785 3974 1842 4028 in
1858 3991 1925 4028 au
1943 3974 2117 4044 potius
2137 3975 2350 4041 transit,
2368 3975 2476 4043 vel,
2495 3975 2584 4031 ubi
2607 3977 2864 4033 vocabula
2878 3987 3002 4033 sunt
3020 3980 3324 4048 peregrina,
3344 3978 3380 4032 It

1786 4064 1967 4121 induci
1991 4065 2180 4134 jubet;
2213 4066 2292 4121 sic
2326 4066 2550 4130 stauida,
2592 4076 2746 4122 staua
2776 4083 2804 4122 a
2831 4073 3026 4142 stojan,
3053 4072 3184 4138 tnui,
3210 4069 3377 4138 genii.

1787 4157 2145 4229 tojis,lauidja
2171 4159 2326 4227 Λωίς,
2355 4161 2648 4225 ηαυειΝῶε,
2671 4162 2892 4216 trauada
2920 4161 3382 4241 Τρωάς,ἰοΙι,αηηεσ

1787 4248 2040 4319 Ἰωάννης,
2070 4251 2298 4308 iohanna
2325 4252 2552 4310 ³1ωάννα.
2601 4253 2712 4309 Hoc
2752 4254 3012 4326 principio
3059 4254 3376 4311 vocabulum

1789 4345 2101 4419 alpjanoine
2145 4346 2200 4402 in
2237 4347 2385 4418 goth.
2429 4346 2654 4405 Calend.
2693 4362 2985 4408 occurrens
3023 4349 3221 4410 merito
3247 4363 3377 4420 spu-

1791 4439 1928 4495 rium
1953 4440 2254 4511 conjicitur.

1868 4551 1887 4586 ι
1915 4533 2204 4589 Annotatio
2229 4535 2279 4590 1.
2302 4564 2374 4574 -
2393 4533 2451 4592 1η
2480 4536 2708 4591 :ioanan
2733 4535 2868 4591 Net).
2896 4551 2967 4603 vr,
2999 4537 3065 4592 18
3088 4551 3184 4607 pro
3211 4537 3374 4594 ἰωνάν

1797 4625 1943 4694 prius
1982 4643 2010 4679 α
2042 4634 2190 4682 certo
2230 4626 2480 4682 mendum
2523 4637 2607 4684 est
2633 4627 2878 4694 librarii;
2924 4628 2980 4683 in
3022 4629 3206 4684 sileam
3249 4644 3382 4685 vero

1795 4716 1952 4775 Joan.
1978 4735 2050 4785 ix,
2079 4719 2110 4772 7
2134 4733 2230 4790 pro
2251 4721 2447 4792 Σιλωάμ
2466 4735 2531 4775 ao
2551 4720 2600 4777 di
2609 4719 2914 4791 phthongns
2934 4730 3017 4777 est
3036 4736 3188 4777 more
3209 4711 3384 4792 graeco

1791 4812 2150 4884 proferenda;
2179 4813 2232 4869 in
2257 4815 2387 4868 ailoe
2409 4811 2623 4870 tandem
2645 4814 2747 4870 Mc.
2774 4829 2865 4882 xv,
2893 4813 2961 4870 54
2985 4829 3080 4885 pro
3108 4816 3220 4870 ἐλωί
3245 4831 3302 4870 oe
3326 4814 3380 4868 in

1793 4907 1968 4962 locum
1994 4908 2042 4960 oi
2077 4908 2311 4962 inusitati
2341 4907 2614 4964 inductum
2641 4917 2745 4967 est.
2783 4908 2848 4962 οε
2879 4908 3080 4966 vitandi
3109 4923 3267 4964 causa
3290 4923 3383 4979 po-

1793 4997 1938 5054 nitur
1960 4999 2120 5054 etiam
2151 4997 2464 5068 Tim.ll,m,
2495 4999 2559 5056 11
2584 4999 2768 5071 lystros
2801 5014 2897 5068 pro
2919 5013 3096 5070 graneo
3121 5001 3382 5061 Λύστροις

1794 5089 1940 5159 (coll.
1974 5100 2148 5147 tamen
2179 5089 2206 5163 §
2233 5091 2348 5162 96).
2387 5109 2406 5143 ι
2862 5152 2866 5156 ,

1868 5185 1930 5256 ι)
1961 5187 2078 5242 Jam
2110 5202 2268 5256 supra
2299 5186 2532 5242 diximus
2559 5187 2610 5259 (§
2646 5187 2739 5257 24,
2776 5187 2829 5257 5)
2857 5188 2992 5242 hanc
3019 5195 3256 5242 nostram
3283 5203 3383 5243 vo-

1796 5279 1968 5338 calem
1991 5280 2300 5350 frequenter
2320 5293 2441 5335 cum
2467 5296 2502 5334 τι
2522 5279 2859 5335 commutari.
2875 5277 3201 5346 Quandoque
3221 5278 3384 5334 etiam
3447 5263 3451 5268 ί

1738 5393 1758 5446 _-
1799 5371 1988 5429 incidit
2023 5373 2072 5425 in
2103 5388 2192 5437 au,
2218 5371 2314 5427 sed
2344 5372 2551 5429 ratione
2578 5373 2753 5428 minus
2779 5370 3077 5442 apparenti.
3104 5371 3217 5427 Hoc
3241 5371 3388 5428 scili-

89 5460 191 5517 lari
225 5475 456 5521 numero
483 5477 642 5551 suum
680 5464 715 5520 ά
745 5464 808 5538 (t)
849 5466 1131 5535 reiecisset
1167 5475 1222 5524 et
1250 5468 1304 5523 in
1330 5467 1442 5524 sola
1470 5468 1506 5522 2
1563 5483 1688 5538 per-

1740 5557 1748 5634 ξ
1801 5556 2045 5627 sequitur
2084 5559 2247 5611 altera
2293 5558 2513 5624 vocalis,
2546 5558 2628 5614 vcl
2656 5557 2762 5613 duo
2790 5565 3170 5627 consonmtcs,
3199 5557 3256 5616 id
3282 5565 3388 5627 est,

1797 5473 1885 5522 cet
1904 5465 2081 5520 locum
2108 5464 2287 5533 habet,
2303 5462 2534 5535 quando,
2555 5473 2611 5518 ut
2634 5478 2794 5535 supra
2819 5464 3386 5533 commemoravimus,

1801 5649 1882 5718 lu,
1913 5651 2076 5716 unde,
2103 5650 2264 5705 invita
2293 5658 2480 5705 natura
2512 5667 2629 5718 sua,
2656 5661 2871 5707 acutum
2920 5651 3192 5708 evaderet.
3225 5651 3317 5708 Sic
3359 5667 3391 5706 a

1741 5814 1748 5822 l
1801 5742 2008 5812 slahan,
2023 5743 2378 5816 sloh,verbale
2392 5745 2613 5812 slaulus,
2628 5761 2659 5800 a
2675 5744 2829 5801 NAII
2837 5743 2958 5812 AN,
2975 5743 3156 5812 NUH,
3172 5758 3390 5800 anoma-

1802 5836 1916 5894 lum
1950 5836 2075 5905 nah,
2105 5836 2320 5906 nauata,
2351 5837 2489 5895 unde
2517 5837 2709 5898 iterum
2742 5837 2984 5911 genualia
3005 5846 3076 5906 et,
3104 5835 3282 5908 specie
3306 5847 3388 5891 re-

1803 5931 2062 6002 gularius,
2093 5931 2306 6002 ganolu.
