3840 6600
49 388 160 443 921

52 523 81 560 e
110 512 305 560 ouem
336 504 391 560 in
414 504 580 573 exeas,
607 503 831 576 preces).
875 504 1027 572 Quod
1068 519 1132 562 ea
1168 506 1241 562 sit
1280 507 1396 562 hac
1435 504 1660 575 prolatio

52 608 152 656 τοῦ
206 600 264 654 ai
290 599 348 656 in
375 599 693 669 quibusdam
722 601 911 657 saltem
938 601 1174 670 casibus,
1199 601 1308 671 jam
1337 616 1365 655 a
1393 602 1663 659 veteribus

54 691 447 761 grammaticis
494 692 547 746 in
586 692 709 749 cod.
745 692 1039 748 vindobon.
1082 691 1215 763 (vid.
1261 691 1443 748 ‘Wien.
1476 691 1662 748 Jahrb.

58 783 265 850 XLIII,
284 786 311 840 I
323 785 377 857 l)
400 783 497 840 fuit
522 793 806 853 assertum,
823 794 878 841 et
898 783 953 840 in
978 798 1175 855 genere
1193 799 1406 855 semper
1420 784 1667 842 animad-

63 892 296 935 versum
322 894 338 943 ;
361 892 593 948 quonam
617 877 760 933 enim
782 878 887 933 alio
909 876 1069 934 modo
1093 891 1257 933 sonus
1274 878 1437 947 graeci
1454 898 1477 932 ι
1501 877 1662 949 signi-

63 971 232 1027 ﬁcari
264 971 562 1042 potuisset?
587 971 694 1029 Sed
719 972 979 1043 quaeritur
1004 972 1242 1043 insuper,
1274 980 1450 1027 utrum
1470 982 1666 1043 praeter

58 1062 214 1120 hanc
260 1065 618 1134 prolationem
662 1080 773 1121 non
821 1064 979 1122 detur
1006 1073 1062 1121 et
1102 1066 1293 1130 altera,
1335 1065 1659 1136 germanicae

57 1158 347 1227 proxima,
394 1158 468 1215 ita
504 1168 586 1225 ut,
617 1158 683 1214 ad
723 1156 1167 1214 discriminandas
1196 1158 1292 1212 has
1321 1156 1455 1213 duas
1483 1156 1665 1228 prola-

54 1252 272 1317 tiones,
303 1250 466 1306 aliam
492 1267 586 1320 per
614 1252 690 1315 ai,
729 1252 955 1307 alteram
989 1265 1120 1306 vero
1148 1264 1244 1320 per
1265 1250 1317 1304 di
1342 1249 1664 1319 designave-

54 1344 200 1398 rint.
247 1343 429 1411 Quam
473 1344 887 1414 discrepantiam
917 1351 975 1399 ut
1016 1342 1385 1409 admittamus,
1430 1356 1665 1413 sequen-

61 1436 206 1491 tium
240 1437 509 1492 rationum
532 1450 632 1493 nos
660 1446 966 1493 commovet
992 1436 1284 1491 auctoritas
1308 1452 1321 1488 :

140 1531 197 1595 α)
229 1529 297 1582 Αἰ
321 1543 391 1585 ex
418 1529 437 1582 ἱ
466 1543 561 1600 per
590 1529 891 1599 ruptionem
936 1528 1172 1584 nascitur
1208 1535 1263 1584 et
1289 1534 1373 1583 est
1401 1527 1587 1595 breve,
1613 1527 1669 1582 di

68 1635 203 1677 vero
232 1621 601 1692 diphthongus
629 1630 713 1677 est
736 1631 793 1678 et
820 1623 1071 1692 longum;

134 1712 195 1785 ι)
230 1713 296 1769 At
322 1722 380 1770 et
406 1715 458 1769 di
485 1714 714 1770 diversis
735 1714 1010 1769 vocalibus
1034 1713 1363 1785 respondent
1387 1714 1441 1768 in
1462 1713 1667 1769 exseri-

56 1807 261 1877 ptione
295 1806 678 1863 vocabulorum
711 1812 1134 1881 peregrinorum,
1184 1808 1344 1879 igitur
1369 1810 1487 1880 ipsa
1523 1808 1667 1863 inter

54 1912 117 1955 se
144 1899 471 1971 discrepare
489 1900 729 1971 debent;

129 1994 187 2065 ε)
218 1997 286 2050 At
315 1995 599 2052 adhibetur
630 2006 743 2052 tam
756 2005 865 2067 pro
883 2012 1061 2069 graeco
1080 2017 1103 2052 ε
1128 2012 1287 2068 quam
1311 2011 1409 2067 pro
1438 2020 1513 2064 αι,
1535 2010 1660 2067 pro-

54 2084 249 2144 fertur
277 2103 408 2159 ergo
438 2088 491 2143 in
520 2088 685 2159 priori
715 2103 841 2144 casu
872 2089 947 2156 ai,
982 2090 1036 2144 in
1066 2090 1353 2159 posteriori
1379 2090 1461 2154 di;

128 2180 205 2251 ιι)
255 2179 313 2235 In
352 2182 722 2252 comparativo
766 2182 1062 2254 maiza(ex
1102 2184 1222 2237 mali
1252 2191 1307 2238 et
1333 2179 1451 2252 iza)
1483 2180 1661 2237 adhuc

50 2275 415 2345 perspicuum
437 2285 542 2343 est,
564 2278 835 2347 quomodo
860 2279 913 2331 ai
938 2293 1005 2335 ex
1038 2295 1071 2332 a
1099 2279 1187 2333 eti
1209 2288 1386 2334 ortum
1416 2277 1659 2344 duxerit;

132 2368 203 2440 ε)
238 2370 304 2423 Ai
327 2370 652 2442 quandoque
694 2372 749 2427 in
778 2373 832 2443 aj
859 2371 1073 2440 incidit,
1096 2387 1224 2443 ergo
1252 2382 1477 2444 utraque
1503 2386 1664 2427 voca-

54 2462 137 2517 Its
158 2462 215 2517 in
248 2464 570 2534 proferendo
594 2466 768 2521 audiri
795 2465 999 2522 debuit.

140 2553 284 2618 Sed,
310 2570 439 2610 vere
460 2565 516 2610 ut
544 2555 806 2625 dicamus,
839 2572 941 2614 nec
971 2557 1362 2629 impugnabiles
1389 2559 1504 2614 ista:
1540 2566 1665 2614 sunt

60 2646 347 2719 rationes,
392 2664 492 2706 nec
535 2665 602 2707 ex
646 2654 1007 2709 monumentis
1046 2652 1274 2723 gothica:
1325 2652 1523 2725 linguae
1552 2652 1664 2708 ullo

70 2741 244 2795 modo
272 2742 651 2812 comprobatur
681 2744 765 2799 illa
805 2744 1099 2813 distinctio,
1140 2745 1207 2801 ad
1244 2744 1664 2816 perturbandam

61 2834 413 2906 gothicorum
462 2852 717 2894 sonorum
747 2839 1072 2907 doctrinam,
1103 2838 1157 2894 in
1189 2854 1249 2895 se
1281 2840 1581 2909 simplicem
1611 2847 1670 2896 et

62 2929 397 2999 regularem,
429 2932 619 3003 magis,
644 2947 804 3002 quam
832 2934 899 2989 ad
925 2932 1297 2989 illustrandam
1346 2934 1663 2990 inserviens.

63 3018 314 3075 Primum
357 3022 517 3092 igitur
546 3024 610 3079 ad
637 3024 801 3081 ullam
830 3026 1277 3097 compositionem
1311 3027 1397 3083 vel
1440 3026 1670 3097 conjun-

66 3113 317 3169 ctionem
342 3131 623 3173 recurrere
643 3132 926 3175 necessum
956 3128 1058 3187 est,
1077 3118 1293 3175 utvaria
1319 3119 1549 3190 prolatio
1574 3126 1665 3177 τοῦ

69 3206 128 3257 αἱ
158 3206 469 3279 explicetur,
497 3225 617 3265 cum
644 3212 759 3281 pari
783 3213 905 3281 jure
933 3213 1162 3283 proferri
1198 3213 1431 3284 potuerit
1459 3212 1511 3280 ὅ,
1541 3210 1574 3266 ῐ
1606 3223 1665 3270 et

64 3299 150 3367 εἰ,
192 3296 269 3355 cii.
300 3300 562 3358 Caeterum
608 3318 674 3358 eo
715 3304 875 3360 modo
914 3304 969 3359 in
993 3305 1272 3361 viennensi
1304 3305 1491 3361 codice
1522 3303 1664 3376 (vid.

65 3391 257 3446 H’ien.
287 3391 477 3451 Jahrb.
520 3393 705 3463 XLIII,
740 3395 838 3468 11)
874 3397 1106 3467 prolatio
1162 3398 1406 3454 vocabuli
1450 3397 1667 3465 libaidu,

65 3486 237 3542 allato
269 3488 456 3555 libeda,
491 3490 766 3557 statuitur,
802 3489 904 3545 hoc
944 3505 1203 3561 expresse
1248 3491 1473 3558 addito;
1504 3508 1524 3545 ι
1546 3493 1668 3561 dip-

65 3588 267 3649 tongon
310 3580 357 3633 ai
385 3597 479 3651 pro
505 3596 536 3637 e
564 3582 739 3653 longa.
762 3600 780 3634 ι
818 3582 1003 3649 Quoad
1035 3584 1331 3640 vicinarum
1363 3584 1669 3656 linguarum

64 3670 402 3742 analogiam,
432 3673 538 3727 huc
580 3672 762 3729 afferri
815 3677 1023 3745 nequit,
1077 3676 1273 3747 quippe
1304 3692 1426 3732 cum
1454 3677 1667 3748 gothica

66 3763 321 3818 omnium
346 3766 669 3834 germanicze
696 3767 882 3838 stirpis
910 3768 1067 3824 nobis
1089 3769 1157 3824 sit
1190 3771 1586 3841 antiquissima,
1617 3777 1673 3827 et

64 3856 357 3927 lllegitima
414 3860 640 3928 proinde
680 3862 857 3918 omnis
895 3862 1203 3934 conjectura
1243 3880 1308 3920 ex
1356 3867 1668 3934 recentiori,

63 3948 316 4017 scilicet,
346 3954 517 4007 veteri
545 3953 873 4024 germanica,
893 3969 1017 4025 quae
1046 3956 1376 4013 multimodis
1396 3968 1669 4030 corrupta,

65 4058 294 4098 necnon
325 4057 581 4101 SOIIOI'IIIII
624 4056 918 4118 systemate
966 4062 1141 4120 neque
1189 4058 1463 4119 constans,
1497 4066 1673 4131 neque

63 4135 461 4206 determinata,
507 4139 849 4197 mediocriter
890 4150 1097 4197 tantum
1141 4158 1315 4199 causae
1358 4144 1670 4214 profuisset.

63 4229 226 4285 Nunc
255 4245 388 4286 vero
411 4232 455 4286 si
485 4234 536 4286 ai
563 4248 740 4303 graeco
763 4256 785 4290 ε
804 4243 858 4290 et
884 4259 937 4292 αι
967 4236 1203 4293 vicissim
1225 4239 1538 4309 respondet,
1566 4256 1673 4297 non

62 4324 200 4379 inde
227 4325 524 4381 concludas
547 4326 810 4397 gothicam
844 4328 1234 4401 diphthongum
1267 4331 1535 4401 duplicem
1576 4332 1673 4388 ha-

67 4417 267 4474 buisse
295 4434 511 4489 sonum,
551 4421 647 4478 sed
678 4422 917 4494 legitime
966 4432 1171 4480 tantum
1219 4441 1432 4482 asseras
1463 4436 1674 4486 veteres

63 4512 321 4582 Graecos,
352 4514 433 4571 illi
456 4517 645 4574 saltem
673 4518 763 4590 qui
796 4519 969 4576 Ulfilac
998 4523 1163 4577 corevi
1192 4532 1364 4592 erant,
1395 4540 1676 4597 az,quem-

63 4604 375 4662 admodum
391 4608 718 4667 recentiores
736 4609 931 4681 Graeci,
948 4623 1004 4668 ut
1024 4636 1046 4671 ε
1072 4615 1377 4684 protulisse,
1393 4618 1537 4688 quod
1562 4617 1674 4675 fac-

64 4706 216 4765 tum,
244 4698 318 4755 ab
337 4702 588 4759 omnibus
618 4704 729 4760 fere
758 4704 1032 4762 hodiernis
1050 4708 1333 4779 philologis
1349 4712 1670 4781 generaliter

66 4792 397 4862 admissum,
444 4797 512 4852 ab
559 4813 624 4853 eo
675 4800 895 4871 insuper
943 4801 1050 4856 vim
1099 4802 1321 4872 obtinet,
1355 4804 1499 4877 quod
1545 4820 1665 4862 voc.

63 4887 312 4964 Γραικὸς,
342 4888 578 4958 Graecus,
613 4892 825 4962 gothice
861 4892 1004 4948 kreks
1050 4897 1375 4967 exscriptum
1420 4898 1511 4954 sit.
1554 4897 1669 4955 Nec

64 4981 259 5036 minus
290 4982 539 5053 equidem
568 4993 772 5041 certum
794 4995 879 5043 est
904 5002 1024 5043 voc.
1056 4989 1221 5043 maiza
1248 5004 1277 5043 a
1304 4990 1485 5047 radice
1508 4988 1670 5045 ΜΑΗ

63 5085 120 5130 et
157 5076 545 5134 terminatione
567 5080 930 5152 comparativa
962 5082 1043 5137 iza
1063 5093 1241 5139 ortum
1264 5082 1480 5152 ducere,
1509 5101 1670 5156 quam

66 5171 121 5223 ai
155 5170 215 5225 in
247 5171 522 5227 nonnullis
553 5175 737 5244 paucis
777 5176 993 5233 casibus
1020 5176 1071 5231 in
1099 5177 1153 5248 aj
1183 5176 1451 5244 incidere;
1480 5178 1573 5235 sed
1601 5194 1670 5236 ex

65 5261 174 5318 hac
224 5264 625 5323 circumstantia
669 5269 819 5325 valor
867 5270 1085 5343 quidem
1118 5272 1527 5345 etymologicus,
1562 5289 1670 5333 non

66 5366 260 5413 autem
308 5358 568 5428 phonicus
607 5364 867 5433 exsurgit.
925 5364 1235 5433 Enimvero,
1280 5374 1338 5421 ut
1385 5382 1499 5423 rem
1548 5382 1676 5424 nos-

68 5461 219 5508 tram
247 5456 499 5526 exemplo
520 5469 823 5527 congenere
851 5459 1204 5527 illustremus,
1222 5461 1671 5530 quemadmodum

67 5559 139 5600 ex
170 5558 241 5601 eo
271 5546 417 5616 quod
463 5551 593 5620 (aui,
627 5549 796 5607 invito
841 5556 1113 5624 prieterito
1156 5555 1348 5628 tavida,
1380 5557 1675 5627 genitivum

68 5641 199 5714 fojis
246 5640 516 5709 el'formet,
566 5653 782 5717 etymon
812 5647 1027 5717 quidem
1062 5646 1320 5718 TIVAN,
1352 5648 1494 5706 TAU
1521 5651 1673 5724 (rad.

71 5732 259 5804 TAV)
295 5734 606 5807 innotescit,
640 5755 745 5794 non
777 5751 952 5797 autem
981 5756 1169 5808 sonus,
1197 5743 1297 5799 nisi
1328 5744 1470 5815 quod
1500 5761 1567 5798 au
1602 5753 1677 5822 τῷ

67 5832 94 5886 ὸ
135 5827 328 5885 afﬁnis
368 5838 472 5899 est,
504 5830 575 5886 ita
619 5837 785 5887 maiza
812 5850 879 5890 ex
907 5853 992 5890 ma
1018 5865 1044 5877 -
1072 5836 1156 5893 iza
1183 5838 1431 5904 componi
1477 5841 1672 5909 potuit,

65 5929 201 5997 quin
226 5924 337 5984 duo
363 5924 634 5983 elementa
666 5927 720 5986 in
751 5930 1054 5999 prolatione
1097 5930 1406 5989 necessario
1432 5931 1678 5999 Separari

1483 388 1569 445 DE
1607 384 2059 444 PROLATIONE.

3252 388 3353 447 9‘22

1773 501 2024 557 debeant.
2047 498 2157 557 Res
2188 495 2379 556 eadem
2406 513 2467 557 se
2497 498 2657 556 habet
2700 499 2753 556 in
2780 500 3046 559 sanskrita
3066 501 3269 575 lingua,
3296 507 3352 564 in

1768 608 1869 665 qua
1913 603 2027 650 aet
2054 596 2073 649 ἱ
2101 609 2167 650 ex
2218 594 2402 666 regula
2450 594 2719 651 constanti
2764 596 2819 651 in
2856 611 2885 651 e
2934 598 3349 657 confunduntur.

1766 686 1954 755 Quoad
1983 704 2113 746 vero
2137 690 2189 743 ai
2216 688 2271 744 in
2297 692 2353 761 aj
2374 689 2661 758 transiens,
2692 689 2795 745 hoc
2824 690 2988 746 etiam
3015 692 3356 750 animadver-

1770 782 1987 838 tendum
2012 792 2115 849 est,
2137 783 2281 853 quod
2311 783 2366 838 in
2397 782 2529 840 solis
2556 784 2938 857 aiv,ajukdu[),
2962 787 3198 860 eai,vaja
3220 790 3351 858 (non

1765 884 1945 932 autem
1976 876 2029 931 in
2058 876 2159 943 bai,
2193 874 2387 948 bajops
2416 890 2447 930 a
2476 875 2596 948 BA)
2621 876 2799 933 locum
2828 878 3054 945 habeat;
3083 895 3217 952 quas
3243 881 3352 939 for-

1765 971 2031 1026 mationes
2080 970 2261 1042 lingua
2298 970 2532 1042 gothica,
2565 970 2740 1041 qualis
2780 971 2937 1028 nobis
2983 974 3177 1030 tradita
3225 974 3349 1048 fuit,

1764 1060 1915 1117 nullo
1969 1060 2087 1117 fere
2143 1059 2303 1116 modo
2354 1060 2623 1129 explicare
2674 1071 2870 1131 potest,
2913 1079 3161 1135 quzeque,
3210 1066 3355 1124 sicut

1766 1153 1953 1217 maiza,
1998 1152 2115 1207 sine
2161 1149 2328 1207 dubio
2356 1151 2424 1207 ad
2452 1166 2519 1207 ea
2547 1153 2775 1223 pristina
2811 1155 3081 1211 sermonis
3109 1165 3353 1228 tempora

1766 1244 2119 1301 adscribenda
2160 1251 2309 1310 sunt,
2334 1243 2531 1315 quibus
2570 1259 2762 1301 sensus
2804 1246 3192 1319 etymologieus
3217 1265 3356 1305 nou-

1766 1337 1896 1394 dum
1926 1348 2044 1394 erat
2084 1338 2383 1395 hebetatus.
2415 1338 2475 1394 Si
2504 1354 2633 1412 ergo
2662 1340 2824 1397 nullis
2850 1344 3185 1413 argumentis
3214 1346 3267 1400 ai
3297 1345 3351 1402 in

1764 1432 2032 1505 duplicem
2056 1433 2330 1489 diversum
2346 1448 2537 1490 sonum
2561 1434 2911 1493 dividendum
2933 1452 3056 1495 esse
3077 1440 3353 1507 statuitur,

1764 1525 1877 1598 jam
1906 1528 2163 1598 quaeritur
2182 1526 2452 1597 quomodo
2466 1528 2864 1600 Gothus,cujus
2886 1530 3068 1602 lingua
3094 1547 3355 1590 sonorum

1770 1628 2006 1690 systema
2047 1628 2155 1674 tam
2195 1619 2442 1691 regulare
2466 1627 2522 1675 et
2546 1620 2772 1691 simplex
2800 1623 3039 1694 exhibet,
3071 1639 3236 1683 sonos
3274 1627 3357 1699 ip-

1767 1726 1880 1778 sos,
1904 1711 2088 1783 quales
2113 1713 2154 1780 i,
2182 1712 2249 1780 ei,
2271 1728 2319 1781 ε,
2345 1713 2436 1784 qui
2458 1713 2685 1770 miriﬁce
2708 1714 2801 1770 alii
2830 1715 2885 1771 in
2916 1716 3035 1772 aliis
3056 1716 3337 1785 incedunt,

1770 1804 1908 1860 adeo
1955 1818 2144 1861 secure
2166 1815 2223 1862 et
2260 1806 2487 1876 praecise
2525 1805 2862 1873 discreverit,
2908 1819 2969 1864 ut
3014 1808 3067 1865 in
3108 1812 3357 1867 omnibus

1771 1896 1886 1954 fere
1914 1898 2127 1954 casibus
2154 1906 2209 1954 et
2234 1898 2398 1955 invita
2425 1899 2734 1970 scriptionis
2758 1900 3110 1959 ﬂuctuatione
3131 1904 3184 1959 in
3215 1920 3357 1961 non-

1764 1990 1925 2047 nullis
1951 1991 2249 2060 codicibus,
2280 1991 2438 2049 facile
2463 1992 2535 2049 sit
2568 2003 2721 2050 recte
2744 2001 2802 2050 et
2834 1993 3201 2052 indubitanter
3219 2012 3352 2053 con-

1757 2083 1965 2152 jicere?
1990 2083 2273 2152 Quomodo
2304 2068 2513 2142 Gothus
2553 2100 2719 2142 sonos
2758 2094 2963 2142 tantam
2992 2086 3356 2145 diversitatem

1765 2192 1876 2247 prae
1897 2191 1957 2233 se
1976 2176 2229 2245 ferentes,
2241 2188 2494 2247 quantam
2507 2194 2535 2233 ε
2546 2186 2604 2236 et
2618 2178 2695 2248 at,
2709 2195 2739 2235 ο
2754 2188 2811 2235 et
2828 2197 2898 2235 au
2912 2180 3105 2238 eodem
3118 2192 3174 2238 et
3197 2183 3358 2239 unico

1769 2268 1927 2338 signo
1956 2269 2261 2339 significare
2288 2271 2563 2340 potuerit?
2582 2270 2735 2329 Nunc
2752 2287 2883 2329 vero
2908 2274 2955 2330 si
2982 2276 3037 2330 at
3063 2284 3121 2331 et
3140 2276 3359 2333 dinullo

1765 2359 2079 2417 discrimine
2124 2360 2342 2429 habuit,
2374 2362 2424 2419 si
2479 2363 2650 2420 cuivis
2694 2366 3087 2424 accentuationi
3136 2383 3358 2440 prorsus

1765 2457 1975 2513 alienus
2010 2456 2132 2526 fuit,
2187 2458 2235 2515 si
2262 2457 2484 2515 aliunde
2514 2458 2662 2516 nulla
2713 2462 3037 2521 necessitate
3081 2463 3205 2520 talis
3248 2465 3360 2521 dis-

1767 2553 2043 2621 crepantia
2083 2551 2442 2620 desideratur,
2462 2568 2771 2611 sermonem
2788 2555 3062 2627 gothicum
3087 2572 3221 2615 sane
3251 2568 3360 2614 tor-

1767 2652 1979 2717 queret,
2006 2646 2096 2716 qui
2121 2646 2260 2703 hanc
2287 2646 2709 2718 discrepantiam
2738 2648 3083 2707 introducere
3104 2658 3359 2708 tentaret.

1767 2735 2035 2795 Caeterum
2066 2739 2117 2792 ai
2160 2747 2216 2793 et
2252 2754 2325 2793 au
2371 2739 2614 2810 ejusdem
2661 2749 2787 2797 sunt
2832 2743 3201 2799 conditionis:
3236 2760 3359 2800 cum

1768 2846 1897 2900 ergo
1941 2830 2297 2887 confidentius
2342 2831 2521 2888 adhuc
2568 2832 2999 2904 probaverimus,
3038 2853 3106 2891 au
3144 2851 3362 2908 semper

1769 2924 1909 2979 sicut
1934 2939 1964 2978 ο
1990 2933 2235 2995 apertum
2267 2924 2501 2993 prolerri
2527 2934 2583 2981 et
2604 2926 2906 2997 quamlibet
2922 2928 3280 2987 diﬂerentiam
3296 2931 3361 2985 ani

1770 3016 1913 3073 inter
1949 3028 2003 3073 et
2042 3019 2110 3072 du
2160 3016 2529 3088 rejiciendam,
2573 3032 2772 3074 novum
2818 3019 2922 3077 erit
2966 3032 3363 3092 argumentum,

1769 3124 1877 3180 quo
1898 3107 2174 3165 distinctio
2201 3109 2416 3165 illorum
2446 3111 2501 3164 af
2544 3119 2599 3168 et
2626 3112 2679 3166 di
2699 3112 2896 3169 iterum
2943 3112 3360 3187 impugnabitur.

1770 3202 1853 3260 Bx
1878 3205 2228 3262 consectariis
2252 3205 2400 3261 falsis
2422 3205 2567 3263 idem
2597 3207 2820 3281 insuper
2844 3209 3101 3267 statuitur
3129 3228 3143 3265 :
3168 3213 3221 3267 at
3253 3210 3365 3285 (uti)

1776 3299 1921 3356 enim
1969 3299 2292 3371 regulariter
2334 3308 2461 3357 ante
2485 3318 2513 3355 r
2538 3311 2593 3357 et
2620 3300 2653 3355 Ιι
2681 3303 2765 3375 (et
2786 3303 2864 3377 w)
2890 3304 3137 3361 adhiberi
3180 3305 3363 3374 debet,

1773 3399 1828 3448 et
1852 3401 2031 3449 tamen
2062 3393 2292 3464 plurima
2321 3393 2583 3450 vocabula
2613 3394 2697 3452 his
2717 3397 3149 3454 consonantibus
3175 3398 3362 3469 άὶ(άυ)

1775 3486 2123 3557 praepositum
2157 3485 2402 3558 praebent
2428 3496 2483 3543 et
2509 3486 2614 3543 alia
2641 3486 2857 3545 diverse
2887 3489 3156 3547 diversum
3178 3505 3368 3547 accen-

1777 3585 1886 3633 tum
1915 3587 2201 3649 usurpant;
2253 3594 2372 3651 qua:
2407 3580 2683 3636 fluctuatio
2712 3581 2989 3653 praecipue
3018 3591 3164 3654 patet
3196 3582 3250 3638 in
3281 3597 3367 3638 ca-

1773 3672 1942 3739 sibus,
1974 3683 2031 3728 ut
2072 3672 2249 3743 gafdt'lt
2276 3682 2332 3729 et
2359 3674 2649 3745 gatat’hum,
2680 3674 2826 3731 dihla
2855 3685 2909 3733 et
2947 3676 3176 3745 αυιινοη,
3206 3675 3286 3731 8άὶ
3313 3680 3368 3732 et

1772 3766 1987 3833 safwan,
2021 3766 2250 3822 drdusna
2277 3776 2332 3823 et
2352 3767 2646 3823 arati/una.

2498 3920 2651 3995 AU

1848 4053 1874 4127 ς
1901 4054 1993 4112 29.
2027 4052 2090 4129 1)
2122 4055 2201 4110 Au
2232 4065 2289 4112 ut
2317 4068 2482 4111 sonus
2510 4051 2739 4124 simplex
2766 4059 2879 4109 tam
2923 4050 3237 4123 frequenter
3275 4064 3369 4110 oc-

1774 4164 2000 4207 currens
2024 4164 2187 4221 quam
2214 4150 2285 4218 ai,
2316 4148 2612 4222 quamlibet
2631 4146 2877 4204 vocabuli
2900 4147 3084 4204 sedem
3105 4162 3369 4219 occupare

1775 4254 1954 4315 potest
1978 4252 2035 4300 et
2056 4242 2335 4315 quibusvis
2361 4242 2782 4300 consonantibus
2812 4240 3065 4312 conjungi
3101 4257 3115 4294 :

1847 4338 1904 4410 a)
1938 4336 2097 4393 Initio
2129 4356 2143 4393 :
2173 4343 2396 4409 audags,
2422 4354 2578 4409 augo,
2606 4334 2854 4405 auhuma,
2882 4333 3068 4396 aulaea.
3095 4332 3370 4406 αυρεμιιιο

1775 4427 1896 4497 ltan,
1921 4430 2115 4497 aurati,
2146 4429 2347 4499 aurtja,
2376 4443 2525 4495 auso,
2552 4427 2734 4499 aufto;

1851 4516 1904 4592 ὁ)
1936 4519 2111 4577 Medio
2141 4536 2154 4574 :
2189 4519 2378 4588 bauan,
2410 4518 2695 4593 blaupjan,
2722 4519 2948 4589 bnauan,
2971 4535 3197 4594 gaunon,
3240 4519 3373 4574 dau-

1777 4612 1910 4688 Ims,
1933 4614 2206 4685 drausjan,
2226 4611 2452 4684 haubip,
2472 4612 2664 4680 hlauts,
2693 4610 3078 4682 dislmaupnan,
3101 4609 3370 4683 paurnus,

1779 4704 2002 4777 pluuiis,
2029 4705 2214 4777 praui,
2238 4704 2426 4772 kaurn,
2452 4704 2654 4773 kraust,
2684 4706 2831 4773 laun,
2856 4705 3141 4776 maurgins,
3172 4701 3371 4776 naups,

1776 4800 1957 4870 rauds,
1988 4799 2189 4868 sanius,
2210 4799 2546 4873 skaudaraip,
2572 4798 2910 4873 afslauIJjan,
2936 4798 3180 4873 spaurds,
3201 4807 3372 4866 staua,

1780 4904 2017 4967 gataura,
2075 4894 2283 4965 transti,
2332 4894 2517 4964 vaurd,
2567 4898 2843 4968 gaufaurs,
2889 4895 3116 4965 ﬂautan,
3171 4893 3372 4963 frauja,

1780 4988 2059 5056 waurbun;
2089 4998 2293 5057 trauan,
2326 4988 2590 5057 trauaida,
2618 4989 2779 5057 sauil,
2801 4987 3128 5060 galaubeins,
3153 4986 3376 5056 mbaug-

1772 5083 1894 5153 jan,
1925 5081 2283 5151 sauds,nauh,
2306 5081 2517 5153 dauhts,
2549 5080 2749 5154 baups,
2771 5081 2980 5152 galauk,
2999 5078 3159 5147 δίκαιε,
3191 5096 3375 5151 guunt-

1771 5176 1893 5247 jan,
1929 5174 2119 5243 dauns,
2156 5177 2360 5247 taujan,
2385 5176 2632 5247 raupjan,
2664 5173 2841 5244 (aura,
2861 5171 3131 5245 paurbun,
3160 5187 3371 5245 saurga,

1780 5267 1966 5338 baurd,
1986 5270 2226 5338 vaurhta,
2245 5270 2469 5341 (audita,
2492 5268 2780 5340 vaurpum,
2802 5265 3045 5339 maurpr,
3066 5267 3372 5337 staurknan,

1782 5379 2009 5433 vaurms,
2046 5365 2238 5433 haurn,
2264 5362 2647 5437 gabaurjopus,
2680 5362 2882 5436 paurp,
2916 5370 3178 5434 staurran,
3204 5361 3375 5435 partr-

1783 5476 1894 5528 sus,
1926 5470 2147 5529 raurstv,
2184 5470 2381 5527 vaurts,
2403 5457 2647 5531 [)aurfta,
2679 5474 2823 5525 raus,
2848 5459 3087 5531 lausjan;

1857 5550 1909 5624 c)
1950 5551 2120 5609 Fine:
2146 5553 2274 5621 dau,
2318 5550 2455 5625 pan,
2479 5553 2603 5623 jau,
2648 5567 2803 5617 snau,
2830 5549 3013 5618 ahtau,
3043 5565 3235 5619 δαίων,
3266 5557 3370 5606 etc.

1862 5662 1882 5697 ι
1904 5644 2199 5703 Annotatio
2229 5646 2282 5700 l.
2306 5673 2379 5685 -
2418 5644 2532 5700 Huc
2556 5659 2664 5699 non
2686 5643 2957 5699 referendi
2984 5651 3111 5700 sunt
3135 5656 3293 5698 casus
3320 5640 3375 5697 in

1783 5739 1977 5813 quibus
2017 5758 2051 5796 a
2075 5749 2129 5797 et
2158 5756 2192 5795 ιι
2218 5737 2285 5794 ad
2316 5738 2555 5795 diversas
2602 5738 2840 5810 syllabas
2881 5738 3172 5812 pertinent,
3219 5745 3277 5791 ut
3320 5735 3375 5791 in

1783 5854 1887 5911 gau
1909 5837 2043 5893 Mth.
2074 5852 2151 5903 ix,
2179 5836 2284 5901 28;
2318 5836 2422 5891 Mc.
2454 5852 2566 5903 vtu,
2608 5835 2701 5903 22,
2747 5851 2843 5891 ιαμ
2885 5834 3040 5891 Joan.
3084 5850 3157 5901 Ix,
3189 5830 3246 5898 2,
3282 5827 3372 5898 I9,

1784 5949 1911 5989 svau
1952 5931 2041 5999 18,
2069 5930 2161 5999 22,
2193 5930 2343 5990 wauh
2373 5931 2502 5991 Cor.
2534 5932 2577 6005 Ι,
2610 5947 2685 6003 tv,
2714 5931 2768 6004 7,
2798 5929 3141 6006 gaunledjan.
