3840 6534
555 484 657 540 93⁵1

556 592 768 665 longam
807 594 1261 667 respondentem,
1312 604 1369 654 ut
1405 613 1437 652 α
1486 596 1539 653 in
1579 614 1611 653 ο
1650 600 1827 672 (ςῆ,
1859 600 1981 672 7),i
2010 598 2066 655 in
2089 601 2139 655 ri

557 681 611 760 (ι’
629 685 725 754 es,
750 688 825 760 6),
856 689 965 745 uin
987 691 1040 745 iu
1069 690 1123 763 (δ
1153 691 1245 759 st,
1266 690 1345 763 ε).

627 778 689 849 2)
730 777 995 851 Correptio
1037 782 1239 839 vocalis
1277 798 1374 854 per
1418 793 1800 863 consonantem
1828 795 2139 858 sequentem

560 868 808 925 efﬁcitur.
852 870 1090 943 Liquidae
1135 875 1471 944 praesertim,
1524 891 1728 933 necnon
1770 895 1834 946 ε,
1866 895 1925 948 z,
1956 880 1988 933 Ιι
2026 887 2081 935 et
2119 880 2150 951 f

560 962 798 1018 vocalem
822 964 1209 1033 praecedentem
1231 966 1549 1037 regulariter
1567 970 1765 1040 corripi
1780 970 1988 1041 jubent,
2018 986 2139 1027 cum

560 1053 772 1111 scilicet
798 1071 900 1112 una
939 1058 1022 1114 vel
1044 1058 1227 1129 plures
1254 1071 1613 1121 consonantes
1637 1063 1690 1119 in
1716 1063 1903 1120 eadem
1933 1064 2140 1136 syllaba

562 1158 880 1219 sequuntur,
931 1164 1021 1206 ex.
1063 1165 1148 1220 gr.
1188 1168 1204 1205 :
1246 1151 1421 1223 balga,
1464 1155 1615 1221 atlai,
1662 1159 1879 1223 matmo,
1933 1155 2142 1224 uuldan,

560 1235 730 1307 Italos,
761 1238 895 1304 Itala,
916 1241 1039 1307 salt,
1071 1242 1245 1311 milds,
1281 1242 1494 1314 ﬁlleins,
1524 1245 1700 1311 hitms,
1729 1247 1930 1314 hilpan,
1968 1247 2143 1319 duigs,

559 1330 718 1401 falls,
754 1334 959 1403 mulda,
1004 1334 1215 1404 cumba,
1261 1352 1514 1405 mamma,
1563 1339 1841 1407 suimman,
1882 1340 2144 1411 trimpars,

562 1421 765 1491 dumba,
790 1426 1121 1493 andanumta,
1154 1427 1321 1499 laggs,
1347 1428 1506 1495 baud,
1529 1429 1713 1501 draglt,
1741 1430 1898 1502 fanb,
1923 1447 2145 1500 manna,

560 1525 720 1583 onata,
762 1514 994 1590 briggan,
1041 1518 1277 1590 drigkan,
1325 1520 1528 1592 sigqan,
1579 1522 1746 1588 uirida,
1787 1524 2004 1590 vinnan,
2055 1540 2149 1595 ga-

559 1605 750 1679 minpi,
773 1609 943 1679 iuggs,
968 1607 1214 1681 bistngqs,
1236 1612 1489 1679 mundrei,
1511 1612 1739 1680 kunnan,
1762 1614 1960 1687 kunpa,
1976 1632 2145 1687 varga,

559 1715 711 1767 arms,
737 1698 922 1772 parbs,
946 1702 1145 1774 vardja,
1171 1704 1330 1774 varp,
1354 1703 1589 1778 bairgan,
1612 1705 1850 1761 svairban
1868 1747 1884 1771 ,
1916 1708 2145 1776 uairdua,

559 1789 763 1862 uairps,
793 1792 979 1862 fairra,
1010 1794 1236 1865 fairzna,
1260 1794 1467 1867 baurgs,
1492 1795 1723 1868 partrfts,
1742 1798 1927 1867 vaurd,
1953 1809 2145 1867 vaurta,

565 1881 810 1954 maurpr,
848 1899 999 1953 wass,
1035 1896 1160 1951 asta,
1191 1887 1281 1954 ist,
1311 1886 1450 1956 ῥεια,
1480 1887 1667 1954 bruus,
1697 1905 1845 1957 rasit,
1874 1890 2146 1961 andavt'zn,

559 1972 848 2040 anabuzns,
876 1976 1067 2043 malus,
1089 1976 1270 2044 milita,
1301 1978 1496 2047 sou/tta,
1521 1979 1679 2051 Itafts,
1700 1983 1845 2052 gifts,
1867 1982 2050 2053 akufta.

637 2083 656 2117 ι
691 2065 981 2122 Annotatio
1029 2069 1080 2123 1.
1114 2100 1187 2112 -—
1228 2069 1437 2127 Vocalis
1478 2081 1655 2127 autem
1694 2087 1801 2128 non
1841 2075 2149 2146 corripitur,

560 2157 772 2228 quando
818 2173 1119 2218 consonans
1159 2164 1410 2235 liquidam
1455 2180 1685 2237 sequens
1734 2181 1842 2224 non
1886 2168 1954 2224 ad
2002 2184 2153 2227 eam-

561 2250 683 2306 dem
721 2252 916 2311 radicis
964 2255 1252 2326 syllabam,
1302 2258 1396 2314 sed
1436 2259 1503 2313 ad
1552 2258 1978 2317 terminationem
2023 2276 2149 2331 per-

562 2342 724 2412 tinet,
766 2360 854 2402 ex.
897 2363 980 2417 gr.
1009 2365 1021 2400 :
1060 2350 1238 2417 amula,
1262 2350 1389 2421 ραι,
1414 2368 1573 2419 sums,
1608 2368 1753 2418 uana,
1775 2370 1947 2420 muns,
1971 2370 2147 2425 guurs,

561 2437 754 2507 raljan,
782 2440 1040 2510 gramjan,
1068 2443 1237 2511 sunja,
1263 2442 1451 2515 Itarjia,
1479 2445 1815 2515 gabaurjaba,
1835 2455 2146 2517 gataurnan.

643 2545 662 2580 ι
691 2531 980 2586 Annotatio
999 2529 1215 2588 2.-ιιι
1241 2533 1482 2603 plurimis
1507 2536 1722 2593 casibus
1742 2536 1930 2594 litterae
1954 2539 2149 2609 t,m,n,

567 2638 619 2690 r,
648 2639 673 2677 a
703 2623 755 2677 in
778 2636 836 2679 se
862 2633 914 2679 et
939 2635 1155 2695 propter
1177 2640 1237 2683 se
1256 2629 1647 2699 correptionem
1667 2633 1940 2689 attrahere
1968 2633 2151 2689 viden-

566 2722 673 2785 tur,
698 2718 841 2774 unde
863 2718 978 2775 ﬁeri
1008 2730 1207 2791 potest,
1234 2722 1368 2778 utin
1391 2724 1682 2794 scriptione
1710 2727 1795 2782 vel
1824 2726 1940 2782 sine
1960 2742 2151 2783 neces-

562 2807 717 2865 sitate
742 2811 1098 2881 geminentur,
1123 2815 1228 2882 vel,
1275 2815 1364 2871 ubi
1386 2817 1706 2888 etymologia
1735 2818 2149 2890 geminationem

563 2899 877 2969 postularet,
896 2903 1165 2974 simplices
1187 2905 1539 2963 adhibeantur
1560 2908 1611 2981 (§
1635 2909 1722 2975 55,
1745 2921 1928 2969 annot.
1956 2914 2010 2979 1,
2032 2912 2142 2983 2).»

635 2988 690 3061 5)
716 2992 1031 3049 Absonantia
1066 2995 1143 3067 (1)
1175 2998 1228 3052 in
1259 3012 1325 3054 eo
1350 3000 1626 3067 consistit,
1649 3001 1791 3073 quod
1813 3003 2015 3059 vocalis
2040 3003 2150 3075 syl-

563 3075 697 3138 labae
722 3083 973 3141 radiculis
1011 3088 1126 3143 sive
1157 3104 1253 3159 per
1292 3090 1669 3148 deductionem
1709 3093 1825 3151 sive
1866 3110 1963 3165 per
1989 3109 2148 3151 voca-

568 3169 680 3229 buli
704 3174 1078 3236 formationem
1106 3178 1253 3250 juxta
1281 3192 1455 3240 certas
1478 3182 1690 3255 regulas
1712 3185 1767 3241 in
1788 3186 1947 3241 aliam
1971 3196 2147 3244 trans-

571 3272 680 3320 eat.
732 3266 936 3323 Dantur
972 3270 1216 3340 quasdam
1255 3271 1585 3329 absonantia:
1630 3275 1798 3333 series
1821 3315 1837 3344 ,
1883 3292 2004 3349 quae
2034 3286 2147 3334 tum

566 3352 718 3421 duas,
753 3367 861 3413 tum
889 3368 998 3417 tres
1020 3373 1072 3417 et
1094 3362 1255 3419 etiam
1278 3374 1506 3435 quatuor
1526 3365 1767 3424 diversas
1793 3370 2008 3427 vocales
2034 3385 2150 3427 am-

566 3448 889 3520 plectuntur,
932 3470 1156 3527 quaeque
1205 3456 1295 3513 ubi
1318 3457 1385 3514 de
1411 3458 1733 3517 formatione
1762 3462 2149 3534 conjugationis

567 3536 723 3597 fortis
749 3543 798 3614 (ξ
827 3545 949 3611 117,
973 3545 1014 3613 f,
1043 3548 1100 3619 g)
1150 3564 1249 3605 nec
1297 3567 1403 3608 non
1431 3563 1487 3610 et
1523 3555 1901 3613 vocabulorum
1930 3558 1982 3630 (ᾗ
2022 3559 2148 3629 159,

570 3630 693 3706 115)
726 3637 949 3704 ᾳιιωιιίο
970 3639 1091 3705 erit,
1118 3642 1384 3712 praecipue
1408 3656 1693 3703 occurrent
1717 3648 1990 3721 fusiusque
2011 3660 2148 3707 trac«

571 3725 845 3782 tabuntur.
872 3728 968 3785 Hic
1006 3746 1135 3789 vero
1162 3732 1412 3805 sufﬁciat,
1438 3750 1505 3792 ex
1526 3738 1641 3794 istis
1661 3739 1922 3798 classibus
1961 3743 2153 3813 praeci-

565 3826 698 3884 puas
718 3816 772 3873 in
795 3818 981 3876 ordine
1021 3822 1087 3878 ad
1114 3838 1304 3883 sonum
1344 3842 1658 3900 excerpere,
1682 3830 1823 3889 unde
1863 3843 2152 3906 sequentes

563 3905 793 3964 evadant
818 3915 1019 3970 classes
1054 3934 1070 3971 :

697 4014 757 4067 1ι
795 4012 982 4072 classis
1017 4034 1030 4071 :

692 4105 928 4161 2⁸-
1245 4116 1266 4168 i
1482 4133 1516 4171 α
1732 4136 1761 4176 e
1982 4138 2021 4178 at

692 4198 927 4253 ⁵5⁸-
1244 4207 1265 4261 i
1487 4226 1522 4264 α
1732 4228 1763 4268 c
1985 4216 2006 4271 ἱ

694 4292 761 4347 4⁸
850 4324 922 4339 —
1236 4302 1284 4358 ei
1479 4306 1534 4360 ai
1735 4307 1805 4368 ἰ.
1986 4312 2008 4366 ἕ

693 4383 758 4439 5⁸
846 4417 923 4431 —-
1241 4396 1296 4450 iu
1474 4415 1542 4453 an
1734 4418 1771 4455 ιι
1990 4421 2025 4459 ιι

696 4472 764 4529 6⁸
844 4506 918 4519 -
1234 4502 1268 4540 α
1479 4505 1512 4544 o
1728 4508 1789 4547 ο.
1984 4512 2020 4550 a

745 4587 851 4647 Ex.
877 4606 959 4664 gr.
986 4610 1001 4650 :
1116 4598 1328 4666 bindan,
1416 4601 1573 4673 baud,
1608 4605 1841 4677 bundun,
1874 4607 2149 4678 bundans;

1113 4692 1310 4761 niman,
1420 4712 1558 4765 nam,
1609 4716 1821 4768 tremuit,
1878 4718 2132 4772 numam;

1116 4785 1310 4859 giban,
1413 4796 1511 4864 gaf
1530 4834 1544 4859 ,
1610 4792 1811 4866 gebun,
1882 4797 2099 4867 gibans;

1114 4876 1320 4949 beitan,
1412 4884 1555 4951 bait,
1608 4886 1790 4954 bium,
1883 4888 2092 4957 bitans;

1110 4969 1323 5042 biudan,
1420 4974 1587 5049 baup,
1618 4977 1813 5047 budtm,
1891 4980 2130 5050 budarts,‘

1109 5062 1270 5119 salum
1296 5110 1313 5136 ,
1405 5068 1525 5134 σοις,
1609 5070 1807 5137 sokun,
1885 5074 2098 5131 sakans.

627 5142 687 5206 ὴ
709 5150 901 5223 prima,
929 5156 1161 5212 secunda
1190 5168 1243 5214 et
1266 5160 1419 5215 tertia
1442 5162 1703 5219 classibus
1724 5181 1758 5221 α
1781 5180 1910 5235 pura
1948 5167 2145 5227 radicis

556 5245 760 5304 vocalis
796 5251 1071 5321 prmvalet,
1116 5253 1168 5309 in
1210 5269 1400 5326 quarta
1442 5258 1481 5325 ἰ,
1527 5259 1579 5314 in
1606 5261 1791 5330 quinta
1822 5279 1878 5330 ιι,
1912 5263 1965 5319 ἰιι
1992 5276 2144 5322 sexta

556 5346 763 5410 autem,
804 5342 1043 5399 omnium
1088 5345 1575 5416 impcrfectissima,
1605 5348 1796 5406 iterum
1829 5364 2051 5425 apparet
2088 5372 2145 5425 a,

556 5427 613 5486 in
666 5446 773 5503 quo
823 5434 994 5491 latens
1043 5436 1260 5509 longum
1308 5456 1339 5494 o
1374 5439 1568 5497 radicis
1625 5456 1720 5513 per
1772 5444 2148 5503 absonantiam

553 5519 758 5593 corripi
796 5523 1042 5593 videtur;
1088 5543 1191 5599 qua
1238 5528 1307 5585 de
1326 5544 1484 5585 causa
1508 5532 1785 5600 quaeritur,
1812 5542 1990 5592 utrum
2034 5537 2150 5596 hate

556 5610 746 5670 classis
789 5619 1155 5677 secundariam
1201 5622 1438 5678 radicum
1503 5622 1875 5683 formationem
1920 5645 1986 5686 ex
2058 5645 2147 5689 se-

630 5771 714 5845 (1)
740 5775 997 5855 Quoniam
1041 5783 1303 5840 vocabulo
1342 5764 1512 5855 germ.
1548 5788 1737 5843 Ablaut
1780 5790 1982 5845 nullum
2031 5792 2153 5848 lati-

556 5858 686 5931 num
737 5848 995 5931 perfecto,
1036 5862 1090 5905 ut
1137 5848 1679 5931 vid_eo,_'respondet,
1737 5876 1803 5916 ne
1848 5862 2149 5931 periphrasi

557 5923 699 5982 utar,
735 5918 877 5986 quod
904 5918 1337 6001 interpretationi
1360 5918 2001 6001 seniperrincommodmii
2048 5918 2151 6001 est,

557 5999 758 6067 novum
796 5989 1115 6050 vocabulum
1155 5989 1678 6068 excogitarc'malui.
1706 6000 1886 6073 itaque
1915 6003 1967 6061 in
1995 5989 2155 6076 hujui

1622 485 2069 544 GRAMMATICA
2107 486 2144 544 (ἶ

2252 486 2431 544 111οΕ
2461 486 2761 546 ιιΝουΔε.
3640 503 3707 560 918

2244 600 2417 656 cunda
2434 610 2487 655 et
2514 607 2673 657 tertia
2690 602 2956 660 classibus
2981 618 3087 661 non
3103 605 3358 677 exhibeat,
3380 620 3450 679 ut,
3463 628 3535 671 ex.
3554 634 3635 690 gn,
3654 643 3713 695 μ,

2245 690 2350 744 noli
2373 691 2647 748 derivatur
2666 707 2697 747 a
2719 694 2913 763 nahun,
2939 695 3079 765 quod
3102 696 3271 767 ipsum
3297 701 3362 757 ad
3386 705 3572 765 verbum
3588 690 3713 782 prima

2241 781 2430 839 classis
2458 783 2795 853 deperditum
2826 787 3062 857 pertinet
3088 788 3139 861 (ᾗ
3169 790 3260 858 26,
3287 792 3367 861 4),
3395 796 3469 852 vel
3490 807 3541 852 ut
3569 781 3715 875 an}...

2240 876 2309 932 ad
2331 878 2597 948 quoddam
2638 880 2846 951 rrakan,
2879 883 2999 938 vrok
3024 884 3382 959 referendum,
3425 896 3546 963 quod
3578 913 3626 953 ex
3651 904 3715 956 wi-

2244 968 2377 1039 Itan,
2424 970 2543 1026 urak
2582 972 2868 1029 deductum
2920 984 3019 1032 est.
3070 976 3174 1034 Pro
3217 979 3319 1035 bac
3359 982 3584 1043 afﬁnitate
3615 990 3715 1049 etiam

2244 1061 2495 1127 militant,
2520 1062 2662 1133 quod
2685 1062 2913 1133 plurima
2936 1067 3124 1135 verba,
3144 1068 3211 1125 ad
3233 1070 3369 1128 hanc
3390 1073 3588 1132 classem
3607 1084 3715 1150 perti-
3790 1064 3791 1111 Ῡ

2246 1154 2447 1222 nentia,
2488 1155 2540 1210 in
2570 1158 2820 1225 presenti
2834 1160 2868 1231 j
2895 1158 3180 1229 advocant,
3211 1163 3263 1219 id
3294 1175 3395 1232 est,
3417 1166 3718 1229 debilitentu-

2244 1246 2521 1319 jugantur.
2570 1250 2651 1306 Ad
2700 1262 2905 1309 sextam
2954 1264 3013 1312 et
3055 1256 3163 1313 alia
3210 1259 3523 1319 absonantia
3565 1266 3716 1336 classis,

2246 1340 2421 1396 rarior
2443 1341 2710 1412 equidem,
2741 1347 2983 1416 proxime
3005 1350 3233 1419 accedit,
3262 1368 3485 1427 nempe:

2371 1433 2433 1487 7⁸
2460 1434 2650 1492 classis
2682 1454 2697 1491 :
2884 1440 2957 1509 ai,
2987 1457 3016 1497 e
3158 1459 3190 1500 ο
3400 1463 3430 1501 o
3607 1452 3694 1519 ἀμ

2247 1538 2369 1594 qua:
2431 1527 2485 1581 in
2537 1528 2716 1585 verbis
2776 1530 3122 1603 reduplicatis
3180 1540 3533 1596 tantummodo
3570 1545 3724 1601 σιωπὴ

2251 1616 2469 1689 (5126).
2497 1619 2557 1675 In
2596 1621 2695 1678 hac
2734 1622 2893 1680 classi
2920 1641 2950 1680 ε
2986 1629 3267 1697 praesentis
3300 1630 3544 1701 primitiva
3576 1638 3725 1691 esseti-

2249 1708 2439 1775 detur,
2485 1721 2611 1768 ante
2652 1712 2788 1770 alias
2838 1716 3053 1773 vocales
3098 1733 3204 1776 nun
3247 1736 3522 1780 remanens
3559 1726 3724 1796 equide-

2251 1801 2272 1871 (
2298 1800 2325 1873 §
2355 1799 2443 1871 25,
2478 1803 2529 1872 1,
2554 1820 2585 1860 c
2605 1805 2653 1876 ),
2684 1807 2778 1863 sed
2807 1808 2861 1864 in
2881 1810 3081 1880 verbis,
3108 1827 3336 1882 quorum
3365 1818 3584 1873 radicalis
3598 1820 3725 1889 syllaba

2251 1896 2423 1953 vocali
2450 1896 2668 1966 desiuit,
2700 1917 2822 1957 cum
2848 1903 2897 1957 ai
2934 1904 3053 1975 ejus
3102 1921 3239 1963 sono
3285 1908 3434 1965 afﬁni
3476 1922 3725 1977 commutata,

2251 1989 2440 2045 eodem
2503 2006 2725 2061 prorsus
2769 1997 2931 2052 modo
2976 2009 3139 2069 atque
3190 2000 3250 2057 in
3303 2001 3548 2060 similibus
3590 2005 3726 2059 casibus

2254 2080 2435 2152 (§26,
2465 2084 2542 2153 5)
2573 2101 2641 2141 au
2668 2093 2763 2143 τοῦ
2804 2104 2835 2142 o
2862 2104 3144 2161 personam
3176 2096 3337 2163 gerit.

2328 2202 2346 2236 ι
2375 2183 2663 2242 Annotatio
2686 2188 2741 2243 1.
2768 2219 2843 2233 -
2862 2191 3013 2258 Quod
3041 2202 3221 2251 autem
3254 2207 3363 2253 tres
3393 2199 3575 2269 priores
3597 2201 3722 2255 classes

2249 2277 2536 2333 maximam
2567 2277 2705 2335 inter
2728 2295 2790 2337 se
2814 2281 3044 2341 habeant
3064 2286 3407 2359 relationem,
3436 2291 3513 2347 vel
3540 2292 3667 2363 primo
3684 2294 3725 2346 in

2251 2368 2389 2425 tuitu
2429 2379 2593 2440 patet.
2629 2371 2688 2429 in
2717 2374 2803 2431 his
2838 2378 2980 2433 enim
3014 2380 3241 2436 triadem
3282 2384 3532 2440 vocalium
3567 2385 3725 2455 gothica-

2250 2477 2368 2518 rum
2409 2479 2533 2522 sese
2573 2470 2912 2526 evolventem
2950 2472 3211 2542 vidimus,
3243 2477 3388 2533 unde
3429 2494 3527 2534 non
3552 2479 3726 2533 immerito

2250 2566 2467 2626 propter
2508 2576 2541 2611 a
2591 2559 2905 2629 dominans,
2959 2563 3073 2633 eis,
3126 2575 3190 2622 ut
3243 2568 3551 2639 primitivis,
3584 2572 3726 2640 primam

2248 2648 2431 2703 sedem
2459 2648 2859 2722 adscripsimus.
2902 2654 2959 2709 In
2990 2667 3178 2726 quarta
3219 2671 3275 2714 et
3306 2661 3483 2732 quinta
3514 2660 3726 2721 classibus.

2249 2758 2371 2813 quae
2396 2745 2751 2802 arctissimam
2785 2763 2996 2820 quoque
3022 2751 3343 2810 afﬁnitatem
3366 2757 3496 2812 inter
3516 2770 3565 2811 se
3587 2756 3726 2816 habent.

2248 2851 2283 2890 α
2315 2850 2536 2905 prorsus
2560 2837 2758 2905 deﬁcit,
2779 2841 2971 2899 iterum
3006 2847 3381 2904 tantummodo
3404 2864 3628 2918 apparens
3641 2846 3725 2909 hici,
3790 2850 3791 2915 ῗ

2247 2927 2356 2984 illic
2390 2945 2459 2998 tt,
2512 2944 2736 3002 quorum
2775 2934 3090 2993 absonantia
3131 2938 3249 2994 sive
3289 2955 3384 3010 per
3434 2940 3725 3010 productionem

2250 3020 2357 3092 (ei,
2389 3022 2505 3094 iu),
2545 3026 2659 3080 sive
2686 3040 2783 3094 per
2810 3028 3115 3098 ruptionem
3140 3030 3247 3102 (ai,
3279 3049 3348 3087 au
3368 3031 3387 3102 )
3411 3032 3623 3088 efﬁcitur.
3641 3028 3725 3086 Nunt
3790 3022 3791 3102 ᾗ

2248 3126 2377 3169 vero
2402 3129 2523 3171 cum
2555 3117 2833 3186 productio
2864 3128 2919 3177 et
2959 3123 3135 3191 ruptio
3175 3124 3419 3183 latiorem
3446 3122 3655 3194 simplicis
3676 3136 3725 3177 ω·
3790 3112 3791 3194 ᾖ

2251 3221 2440 3263 norum
2469 3214 2778 3282 systematis
2806 3215 3167 3273 evolutionem
3198 3219 3476 3291 supponit,
3501 3218 3583 3274 has
3607 3218 3726 3271 classes

2250 3301 2474 3370 proinde
2503 3313 2559 3359 ut
2585 3307 2908 3374 posteriores
2936 3310 3469 3380 habuimus;sextam
3490 3324 3647 3377 autem,
3664 3310 3726 3364 siit

2249 3392 2370 3463 quia
2402 3409 2434 3451 e
2464 3396 2633 3466 prima
2672 3399 2899 3458 deducta
2927 3411 3029 3469 est,
3053 3404 3170 3460 sive
3197 3406 3327 3477 quia
3355 3405 3659 3462 recentissima
3678 3410 3725 3452 aut
3790 3392 3791 3473 ξ

2250 3485 2439 3542 saltem
2468 3488 2876 3563 imperfectissa,
2921 3496 3325 3558 immamediate
3356 3511 3469 3572 post
3495 3514 3571 3558 eas
3587 3498 3636 3553 ad
3660 3494 3727 3549 ulti-
3790 3480 3791 3541 ἶ

2252 3595 2399 3637 num
2439 3583 2614 3639 locum
2645 3586 2972 3643 remisimus.
3104 3640 3107 3643 λ
3790 3588 3791 3661 ᾖ

2330 3694 2349 3729 ι
2380 3677 2668 3736 Annotatio
2687 3680 2742 3737 2.
2764 3705 2836 3718 —-
2856 3681 3109 3749 Quamvis
3134 3683 3451 3743 absonantia
3483 3685 3530 3740 in
3546 3674 3725 3739 fortunaJ
3790 3686 3791 3743 Ἰ

2252 3769 2630 3839 conjugatione
2663 3771 2790 3829 forti
2819 3775 3088 3846 precipue
3113 3787 3405 3848 appareat,
3439 3779 3599 3832 dantur
3618 3780 3724 3826 tamen
3790 3772 3791 3843 ,

2254 3859 2496 3915 nonnulli
2524 3876 2703 3932 casus,
2728 3862 2785 3918 in
2806 3864 2999 3933 quibus
3024 3866 3311 3924 evidenter
3331 3868 3401 3923 ad
3430 3867 3547 3922 hanc
3567 3862 3725 3929 conjuge
3790 3868 3791 3933 ξ

2255 3951 2454 4007 tionem
2484 3953 2675 4009 referri
2704 3957 2908 4027 nequit,
2936 3965 2994 4012 ut
3035 3956 3091 4013 in
3119 3959 3285 4032 dogs,
3305 3974 3355 4023 ,a
3398 3960 3509 4031 dog,
3536 3954 3683 4009 hebris:
3709 3961 3723 3998 ι

2251 4040 2424 4098 habuit
2450 4084 2466 4111 ,
2495 4045 2691 4116 ganolts
2732 4061 2762 4100 a
2809 4051 3010 4114 nation,
3042 4063 3162 4120 quae
3205 4052 3389 4107 omnia
3432 4051 3492 4105 ad
3528 4044 3722 4112 analogiam

2259 4146 2425 4193 sextm
2454 4138 2644 4195 classis
2675 4140 3043 4211 eﬁ'ormantur,
3077 4144 3209 4201 licet
3240 4147 3459 4202 verbum
3487 4144 3631 4212 dagan.
3654 4138 3723 4202 έοεῑο

2257 4227 2464 4296 habuit,
2507 4231 2604 4285 Itob
2643 4234 2835 4287 mirum
2877 4234 3034 4290 simul
3073 4243 3129 4291 et
3164 4235 3539 4292 inadmissibile
3575 4229 3723 4285 videatut

2258 4318 2498 4389 (propter
2546 4322 2849 4391 conjectum
2904 4324 3170 4381 ΝΑΗΑΝ
3187 4367 3204 4395 ,
3264 4326 3425 4384 NOII
3450 4366 3465 4393 ,
3504 4324 3589 4380 vid.
3626 4316 3720 4389 ἐῖθι

2254 4412 2340 4485 Δ).
2392 4414 2551 4472 Aliud
2592 4419 2893 4489 exemplum
2934 4422 3275 4479 absonantia:
3304 4409 3722 4509 irregularispt‘ttllfl

2250 4508 2473 4580 briggan
2492 4554 2507 4579 ,
2532 4509 2715 4564 brahta
2735 4552 2751 4579 ,
2778 4513 2919 4583 quod
2950 4517 3177 4583 primam
3209 4516 3435 4573 classem
3458 4511 3639 4584 sapiens,
3660 4508 3721 4571 Ρη·

2256 4603 2500 4659 mitivum
2528 4604 2710 4661 forsan
2739 4607 2949 4680 brigan,
2991 4610 3119 4681 brag
3158 4610 3538 4683 conjiciendum
3572 4598 3720 4660 exhibet.

2253 4708 2323 4751 ex
2373 4710 2480 4767 quo
2516 4712 2610 4767 per
2645 4698 3091 4757 introductionem
3130 4703 3333 4760 nasalis
3374 4704 3453 4775 (ut
3490 4702 3535 4756 in
3567 4691 3719 4749 διελάσει

2251 4786 2397 4858 stop,
2430 4787 2513 4844 vel
2535 4790 2587 4844 in
2611 4788 2879 4863 [)agkjan,
2911 4790 3103 4863 polita)
3139 4808 3340 4849 novum
3372 4788 3719 4875 Ρτκθθυδάιῗῗῖ

2252 4878 2500 4937 latiorem
2535 4882 2909 4941 formationem
2942 4887 3240 4955 praeteriti,
3275 4887 3433 4943 etiam
3469 4885 3518 4940 in
3552 4868 3721 4934 nonnum

2254 4969 2376 5026 aliis
2422 4971 2599 5028 verbis
2622 4984 2990 5031 occurrentem
3018 4976 3175 5049 (coll.
3199 4994 3352 5049 mag,
3378 4976 3548 5039 nam.
3564 4984 3635 5040 ος.
3654 4962 3722 5015 0*“

2257 5060 2415 5131 etc.),
2441 5078 2636 5120 novum
2659 5068 2985 5135 praeteritum
3007 5083 3130 5126 cum
3156 5068 3323 5127 debili
3347 5066 3551 5125 ﬂexione
3565 5059 3721 5116 ειοηεε

2247 5162 2351 5209 est.
2396 5171 2417 5206 s

2318 5244 2377 5315 4)
2425 5246 2594 5314 Quem
2648 5249 2902 5306 iuﬂuxum
2939 5250 3103 5310 habet
3143 5252 3455 5312 absonantia
3484 5236 3722 5338 in???

2255 5336 2478 5409 syllabae
2524 5340 2808 5411 radicalis,
2860 5356 2985 5399 eum
3034 5346 3196 5402 etiam
3247 5345 3406 5402 habet
3691 5335 3721 5376 ιιι

2254 5430 2495 5485 vocalem
2558 5433 2775 5503 syllaba:
2831 5432 3149 5495 formativre.
3208 5435 3347 5492 Huic
3395 5422 3619 5488 aﬂectioui
3654 5414 3720 5470 $0“

2255 5522 2453 5579 vocalis
2479 5541 2513 5577 α
2546 5523 2788 5596 subjacet
2806 5567 2822 5594 ,
2853 5541 2974 5596 qua:
3000 5529 3101 5583 sub
3127 5526 3242 5597 ejus
3268 5524 3463 5581 inﬁuxn
3484 5529 3582 5574 cum
3604 5504 3721 5597 iveinl

2255 5624 2611 5672 commutatur
2623 5592 2817 5689 {atqui
2862 5592 3292 5675 debilitatio'tum
3320 5631 3385 5672 ex
3418 5621 3576 5670 natura
3592 5592 3722 5656 Nam

2258 5785 2437 5887 ενετίε
2466 5783 2691 5887 decus"
2743 5787 2935 5887 ‘i‘i‘q‘w
2956 5785 3270 5887 διδάξειε

2258 5847 2456 5933 tionem
2487 5859 2683 5933 vocalis
2721 5872 2816 5913 seu
2850 5847 2974 5915 soni
3014 5860 3065 5915 in
3109 5858 3289 5925 alium,
3341 5856 3493 5933 lector
3522 5847 3717 5901 κυαθίδι

2259 5930 2545 6002 intelligas.
2573 5930 2799 6002 lnterpr.
3457 5930 3465 5933 “
3790 5940 3791 5979 ;

3652 6260 3792 6420 Α
