3840 6608
70 431 187 492 929
781 423 787 429 '
820 420 837 431 ³
1160 408 1226 446 θ’
1401 417 1491 477 ne
1527 408 1968 480 PROLATIONF.
2284 408 2303 428 ‘
3258 422 3363 481 εω

66 547 468 601 consonantem
496 553 580 599 vet
619 537 970 613 praecedentis
994 536 1080 593 vel
1126 535 1424 607 sequentis,
1464 546 1575 591 tum
1604 550 1671 591 ex
1772 549 1875 605 que
1896 550 1958 591 ex
1982 540 2141 605 huius
2162 534 2361 607 regulis
2380 534 2544 592 ivelu
2567 534 2691 607 poni
2711 535 3113 605 deberet,aivel
3130 553 3197 594 as
3211 552 3363 597 usur-

68 634 363 693 additione
390 634 649 707 longioris
670 633 891 706 syllabae
930 630 1230 687 formativm
1270 628 1536 699 dependet
1573 641 1674 683 nec
1774 627 2098 699 patur.Hinc
2117 644 2270 684 novae
2296 629 2625 686 absonantiaz
2654 631 2874 699 classes,
2902 641 3360 704 quaesequuntur:

68 746 188 786 non
218 737 278 785 et
304 730 356 784 in
380 726 703 813 tognatione
739 724 852 781 sive
873 722 1249 781 declinationis
1274 723 1389 778 sive
1414 722 1673 790 coniuga-
1780 720 1843 775 1⁸
1881 719 2047 775 series
2084 723 2137 773 ai
2386 736 2419 774 α
2708 738 2739 778 ο
3027 738 3095 778 au

69 820 247 877 tionis
291 809 584 877 formarum
633 816 935 873 adhibetur.
975 814 1093 871 Jam
1132 828 1261 870 vero
1301 827 1431 869 usus
1458 812 1575 883 eius
1608 828 1675 868 ex
1777 809 1845 864 2‘
1918 837 1993 854 —
2090 809 2143 864 ai
2389 826 2423 863 a
2707 828 2778 867 au
3022 830 3090 870 au

66 915 435 987 sequentibus
456 912 740 984 praeceptis
766 910 997 984 regulari
1023 916 1247 981 potest:
1783 899 1851 956 5⁸
1920 926 1994 942 -
2091 902 2145 955 ai
2398 917 2431 956 α
2707 922 2736 960 e
3029 908 3082 964 ei

143 1011 206 1079 α)
235 1008 284 1063 Α
312 1008 365 1063 in
396 1008 413 1060 i
437 1006 742 1063 debilitatur
768 1022 784 1061 :

1803 993 1846 1049 ιι
1917 1021 1989 1035 -
2085 994 2136 1048 ei
2390 995 2445 1049 ai
2695 997 2747 1051 αἱ
3026 1000 3080 1055 ai

140 1101 241 1172 an)
263 1103 407 1158 Ante
428 1098 672 1156 dentales
698 1106 752 1155 et
771 1096 1072 1164 sibilantes,
1096 1110 1183 1153 ex.
1208 1109 1289 1164 gr.
1318 1110 1334 1147 :
1360 1092 1414 1149 in
1439 1092 1680 1150 declrna-
1781 1084 1846 1141 5·
1916 1113 1991 1127 -—
2081 1084 2139 1140 is
2386 1101 2458 1141 au
2651 1114 2657 1120 ·
2695 1104 2764 1143 au
3018 1108 3087 1147 au

65 1195 229 1250 tione
283 1189 456 1247 VIGA
486 1206 611 1264 gen.
648 1190 778 1263 υίςὶα
812 1188 891 1263 (§
941 1187 1011 1246 δι
1034 1230 1050 1257 ,
1103 1186 1191 1259 4),
1225 1186 1277 1241 in
1304 1183 1680 1255 coniugatione
1781 1190 1868 1233 es.
1897 1193 2019 1251 gr.:
2080 1178 2277 1246 bairan,
2389 1180 2503 1251 bar,
2696 1183 2875 1250 berun,
3015 1185 3263 1257 baurans,‘

63 1288 248 1361 logia,
277 1284 460 1359 lagjis,
482 1284 679 1359 tagjip,
702 1284 919 1356 tagjam,
943 1280 1142 1354 lagjip,
1168 1280 1405 1353 lagjand,
1429 1276 1675 1350 particip.
2073 1273 2319 1345 vairpan,
2392 1275 2549 1347 varp,
2686 1279 2950 1351 vaurpun,
3009 1281 3312 1354 usurpans;

65 1382 263 1455 lugu”
292 1381 315 1455 (
340 1381 367 1454 5
396 1381 501 1438 μδ
520 1380 584 1452 );
2077 1367 2291 1434 saiwan,
2389 1383 2512 1433 saw,
2688 1385 2877 1438 sewun,
3014 1375 3272 1443 scitoans;

143 1476 240 1547 ὁὸ)
269 1473 404 1531 Cum
429 1473 691 1547 syllabam
714 1471 1049 1529 formativam
1080 1471 1249 1527 altera
1285 1484 1407 1526 cum
1445 1485 1477 1523 a
1502 1468 1681 1540 sequi-
2078 1460 2280 1527 ιείιυαην
2386 1462 2524 1529 luit”.
2694 1464 2902 1531 ιαίωιιην
3011 1467 3256 1537 ιαίωαηεί

72 1575 204 1633 tur;
243 1566 327 1623 sic
354 1581 422 1622 eo
466 1564 628 1621 modo
663 1564 881 1620 dativus
925 1563 1085 1619 hanin
1121 1578 1151 1617 a
1198 1562 1377 1617 radice
1413 1558 1679 1616 ΗΑΝΑΝ
2080 1550 2282 1618 ﬁnium,
2394 1553 2542 1619 lauit.
2692 1554 2921 1623 tantum;
3012 1559 3254 1614 (cubans.

74 1656 438 1712 illustrandus
464 1665 545 1712 est
571 1653 636 1728 (δ
660 1654 751 1721 88,
782 1653 875 1726 4),
906 1653 1031 1710 licet
1067 1668 1222 1710 suum
1268 1670 1329 1720 a,
1359 1651 1520 1708 dativi
1547 1651 1677 1707 chao

67 1747 515 1815 racteristicum,
563 1745 1005 1811 commutaverit;
1062 1759 1185 1800 nam
1216 1744 1411 1801 formas
1436 1742 1676 1813 hanana,

66 1839 281 1893 hanina
306 1879 323 1905 ,
354 1847 414 1892 ut
453 1837 519 1892 ad
551 1837 710 1891 hanin
750 1836 1023 1903 deveniat,
1053 1836 1386 1906 percurrisse
1411 1844 1677 1890 censetur.

67 1927 287 1984 Eadem
314 1929 451 1983 ratio
476 1926 706 1983 fortasse
726 1926 867 1981 valet
896 1941 995 1998 pro
1018 1926 1035 1981 i
1063 1934 1187 1981 ante
1215 1923 1671 1981 substantivorum

65 2020 486 2075 terminationes
511 2018 615 2091 pa,
646 2019 717 2083 to.
741 2027 872 2084 etc.,
903 2033 992 2075 ex.
1026 2034 1109 2089 gr.
1138 2033 1153 2073 :
1186 2017 1422 2091 daubipa
1442 2032 1473 2073 a
1499 2017 1674 2075 DAU-

70 2111 189 2180 BA,
226 2111 459 2184 Βαατίρα
487 2128 517 2167 a
560 2111 830 2181 KAURA,
869 2111 1114 2185 sviknipa
1139 2127 1169 2167 a
1212 2108 1519 2179 SVIKNA,
1565 2113 1684 2166 bar-

67 2206 189 2260 m'to
219 2220 254 2259 a
292 2202 564 2272 BARNA,
609 2204 662 2259 in
702 2205 895 2275 quibus
938 2219 1006 2259 eo
1054 2204 1224 2275 magis
1266 2205 1285 2257 i
1334 2202 1399 2259 ad
1440 2204 1683 2260 dentales

66 2296 355 2353 inclinare
399 2297 642 2363 videtur,
676 2296 819 2368 quod
850 2297 896 2352 si
928 2295 1136 2353 dicatur
1174 2294 1387 2366 quidem
1413 2296 1625 2368 magula
1652 2311 1683 2350 a

71 2384 302 2444 HAGU
325 2428 342 2453 ,
383 2401 489 2443 non
536 2394 714 2443 autem
763 2388 1010 2461 agtupa,
1059 2385 1325 2461 manualia
1368 2387 1438 2442 ab
1469 2385 1681 2454 AGLU,

69 2477 253 2534 BAN
265 2476 387 2545 VU,
416 2479 509 2535 sed
537 2479 747 2553 aglipa,
772 2479 1043 2553 manvipa.

153 2567 211 2638 bi
254 2568 301 2622 Α
329 2568 488 2624 ﬁnale
525 2569 582 2625 in
620 2586 655 2623 u
683 2580 809 2626 tunc
834 2570 1164 2636 debilitatur,
1194 2584 1315 2625 cum
1343 2568 1396 2625 in
1426 2569 1683 2641 coniuga-

72 2661 238 2717 tione
262 2661 536 2732 asyllaba:
579 2662 828 2717 radicalis
866 2676 961 2733 per
1006 2661 1532 2717 transformationem
1562 2663 1615 2717 in
1649 2678 1685 2717 ιι

72 2752 300 2821 incidit,
328 2753 408 2809 sic
450 2753 505 2809 in
547 2763 699 2824 priet.
728 2754 872 2826 plur.
915 2754 1148 2817 bundun,
1182 2753 1427 2826 bundup,
1449 2754 1682 2822 bundun,

72 2862 209 2903 eum
260 2845 490 2915 bindam,
529 2847 740 2921 bindip,
785 2846 1033 2903 bindand.
1083 2846 1398 2916 Huiusmodi
1440 2846 1688 2903 debilita-

74 2938 247 2995 tione
273 2939 434 2995 etiam
476 2939 529 2994 in
570 2940 780 3008 verbis,
805 2939 895 3012 qui
940 2957 974 2993 ιι
1002 2947 1061 2994 ut
1087 2938 1328 2995 vocalem
1364 2947 1688 2995 transmuta-

76 3032 262 3088 tionis
285 3031 340 3087 in
374 3038 646 3104 praeterito
671 3034 807 3102 plur.
832 3048 937 3088 non
967 3032 1184 3099 habent,
1207 3041 1544 3098 occurrente,
1572 3046 1687 3088 me-

77 3122 203 3179 rito
233 3122 373 3179 hanc
401 3123 626 3179 formam
657 3124 989 3195 primitivam
1023 3134 1078 3180 et
1106 3122 1537 3192 antiquissimam
1564 3136 1687 3179 esse

86 3218 455 3275 concluditur.
488 3219 781 3276 Peculiaris
800 3229 885 3277 est
917 3220 1213 3276 debilitatio
1238 3218 1297 3274 in
1323 3218 1686 3275 ainumntehsn

80 3313 225 3369 loco
254 3313 640 3383 ainammaltun,
659 3314 748 3369 ubi
783 3328 881 3386 per
914 3313 1129 3385 longam
1158 3312 1431 3385 sequentis
1466 3311 1688 3384 syllabae

78 3414 385 3461 attractam
406 3422 525 3464 esse
550 3408 778 3464 videtur.

163 3496 226 3571 5)
252 3498 449 3571 Rsptio
469 3509 550 3556 est
574 3500 895 3571 permutatio
918 3507 1019 3558 τῶν
1043 3501 1061 3555 i
1083 3508 1139 3557 et
1161 3516 1198 3555 ιι
1221 3499 1275 3556 in
1301 3500 1353 3555 ai
1368 3507 1421 3557 et
1438 3516 1530 3555 au.
1547 3500 1689 3558 Con-

79 3590 343 3661 sequitur
381 3592 573 3662 partim
619 3607 685 3649 ex
728 3592 927 3663 regulis
968 3590 1304 3647 absonantiaa
1343 3591 1475 3662 (vid.
1522 3606 1684 3662 supra

80 3680 173 3751 5),
199 3680 401 3753 partim
436 3697 503 3739 ex
537 3684 851 3755 retrogrado
879 3682 1085 3738 iulium
1113 3682 1524 3752 prmcedentium
1551 3697 1683 3739 con-

81 3773 406 3831 sonantium
439 3792 487 3842 r,
517 3775 552 3828 Ιι
579 3783 635 3833 et
670 3791 736 3841 w,
775 3784 830 3832 et
856 3774 1071 3847 quidem
1109 3774 1165 3829 in
1195 3773 1443 3830 omnibus
1471 3773 1686 3830 casibus

82 3862 278 3919 locum
304 3863 483 3932 habet,
504 3865 557 3921 in
580 3865 801 3937 quibusi
819 3874 873 3922 et
893 3881 928 3919 ιι
943 3864 1119 3936 reipsa
1141 3865 1298 3936 longa
1317 3874 1461 3920 sunt.
1488 3864 1687 3934 Ruptio

83 3956 261 4026 igitur
274 3956 329 4011 in
344 3956 710 4013 absonantiam
725 3959 891 4028 ipsam
902 3956 1119 4014 realiter
1130 3956 1321 4024 inﬂuit,
1339 3971 1459 4012 cum
1473 3955 1690 4014 ubicun-

1852 1644 1909 1716 6)
1938 1645 2175 1715 Apocopc
2202 1654 2283 1702 est
2305 1646 2525 1716 reiectio
2543 1646 2745 1703 vocalis
2765 1662 2799 1704 a
2828 1648 2936 1705 line
2966 1650 3238 1718 vocabuli;
3285 1653 3365 1711 sic

1779 1749 1841 1792 se
1869 1735 2066 1793 habent
2091 1734 2145 1792 in
2174 1736 2532 1795 declinatione
2555 1738 2722 1793 dativi
2745 1739 2926 1807 hanin,
2953 1741 3091 1795 vasin
3120 1741 3240 1799 loco
3263 1742 3365 1798 Ira-

1782 1832 1925 1899 nina,
1949 1834 2160 1900 vatina;
2182 1835 2476 1905 composita
2501 1851 2623 1891 cum
2644 1835 2713 1889 ult
2728 1836 2998 1906 enclitico,
3018 1847 3078 1892 ut
3089 1837 3363 1911 pommuh,

1780 1925 2115 1997 anparanuh,
2148 1927 2267 1984 loco
2294 1928 2629 2000 pamma-uh,
2654 1928 3065 2001 exuperans-ult;
3114 1938 3169 1986 et
3204 1933 3365 1988 etiam

1780 2015 1999 2089 [tat-ist,
2034 2017 2239 2085 Itur-ist,
2282 2020 2405 2087 m'st,
2434 2020 2599 2089 nibai,
2628 2019 2747 2075 loco
2770 2020 2903 2092 [rata
2926 2022 3014 2089 ist,
3037 2020 3163 2077 Isara
3190 2023 3281 2090 ist,
3310 2022 3366 2077 ni

1778 2109 1869 2177 ist,
1900 2110 1956 2164 ni
1978 2110 2102 2165 ibai.

1856 2198 1912 2269 7)
1934 2199 2173 2273 Syncope
2192 2209 2277 2259 est
2297 2201 2519 2274 reiectio
2539 2201 2740 2258 vocalis
2760 2202 2899 2260 inter
2918 2202 3049 2260 duas
3064 2217 3367 2260 consonan-

1788 2297 1869 2347 tes
1889 2292 2117 2362 positas;
2138 2293 2279 2363 quod
2300 2293 2360 2348 lit
2384 2294 2439 2349 in
2460 2294 2820 2351 declinatione
2843 2308 2940 2365 pro
2959 2306 3129 2363 vatna,
3154 2313 3365 2365 numne,

1785 2397 1906 2439 cum
1928 2382 2164 2440 hairtona
2183 2384 2343 2457 (§90,
2358 2384 2567 2457 annot.)
2594 2394 2648 2441 et
2677 2401 2773 2451 pro
2794 2386 3059 2443 ainnohun
3082 2387 3202 2444 loco
3220 2390 3367 2443 uiuac-

1784 2478 1959 2534 naltun
1990 2480 2042 2552 (ᾗ
2074 2482 2195 2548 lli,
2226 2481 2305 2556 β),
2339 2483 2391 2537 in
2425 2482 2804 2556 coniugatione
2831 2493 3009 2540 autem
3035 2498 3136 2555 pro
3174 2496 3369 2556 praete!

1787 2569 1892 2626 rito
1934 2570 2119 2625 bruma
2160 2573 2279 2628 loco
2322 2572 2560 2639 brukida,
2604 2572 2777 2645 palata
2804 2573 2926 2630 loco
2953 2573 3210 2647 pagkida,
3258 2587 3365 2634 etc.

1785 2660 1837 2735 (ς
1867 2663 1989 2730 ηε,
2014 2672 2200 2719 annot.
2228 2662 2312 2734 4).

1860 2756 1914 2825 8)
1939 2755 2125 2810 Hiatus
2146 2767 2230 2812 est
2248 2770 2543 2813 concursus
2563 2756 2789 2813 duarum
2815 2755 3082 2812 vocalium
3106 2756 3171 2812 ad
3194 2757 3369 2815 diver-

1792 2859 1880 2900 sas
1902 2846 2134 2917 syllabas
2159 2847 2559 2915 pertinentium,
2590 2857 2648 2903 ut
2675 2848 2729 2902 in
2756 2864 3028 2919 gaarman,
3053 2849 3225 2916 wault,
3254 2852 3370 2906 laun

1788 2937 2008 3006 deikaia,
2057 2938 2258 3010 ﬁapva,
2305 2940 2465 3006 icsus,
2508 2941 2677 3005 saian,
2718 2940 2909 3009 bauan,
2953 2948 3059 2995 etc.
3088 2940 3207 2997 Jam
3246 2957 3371 2999 vero

1791 3030 2049 3101 quosdam
2078 3029 2253 3086 hiatus
2279 3031 2392 3087 dari
2424 3047 2527 3087 non
2557 3046 2736 3104 posse,
2772 3032 2882 3101 iam
2910 3047 3073 3103 supra
3116 3033 3170 3106 (§
3200 3033 3293 3101 25,
3341 3037 3366 3093 l

1793 3136 1854 3190 ος
1878 3123 1972 3190 26,
2003 3121 2059 3194 5)
2086 3123 2458 3190 ostendimus;
2498 3125 2632 3180 alios
2675 3123 2883 3181 Gothus
2912 3134 3174 3195 temperat
3211 3127 3325 3183 sive
3342 3127 3372 3200 j

1791 3216 1952 3287 posti
1981 3214 2391 3282 introducendo,
2421 3216 2562 3272 unde
2592 3216 2797 3289 ﬁjaﬁua
2840 3216 2959 3272 loco
2986 3219 3188 3288 ﬁapua,
3215 3220 3371 3291 sijunt

1791 3306 1911 3364 loco
1938 3309 2092 3373 siam,
2125 3318 2256 3376 etc.,
2283 3308 2398 3365 sive
2424 3309 2521 3365 iet
2548 3327 2582 3364 τι
2614 3311 2666 3365 in
2717 3309 3116 3366 semi-vocalem
3148 3326 3372 3383 respon-

1790 3400 2005 3459 dentem
2050 3402 2452 3467 commutando,
2492 3403 2632 3458 unde
2672 3405 2880 3477 sunjus,
2912 3404 3029 3460 loco
3058 3406 3260 3472 senius,
3291 3422 3372 3461 su-

1793 3495 1908 3549 nive
1933 3494 2052 3549 loco
2076 3494 2282 3561 suniue,
2321 3493 2454 3548 matri
2483 3494 2602 3551 loco
2634 3496 2795 3562 mani,
2827 3503 2957 3563 etc.,
2981 3495 3070 3553 vel
3107 3496 3320 3555 tandem
3344 3497 3374 3552 Α

1790 3585 2163 3657 interiiciendo
2193 3586 2249 3659 (§
2278 3585 2374 3656 22,
2405 3596 2593 3644 annot.
2624 3587 2703 3660 l).

1863 3678 1919 3749 9)
1950 3677 2243 3735 Contractio
2275 3690 2359 3736 est
2379 3678 2607 3737 duarum
2634 3681 2902 3738 vocalium
2929 3683 3367 3741 concurrentium

1794 3774 1848 3830 in
1877 3790 2039 3830 unam
2066 3775 2328 3843 redactio,
2354 3786 2413 3830 ut
2439 3773 2491 3831 in
2524 3775 2705 3849 sokeip
2732 3777 2850 3833 loco
2872 3776 3072 3851 soltiip,
3095 3778 3177 3835 vel
3204 3779 3257 3835 in
3279 3782 3371 3850 {rei

1795 3864 1866 3939 (si
1896 3866 2014 3924 haec
2046 3867 2208 3925 lectio
2237 3868 2471 3940 legitima
2497 3868 2604 3942 est)
2636 3869 2755 3927 loco
2780 3874 2917 3941 {ruat

1255 4188 1337 4251 Il.
1401 4188 1505 4251 DE
1549 4190 2222 4257 CONSONANTIBUS.

167 4354 699 4429 5'53.Consonantes
718 4354 1030 4413 dividuntur
1049 4356 1103 4412 in
1125 4356 1487 4413 senti-uocales
1511 4358 1588 4429 (j,
1610 4359 1688 4430 υ),

90 4451 322 4522 liquidas
349 4450 417 4521 (ι,
450 4467 521 4518 ut,
550 4467 604 4517 η,
632 4448 706 4521 r),
734 4458 902 4507 mutas
929 4450 1003 4523 (g,
1040 4451 1098 4520 ἡ,
1124 4450 1174 4521 Is,
1207 4468 1263 4519 at,
1288 4469 1343 4525 q,
1374 4467 1439 4519 w,
1465 4453 1516 4520 ὁ,
1557 4454 1600 4526 Ῑ,
1630 4470 1687 4524 ρ,

87 4544 151 4611 d,
180 4541 250 4614 1),
281 4540 325 4612 t)
353 4549 411 4597 et
434 4541 697 4596 sibilantes
724 4543 795 4615 (s,
816 4541 890 4613 ι).

164 4631 546 4688 Sensi-uocales
573 4633 809 4689 medium
836 4641 1022 4691 tenent
1047 4633 1263 4692 vocales
1294 4634 1436 4692 inter
1461 4645 1517 4693 et
1555 4650 1686 4693 con-

91 4736 377 4791 sonantes,
405 4724 669 4798 siquidem
690 4726 722 4797 j
742 4725 808 4782 ad
832 4728 874 4795 ἰ,
898 4726 1007 4781 uad
1035 4742 1071 4781 u
1098 4726 1487 4785 coordineutur
1509 4737 1565 4785 et
1585 4744 1688 4785 sa:-

94 4822 222 4891 pius
248 4836 373 4876 cum
398 4820 484 4877 bis
505 4828 925 4877 commutentur.
941 4819 1025 4876 Ad
1045 4821 1422 4878 semi-vocales
1443 4821 1688 4893 proxime

96 4913 363 4970 accedunt
382 4912 613 4986 liquidae,
627 4912 825 4985 aliquid
844 4911 1143 4968 vocalicum
1158 4912 1288 4982 ipsa:
1301 4927 1412 4983 prae
1436 4926 1495 4968 se
1511 4912 1688 4969 feren-

96 5013 204 5073 tes,
231 5004 498 5076 siquidem
524 5019 621 5075 per
634 5020 695 5062 se
718 5005 860 5075 ipsas
881 5013 1121 5062 tenorem
1147 5002 1383 5061 habeant
1400 5013 1457 5062 et
1485 5020 1589 5062 una
1616 5021 1687 5063 ex

97 5098 232 5165 illis,
263 5114 314 5163 r,
345 5097 629 5170 vestigium
661 5112 809 5169 purae
828 5096 1095 5153 vocalium
1131 5103 1339 5153 natura
1366 5098 1685 5154 servaverit.

99 5190 268 5247 Muta
297 5201 477 5246 autem
503 5192 554 5246 in
585 5190 848 5261 triplicem
882 5190 1111 5245 classem
1139 5190 1331 5244 iterum
1363 5190 1686 5260 partiuntur,

97 5283 338 5340 scilicet:
357 5283 644 5355 guttur-ales
663 5282 740 5354 (g,
765 5280 821 5349 ἡ,
843 5280 895 5348 It,
917 5297 975 5347 π,
998 5294 1050 5351 q,
1078 5279 1167 5351 ω),
1192 5278 1402 5335 labiales
1421 5280 1494 5353 (Ι),
1510 5284 1553 5351 f,
1568 5280 1691 5352 p)et

98 5377 355 5449 tingentes
385 5376 463 5448 (ά,
494 5376 562 5449 p,
602 5376 675 5447 t);
713 5389 814 5432 nec
834 5390 940 5431 non
973 5383 1029 5430 et
1052 5382 1180 5429 sunt
1207 5372 1292 5429 vel
1320 5374 1499 5429 medim
1525 5375 1601 5446 (b,
1626 5374 1683 5443 ά,

98 5469 177 5546 g),
201 5469 287 5525 vel
313 5469 557 5539 aspirans
581 5470 647 5541 (f,
675 5469 742 5541 [1,
774 5467 831 5539 Ir)
860 5466 945 5523 vel
976 5466 1207 5536 denique
1229 5475 1403 5520 tenues
1433 5466 1509 5538 (p,
1541 5476 1582 5534 t,
1610 5467 1688 5540 Is).

101 5563 347 5631 Reliquae
381 5560 748 5633 gutturalium,
775 5561 969 5632 partim
994 5558 1048 5616 in
1078 5559 1210 5615 solis
1238 5558 1511 5616 vocabulis
1531 5574 1690 5631 pere-

99 5656 272 5730 grinis
300 5664 590 5710 occurrunt
619 5655 723 5727 (a2),
758 5655 949 5724 partiut
980 5652 1185 5725 proprii
1212 5660 1336 5708 sunt
1373 5652 1489 5708 soni
1517 5652 1592 5725 (q,
1618 5653 1683 5723 ω)

100 5752 165 5807 ad
194 5763 317 5822 quae
343 5747 617 5804 formanda
654 5746 809 5818 plura
836 5744 982 5802 vocis
1008 5758 1209 5817 organa
1237 5757 1559 5800 concurrere
1590 5744 1676 5798 vi-

103 5844 321 5902 dentur.
374 5838 655 5896 Sibilantes
702 5837 935 5909 denique
983 5836 1051 5890 ad
1105 5833 1414 5906 liugualium
1462 5834 1686 5892 classem

103 5934 431 6003 referuntur,
462 5930 516 5987 in
547 5929 741 6003 quibus
783 5927 931 5992 iuxta
954 5933 1131 5983 certas
1156 5939 1410 5983 sonomm
1432 5924 1577 5997 leges
1604 5924 1686 5983 in-

23 6471 1774 6564 ’⁵-

1792 4360 1975 4418 eidere
2008 4368 2253 4433 possunt.
2300 4360 2439 4418 Hinc
2483 4368 2652 4418 totum
2691 4360 3029 4434 gotbicarum
3074 4378 3372 4427 consonam

1790 4454 1925 4510 tium
1950 4464 2187 4525 systema
2216 4455 2460 4526 sequenti
2491 4454 2654 4513 modo
2679 4455 2917 4513 ordinari
2940 4464 3156 4528 potest:

1792 4569 1846 4625 l.
1865 4568 2262 4626 Semi-voeales
2292 4585 2310 4627 :
2342 4570 2398 4642 j,
2418 4585 2448 4625 υ

1787 4658 1843 4716 2.
1862 4654 2149 4731 Liquida":
2350 4660 2389 4728 Ι,
2420 4677 2493 4730 m,
2515 4678 2571 4730 η,
2601 4678 2630 4715 r

1790 4754 1844 4810 5.
1869 4752 2027 4811 Μυίας
2055 4769 2068 4807 :
2256 4752 2467 4824 mediae,
2575 4754 2849 4827 aspiratae,
2943 4765 3129 4817 tenues

1861 4863 2295 4935 a)Gutturales:
2351 4885 2407 4939 g,
2685 4869 2741 4937 Ir,
3010 4871 3061 4939 k,
3137 4871 3377 4945 (:c),q,ts

1864 4959 1918 5029 b)
1941 4958 2185 5016 Labiales
2216 4977 2231 5014 :
2352 4960 2406 5028 b,
2683 4962 2727 5033 ί,
3003 4979 3040 5034 ρ

1863 5052 1913 5125 c)
1940 5052 2223 5126 Linguales
2257 5070 2270 5107 :
2347 5055 2401 5120 ά,
2544 5049 2549 5054 ’
2683 5054 2724 5128 p
2996 5063 3019 5109 t

1789 5148 1845 5205 ι.
1867 5146 2156 5205 Sibilantes
2186 5164 2199 5202 :
2348 5163 2396 5214 s,
2427 5164 2477 5202 ι.

2185 5298 2226 5350 ι.
2266 5297 2353 5351 DE
2396 5296 2979 5350 SEMl-VOCALIBUS.

2542 5421 2601 5494 J

1860 5558 2007 5631 954.
2030 5559 2085 5629 l)
2124 5559 2155 5613 J
2186 5556 2340 5616 initio
2375 5563 2581 5611 tantum
2624 5551 2949 5627 syllabarum
2987 5558 3043 5610 et
3080 5553 3375 5613 vocabulo-

1790 5666 1911 5708 rum
1950 5652 2203 5718 occurrit,
2246 5663 2517 5721 nunquam
2560 5654 2737 5702 autem
2769 5644 2875 5702 ﬁne
2902 5644 2985 5702 vel
3012 5656 3139 5702 ante
3179 5662 3376 5707 conso-

1788 5753 2040 5810 nantem,
2070 5758 2157 5799 ex.
2188 5757 2270 5813 gr.
2307 5759 2320 5795 :
2341 5741 2512 5813 jabai,
2534 5741 2698 5814 jains,
2718 5743 2840 5812 jau,
2857 5740 2965 5811 jar,
2986 5738 3160 5812 jt'uka,
3188 5741 3370 5813 juggs,

1787 5836 2144 5908 ttajamereins,
2189 5832 2417 5907 bajops,
2449 5831 2634 5904 saijip,
2680 5831 2883 5902 taujan,
2921 5830 3138 5903 ﬁjands,
3178 5832 3374 5885 undar-

1788 5929 1913 6002 leija
1938 5926 2032 6001 (τ),
2063 5926 2243 5993 niuiis,
2290 5927 2483 5994 stojan,
2521 5920 2825 5998 galaubjan,
2869 5922 3065 5996 tagjan,
3111 5921 3369 5997 daddjan,
