3840 6600
134 337 248 396 955

126 732 309 790 lorum
358 733 718 792 redundanter
755 739 918 810 jacet,
965 760 1049 802 ex.
1081 764 1163 818 gr.

125 919 256 975 (iam
295 919 420 979 Cor.
463 921 531 990 li,
572 940 645 991 vt,
687 926 775 995 15,
800 943 920 988 cum
950 931 1168 992 Graecus
1203 940 1395 1005 Βιλίαλ,
1423 946 1598 1022 Βελίαρ
1629 949 1712 1005 vel

123 1013 302 1097 Ba}.in
326 1009 505 1069 habet.

897 1152 968 1224 N

198 1273 226 1344 ς
257 1271 347 1330 58.
380 1275 436 1346 i)
472 1275 526 1330 Ν
573 1280 787 1338 easdem
826 1285 981 1342 sedes
1023 1299 1180 1361 atque
1214 1311 1263 1348 m
1311 1311 1576 1370 occupare
1611 1318 1709 1375 po-

117 1373 259 1433 test;
296 1367 392 1424 sed
425 1369 752 1442 frequentius
782 1385 1050 1437 occurrit:

190 1458 248 1528 a)
277 1458 434 1516 Initio
459 1480 472 1516 :
496 1465 720 1537 naqaps,
741 1471 979 1540 naiteins,
993 1474 1153 1542 nauli,
1172 1493 1332 1548 ncwa,
1348 1484 1495 1556 neip,
1511 1487 1704 1556 niman,

117 1552 262 1618 niam,
301 1566 445 1621 nuta,
475 1569 615 1627 nota,
639 1569 777 1627 elc.;

189 1644 245 1713 ὁ)
274 1645 451 1702 Medio
491 1666 505 1702 :
545 1654 863 1724 vaniuassus,
904 1659 1129 1732 sainjan,
1169 1672 1490 1740 ussauneins,
1529 1689 1697 1746 mena,

108 1735 328 1806 keinan,
358 1743 467 1808 ina,
491 1757 642 1808 runa,
673 1758 775 1801 etc.
800 1766 812 1815 ;

187 1835 239 1898 ε)
267 1830 400 1887 Fine
425 1850 438 1885 :
466 1849 605 1903 man,
626 1841 852 1910 gamat’n,
879 1842 1150 1918 laun,ven,
1169 1851 1298 1921 sein,
1337 1858 1530 1927 namin,
1561 1863 1700 1933 siuti,

107 1921 361 1988 aittsltun,
395 1924 504 1993 fon,
531 1937 634 1982 etc.

192 2028 214 2061 ι
253 2004 665 2071 Αιιιιοῑειὶοζ-
697 2017 834 2077 Ante
855 2029 1149 2094 gutturaies
1169 2052 1200 2103 g
1224 2033 1276 2089 in
1319 2035 1493 2096 locum
1518 2053 1609 2101 τοῦ
1638 2064 1693 2117 n,

105 2118 268 2160 more
297 2122 493 2177 graaco,
517 2111 760 2168 subditur
782 2117 914 2186 (vid.
943 2120 969 2191 §
1002 2123 1093 2189 40,
1123 2124 1235 2196 5).»

179 2195 245 2265 2)
280 2196 336 2251 N
370 2213 546 2268 graeco
575 2223 603 2256 ν
629 2207 846 2260 omnino
887 2195 1196 2286 respondet,
1227 2235 1310 2274 ex.
1356 2238 1437 2294 gr.
1466 2244 1478 2279 :
1509 2234 1698 2302 ηαξ]θαί

104 2295 329 2364 Ναγγαί,
355 2296 594 2350 ananeias
618 2299 861 2370 Ἀνανίας,
892 2306 1090 2361 aharon
1117 2310 1332 2386 ’Δαρὼνο
1369 2318 1697 2393 Quandoque

102 2380 272 2436 etiam
316 2397 347 2436 a
391 2392 540 2459 tergo
586 2391 828 2447 vocabuli
889 2380 1252 2459 redundanter
1276 2380 1508 2479 additur,
1539 2380 1688 2474 utlin

101 2475 256 2528 uerita
275 2481 420 2553 Νηρὶ,
445 2479 682 2536 mailkein
705 2484 887 2557 Μελχί.
1155 2506 1157 2508 ·

174 2569 235 2638 3)
272 2565 326 2623 Ν
367 2572 524 2628 simul
569 2585 622 2630 et
667 2577 780 2647 ejus
831 2581 1172 2654 subrogatum
1226 2609 1278 2664 g,
1314 2605 1436 2651 ante
1467 2597 1687 2658 iabiaies

97 2660 270 2716 etiam
308 2679 359 2716 ιιι
399 2665 648 2738 evadens,
690 2671 755 2726 ad
802 2674 1194 2741 producendam
1229 2660 1459 2743 brevem
1495 2693 1686 2750 radicis

97 2754 368 2822 syllabam
415 2763 734 2834 quandoque
788 2767 1172 2843 intromittitur,
1230 2780 1307 2836 sic
1361 2783 1410 2837 in
1462 2789 1684 2845 stamlatt

97 2849 414 2922 prastatop,
431 2850 662 2927 [mgkjan
681 2869 830 2927 prmt.
846 2860 1036 2934 [)ahta,
1055 2867 1293 2942 pugkjan
1321 2888 1470 2944 prgct.
1486 2880 1675 2953 ῥιιήια,

95 2940 315 3010 briggan
357 2954 507 3010 ιιι-κει.
545 2947 743 3004 bruma.
793 2952 919 3011 Vice
965 2973 1118 3016 versa
1165 2940 1682 3040 quandoque‘etiani

96 3028 300 3098 deticit,
348 3034 438 3089 ubi
479 3039 678 3095 vocalis
723 3047 1034 3112 praecedens
1076 3054 1189 3111 sive
1233 3074 1326 3127 per
1367 3064 1682 3130 positionem

99 3121 261 3193 longa
283 3136 380 3193 est,
413 3131 528 3185 sive
550 3131 600 3187 in
629 3148 777 3190 suam
803 3139 1015 3212 longam
1044 3151 1453 3218 respondentem
1473 3158 1678 3229 incidit,

101 3221 161 3267 ut
192 3214 246 3268 in
274 3215 613 3279 knetanteirms
634 3225 1033 3304 Constantinus,
1065 3241 1267 3298 seiteins
1299 3245 1417 3302 loco
1443 3250 1677 3322 sinteins,

97 3315 153 3359 ut
182 3308 384 3365 dotus»
415 3314 533 3370 loco
560 3315 843 3377 dttmbnan.

856 3454 932 3527 R

165 3565 298 3638 ἔδει.
333 3568 404 3638 l)
442 3571 491 3626 Β
515 3574 674 3632 etiam
706 3578 1014 3648 frequenter
1040 3585 1094 3641 in
1131 3590 1381 3648 omnibus
1431 3596 1676 3654 vocabuli

97 3658 308 3718 sedibus
335 3666 571 3721 occurrit
604 3685 618 3721 :
1100 3702 1108 3706 -

158 3751 210 3822 α)
234 3753 392 3809 Initio
420 3773 437 3812 :
466 3758 646 3830 rapjo,
669 3763 850 3832 railtts,
879 3769 1061 3838 rantis,
1079 3773 1262 3841 redan,
1291 3779 1483 3846 reisan,
1504 3783 1669 3853 rimis,

94 3843 242 3912 riurs,
277 3861 438 3914 ruma,
470 3851 677 3921 radjtm,
708 3865 818 3911 etc.

159 3939 208 4008 ὁ)
231 3939 413 3996 Medio
439 3959 454 3997 :
487 3945 659 4016 [ιιι-απ,
694 3950 897 4019 suit-ito,
924 3954 1108 4022 dasiro,
1140 3973 1338 4029 sveran,
1364 3968 1516 4033 reiro,
1543 3965 1669 4038 frtri,

94 4032 261 4099 rt'ttrei,
290 4035 465 4101 skura,
498 4039 745 4108 horinon,
780 4053 893 4100 etc.
921 4063 936 4111 ;
1392 4052 1407 4097 ι

158 4122 205 4193 ι)
235 4125 404 4181 Fine:
437 4127 547 4196 bar,
581 4133 710 4201 mir,
744 4134 892 4206 ὀίων,
924 4138 1074 4207 skeir,
1103 4142 1254 4206 stiur,
1282 4147 1386 4214 for,
1415 4155 1519 4204 etc.

163 4233 182 4266 ι
204 4220 493 4276 Annotatio
518 4221 570 4276 l.
618 4253 694 4268 -η
743 4226 862 4281 Jam
891 4243 1050 4300 supra
1105 4234 1342 4291 diximus
1374 4239 1428 4312 (ᾗ
1460 4241 1546 4309 52,
1579 4242 1659 4314 5),

97 4309 226 4376 quod
252 4328 278 4362 r
307 4315 471 4369 antei
499 4324 555 4371 et
577 4333 614 4370 ιι
635 4319 818 4376 brevia
850 4325 1087 4392 positum
1117 4339 1208 4383 eas
1251 4309 1421 4401 frangi
1446 4309 1653 4403 jubet.

155 4402 208 4473 2)
231 4403 284 4458 1η
320 4406 614 4488 νοειιιιιιιίε¹
639 4415 934 4483 peregrinis
966 4431 1145 4486 gnsco
1165 4443 1196 4498 ρ
1226 4402 1532 4493 respondet,
1567 4443 1660 4482 cu-

99 4489 172 4559 ius
200 4495 550 4563 prolationem
575 4501 825 4560 habuisse
850 4507 1080 4578 videtur,
1113 4489 1201 4566 ea.
1241 4489 1366 4583 gr._:
1398 4489 1659 4574 raibnikka

98 4585 324 4655 ausim,
351 4591 558 4646 maritus
601 4597 823 4670 Μάρκος,
863 4601 1199 4655 satiraubabil
1229 4608 1541 4680 Ζοροϐάϐελ,
1570 4613 1650 4667 αἱ·

102 4673 307 4734 lcisisair
333 4682 570 4760 Ἐλιέζερ.
611 4686 667 4741 In
697 4687 1095 4748 artarksairksus
1125 4694 1146 4764 (
1160 4673 1486 4756 Arlaiterxcs
1505 4673 1535 4768 )i
1565 4719 1655 4760 re-

103 4763 377 4829 dundanter
403 4775 742 4847 interjectum
770 4788 890 4849 est,
918 4781 970 4836 in
1001 4763 1286 4840 airmodam
1317 4763 1651 4867 (Ἐλμῷὃάμ)

94 4869 183 4925 pro
205 4863 230 4917 λ
249 4863 520 4924 immerito
541 4868 844 4927 adhibetur.

156 4952 213 5023 5)
243 4956 408 5027 Hujus
447 4958 639 5016 litterae
665 4963 754 5034 (r)
785 4971 976 5019 natura
1000 4967 1260 5038 vocalica,
1284 4985 1403 5041 quae
1445 4973 1498 5027 in
1530 4975 1651 5030 aliis

80 5037 310 5107 ejusdem
347 5047 534 5119 stirpis
559 5053 918 5120 sermonibus,
949 5055 1002 5109 in
1029 5037 1648 5132 sanskrito—pmsertim,

73 5135 352 5204 perspicua
395 5148 510 5208 est,
541 5140 595 5196 in
641 5143 855 5212 gothico
900 5147 1134 5202 nondum
1175 5159 1256 5205 est
1305 5166 1408 5207 non
1453 5169 1650 5226 agnos-

65 5226 259 5281 cenda.
302 5227 459 5287 Unde
506 5230 606 5300 lit,
653 5243 710 5288 ut
745 5237 1100 5304 quorumdam
1149 5242 1423 5297 nominum
1481 5246 1651 5302 decli-

65 5324 238 5390 natio,
273 5339 459 5381 eorum
490 5327 699 5386 scilicet
734 5343 856 5401 quae
900 5333 1175 5389 afﬁnitatis
1207 5336 1519 5395 relationem
1551 5356 1650 5397 ex-

60 5414 324 5486 primunt,
347 5425 412 5472 ut
444 5419 664 5493 iamper,
687 5423 932 5493 donatur,
957 5426 1638 5489 declinationi’czeterorum

59 5509 449 5566 vocabulorum
471 5515 718 5584 apprime
745 5521 1057 5576 conveniat.
1090 5520 1168 5576 ita
1196 5535 1325 5578 sane
1362 5535 1451 5590 res
1487 5527 1642 5582 inno-

62 5604 218 5659 tescit
243 5617 312 5658 ex
341 5606 583 5674 sequenti
611 5607 898 5666 collatione
931 5613 1210 5682 utriusque
1239 5615 1641 5685 declinationis,

63 5691 260 5748 monito
318 5694 482 5763 quod,
529 5696 595 5752 ad
641 5699 908 5754 vitandam
950 5715 1164 5791 omnem
1213 5706 1631 5779 ambiguitatem,

53 5781 107 5838 Il
131 5783 442 5868 vocalc‘per
463 5791 520 5853 τε,
552 5787 598 5841 R
626 5789 960 5846 debilitatum
1002 5808 1098 5864 per
1125 5781 1175 5862 ἱ,
1200 5796 1247 5850 R
1277 5795 1490 5868 longum
1518 5809 1634 5856 tan‘

28 5870 162 5937 dem
191 5856 356 5944 peri=
386 5877 684 5948 significare
727 5889 1004 5940 necessum
1046 5884 1375 5944 duxerimus.

1468 359 1556 417 DE
1595 362 2047 432 PROLATIONE.

205 451 270 525 2)
298 453 520 511 Ponitur
563 470 662 526 pro
702 472 880 530 graeco
924 484 982 535 μ,
1025 466 1108 521 cui
1159 469 1457 539 prolatione
1500 479 1718 536 omnino

129 545 447 616 respondet,
490 565 576 606 ex.
617 567 696 622 gr.
732 570 744 604 :
778 570 940 612 moses
972 569 1177 630 Μωσῆς,
1220 564 1544 635 hymat‘naius
1577 575 1720 643 ⁸1⁵μὲ-

127 663 296 711 ναιος,
324 658 477 696 neum
510 643 701 717 Ναούμ.
731 645 1058 722 Quandoque
1078 656 1236 711 etiam
1265 659 1318 714 in
1352 660 1458 717 ﬁne
1487 665 1720 724 vocabu-

1209 768 1223 803 ;
1278 755 1494 809 marium
1535 763 1711 834 Μαρία

126 826 235 883 nisi
269 825 474 884 Gothus
500 834 706 910 Μαριάμ
733 832 790 888 in
813 850 914 892 suo
943 840 1126 897 codice
1156 843 1387 917 legerit),
1445 852 1571 906 coll.
1600 825 1713 908 b'ai-

3283 399 3395 462 ’θδι

1968 489 2260 551 Declinatio
2289 495 2539 556 thematis
2574 502 2822 565 BROPR
2849 511 2990 568 sicut
3014 513 3257 575 VAIRA.

2091 583 2336 644 Praesens
2363 588 2631 652 formatio.
2727 598 2974 658 Vocaiica
3001 605 3304 666 declinatio.

1818 669 1965 743 Sing.
2030 690 2178 732 nom.
2282 679 2481 753 bropar
2697 691 2865 764 m1»-
2965 697 3096 752 θᾶσαι
3137 703 3246 756 vair

2031 780 2142 822 acc.
2275 772 2475 845 brojmr
2701 781 2837 855 bro];
2996 816 3065 830 --
3135 793 3245 846 mir
3295 853 3299 858 ι

2027 857 2140 914 dat.
2277 865 2444 936 brapr
2694 871 2860 944 brabi-
2993 905 3063 920 —-
3134 883 3276 939 Mira

2026 965 2150 1021 gen.
2283 957 2472 1029 brolm
2697 950 2887 1037 mpii.
2989 1002 3062 1014 --
3133 977 3286 1032 vairis

1822 1039 1961 1097 l‘iur.
2031 1059 2174 1101 nom.
2283 1051 2528 1125 braprjus
2689 1045 2880 1132 tropi}
2984 1091 3055 1107 --
3125 1069 3293 1125 ναῶ-οε

2025 1151 2138 1192 acc.
2275 1143 2538 1214 lit-aprum
2691 1152 2916 1223 broﬁim
2985 1185 3057 1199 -—-
3127 1164 3330 1220 miram

2031 1230 2140 1286 dat.
2277 1235 2528 1307 brojmtm
2689 1244 2778 1299 bro
2784 1245 2906 1317 pm
2984 1279 3056 1292 —
3125 1255 3320 1311 miram

2022 1335 2145 1389 gen.
2277 1325 2469 1398 bropre
2689 1336 2884 1408 bropre
2987 1372 3056 1384 -—-
3125 1348 3262 1402 odire

1888 1409 1968 1464 Ad
2013 1418 2404 1482 agnoscendum
2435 1425 2728 1493 perfectam
2761 1435 3034 1506 utriusque
3061 1437 3380 1499 declinatio—

1809 1501 1888 1556 nis
1920 1505 2235 1576 analogiam,
2267 1516 2710 1579 considerandum
2736 1536 2856 1583 est:

1876 1593 1936 1664 α)
1965 1598 2007 1647 Α
2041 1599 2088 1650 ἰιι
2126 1616 2270 1657 nom.
2305 1615 2357 1659 ct
2387 1621 2500 1662 acc.
2531 1611 2669 1682 sing.
2703 1614 2968 1690 ({bropar)
3001 1624 3240 1682 vocalem
3262 1642 3381 1685 esse

1805 1683 2174 1757 euphonicam,
2205 1692 2325 1750 ideo
2355 1696 2458 1753 huc
2484 1683 2982 1781 advocatam—quia
3015 1713 3060 1777 Β
3090 1683 3378 1790 vocaieUi

1801 1784 2112 1838 consonanti
2140 1801 2274 1843 sono
2299 1793 2622 1865 congruens)
2651 1797 2871 1868 deﬁcit;

1875 1871 1925 1939 b)
1960 1873 2038 1929 Ex
2064 1873 2428 1938 declinatione
2480 1886 2701 1954 pluralis
2755 1891 3112 1967 innotescere,
3139 1904 3280 1972 quod
3327 1905 3374 1963 Β

1799 1966 1984 2021 vocale
2012 1967 2064 2022 in
2097 1977 2222 2026 tono
2249 1986 2374 2064 curn
2397 1993 2429 2029 u
2458 1990 2845 2040 commutatum
2874 1985 3056 2058 fuerit,
3094 1992 3234 2049 unde
3275 2010 3372 2064 pro

1795 2059 1823 2110 δ’
1849 2074 2060 2132 semper
2107 2079 2190 2130 ru,
2222 2082 2320 2136 pro
2341 2045 2374 2120 ἲ
2394 2073 2479 2142 rju
2524 2072 2676 2143 (loco
2726 2079 2807 2131 riu
2842 2080 2868 2150 ς
2900 2081 2990 2150 5i,
3017 2084 3083 2155 5)
3121 2086 3374 2146 adhibue-

1799 2161 1942 2206 runt.
1976 2149 2035 2208 in
2060 2169 2183 2226 gen.
2219 2158 2356 2230 sing.
2390 2171 2590 2232 autem,
2617 2166 2706 2221 ubi
2747 2149 2947 2239 pariter
2988 2189 3290 2236 consonans
3318 2179 3367 2236 R

1798 2245 1984 2298 vocale
2015 2250 2274 2318 sequitur,
2305 2253 2404 2316 hoc
2430 2255 2678 2324 equidem
2712 2261 2766 2314 in
2799 2279 2832 2314 ιι
2871 2278 2976 2319 non
3009 2265 3216 2338 incidit,
3246 2271 3371 2342 quia

1796 2334 1848 2390 in
1879 2337 2208 2396 declinandis
2229 2343 2350 2398 aliis
2384 2346 2657 2406 vocabulis
2697 2352 2788 2408 ille
2811 2369 2966 2412 casus
2992 2362 3233 2419 vocalem
3277 2365 3369 2421 de~

1793 2428 1992 2486 bilitari
2014 2433 2188 2503 jubet,
2215 2436 2311 2492 sed
2343 2439 2534 2496 saltem
2569 2447 2766 2502 vocalis
2794 2451 3012 2507 omnino
3040 2453 3242 2511 deﬁcit.

1872 2541 1888 2572 ι
1921 2523 2274 2582 Αηιιοιειιὶοὲ.
2305 2559 2378 2574 —-
2405 2531 2618 2590 Naturae
2642 2539 2891 2597 vocalice
2911 2551 3000 2599 τοῦ
3020 2560 3048 2596 r
3075 2547 3178 2604 hoc
3204 2551 3369 2608 etiam

1794 2615 2187 2675 attribuendum
2208 2629 2310 2687 est,
2329 2625 2471 2694 quod
2490 2627 2603 2684 haec
2624 2644 2930 2691 consonans
2954 2636 3238 2710 plerasque
3259 2655 3365 2698 cte-

1793 2715 2024 2764 terarum
2078 2719 2485 2775 consonantium
2531 2723 2633 2778 sibi
2685 2725 2840 2782 initio
2893 2734 3134 2801 praaponi
3193 2735 3355 2804 sinat,

1789 2798 1996 2855 scilicet
2032 2818 2080 2867 v,
2105 2822 2157 2874 g,
2190 2803 2246 2871 Ιι,
2269 2805 2319 2873 ις,
2351 2825 2406 2879 q,
2439 2811 2540 2880 (as),
2571 2813 2622 2878 b,
2655 2814 2698 2883 ί,
2722 2834 2775 2885 ρ,
2799 2818 2855 2884 d,
2878 2819 2950 2891 ρ,
2983 2798 3024 2886 ιζ
3047 2830 3102 2877 et
3129 2798 3364 2895 duplices

1789 2902 2140 2949 consonantes
2169 2895 2248 2964 sk,
2279 2914 2338 2967 sp
2361 2909 2414 2956 et
2438 2912 2502 2966 st,
2510 2903 2538 2972 j
2565 2910 2930 2969 tantummodo
2957 2921 3010 2968 et
3029 2928 3093 2985 ω,
3120 2914 3364 2989 ΙίιιειιιιΙίοο

1792 2979 1894 3038 bus
1924 2993 1974 3039 et
2003 2986 2345 3078 sibilantibus
2369 2995 2625 3064 exceptis.
2655 3017 2674 3050 ι

2355 3109 2403 3156 5.
2450 3107 2531 3158 DE
2577 3107 2787 3161 MUTIS.

2308 3201 2377 3245 DE
2429 3207 2674 3251 GUTTUIA
2683 3211 2844 3254 LlBUB.

2548 3304 2618 3374 G

1858 3384 1884 3456 ᾗ
1915 3385 2004 3444 40.
2026 3389 2088 3458 1)
2121 3388 2165 3445 G
2198 3391 2373 3462 initio,
2412 3397 2589 3455 medio
2616 3410 2668 3455 et
2697 3401 2802 3458 fine
2838 3407 3216 3465 vocabulomm
3261 3425 3355 3472 nee

1783 3492 1892 3533 non
1913 3479 2064 3536 initio
2093 3493 2218 3540 ante
2243 3487 2335 3543 let
2355 3506 2384 3542 r
2413 3493 2536 3560 poni
2570 3501 2744 3564 potest
2775 3515 2786 3548 :

1853 3571 1906 3640 a)
1932 3571 2126 3630 initio:
2167 3578 2389 3651 gabeigs,
2438 3585 2698 3656 gairnjan,
2739 3603 2914 3659 gaurs,
2970 3593 3102 3661 gebl,
3149 3597 3351 3668 geigan,

1779 3664 1950 3735 gillia,
1978 3669 2175 3737 ginlan,
2208 3668 2344 3744 gap,
2376 3676 2530 3746 gods,
2561 3679 2889 3752 glitmunjan,
2917 3693 3116 3754 gratari,
3142 3664 3248 3743 etc:
3273 3705 3286 3755 ;

1848 3755 1901 3826 ὁ)
1927 3759 2097 3812 Medio
2126 3779 2140 3814 :
2172 3778 2380 3834 magna,
2430 3767 2624 3839 lat'gon,
2659 3789 2813 3844 augo,
2858 3791 3016 3846 megs,
3047 3777 3265 3850 steigau,
3292 3783 3350 3836 li.

1776 3865 1894 3920 gata,
1932 3851 2125 3921 ἤειραν»,
2148 3853 2360 3926 bugjan,
2394 3876 2550 3930 oga»,
2574 3871 2715 3931 etc.;

1844 3941 1892 4011 c)
1927 3943 2058 4002 Fine
2081 3964 2095 4001 :
2118 3964 2260 4020 mag,
2286 3951 2429 4023 daig,
2454 3955 2606 4027 song,
2637 3971 2748 4030 veg,
2772 3962 2920 4035 τίεις,
2955 3973 3057 4021 etc.

1843 4037 2110 4109 9)Grzeco
2151 4067 2183 4116 γ
2223 4046 2537 4116 regulariter
2563 4054 2832 4122 congruit,
2866 4071 2952 4112 ex.
2982 4071 3064 4128 gr.
3103 4075 3115 4114 :
3148 4056 3346 4122 Gabriel

1771 4130 2010 4208 Γαϐριὴλ,
2053 4136 2358 4208 ςαπιραιιρα
2404 4141 2643 4216 Γολγοθᾶ,
2685 4161 2813 4215 agar
2837 4146 3021 4223 Ἅγαρ,
3053 4154 3347 4224 magdalens

1769 4220 2089 4295 Μαγδαληνή,
2123 4229 2285 4296 asgad
2307 4230 2516 4304 “Aa-7&6,
2548 4235 2774 4305 fygailus
2797 4220 3059 4313 mai“,
3092 4220 3345 4320 aginagogs

1771 4323 2061 4389 συναγωγή,
2092 4320 2251 4394 fataig
2292 4325 2450 4398 θάλεον
2486 4326 2595 4398 (sic
2617 4328 2798 4385 Ullilas
2845 4330 2976 4390 Luc.
3012 4347 3087 4404 ιιι,
3107 4338 3176 4395 55
3220 4353 3340 4397 cum

1769 4407 2009 4476 pluribus
2039 4413 2318 4472 codicibus
2338 4418 2458 4474 loco
2486 4421 2640 4478 Φάλεκ
2668 4423 2837 4496 legit).

1835 4498 1892 4570 5)
1913 4501 1970 4556 in
2002 4504 2108 4561 fine
2136 4508 2356 4578 syllabae
2386 4511 2693 4582 frequenter
2721 4515 2773 4571 in
2801 4516 2833 4571 It
2863 4521 3071 4590 transit,
3105 4525 3184 4582 sic
3213 4529 3336 4584 saih

1765 4605 1794 4645 a
1817 4594 2016 4665 veigan,
2048 4596 2220 4654 malua
2241 4614 2272 4655 a
2312 4617 2519 4676 magan,
2563 4605 2798 4666 bauhtaa
2831 4611 3045 4685 bugjan,
3081 4615 3259 4674 brahia
3311 4633 3340 4678 a

1765 4680 1975 4758 briggan
1997 4727 2013 4754 ,
2057 4689 2201 4744 οἰήια
2238 4707 2270 4747 a
2303 4694 2477 4765 aigan,
2523 4699 2674 4768 gaius
2701 4713 2729 4755 a
2761 4680 2978 4775 guggon.
3014 4680 3340 4781 Quandoque

1764 4781 1922 4844 etiam
1966 4797 2086 4839 cum
2112 4784 2146 4837 Ιι
2171 4797 2552 4858 commutatur,
2587 4800 2644 4848 ut
2679 4795 2729 4848 in
2764 4796 2980 4868 aigsnds
3016 4810 3072 4856 et
3122 4803 3339 4861 ailmnds

1759 4870 1882 4927 Cor.
1915 4874 1980 4941 ll,
2016 4893 2067 4932 γι
2092 4919 2106 4944 ,
2152 4878 2219 4937 l0
2242 4921 2256 4947 ,
2305 4885 2478 4954 aigum
2506 4894 2565 4941 et
2610 4887 2782 4943 tri/mm
2825 4891 2980 4948 Joan.
3014 4903 3126 4963 ut,
3161 4897 3214 4963 7,
3250 4900 3336 4953 ιιἰή

1757 4973 1813 5019 et
1836 4967 1920 5037 sig
1944 4967 2070 5026 Cor.
2099 4971 2140 5037 i,
2173 4987 2264 5040 vn,
2295 4975 2388 5036 l5:
2420 4973 2504 5032 vel
2539 4993 2603 5033 ex
2635 4979 2670 5031 ἡ
2699 4983 2888 5048 oritur,
2911 4992 2971 5038 ut
3001 4986 3051 5039 in
3082 4986 3274 5058 fulgis:
3303 5006 3332 5045 a
3373 5034 3377 5037 .

1758 5058 1942 5127 ﬁlhan.
1967 5059 2011 5116 G
2035 5065 2197 5120 etiam
2228 5066 2260 5120 Ic
2283 5068 2465 5124 evadit
2486 5070 2540 5124 in
2565 5072 2720 5142 gadilt
2744 5089 2771 5127 a
2794 5075 2998 5147 deign".

1831 5153 1890 5223 4)
1914 5153 2098 5222 Quoad
2147 5159 2519 5230 prolationem,
2548 5179 2581 5234 9
2610 5163 2903 5222 Gothorum
2939 5166 3082 5222 idem
3109 5181 3328 5228 sonasse

1759 5245 1967 5302 videtur
2012 5259 2172 5320 atque
2194 5253 2654 5323 gGermanorum,
2698 5258 2750 5313 id
2781 5266 2863 5315 est
2888 5268 2944 5314 ut
2968 5259 3000 5313 It
3028 5259 3149 5317 lene
3175 5262 3330 5321 initio

1754 5337 1997 5408 syllabrc,
2044 5342 2096 5396 in
2125 5345 2232 5400 ﬁne
2256 5355 2434 5401 autem
2473 5358 2534 5403 ut
2569 5349 2768 5419 aliquid
2800 5352 3088 5422 gutturale,
3117 5367 3322 5424 germa-

1755 5430 1876 5485 nieo
1918 5431 1980 5484 ch
2023 5435 2153 5492 satis
2182 5436 2374 5504 simile,
2409 5439 2534 5494 coli.
2565 5438 2594 5511 ς
2621 5440 2710 5509 54,
2755 5442 2810 5498 5.

1822 5523 1878 5592 ὸ)
1906 5524 2173 5596 Sequente
2194 5530 2297 5586 alia
2320 5533 2596 5600 gutturali,
2624 5548 2815 5591 sonum
2843 5538 3102 5609 nasalem,
3123 5550 3179 5595 ut
3199 5555 3327 5613 grai-

1747 5630 1868 5672 cum
1895 5642 1927 5691 γ
1955 5631 2252 5692 comparat,
2301 5639 2387 5680 ex.
2432 5641 2517 5696 gr.
2549 5643 2564 5679 :
2593 5631 2805 5700 aggelus
2851 5630 3062 5707 ἅγγελος
3087 5677 3103 5703 ,
3135 5653 3322 5709 naggat

1744 5715 1967 5784 Ναγγαί,
2021 5728 2226 5770 necnon
2271 5725 2324 5772 et
2375 5719 2425 5773 in
2461 5719 2692 5789 gothicis
2742 5726 3013 5782 vocabulis
3065 5729 3314 5801 δήσαιμι,

1740 5805 1971 5875 siggvatt,
1998 5805 2256 5876 pagkjan,
2283 5811 2433 5879 igqt‘s.
2461 5822 2565 5871 etc.
2599 5816 2957 5885 Sequentibus
2983 5821 3012 5874 k
3042 5821 3122 5876 vel
3157 5837 3188 5891 ι]
3216 5822 3320 5879 fre-

1740 5907 1967 5967 quenter
1992 5897 2312 5970 geminatur,
2338 5911 2396 5959 ut
2424 5903 2476 5961 in
2499 5905 2771 5981 driggltan,
2797 5911 3088 5986 paggkian,
3107 5915 3311 5988 uggkt's,
