3840 6530
527 423 640 489 935

535 547 796 622 puggan,
827 541 1077 615 siggqan,
1103 539 1372 613 stiggqaa,
1397 536 1586 610 iggqis.
1632 533 1894 590 Mendosa
1932 541 2117 588 autem

536 640 747 697 videtur
771 636 890 692 haec
918 633 1208 706 geminatio
1231 634 1288 689 in
1316 633 1546 704 geiggan.
1560 629 1689 687 Cor.
1716 629 1758 695 Ι,
1784 643 1861 696 rx,
1893 627 1971 683 20
2001 627 2121 682 loco

537 737 755 808 gsigan,
791 744 913 789 cum
966 730 1112 787 nulla
1154 736 1410 800 sequatur
1452 726 1758 799 gutturalis.
1784 725 1916 782 Vice
1960 738 2119 780 versa

539 831 758 887 unicum
787 844 820 900 g
851 825 1174 898 quandoque
1225 836 1326 896 pro
1373 821 1576 894 duplici
1623 829 1776 878 stat:
1810 819 2120 893 fauragagja

541 923 673 982 Luc.
692 935 812 989 vin,
834 924 900 988 3;
937 936 1050 988 xvi,
1082 921 1110 977 1
1151 919 1273 976 loco
1316 916 1684 989 fauragaggja,
1727 914 2122 986 unmanarigvai

485 1018 492 1024 ’
540 1015 683 1073 'l‘im.
733 1014 797 1081 11,
844 1016 984 1082 ιιι,5
1023 1011 1143 1069 cod.
1189 1013 1233 1067 A
1283 1009 1404 1066 loco
1453 1009 1838 1081 unmariggvai,
1882 1007 2128 1081 hugridai

541 1108 670 1166 Cor.
695 1107 738 1176 1,
761 1108 916 1178 tv,”
950 1106 1072 1165 loco
1093 1104 1392 1178 huggridai,
1421 1103 1670 1176 qaagvein
1691 1100 1872 1158 Skeir.
1891 1100 1936 1166 1,
1954 1116 1986 1158 c
2008 1100 2129 1156 loco

542 1205 846 1280 gaaggvein.
877 1200 935 1258 In
959 1201 1214 1258 derivatis
1244 1208 1424 1256 autem
1446 1197 1722 1254 vocabulis
1744 1196 1850 1254 hoc
1880 1214 1911 1268 g
1942 1196 2129 1253 nasaie

543 1298 726 1356 deﬁcit
764 1296 880 1354 sive
917 1302 1324 1366 compensatum
1354 1294 1469 1350 sive
1508 1307 1615 1348 non
1646 1291 1798 1362 (coll.
1830 1291 1972 1363 quod
2002 1291 2071 1346 de
2096 1307 2131 1344 η

544 1392 573 1467 ς
599 1393 669 1450 58
691 1393 893 1450 dictum
917 1391 1046 1463 est),
1069 1390 1195 1447 hinc
1213 1389 1402 1461 jultisa
1429 1403 1460 1444 a
1479 1389 1662 1462 juggs,
1693 1387 1891 1442 huhrus
1934 1402 1965 1442 a
1993 1385 2130 1458 [tug-

542 1490 715 1563 grjan,
765 1486 912 1561 gaius
947 1502 978 1541 a
1024 1501 1248 1559 gaggan,
1299 1483 1485 1538 bra/ua
1536 1497 1567 1537 a
1619 1481 1856 1554 briggan,
1901 1479 2072 1552 pahta
2101 1493 2132 1534 a

544 1581 802 1656 pagkian,
829 1579 1054 1654 puhtaa
1078 1577 1342 1653 pugkjan.

621 1692 642 1728 ι
678 1674 986 1730 Annotatio.
1002 1701 1074 1714 ——
1091 1673 1234 1730 Loco
1250 1689 1283 1744 g
1306 1669 1504 1726 nasaiis
1524 1668 1848 1741 quandoque
1869 1667 2010 1738 apud
2027 1667 2134 1726 Lu-

542 1783 663 1825 cam
693 1786 727 1822 η
753 1766 1015 1823 mendose
1039 1765 1316 1832 scribitur,
1332 1778 1524 1834 ex.gr.
1546 1780 1558 1816 :
1584 1761 1830 1835 punicei];
1854 1762 1986 1819 Luc.
2015 1777 2129 1831 xiv,

543 1861 635 1929 3|,
666 1860 881 1933 bringip
907 1875 997 1926 xv,
1021 1857 1116 1924 22,
1140 1856 1290 1931 paul:
1318 1871 1452 1923 xvn,
1481 1855 1538 1925 9,
1566 1857 1699 1924 inqis
1722 1870 1838 1921 xIx,
1865 1855 1958 1922 3i,
1987 1855 2134 1926 quod

545 1957 665 2015 sine
703 1955 867 2012 dubio
906 1952 1140 2010 inﬂuxui
1169 1967 1396 2008 romano
1443 1948 1861 2006 adscribendum
1892 1959 1997 2016 est,
2028 1963 2137 2021 quo

546 2048 792 2120 vigente,
825 2053 1011 2101 noster
1037 2052 1217 2101 textus
1246 2043 1404 2099 Lucae
1430 2041 1700 2098 recenseri
1725 2041 1920 2112 potuit.
1961 2040 2005 2096 E
2049 2056 2139 2097 ro-

548 2140 724 2198 manis
747 2139 939 2196 Accius
966 2137 1150 2195 scribit
1176 2139 1338 2194 etiam
1368 2137 1580 2210 aggelus
1603 2136 1722 2192 loco
1750 2137 1994 2209 angelus,
2025 2136 2136 2193 vid.

549 2233 780 2292 Varron.
821 2246 910 2304 ap.
941 2230 1202 2288 Priscian.
1231 2246 1287 2301 p.
1319 2231 1412 2286 37.
1435 2248 1458 2282 ι

1302 2342 1390 2414 Η

629 2477 771 2552 941.
802 2476 857 2550 1)
883 2477 934 2533 Η
961 2477 1124 2535 etiam
1151 2477 1206 2534 in
1230 2475 1417 2549 quavis
1444 2477 1576 2535 sede
1613 2477 1861 2535 vocabuli
1903 2477 2142 2536 occurrit

550 2579 606 2631 et
631 2571 786 2629 initio
822 2580 949 2628 ante
977 2571 1020 2639 ι,
1052 2587 1087 2626 η
1115 2578 1172 2628 et
1195 2587 1224 2625 r
1251 2570 1443 2627 adesse
1472 2579 1653 2642 potest
1687 2587 1703 2624 :

619 2666 677 2739 ι)
707 2666 862 2722 Initio
885 2684 900 2720 :
922 2665 1110 2732 habuit,
1134 2663 1333 2734 haitan,
1373 2663 1600 2737 haubip,
1620 2664 1904 2736 her,heito,
1928 2665 2140 2733 himins,

552 2761 784 2829 hiuhma,
815 2757 1020 2830 huljan,
1052 2758 1228 2824 holon,
1259 2755 1489 2828 Maban,
1518 2760 1790 2830 hnatvjan,
1823 2759 1997 2813 nrains
2020 2764 2070 2826 ;’

603 2853 658 2927 δ)
673 2849 847 2909 Medio
863 2868 875 2905 :
893 2849 1326 2924 {altamplaiham
1345 2850 2142 2925 faulto,peihan,liuhap,hoha;

604 2944 654 3017 ο)
688 2943 850 3000 Fine:
867 2943 1008 3017 frah,
1028 2941 1149 3014 jah,
1184 2942 1390 3015 gatat'h,
1412 2942 1583 3015 pauit,
1613 2945 1775 3011 nauli,
1811 2945 1972 3010 hauh,
1997 2946 2141 3011 tauh,

552 3041 684 3110 tiuh,
719 3037 845 3105 -uh,
874 3037 1020 3095 skoh.

628 3150 649 3186 ι
681 3131 972 3188 Annotatio
1026 3129 1077 3186 1.
1121 3159 1190 3172 -
1235 3128 1409 3201 Supra
1451 3130 1759 3187 monuimus
1811 3130 1874 3204 (§
1907 3131 1997 3201 32,
2046 3131 2143 3203 5),

552 3222 698 3297 quod
733 3231 860 3280 aute
888 3224 985 3278 iet
1013 3238 1050 3276 ιι
1078 3220 1260 3278 brevia
1288 3235 1398 3277 non
1420 3223 1678 3290 occurrit,
1707 3222 1837 3292 quin
1859 3237 1922 3278 ea
1968 3223 2144 3294 rumpi

553 3313 754 3388 iubeat.
791 3335 812 3372 ι

622 3412 684 3484 2)
708 3411 933 3484 Spiritui
962 3425 1156 3481 aspero
1195 3409 1508 3467 Graecorum
1544 3411 1861 3483 reSpoudet,
1891 3428 1983 3469 ex.
2007 3429 2092 3484 gr.
2125 3428 2141 3468 :

556 3507 777 3580 hyssOpo
821 3505 1101 3572 ὖσσωπος,
1154 3503 1482 3576 Itymainaius
1532 3504 1792 3580 Ὑμέναιος
1813 3545 1831 3574 ,
1879 3505 2146 3563 Itaibraius

556 3601 817 3677 Ἐϐραῖος,
846 3597 1057 3653 heredes
1086 3595 1332 3674 Ἡρώδης,
1358 3606 1467 3653 etc.
1495 3596 1822 3656 Redundans
1850 3600 2015 3655 etiam
2058 3601 2142 3658 in-

561 3691 815 3746 venitur:
843 3688 1005 3743 helias
1040 3685 1228 3755 Ἠλίας,
1277 3686 1578 3743 haileisaius
1617 3689 1950 3758 Ἐλισσαῖοςς
1982 3691 2078 3747 sed
2115 3707 2149 3749 e

559 3781 830 3841 contrario
875 3779 1213 3850 frequentius
1261 3781 1550 3850 omittitur,
1583 3791 1642 3837 ut
1680 3781 1736 3838 in
1784 3783 2150 3856 airmogaineis

557 3875 884 3956 Ἑρμογένης,
907 3875 1199 3949 ymainaius
1230 3877 1510 3949 Ὑμέναιος,
1552 3876 1836 3932 iat'rat'mias
1883 3883 2149 3956 Ἱερεμίας,

559 3972 858 4030 i‘airusalem
899 3969 1270 4048 Ἰερουσαλήμ,
1311 3970 1652 4042 iairaupaulis
1698 3973 1970 4046 ἰιράπολις
1992 4013 2008 4039 ,
2050 3973 2154 4027 iai-

562 4065 700 4125 reiko
740 4063 988 4142 ⁸1φιχώ,
1025 4078 1222 4117 osanna
1267 4064 1490 4129 ὧσαννά,
1531 4061 1619 4117 aat'
1643 4060 1749 4129 'Ai';
1782 4077 1904 4134 quae
1933 4063 2154 4122 emissio

563 4174 632 4218 eo
662 4157 876 4215 facilius
905 4154 1228 4227 explicatur,
1247 4155 1390 4226 quod
1415 4153 1662 4226 spiritum
1693 4155 1868 4212 Graeci
1893 4169 1999 4212 non
2023 4157 2156 4214 scri-

563 4254 784 4314 bebant.
829 4249 1078 4308 Occurrit
1105 4249 1268 4307 etiam
1301 4250 1354 4306 in
1394 4250 1625 4307 monetis
1649 4248 2154 4307 ERHENEGILD

565 4347 686 4404 loco
712 4343 763 4400 H
770 4342 930 4399 ER)!
937 4341 1040 4398 EN
1047 4338 1175 4398 EG!
1179 4339 1294 4408 ιι),
1324 4342 1433 4398 vid.
1456 4341 1761 4400 Ascbbacb.
1798 4342 2001 4418 Westg.
2025 4345 2152 4404 358.

643 4457 664 4492 ι
695 4437 986 4495 Aunotatio
1037 4435 1093 4490 2.
1142 4463 1216 4477 --
1265 4435 1423 4506 Quod
1468 4436 1522 4492 in
1543 4438 1820 4495 vocabulis
1860 4441 2161 4512 peregrinis

568 4529 778 4589 duabus
800 4527 1077 4584 vocalibus
1105 4526 1482 4599 iuterjiciatur,
1517 4529 1630 4600 jam
1669 4545 1834 4604 supra
1867 4533 1890 4605 (
1908 4531 1936 4605 ς
1961 4532 2054 4602 26,
2086 4533 2152 4605 3)

571 4622 864 4681 innuimus.

650 4736 670 4771 ι
702 4715 995 4774 Annotatio
1023 4716 1080 4772 3.
1101 4745 1176 4760 —-
1203 4713 1281 4772 De
1317 4713 1487 4787 ipsius
1525 4717 1732 4790 origine
1753 4732 1822 4777 ex
1849 4736 1885 4792 g
1919 4729 1974 4776 et
1993 4719 2027 4774 Ιι
2051 4721 2166 4779 vid.

576 4811 606 4886 §
631 4809 723 4878 10,
754 4808 791 4866 3
811 4818 867 4865 et
893 4807 988 4876 42,
1017 4808 1074 4876 3,
1102 4816 1157 4865 et
1184 4807 1254 4864 de
1291 4808 1532 4880 ejusdem
1575 4812 2004 4872 commutatione
2033 4828 2158 4872 cum

573 4925 608 4981 θ
632 4905 742 4962 vid.
773 4903 922 4978 διο,
951 4904 1048 4960 5.»

644 5003 706 5074 3)
739 4999 790 5056 H
819 5008 946 5056 ante
972 4998 1106 5055 alias
1141 5008 1506 5058 consonantes
1544 5001 1632 5058 vel
1677 5001 1736 5058 in
1767 5003 1875 5060 line
1916 5000 2165 5060 vocabuli

573 5095 810 5170 positum
849 5091 1172 5165 quandoque
1215 5090 1421 5160 deﬁcit,
1454 5106 1544 5150 ex.
1573 5107 1656 5165 gr.
1687 5108 1703 5149 :
1729 5093 1922 5167 linteip
1954 5094 2086 5151 Mth.
2110 5110 2168 5163 ν,

579 5189 647 5245 15
687 5186 808 5244 loco
849 5183 1098 5257 tiuhtsip,
1144 5183 1322 5239 hiuma
1363 5184 1493 5242 Luc.
1539 5188 1616 5252 vi,
1664 5185 1766 5256 l7;
1810 5203 1935 5256 vni,
1978 5187 2015 5244 4
2045 5187 2166 5245 loco

579 5281 794 5337 hiuhma
818 5320 835 5348 ,
865 5280 1121 5334 drausnos
1168 5277 1324 5334 Joau.
1354 5293 1431 5349 vt,
1464 5279 1534 5336 12
1575 5281 1696 5337 loco
1727 5281 2039 5350 drauhsnos,
2073 5299 2168 5337 us-

579 5383 754 5430 uaurts
772 5372 900 5429 Cor.
929 5370 994 5438 11,
1038 5387 1112 5438 tx,
1147 5370 1181 5426 9
1204 5371 1324 5428 loco
1353 5374 1646 5443 usvaurhts,
1680 5377 1843 5447 warjo
1872 5375 1978 5431 Mc.
2011 5390 2101 5445 xv,
2133 5374 2170 5432 6

580 5468 702 5525 loco
745 5469 964 5541 warjoh.
1007 5470 1235 5542 warjano
1274 5466 1453 5525 Skeir.
1501 5468 1591 5538 IV,
1631 5470 1666 5527 6
1713 5470 1834 5527 loco
1878 5471 2203 5555 warjanoh,_

583 5576 796 5617 wantnts
819 5560 1007 5631 Gal.v,
1033 5562 1067 5618 3
1082 5562 1202 5619 loco
1221 5563 1491 5629 wammeh,
1510 5567 1563 5620 al
1590 5565 1694 5621 Mc.
1726 5581 1818 5635 xv,
1840 5565 1940 5633 38;
1969 5566 2164 5626 Thess.

584 5655 650 5722 11,
699 5670 758 5718 ιι,
804 5657 840 5712 4
888 5655 1010 5713 loco
1046 5657 1158 5726 alla,
1208 5656 1558 5728 pairvakands
1609 5656 1741 5717 Luc.
1794 5674 1876 5730 vi,
1934 5660 2002 5716 i2
2048 5662 2170 5719 loco

588 5745 997 5818 pairhvaltands,
1051 5749 1320 5806 hatrltairts
1359 5749 1501 5809 Tim.
1539 5752 1606 5821 11,
1642 5767 1723 5821 tu,
1762 5753 1800 5808 3
1836 5753 1956 5810 loco
2003 5755 2170 5810 hault-

586 5841 766 5899 Itairts.
796 5841 920 5898 Haec
953 5848 1334 5912 praetermissio
1368 5849 1630 5922 regularis
1675 5859 1761 5909 est
1803 5851 1858 5908 in
1900 5861 2100 5907 uaursto
2140 5867 2170 5908 a

586 5938 815 6004 uanrhts,
844 5947 992 6010 gatuo
1015 5951 1046 5995 ι
1066 5941 1230 6012 gaius.

1599 409 2052 472 GRAMMATICA
2079 405 2400 466 (30⁵1⁸111οΕ
2439 405 2740 465 LINGUE.
3624 417 3689 471 πθ

2296 529 2351 596 1)
2364 529 2549 593 Quoad
2579 528 2937 594 protatlonem
2969 521 3178 579 diversa
3206 537 3322 582 esse
3339 526 3534 595 videtur,
3551 535 3693 600 prout

2228 631 2353 676 ante
2391 618 2661 685 vocalem,
2707 615 2796 672 vel
2835 626 3246 686 consonantem,
3293 619 3369 675 rei
3412 622 3500 677 fine
3530 625 3696 682 vocabuli

2227 711 2516 784 reperitur.
2534 714 2672 767 Ante
2697 708 2937 766 vocalem
2966 710 3198 780 positum
3223 711 3417 782 spiritui
3437 729 3590 785 aspero
3604 717 3698 773 (ira.

2225 817 2414 861 corum
2442 800 2762 874 congruisse
2788 801 2999 872 potuit,
3031 801 3251 870 spiritus
3276 800 3412 871 ipse;
3437 813 3540 862 ante
3569 821 3699 865 conss.

2228 904 2449 952 nantem
2497 901 2685 949 contra
2723 892 3037 963 germauico
3081 892 3146 946 ch
3188 893 3475 964 respondet,
3523 901 3698 965 guttunli
3780 919 3781 960 γ

2228 987 2406 1044 littera
2450 985 2508 1040 in
2549 984 2844 1041 initiaiibus
2889 984 2978 1051 hl,
3023 985 3126 1052 Im,
3159 985 3220 1039 Itr
3238 986 3321 1041 vel
3362 985 3570 1044 ﬁnalibus
3591 990 3700 1060 ht,lu

2228 1079 2508 1135 evidenter
2535 1077 2738 1133 audita.
2767 1077 2826 1134 ln
2849 1076 2956 1132 ﬁne
2982 1076 3196 1132 tandem
3225 1077 3568 1134 vocabulorum
3585 1084 3702 1138 minus
3780 1076 3781 1118 ἒ

2230 1171 2461 1228 fortasse
2483 1170 2723 1226 auditum
2745 1211 2761 1238 ,
2795 1169 2828 1223 ἡ
2855 1168 2922 1224 ad
2953 1167 3004 1224 id
3035 1169 3298 1240 prmcipue
3321 1170 3533 1238 inservit,
3555 1181 3600 1226 ut
3619 1186 3703 1241 prs.

2232 1263 2515 1319 cedentem
2545 1260 2786 1317 vocalem
2816 1267 2992 1325 acuat,
3025 1268 3190 1326 atque
3233 1259 3364 1316 adeo
3405 1260 3506 1315 sive
3542 1266 3704 1331 sequenti

2239 1352 2556 1412 consonanti
2583 1351 2741 1408 facile
2766 1349 3166 1423 assimilatur(§
3195 1349 3287 1423 56)
3311 1350 3415 1408 sive
3440 1354 3704 1414 praetermitti-

2237 1457 2327 1506 tur
2356 1447 2494 1521 (vid.
2521 1462 2682 1520 supra
2709 1446 2787 1522 3).

3015 1536 3098 1608 Κ
3156 1573 3160 1576 Α

2309 1646 2338 1721 §
2369 1646 2462 1701 43.
2487 1643 2540 1718 1)
2567 1643 2619 1700 Κ
2665 1644 2892 1714 initials,
2917 1645 3152 1703 medium
3179 1644 3264 1702 vel
3287 1645 3436 1702 ﬁnale
3453 1658 3555 1702 esse
3572 1653 3707 1715 potest;

2236 1737 2439 1795 initiale
2467 1745 2645 1792 autem
2672 1751 2794 1792 cum
2825 1737 2866 1804 ι,
2888 1755 2923 1792 n
2945 1746 3002 1793 et
3030 1755 3056 1792 r
3079 1736 3330 1808 conjungi
3355 1737 3502 1792 valet.

2309 1829 2361 1900 ι)
2403 1829 2597 1884 Initio:
2643 1828 2809 1893 kalds,
2836 1828 3061 1901 kaupon,
3107 1829 3298 1895 kelikn,
3343 1830 3540 1894 keinan,
3571 1828 3703 1890 ﬂatu,

2241 1922 2442 1991 ks'usan,
2472 1921 2668 1988 kustus,
2701 1921 2905 1991 klismo,
2942 1922 3086 1991 kniu,
3117 1921 3285 1976 krusts
3312 1938 3330 1990 ;

2317 2017 2367 2087 b)
2400 2015 2608 2073 Medio:
2641 2016 3244 2085 akran,laikan,aukan,
3269 2016 3429 2084 tekau,
3450 2016 3707 2088 psika,riisa,

2243 2109 2424 2178 siukei,
2457 2108 2632 2175 Μέση,
2663 2108 2914 2176 vokains;

2315 2200 2365 2273 c)
2394 2200 2527 2258 Fine
2566 2218 2583 2257 :
2627 2201 2804 2273 gasak,
2835 2201 2961 2270 mik,
2981 2202 3077 2270 silc,
3101 2201 3242 2276 puis,
3268 2202 3438 2277 gajuk,
3466 2200 3610 2266 taitok,
3642 2201 3711 2266 uti,
3780 2205 3781 2220 ‘

2244 2293 2380 2350 siuk.

2317 2387 2378 2461 2)
2405 2387 2464 2443 In
2508 2385 2814 2443 nominibus
2843 2387 3072 2458 propriis
3110 2397 3166 2444 et
3213 2385 3477 2444 vocabulis
3513 2383 3712 2456 peregrinis

2245 2484 2539 2555 respondet
2566 2483 2838 2538 ordinario
2859 2484 2914 2553 a)
2937 2483 3101 2539 latino
3123 2499 3152 2537 c
3180 2493 3238 2539 et
3257 2496 3426 2554 greco
3444 2504 3488 2548 κ,
3509 2481 3580 2536 cui
3601 2479 3713 2534 ultime

2246 2576 2542 2647 prolatione
2561 2574 2832 2643 convenit,
2859 2589 2948 2629 ex.
2980 2589 3084 2646 gr.:
3105 2573 3316 2641 (ultam,
3342 2573 3556 2633 lucerna.
3578 2570 3715 2624 inim

2243 2682 2453 2733 carcer,
2500 2666 2696 2738 kavtsjo
2724 2664 2923 2736 cautio,
2974 2663 3157 2739 laiktjo
3190 2665 3372 2730 lectio,
3396 2664 3716 2732 Ιωίεαγιαῖσιρ,
3780 2679 3781 2739 ἦ

2244 2759 2382 2830 kefas
2395 2763 2581 2830 Κηφᾶς,
2598 2757 2801 2812 kileikia
2815 2757 3024 2823 Κιλικία,
3041 2757 3250 2826 [crispus
3263 2760 3490 2837 Κρίσπος,
3500 2754 3717 2814 isak‘miz.

2243 2853 2515 2925 iskarjotes
2528 2850 3022 2928 'laxaptéichucas
3033 2856 3265 2918 Λουκᾶς
3280 2849 3566 2922 quandoque
3577 2844 3718 2908 etiam)
3780 2851 3781 2928 ξ

2248 2960 2424 3020 graeco
2451 2969 2483 3019 σγ
2499 2963 2512 3000 :
2530 2945 2770 3000 makeibis
2785 2947 3028 3020 Μαγεϐίς,
3053 2944 3200 3000 kreks
3212 2946 3436 3022 γραῐκός,
3451 2954 3630 3016 graecus,
3643 2954 3717 2992 m-

2248 3041 2439 3096 kreitus
2450 3043 2746 3118 μαργαρῖται
2760 3056 2774 3104 ;
2798 3040 2994 3111 sepius
3007 3038 3224 3095 tandem
3237 3039 3287 3111 ο)
3298 3054 3464 3110 graeco
3475 3060 3513 3110 χ
3525 3033 3718 3092 :kalrauil

2253 3138 2497 3210 χοραζίν,
2525 3132 2712 3202 kafat'ri
2732 3133 2950 3208 Χαφιρά,
2979 3131 3106 3186 kusa
3127 3134 3320 3197 Χουζᾶ,
3369 3131 3556 3185 iaireiko
3575 3127 3716 3201 Ἱεριχέ
3780 3163 3781 3200 3

2253 3225 2517 3281 antiaukia
2566 3226 2856 3297 ’Δντιοχεὶα
2884 3266 2898 3289 ,
2953 3223 3111 3296 akaja
3162 3224 3382 3295 ’Δχαία,
3432 3216 3718 3277 trakasncitidu
3780 3227 3781 3290 ξ

2254 3327 2614 3399 Τραχωνῖτις,
2674 3318 2900 3389 tykeikus
2949 3318 3220 3390 Τυχικός.
3270 3318 3484 3373 zakarias
3523 3315 3717 3387 Ζαχαρίας,
3780 3347 3781 3350 π

2253 3412 2558 3467 ssikaineias
2606 3414 2865 3482 Σεχενὶας,
2897 3409 3162 3464 taitrarkes
3190 3412 3494 3488 τετράρχης,
3517 3404 3719 3460 arentum

2248 3502 2613 3578 ’Δρίσταρχος,
2645 3501 2938 3574 arkaggt'ltts
2966 3503 3318 3576 ἀρχάγγελος,
3340 3502 3554 3571 arkipptts
3576 3494 3719 3570 Ἀρχεπ-

2252 3621 2372 3664 rrec,
2421 3596 2580 3669 paska
2607 3599 2820 3670 πάσχα,
2850 3595 3091 3650 mailkeiu
3137 3597 3332 3669 Μελχί,
3378 3592 3551 3649 malkss
3568 3590 3717 3657 Hills.

2253 3689 2482 3747 multum:
2495 3691 2750 3761 Μαχρὰς,
2782 3686 2998 3741 drakma
3025 3686 3269 3764 δραχμή,
3297 3685 3519 3742 “huius
3535 3685 3718 3750 Ζαιχαὲκν

2255 3781 2412 3838 ainsk
2437 3781 2630 3853 Ἐνώχ,
2661 3778 3088 3858 δαὲνοΙεὶΣιρούχ,
3119 3777 3314 3833 lamaik
3338 3783 3525 3851 Δάμιχ.
3780 3797 3781 3850 ξ

2333 3875 2391 3946 3)
2419 3883 2503 3950 Τῷ
2529 3881 2548 3928 t
2578 3873 2923 3944 praepositum
2952 3873 3007 3928 in
3033 3871 3067 3924 Ιι
3094 3873 3315 3939 transit,
3345 3887 3432 3929 ex.
3453 3883 3523 3940 gr.
3546 3861 3719 3921 :truim

2263 3969 2507 4041 brukjan,
2534 3966 2704 4040 pahta
2728 3981 2760 4021 a
2789 3965 3050 4039 pagkjan,
3083 3965 3262 4038 [Jama
3305 3980 3335 4021 a
3364 3954 3718 4037 pugkisnmﬂtl

2260 4062 2442 4130 sakan,
2471 4060 2650 4115 sanius
2673 4074 2702 4113 a
2731 4057 2940 4124 siukan,
2967 4055 3148 4111 valitvo
3177 4073 3213 4112 a
3246 4056 3424 4112 uakau.

2342 4175 2363 4209 ‹
2403 4154 2713 4211 Anuotatio.
2745 4182 2818 4194 —
2869 4151 3003 4208 Cum
3027 4167 3052 4208 s
3079 4163 3381 4208 connexum
3405 4149 3498 4220 (lis)
3518 4146 3570 4202 ad
3587 4141 3718 4199 eiram-

2267 4247 2611 4306 scriiendum
2640 4259 2802 4318 graec.
2827 4247 2855 4312 ξ
2876 4244 3256 4300 tantummodo
3285 4245 3487 4316 prodest
3527 4260 3538 4295 :
3572 4229 3718 4308 apud

2259 4338 2537 4416 ‘qumia'zd,
2571 4334 2944 4393 artarkscrkses
2979 4337 3330 4416 ‘ApraEs'pEnr.
3361 4354 3380 4390 ι

3033 4463 3111 4538 Χ

2340 4599 2369 4672 §
2405 4597 2495 4654 43.
2537 4595 2592 4652 Χ
2635 4603 2843 4653 tantum
2881 4598 3116 4654 occurrit
3159 4599 3217 4655 in
3247 4597 3446 4672 ’μερίς
3479 4585 3672 4651 vocabulis
3687 4587 3716 4635 et

2270 4691 2577 4749 nominibus
2601 4687 2854 4760 propriis,
2886 4689 2944 4746 in
2977 4689 3170 4760 quibus
3196 4699 3274 4766 τῷ
3305 4713 3350 4763 χ
3400 4681 3639 4758 respondet.
3667 4686 3717 4728 αι

2269 4800 2351 4857 gr.
2373 4800 2387 4837 :
2408 4783 2602 4838 :rristus
2614 4791 2688 4858 Χρ
2696 4779 2860 4845 ιστὸς,
2876 4795 3041 4852 pasxa
3058 4781 3284 4855 πάσχα,
3301 4779 3516 4836 uxorias
3535 4768 3714 4844 Ζαχιράξι

2269 4878 2428 4950 axaja
2451 4875 2680 4948 ’Δχαίας
2711 4872 3011 4946 geminatur
3050 4877 3212 4938 etiam
3255 4889 3350 4947 pro
3391 4897 3461 4946 χχ
3501 4871 3547 4925 in
3567 4858 3719 4919 and"

2271 4970 2506 5042 Ζακχού.
2527 4967 2793 5024 Caeterum
2823 4966 2877 5022 in
2905 4967 2988 5023 bis
3007 4968 3260 5025 omnibus
3283 4963 3559 5028 vocabulis,
3575 4957 3607 5014 si
3625 4961 3718 5008 nam

2273 5063 2508 5133 excipias
2554 5061 2771 5128 aristas,
2817 5067 3176 5118 commutatur
3214 5074 3339 5117 cum
3376 5058 3426 5127 k,
3448 5055 3572 5124 cuitu
3603 5051 3718 5103 εωιιω

2274 5155 2463 5215 Gothis
2492 5153 2744 5210 habuisse
2771 5151 3004 5222 videtur.
3046 5152 3104 5210 Si
3148 5155 3296 5210 enim
3332 5153 3434 5211 illis
3454 5172 3492 5224 χ

2273 5248 2586 5319 simpliciter
2609 5245 2904 5318 aspiratum
2931 5245 3141 5316 fuisset,
3164 5263 3275 5304 non
3314 5244 3615 5304 innotesceret
3631 5237 3721 5326 riui:

2273 5356 2369 5400 cur
2393 5341 2587 5399 saltem
2633 5341 2689 5398 in
2727 5339 3046 5412 quibusdam
3075 5341 3292 5398 casibus
3343 5341 3438 5396 hoc
3475 5349 3553 5408 per
3568 5330 3610 5395 Ιι,
3638 5333 3722 5422 if?"

2276 5435 2409 5492 ratis
2437 5435 2784 5507 aequivalens,
2815 5448 2926 5491 non
2966 5435 3378 5507 expressissent,
3403 5439 3454 5488 et
3489 5428 3596 5483 forte

2280 5543 2372 5597 pus
2401 5537 2458 5584 ut
2485 5504 2783 5600 patarhips,
2811 5528 3016 5583 mallius
3034 5504 3096 5585 ut
3113 5526 3224 5597 alit,
3247 5525 3329 5584 vel
3354 5524 3523 5579 aristas
3544 5504 3722 5574 nihil."

2274 5633 2379 5676 non
2411 5618 2842 5692 exscripsissent.

3046 5731 3117 5816 ρ

2351 5859 2378 5930 §
2409 5861 2499 5916 ιιι
2529 5861 2582 5930 1)
2608 5861 2653 5931 ρ
2682 5863 2857 5932 initio,
2885 5861 3066 5922 medio
3098 5871 3152 5921 et
3193 5860 3299 5921 fine
3332 5837 3723 5916 vocabula-unoc-

2277 5951 2472 6009 currit:

3659 6311 3782 6414 Α
