3840 6606
62 403 184 468 937

152 533 217 604 α)
250 532 446 591 Initio:
467 550 606 607 qaut,
635 534 846 606 qainou,
875 547 1020 605 qens,
1041 526 1229 603 qipan,
1261 529 1465 602 qinjan,
1505 548 1672 601 qums,

67 627 414 682 consonanti
443 627 787 699 praepositum
833 626 887 681 in
918 625 1033 680 solo
1065 623 1231 679 dubio
1259 621 1557 695 qrammipa
1587 636 1677 678 re-

71 717 308 788 peritur
335 737 350 784 ;
1065 789 1068 792 ἢ

154 811 215 884 b)
251 811 431 868 Medio
456 829 472 868 :
502 811 720 886 ﬁlaqus,
749 811 941 882 vraqu,
971 827 1156 884 suqon,
1190 817 1294 866 etc.
1323 825 1339 873 ;

153 904 210 969 c)
264 903 447 960 Fine:
487 922 632 977 sugq,
683 907 900 978 bistugq,
931 915 1039 962 etc.

153 994 221 1066 2)
278 995 674 1054 Vocabulorum
737 998 1143 1069 peregrinorum
1207 996 1262 1052 in
1327 995 1443 1050 solo
1506 1003 1681 1064 qartur

72 1099 259 1160 graec.
310 1088 596 1166 Κούαρτος,
627 1091 720 1146 lat.
755 1091 988 1158 Quartus
1008 1089 1265 1155 occurrit,
1296 1088 1456 1160 igitur
1483 1103 1580 1158 pro
1607 1088 1686 1142 la—

74 1182 212 1238 tino
241 1198 316 1253 qu
336 1183 578 1254 ponitur;
601 1199 723 1240 cum
749 1193 928 1240 autem
975 1183 1028 1237 in
1085 1181 1253 1236 akvila
1281 1196 1378 1251 per
1400 1179 1458 1236 ltv
1480 1179 1685 1237 exscri-

73 1275 266 1347 bitur,
303 1295 338 1348 ς
371 1279 580 1336 videtur
599 1279 842 1352 ejusdem
875 1277 1040 1336 fuisse
1066 1277 1400 1350 prolationis.

845 1433 948 1509 W

162 1560 196 1634 ᾗ
226 1561 325 1618 43.
349 1563 404 1635 Ι)
442 1563 511 1620 W
533 1564 705 1632 initio,
742 1564 921 1621 medio
946 1573 1002 1622 et
1023 1564 1128 1620 fine
1156 1563 1563 1630 vocabulorum,
1589 1572 1688 1620 seu

81 1656 230 1710 satis
275 1670 404 1712 raro
433 1657 698 1724 occurrit;
730 1656 936 1713 initials
964 1664 1144 1713 autem
1173 1671 1447 1727 nunquam
1495 1669 1690 1712 conso-

79 1756 321 1804 nantem
354 1749 608 1818 przecedit
631 1766 647 1810 :

157 1839 222 1908 a)
257 1841 418 1898 lnitio
441 1861 455 1899 :
476 1842 864 1912 was,wairbau,
887 1841 1152 1911 waurbuu,
1171 1858 1267 1912 we,
1293 1842 1462 1910 weila,
1495 1842 1683 1914 wilftri,

79 1946 280 2003 tropon
312 1949 336 1998 ;

162 2025 223 2096 ὁ)
257 2025 440 2081 Medio
470 2043 484 2082 :
514 2027 728 2095 saiwau,
761 2029 964 2098 leiwau,
995 2045 1256 2095 arwazua,
1287 2043 1432 2082 newa
1457 2044 1478 2094 ;

161 2117 217 2185 ο)
246 2116 384 2174 Fine
412 2135 428 2172 :
457 2135 564 2174 new
589 2130 652 2198 et
681 2122 951 2191 przeterita
979 2139 1103 2190 saw,
1148 2122 1288 2188 laiw,
1325 2134 1534 2176 necnon
1581 2118 1695 2175 im-

83 2215 332 2284 perativi
354 2215 496 2282 saiw,
524 2216 655 2271 feiw.

178 2328 198 2361 ι
235 2309 553 2364 Annotatio.
585 2341 658 2352 -
685 2309 716 2364 1
752 2317 806 2366 et
835 2327 870 2365 τι
897 2310 1078 2367 brevia
1125 2324 1395 2380 nunquam
1425 2307 1684 2379 sequitur,

89 2401 228 2473 quin
259 2417 324 2458 ea
358 2402 528 2475 frangi
553 2403 756 2474 jubeat,
789 2420 892 2474 qua
922 2405 991 2460 de
1021 2419 1078 2459 re
1104 2405 1229 2459 coll.
1255 2402 1282 2473 §
1313 2401 1403 2470 52,
1434 2403 1489 2458 5.
1520 2419 1538 2453 ι

166 2493 230 2561 2)
256 2492 316 2548 In
337 2495 614 2549 vocabulis
635 2495 932 2566 peregrinis
955 2510 1061 2550 non
1085 2495 1352 2564 reperitur
1370 2503 1532 2564 atque
1555 2492 1691 2547 adeo

93 2601 220 2658 ejus
267 2588 619 2657 prolationem
647 2588 1008 2644 determinare
1038 2588 1382 2657 pcrarduum.
1413 2586 1694 2658 Etymolo—

95 2685 222 2757 gice
252 2683 544 2755 respondet
579 2684 772 2739 litteris
803 2682 1101 2753 conjunctis
1143 2683 1229 2750 Iw,
1253 2684 1332 2736 wh
1375 2683 1427 2736 in
1450 2680 1692 2752 cognatis

93 2779 470 2836 sermonibus.
519 2779 712 2834 Hickes
763 2778 866 2834 hoc
912 2777 1074 2835 habet
1123 2791 1220 2847 pro
1262 2793 1320 2831 cu
1355 2775 1441 2831 vel
1461 2774 1548 2841 Iw,
1579 2773 1700 2829 lhre

103 2888 213 2943 pro
242 2872 334 2940 qh.
365 2870 472 2928 Sed
505 2870 681 2926 Getbo
705 2869 1005 2939 simplicem
1053 2867 1222 2923 fuisse
1261 2881 1451 2921 sonum
1489 2871 1702 2922 constat

99 2977 174 3019 ex
206 2978 297 3030 eo,
327 2963 469 3032 quod
515 2962 733 3018 unicum
780 2962 991 3032 signum
1023 2960 1148 3016 huic
1188 2959 1556 3029 adscripserit,
1591 2971 1699 3013 non

99 3062 294 3112 autem
318 3055 436 3110 aliis
476 3055 668 3110 litteris
714 3053 1040 3124 conjunctis,
1087 3061 1145 3109 ut
1179 3051 1253 3120 hl,
1283 3051 1374 3118 Im,
1406 3053 1489 3106 hr.
1521 3049 1697 3106 Crete-

102 3149 311 3219 roquiu
345 3149 407 3202 Iw
431 3156 486 3204 et
533 3148 589 3203 in
636 3147 946 3219 compositis
1001 3145 1279 3202 vocabulis
1336 3143 1594 3212 occurrit,
1645 3150 1706 3198 ut

105 3241 437 3312 ubuhvopida
467 3241 598 3297 Luc.
632 3257 785 3309 xvm,
819 3241 910 3310 38,
941 3239 1330 3320 pairhvakqndr
1355 3255 1430 3310 Vl,
1457 3239 1546 3309 η,
1574 3238 1702 3310 quin

101 3332 162 3390 in
195 3349 244 3388 ου
273 3333 488 3390 incidat.

651 3444 708 3501 b.
755 3461 823 3501 ne
869 3459 1195 3502 LABIALIBUS.

868 3577 937 3646 B

181 3694 420 3784 546.1)
468 3708 512 3763 Β
543 3709 698 3767 initio
741 3711 1049 3782 frequenter
1094 3711 1347 3776 occurrit,
1398 3709 1513 3766 sive
1569 3715 1694 3764 ante

98 3804 326 3861 vocales
347 3803 462 3859 sive
489 3811 614 3859 ante.
641 3803 868 3875 liquidas
896 3806 941 3871 ι,
962 3823 1018 3873 n,
1040 3822 1089 3872 r,
1129 3820 1337 3861 necnon
1367 3811 1422 3859 et
1471 3801 1650 3858 medio
1677 3819 1692 3869 ;

98 3896 217 3951 fine
245 3905 430 3950 autem
468 3895 836 3950 tantummodo
869 3905 988 3966 post
1016 3895 1244 3966 liquidas
1287 3895 1305 3948 ι
1353 3903 1407 3950 et
1455 3910 1526 3960 m,
1570 3905 1694 3947 raro

107 4001 302 4046 autem
335 3998 456 4059 post
479 4007 506 4042 r
533 3990 620 4044 vel
651 3991 862 4046 vocales
889 3991 1155 4059 reperitur
1179 4008 1192 4042 :

174 4084 230 4154 α)
262 4084 423 4138 Initio
449 4099 464 4140 :
498 4082 660 4155 balgs,
710 4083 813 4149 bai,
840 4083 1026 4148 bauan,
1057 4082 1307 4153 berusjos,
1337 4079 1476 4148 bida,
1525 4075 1690 4143 biuds,

97 4177 323 4248 bugjan,
354 4175 501 4240 boka,
528 4174 782 4246 bliggvan,
817 4173 1042 4238 bnauau,
1067 4171 1279 4238 brikan;

175 4269 230 4342 ὁ)
252 4268 430 4324 Medio
454 4286 467 4321 :
499 4268 686 4332 haban,
706 4267 964 4339 gahfaiba,
989 4265 1208 4334 raubon,
1227 4263 1413 4336 gebun,
1441 4263 1688 4334 Itlribjan,

100 4362 268 4428 liban,
301 4359 474 4432 biubi,
503 4359 660 4427 dubo,
691 4359 919 4413 drobnan
945 4374 964 4421 ς

175 4453 227 4523 c)
277 4452 409 4508 Fine
438 4469 451 4505 :
480 4450 622 4519 halb,
673 4449 846 4518 dumb,
908 4449 1103 4504 bisuarb
1154 4447 1303 4520 (hinc
1360 4448 1414 4503 in
1464 4447 1692 4519 glossar.

99 4553 244 4616 rear]
268 4547 322 4600 in
351 4545 498 4600 δυανὸ
528 4542 918 4600 emendandum
948 4543 1077 4612 est),
1120 4541 1272 4596 tvalib
1315 4540 1445 4596 Luc.
1478 4554 1536 4609 ιι,
1583 4537 1688 4604 42;

100 4649 220 4703 vm,
258 4639 311 4701 t,
357 4636 494 4690 hlaib
550 4635 652 4691 Mc.
689 4650 784 4704 vn,
824 4633 933 4700 27;
965 4634 1092 4689 Luc.
1125 4648 1199 4704 tv,
1240 4635 1273 4689 4
1301 4641 1354 4688 et
1381 4646 1540 4703 saep.,
1565 4631 1690 4704 grob

100 4730 237 4787 Luc.
287 4745 363 4797 vt,
399 4727 488 4783 48.

172 4823 235 4897 2)
269 4823 373 4877 Pro
399 4833 573 4891 graeco
603 4820 638 4892 β
669 4817 984 4892 regulariter
1034 4817 1269 4888 ponitur,
1293 4831 1379 4872 ex.
1411 4829 1496 4886 gr.
1530 4832 1542 4867 :
1575 4813 1694 4868 bar-

100 4917 257 4972 barus
274 4916 558 4992 βάρϐαρος,
582 4911 808 4984 ὺεραηὶα
827 4913 1058 4982 Βηθανία,
1086 4913 1260 4982 byssus
1284 4908 1505 4982 βυσσός,
1530 4907 1694 4978 gabaa

98 5013 326 5078 Γαϐαά,
384 5008 512 5063 abba
566 5008 725 5075 ἀϐϐᾶ,
786 5007 1032 5060 abraham
1083 5006 1349 5082 Ἁϐραάμ,
1377 5004 1690 5058 maimbratta

101 5104 402 5182 μεμϐράνα,
429 5101 592 5156 nabat:
615 5101 809 5168 Ναϐού,
838 5099 986 5153 iakob
1011 5100 1216 5154 Ἰακώϐ.
1254 5097 1472 5154 Necnon
1509 5105 1564 5154 ot
1594 5111 1692 5166 pro

101 5208 286 5268 graeco
309 5215 391 5259 ου,
416 5193 504 5249 ubi
543 5193 709 5247 latino
732 5208 760 5245 υ
803 5190 1094 5262 respondet
1119 5207 1131 5243 ε
1154 5189 1382 5245 silbanus
1428 5188 1693 5249 Σιλουανός

101 5290 372 5355 silvanus,
401 5285 755 5341 naubaimbair
783 5285 1092 5341 november.

175 5383 238 5451 3)
277 5381 336 5436 In
365 5380 472 5436 fine
498 5377 748 5435 vocabuli
775 5386 831 5433 et
878 5385 1003 5433 ante
1031 5385 1050 5430 t
1079 5376 1132 5430 in
1181 5376 1209 5446 f
1247 5373 1521 5430 ordinario
1551 5371 1684 5428 inci-

119 5474 223 5542 dit,
271 5481 326 5529 et
372 5472 486 5528 vice
541 5484 696 5526 versa
739 5469 781 5538 Ι,
830 5477 1086 5539 sequente
1134 5466 1328 5532 vocali,
1380 5465 1434 5520 in
1465 5465 1690 5520 btrans-

103 5576 366 5632 mutatur,
397 5580 489 5622 ex.
531 5580 658 5636 gr.:
699 5563 853 5634 hzat‘f,
897 5561 1053 5632 Itlaifs
1083 5577 1114 5616 a
1143 5557 1436 5627 HLAIBA,
1477 5559 1618 5630 laufs
1656 5573 1686 5612 a

103 5657 364 5722 LAUBA,
384 5657 604 5729 gif,gaf,
635 5658 764 5726 gaft,
795 5668 825 5708 a
849 5653 1022 5725 gibau,
1063 5653 1203 5725 Itafts
1228 5667 1259 5708 a
1289 5653 1478 5719 haben,
1500 5652 1639 5722 svat'f
1657 5664 1686 5704 a

101 5753 311 5813 weiban
336 5791 351 5816 ,
403 5749 559 5820 skattf
585 5764 616 5804 a
655 5747 885 5815 skiuban,
936 5746 1085 5818 pari,
1113 5746 1336 5818 paurfta
1364 5760 1395 5800 a
1440 5744 1674 5816 parban,

104 5847 229 5921 grof
267 5861 298 5900 a
350 5842 568 5916 grabau,
598 5839 900 5896 econtrario
922 5840 1088 5894 orabis
1116 5838 1182 5894 ab
1209 5842 1349 5909 asa],
1379 5837 1606 5892 tvalifn’m
1654 5850 1682 5888 a

107 5939 272 6014 tuatif,
293 5935 432 5994 abuit
462 5934 532 5990 ab
546 5932 741 6003 uf,abu
765 5932 833 5988 ab
857 5933 934 6003 af.
962 5931 1140 5990 Euam
1169 5932 1227 5991 in
1252 5931 1358 5988 “ne
1385 5928 1633 5987 vocabuli

506 6027 780 6089 PATROL.
811 6025 1034 6087 XVIII.

1438 405 1525 465 DE
1562 404 2021 465 PROLATIONE.

3269 405 3374 469 938

1791 531 1846 586 in
1874 529 1902 583 b
1928 526 2138 594 transit,
2185 541 2270 582 ex.
2305 541 2366 598 gr
2393 542 2408 580 :
2432 525 2600 582 hlaibs
2626 526 2756 584 Luc.
2801 543 2874 596 tv,
2905 528 2961 596 3,
2992 529 3152 601 hlaib,
3185 533 3370 604 tealib,

1791 624 1914 698 grob
1939 621 2072 694 (vid.
2105 638 2267 694 supra
2295 623 2348 689 1,
2380 621 2451 694 ε),
2479 639 2686 680 necnon
2737 625 2790 680 in
2839 625 3217 686 terminatione
3246 632 3372 687 ulmi

1792 717 1946 788 mini.

1866 828 1885 863 ι
1915 811 2222 866 Annolatio.
2251 809 2392 867 -—ln
2430 811 2673 884 timbrjau
2705 813 2824 870 loco
2854 814 3066 886 timrjan
3089 814 3375 888 euphoniae

1788 917 1948 959 causa
1977 903 2009 959 ὁ
2031 903 2368 976 interjectum
2397 915 2499 962 est.
2540 924 2559 958 ι

1858 996 1917 1068 4)
1941 997 2172 1053 Prolatio
2197 1005 2288 1055 τοῦ
2315 999 2344 1051 b
2373 1007 2430 1054 et
2451 997 2607 1069 paulo
2627 997 2857 1056 debilior
2878 999 3046 1058 fuisse
3066 1010 3122 1058 et
3159 1001 3329 1058 latino
3348 1019 3380 1058 υ

1789 1090 2010 1160 propius
2063 1090 2354 1146 accessisse
2406 1090 2638 1161 videtur,
2669 1107 2792 1150 cum
2833 1108 2930 1165 pro
2957 1108 3024 1153 eo
3049 1095 3120 1152 sit
3148 1109 3376 1168 usurpa-

1789 1189 1921 1238 tttm.

2554 1271 2621 1343 F

1868 1401 2012 1474 §47.
2045 1401 2100 1476 Ι)
2130 1399 2184 1455 ιε
2209 1403 2382 1472 initio,
2432 1404 2613 1460 medio
2655 1413 2709 1462 et
2751 1405 2860 1464 ﬁne
2903 1407 3174 1474 occurrit;
3224 1407 3377 1466 initio

1795 1496 1954 1552 etiam
1984 1511 2106 1553 cum
2137 1496 2156 1550 ι
2184 1506 2240 1554 et
2266 1517 2294 1553 r
2318 1499 2568 1570 conjungi
2599 1509 2811 1570 potest:
3282 1523 3285 1530 “

1866 1588 1920 1660 a)
1949 1589 2140 1645 Initio:
2172 1591 2318 1662 fana,
2350 1591 2580 1662 fairwus,
2631 1596 2805 1664 facta,
2837 1595 2968 1666 fera,
2996 1594 3156 1666 felan,
3189 1594 3376 1663 μόνον,

1796 1681 1943 1752 (ulla,
1960 1681 2163 1752 fodjan,
2185 1683 2376 1752 ﬂekan,
2397 1683 2585 1754 ﬂodus,
2602 1686 2824 1754 ﬂautan,
2848 1686 3033 1755 ﬂahto,
3056 1685 3223 1758 {rapi}
3244 1698 3376 1756 etc.,

1869 1775 1925 1844 b)
1968 1773 2142 1829 Medio
2170 1793 2184 1829 :
2229 1775 2368 1846 afar,
2395 1777 2599 1848 haﬁan,
2627 1779 2788 1849 sifan,
2827 1778 3037 1851 hiufan,
3059 1783 3201 1852 utar,
3232 1782 3378 1853 (ora;

1869 1869 1916 1940 c)
1945 1868 2117 1926 Fine:
2146 1884 2306 1941 supra
2345 1871 2507 1927 allata
2539 1873 2692 1943 htaif,
2721 1873 2814 1944 gif,
2846 1874 2957 1946 gaf,
2985 1883 3114 1944 etc.,
3155 1884 3211 1932 et
3239 1877 3378 1933 insu-

1797 1976 1892 2032 per
1918 1967 1997 2027 ar,
2020 1963 2098 2034 αι’,
2131 1963 2265 2034 ﬁmf,
2307 1964 2472 2036 tvalif.

1867 2050 2286 2123 2)]uvocabulis
2302 2054 2599 2126 peregrinis
2609 2070 2784 2130 graeco
2795 2058 3146 2132 erespondet,
3163 2074 3251 2116 ex.
3270 2075 3381 2133 κω

1801 2143 1960 2215 {afuig
1982 2145 2158 2218 Φάλιον,
2184 2145 2359 2216 fanuel
2385 2149 2628 2213 Φανουήλ,
2659 2149 2870 2221 ﬁlippus
2912 2152 3175 2220 Φίλιππος,
3211 2154 3382 2222 ﬂetus

1795 2234 2036 2304 ψιλητός,
2079 2239 2412 2308 faurtunatus
2467 2243 2866 2314 Φουρτούνατος,
2917 2244 3188 2314 farcimine
3232 2255 3382 2319 Φαρια-

1798 2337 1966 2392 σαῖος,
1999 2329 2223 2400 fygailus
2263 2331 2521 2403 Φύγελλος,
2563 2332 2972 2401 aipafraudeitus
2991 2333 3383 2411 Ἐπαφρόδιτος,

1797 2420 2040 2491 ανῙαΙωαά
2069 2421 2339 2499 ’Δρφαξὰδ,
2363 2423 2543 2495 nymfa
2560 2430 2760 2498 Νυμφᾶ,
2782 2424 2959 2499 kajafa
2978 2423 3227 2500 Καϊάφας,
3251 2422 3385 2499 inse]

1796 2517 1978 2592 Ἰωσήφ
2002 2534 2016 2584 ;
2050 2532 2144 2586 per
2173 2519 2543 2589 exceptionem
2574 2519 2735 2576 etiam
2759 2528 2833 2594 τῷ
2858 2543 2899 2577 π
2925 2540 2938 2575 :
2967 2521 3269 2594 kafamaum
3289 2539 3386 2583 Iat-

1800 2613 2086 2686 περναοῦμ.

1874 2703 1928 2774 5)
1952 2703 2101 2771 Quod
2134 2705 2248 2774 fex
2273 2705 2301 2758 b
2329 2704 2563 2761 oriretur
2587 2714 2642 2761 et
2667 2705 2720 2761 in
2751 2704 2780 2759 ὸ
2809 2705 3066 2762 incideret
3086 2706 3198 2778 jam
3221 2722 3384 2779 supra

1805 2793 1875 2866 (ᾗ
1905 2795 2000 2861 46,
2028 2795 2086 2866 5)
2116 2797 2419 2853 monuimus
2445 2814 2460 2863 ;
2492 2798 2560 2852 de
2609 2799 2776 2867 ipsius
2816 2798 3102 2856 eductione
3123 2816 3189 2856 ex
3212 2820 3246 2873 ρ
3271 2801 3384 2857 vid.

1803 2885 1830 2956 §
1875 2887 1965 2942 48.
2009 2887 2065 2943 ln
2114 2890 2328 2961 svumfsl
2369 2905 2400 2946 a
2447 2891 2695 2946 suimman
2756 2891 2855 2948 fuit
2895 2893 3182 2965 euphoniae
3223 2908 3386 2951 causa

1803 2978 2164 3050 interjectum.

1878 3078 1934 3150 4)
1972 3078 2108 3134 Hinc
2157 3079 2548 3150 conjiciendum
2589 3090 2674 3137 est
2708 3079 2851 3153 quod
2889 3082 2920 3154 f
2964 3065 3387 3148 debiliusisicut

1808 3173 1896 3242 bh,
1929 3189 2034 3230 non
2064 3183 2239 3230 autem
2271 3175 2363 3244 ph,
2394 3176 2622 3246 proferri
2647 3177 2913 3246 debuerit,
2936 3178 3386 3251 quemadmodum

1806 3266 1861 3322 in
1901 3267 2234 3338 lingualium,
2266 3276 2323 3323 et
2349 3267 2576 3325 fortasse
2607 3270 2772 3325 etiam
2817 3271 3166 3341 gutturalium
3194 3271 3380 3338 classi,

1804 3359 1898 3416 ubi
1945 3360 2180 3431 aspirata
2227 3363 2446 3431 propius
2483 3362 2550 3417 ad
2580 3363 2756 3418 media
2795 3378 2955 3434 quam
2990 3363 3056 3420 ad
3103 3373 3262 3420 tenua
3292 3379 3387 3421 ac-

1801 3451 1997 3509 cedere
2027 3454 2294 3508 videntur.
2327 3453 2433 3510 Sed
2474 3454 2744 3525 gothicum
2783 3455 2812 3526 f
2848 3470 3026 3526 graeco
3055 3479 3087 3530 φ
3137 3471 3241 3512 non
3268 3470 3385 3512 om-

1804 3545 1932 3599 nino
1957 3559 2250 3615 congruere
2289 3561 2355 3601 ex
2398 3561 2464 3602 eo
2509 3545 2702 3616 conjici
2745 3555 2939 3617 potest,
3007 3548 3150 3619 quod
3193 3548 3388 3620 gotbus

1800 3637 2072 3707 peculiare
2100 3637 2306 3708 signum
2343 3654 2407 3693 ex
2435 3639 2720 3706 alphabeto
2745 3639 2914 3694 latino
2935 3640 3191 3708 mutuari,
3223 3640 3291 3697 ab
3317 3655 3386 3698 eo

1799 3731 2137 3788 occasionem
2164 3731 2388 3802 ceperit.
2413 3731 2536 3788 Vid.
2569 3731 2596 3804 §
2628 3733 2716 3802 12,
2741 3733 2846 3790 col.
2875 3733 2998 3790 901.

2547 3841 2614 3911 P

1879 3968 1906 4038 §
1938 3967 2030 4023 48.
2063 3967 2117 4039 1)
2161 3967 2209 4022 Ρ
2236 3969 2448 4026 nonnisi
2487 3983 2632 4038 raro,
2673 3985 2944 4043 nunquam
2972 3971 3205 4032 fortasse
3231 3974 3386 4033 initio

1801 4060 2016 4123 genuini
2048 4059 2248 4130 gothici
2279 4060 2525 4118 vocabuli
2552 4063 2825 4130 occurrit;
2865 4065 3066 4136 saepius
3103 4081 3231 4124 vero
3268 4083 3383 4125 me-

1801 4152 1890 4209 dio
1913 4163 1966 4210 et
1993 4153 2134 4209 fine:

1872 4248 1926 4319 a)
1951 4248 2141 4306 Initio:
2173 4251 2351 4321 naida,
2376 4249 2718 4322 peikabagrm,
2748 4266 2940 4323 puggs,
2974 4253 3135 4322 μακά,
3177 4253 3381 4326 pfapja,

1800 4342 1957 4414 βιαιο,
1996 4342 2243 4413 plinsjau,
2277 4358 2510 4414 praggan
2528 4359 2548 4409 ;

1873 4433 1926 4502 b)
1954 4433 2129 4490 Medio
2155 4452 2170 4489 :
2193 4433 2410 4504 skupan,
2452 4431 2676 4504 kaupon,
2697 4432 2900 4504 slepau,
2932 4435 3139 4506 velpan,
3160 4437 3378 4509 m'pmm,

1802 4526 2052 4600 diupipa,
2079 4542 2265 4598 supon,
2295 4541 2516 4596 wopan;
3349 4561 3360 4576 .

1870 4621 1918 4693 c)
1948 4622 2078 4677 Fine
2103 4640 2114 4676 :
2141 4621 2276 4692 raip,
2307 4619 2510 4692 suistep,
2539 4619 2670 4692 skip,
2698 4634 2810 4691 mp,
2866 4619 2993 4694 harp,
3033 4637 3166 4693 wop.

1871 4714 1930 4785 2)
1973 4715 2029 4770 In
2077 4713 2384 4770 nominibus
2426 4711 2662 4784 propriis
2689 4720 2746 4769 et
2769 4713 3046 4770 vocabulis
3087 4713 3384 4786 peregrinis

1795 4821 1975 4879 graeco
2003 4829 2064 4874 π,
2091 4805 2244 4877 cujus
2265 4821 2458 4862 sonum
2495 4805 2678 4874 habet,
2709 4808 2982 4875 convenit,
3023 4821 3111 4863 ex.
3139 4823 3220 4878 gr.
3242 4823 3259 4862 :
3283 4823 3383 4878 pa-

1797 4899 2020 4954 rakletus
2059 4899 2398 4978 παράκλητος,
2430 4897 2744 4969 paintelcuste
2777 4903 3111 4965 πεντακοστή,
3141 4899 3384 4970 patentius

1796 4993 2021 5056 Πόντιος,
2051 4991 2264 5060 pet'lattts
2311 4991 2542 5058 Πίλατος,
2589 4991 2854 5062 praufetus
2896 4994 3180 5068 προφήτης,
3227 4989 3382 5060 αἱρη-

1797 5085 1906 5157 fras
1934 5083 2214 5157 Ἐπαφρᾶς,
2241 5085 2573 5154 apaustaulus
2595 5081 2902 5152 ἀπόστολος,
2944 5081 3132 5154 karpus
3153 5083 3379 5160 Κάρπος,

1796 5174 2123 5246 spaikutatur
2183 5174 2587 5248 σπεκουλάτωρς
2645 5189 2742 5244 per
2789 5174 3168 5244 exceptionem
3217 5174 3379 5230 etiam

1796 5276 1870 5341 τῷ
1896 5285 1961 5340 go:
1991 5283 2254 5339 paurpura
2283 5269 2544 5345 πορφύρα,
2569 5273 2624 5320 et
2644 5281 2703 5334 ps
2721 5273 2794 5336 τῷ
2817 5265 2857 5336 ψ
2882 5283 2896 5320 :
2928 5267 3130 5335 psatma
3150 5265 3378 5339 ψαλμὸς.

1864 5361 1922 5430 ὅ)
1955 5363 2093 5417 Ante
2117 5369 2135 5414 t
2162 5361 2215 5415 in
2245 5363 2274 5431 ι’
2290 5358 2607 5430 quandoque
2632 5355 2838 5422 incidit,
2870 5371 2963 5413 ex.
2991 5373 3074 5428 gr.
3107 5374 3122 5410 :
3149 5357 3389 5440 gaslcafts

1794 5469 1826 5510 a
1871 5453 2111 5526 skapjan,
2151 5454 2347 5523 woftuli
2373 5466 2401 5506 a
2441 5466 2664 5521 wopan;
2701 5458 2758 5505 et
2785 5449 3252 5521 probabiliterhis
3281 5450 3389 5526 ad-g‘

1803 5523 2001 5606 dendcei
2026 5555 2151 5604 sunt
2189 5548 2224 5601 2
2262 5560 2478 5618 person.
2526 5553 2678 5615 praet.
2720 5543 2884 5614 indic.
2927 5542 3084 5614 skaft,
3131 5523 3389 5622 waiwoftﬂ

1797 5641 2016 5711 saisleft,
2062 5640 2213 5710 varft,
2268 5649 2401 5704 etc.,
2455 5637 2578 5693 licet
2624 5635 2872 5702 defuerit,
2921 5650 3030 5706 quo
3078 5637 3374 5706 probetur;

1792 5737 1950 5810 grefts
1971 5734 2135 5790 multo
2165 5733 2341 5788 minus
2369 5731 2434 5786 ad
2471 5733 2683 5801 grcipan
2704 5730 3045 5793 referendum
3075 5743 3180 5801 est,
3211 5745 3372 5802 quam

1791 5831 1860 5887 ad
1889 5838 1996 5885 vet.
2045 5844 2165 5899 sup.
2212 5842 2385 5898 germ.
2415 5826 2586 5897 grafo,
2619 5823 2779 5880 infer.
2811 5838 2982 5895 germ.
3034 5824 3206 5894 grebe,
3256 5821 3371 5880 vid.

1793 5921 1944 5981 Graﬂ'
1989 5920 2132 5978 Altlt.
2173 5918 2484 5992 Sprachsclt.
2519 5917 2587 5974 IV
2647 5916 2754 5974 512
2781 5933 2863 5988 sq.

2761 6013 2839 6076 30
