3840 6602
59 498 155 557 941

61 621 288 686 Tryonius,
336 613 557 688 tykeiktts
607 613 864 686 Τυχικὸς,
895 614 1086 686 galatia
1128 613 1372 682 Γαλατία,
1424 617 1617 672 ituraia

63 704 326 783 Ἰτουραῖοι,
358 706 644 762 kananeites
665 705 971 776 Κάνανίτης,
1014 706 1178 777 kreta,
1222 706 1418 784 Κρήτῃ,
1451 706 1630 778 laiktjo

64 797 248 866 lectio,
307 801 464 872 lystra
514 803 763 877 Δύστροὶ,
817 799 1025 872 matpat
1066 799 1320 867 ’Ματθάτ-ι,
1346 799 1632 875 manabit“

63 888 361 957 Ματταθίας.

130 986 186 1056 5)
215 987 312 1040 Pro
338 987 373 1040 ά
397 995 452 1043 et
475 986 520 1059 p
548 987 853 1054 adhibetur,
882 989 1129 1059 sequenti
1179 999 1326 1048 muta
1371 988 1458 1044 vel
1499 988 1630 1048 sibi:

66 1085 210 1150 lauti,
258 1099 449 1154 nempe
507 1085 559 1142 in
609 1086 881 1155 praeterito
940 1086 1312 1142 anomalorum
1349 1085 1634 1141 verborum

63 1176 216 1244 ailtta,
267 1177 459 1244 malua,
489 1178 632 1245 alita,
679 1177 882 1243 bralua,
941 1177 1130 1251 pahta,
1188 1178 1380 1251 puhta.
1425 1179 1636 1240 bauttta.

61 1269 286 1343 ,baurfte,
307 1281 470 1328 masta
495 1272 613 1328 loco
625 1271 1094 1339 aih-da,malt-da,
1119 1280 1223 1328 etc.
1245 1288 1262 1338 ;
1281 1271 1333 1326 in
1360 1271 1634 1326 formatio-

62 1366 212 1426 nibus
240 1365 615 1422 vocabulorum
650 1366 850 1436 liliftus.
897 1365 1121 1437 [nt/itus,
1161 1365 1339 1420 Itustus
1368 1379 1488 1420 cum
1517 1381 1634 1419 ura-

62 1457 224 1524 todus,
244 1457 536 1528 aultjodus;
558 1457 714 1522 ailtts,
737 1456 1081 1523 andabaultts,
1097 1458 1237 1529 gifts,
1254 1459 1486 1514 usdrusts
1510 1471 1634 1514 cum

57 1547 336 1620 gabattrlts,
358 1548 637 1621 gaqumps,
654 1557 760 1604 etc.
778 1547 907 1603 Cum
934 1547 1194 1622 gaqumps
1221 1548 1271 1620 (a
1298 1549 1488 1620 qiman)
1510 1550 1638 1608 sub-

59 1641 223 1710 repsit
273 1641 582 1700 andaaumts
617 1643 670 1712 (a
698 1639 917 1713 niman),
959 1640 1114 1711 cujus
1156 1640 1276 1698 loco
1303 1640 1636 1713 audanumps

56 1740 400 1804 spectaretur.

123 1824 182 1894 4)
213 1826 285 1882 De
303 1824 464 1894 hujus
489 1824 680 1886 litterae
697 1825 923 1884 transitu
945 1825 1001 1883 in
1030 1825 1313 1886 sibilantes
1336 1843 1362 1884 ε
1390 1835 1446 1884 et
1470 1843 1501 1881 ι
1524 1826 1634 1883 vid.

59 1915 115 1987 εξ
143 1916 237 1986 52,
266 1915 333 1986 ις
364 1917 454 1985 55,
480 1917 538 1972 4.

523 2018 576 2070 ι.
618 2016 702 2071 ΒΕ
740 2017 1204 2073 SIBILANTIBUS.

816 2119 873 2194 Β

126 2228 156 2301 ξ
186 2228 278 2286 59.
313 2230 365 2302 1)
395 2228 434 2286 S
465 2231 736 2302 praecipue
775 2232 1013 2300 initiatus,
1059 2230 1298 2287 omnium
1339 2243 1639 2286 consonan-

52 2322 186 2376 tium
217 2332 301 2378 est
325 2321 776 2393 frequentissima.
809 2324 966 2380 Initio
995 2322 1380 2380 vocabulorum
1412 2320 1638 2377 libenter

49 2414 396 2486 coniungitur
426 2431 546 2471 cum
576 2415 629 2484 k,
660 2415 740 2485 kr,
769 2417 806 2483 l,
834 2434 906 2482 m,
933 2434 988 2487 η,
1018 2434 1160 2489 p,pr,
1191 2426 1231 2482 t,
1264 2425 1330 2482 tr,
1359 2424 1414 2470 et
1441 2432 1466 2469 υ
1501 2432 1517 2469 :

125 2511 179 2580 α)
213 2509 369 2565 Initio
391 2525 407 2564 :
433 2527 595 2576 sama,
619 2512 748 2579 sair,
777 2512 937 2576 sauil,
966 2513 1086 2579 sels,
1109 2511 1265 2577 scim,
1294 2511 1461 2577 sibun,
1487 2509 1651 2577 siuks.

48 2619 232 2671 sanus,
282 2602 488 2675 soltjan,
530 2603 763 2673 sltaidan,
833 2605 1077 2672 skreitan,
1141 2604 1346 2668 slahan,
1391 2603 1642 2677 smairpr,

49 2698 252 2766 morio,
286 2695 499 2766 spillon,
530 2706 762 2768 sprauto,
787 2707 868 2751 sta
874 2697 964 2770 ps,
987 2699 1246 2770 straujan,
1271 2714 1438 2765 svers;

119 2788 174 2856 ι)
199 2788 373 2843 Medio
405 2805 419 2841 :
452 2790 650 2860 uasjan,
700 2790 930 2855 laiseins,
963 2791 1203 2860 Itausjon,
1255 2805 1413 2854 mssa,
1447 2789 1638 2854 veison,

46 2879 213 2945 aisan,
247 2879 482 2945 driusan,
515 2879 786 2951 putandi;

117 2971 169 3042 c)
204 2971 338 3028 Fine
369 2988 384 3025 :
409 2974 543 3040 latas,
570 2975 764 3040 armis,
794 2989 939 3040 rans,
964 2989 1094 3040 sues,
1128 2973 1252 3039 reis,
1280 2973 1373 3039 vis,
1401 2971 1516 3038 ltus,
1542 2973 1639 3027 los.

123 3064 182 3133 Ξ)
213 3064 319 3120 Pro
352 3080 527 3136 graeco
553 3088 580 3128 ς
606 3067 920 3138 regulariter
974 3066 1211 3134 ponitur,
1258 3081 1347 3121 ex.
1398 3080 1481 3136 gr.
1513 3081 1528 3120 :
1560 3081 1644 3119 sa-

44 3171 218 3209 Illaﬂa
256 3162 503 3235 Σαμαρία,
534 3160 765 3230 symaion
792 3163 1010 3232 Συμεὼν,
1045 3159 1309 3214 saimaiein
1336 3162 1496 3230 Σεμεὶ,
1542 3157 1640 3210 sei-

42 3265 178 3303 aton
223 3253 408 3322 Σίμων,
442 3253 748 3307 saulaumon
776 3254 1035 3326 Σολομῶν,
1089 3269 1316 3308 susanna
1360 3254 1642 3318 Σουσάννα,

41 3343 183 3398 ioue
232 3346 398 3407 Ἰωσῆ.
445 3347 605 3401 israel
647 3348 871 3428 Ἰσραήλ,
921 3347 1088 3401 kaisar
1150 3357 1361 3424 καῐσαρ,
1394 3347 1645 3398 mambres

42 3438 328 3513 Παμξρῆς,
361 3438 564 3493 maritus
593 3441 826 3515 Μάρκος,
854 3440 1050 3511 paitrtts
1079 3442 1284 3516 Πέτρος,
1313 3448 1417 3492 etc.
1463 3437 1644 3504 Quan-

43 3527 226 3600 doque
256 3531 416 3586 etiam
441 3548 537 3602 pro
559 3537 784 3605 graeco;
818 3551 833 3589 :
864 3533 990 3587 kusa
1010 3539 1199 3598 Χουζᾶ,
1219 3532 1406 3604 αδυιοῇ
1425 3533 1641 3604 ’Δζμὼθ.

117 3622 176 3693 5)
210 3623 255 3680 S
287 3627 428 3680 inter
450 3627 581 3680 duas
611 3628 825 3682 vocales
853 3626 937 3682 vel
965 3625 1194 3696 liquidas
1231 3625 1464 3696 positum
1506 3625 1562 3679 in
1616 3639 1646 3677 z

40 3717 262 3782 transit,
289 3725 344 3772 et
365 3719 608 3788 equidem
641 3737 656 3775 :

111 3813 170 3878 ιι)
202 3811 260 3864 ln
293 3811 776 3882 compositionibus
811 3829 981 3868 :uzon
1009 3813 1076 3868 ab
1127 3827 1369 3879 usoanan,
1400 3817 1543 3864 πικρία
1573 3808 1641 3863 ab

39 3908 247 3959 tis-itan
264 3923 286 3972 ;
311 3909 613 3976 praesertim
642 3916 768 3962 ante
796 3907 1039 3963 enclitica
1065 3923 1118 3976 υ,
1150 3907 1220 3959 uh
1249 3916 1300 3961 ct
1321 3906 1364 3959 ei
1401 3920 1417 3959 :
1461 3903 1641 3959 vileizu

38 3995 177 4053 Luc.
209 4014 287 4066 lx,
319 3999 414 4066 51,
446 4017 546 4054 usu
575 3997 691 4056 Gal.
723 4017 799 4067 ιιι,
831 4001 888 4068 2,
923 4002 976 4065 5,
1004 4000 1138 4070 uzuh
1172 3999 1298 4053 Luc.
1349 4014 1421 4066 vt,
1470 3998 1542 4052 45
1590 4006 1646 4052 et

38 4107 178 4160 saep.
198 4092 357 4146 ἀίειιὴ
375 4092 474 4148 Mc.
507 4109 613 4158 xvr,
633 4095 687 4159 8,
709 4094 905 4162 wazuh,
939 4092 1362 4158 wanzuli,wizuh,
1396 4107 1440 4144 w
1455 4088 1644 4163 :rjizult

38 4185 300 4250 andizuh,
329 4186 530 4254 veizuh,
553 4185 723 4254 juzuh
755 4187 880 4240 Cor.
914 4185 955 4249 1,
989 4201 1062 4250 1v,
1095 4185 1160 4239 10
1182 4183 1371 4254 [)izuh,
1406 4182 1644 4254 panzuh,

42 4278 254 4329 maizuh
273 4277 393 4333 Gal.
419 4294 492 4345 tv,
522 4279 577 4344 9,
602 4277 919 4350 ﬁlippauzuh
943 4279 1070 4333 Luc.
1094 4293 1173 4342 ιιι,
1202 4278 1220 4331 1
1245 4275 1441 4347 ;pizei,
1470 4273 1646 4346 posci,

38 4364 263 4436 parmai,
287 4369 406 4436 izei,
426 4369 605 4441 puzei,
617 4371 991 4441 juzei,zzvizei;
1013 4369 1377 4438 irregulariter
1394 4369 1553 4422 etiam
1585 4368 1640 4423 in

38 4457 332 4528 bijandzuh
346 4461 568 4516 Philem.
584 4460 673 4526 ‘22,
688 4478 716 4516 e
733 4463 1000 4516 contrario
1015 4461 1188 4515 nonin
1207 4476 1322 4513 vasa
1332 4459 1363 4510 It
1382 4458 1509 4513 Mtb.
1528 4475 1639 4526 vm,

37 4549 180 4605 δορί,
195 4566 355 4622 sa:p.,
372 4553 648 4607 sumansuh
663 4554 765 4608 Mc.
781 4570 873 4624 xu,
894 4555 946 4619 5,
963 4553 1343 4625 bidjnndansuh
1356 4551 1482 4606 Mth.
1497 4567 1570 4617 vl,
1587 4553 1636 4606 7.

113 4644 167 4713 b)
211 4643 270 4698 In
301 4644 622 4700 ﬂexionibus
649 4661 662 4698 :
706 4646 874 4699 hatiza
903 4646 1030 4699 Luc.
1060 4660 1139 4710 ιιι,
1170 4644 1201 4696 7
1232 4659 1260 4697 a
1287 4643 1440 4711 hatis,
1479 4643 1644 4714 riqiza

36 4733 176 4790 Luc.
206 4750 248 4801 ι,
284 4737 373 4802 79,
398 4737 574 4807 riqizis
601 4737 754 4791 Rom.
789 4753 904 4802 xm,
929 4737 995 4790 12
1020 4752 1048 4790 a
1077 4737 1220 4806 riqis,
1251 4753 1380 4789 anza
1404 4735 1533 4790 Luc.
1564 4751 1636 4803 vt,

35 4826 225 4888 ΝΛΞ
245 4828 316 4882 ab
343 4844 456 4897 ans,
481 4827 680 4880 haizam
709 4827 863 4883 Joan.
891 4842 1045 4892 xvm,
1072 4827 1106 4881 ὅ
1135 4842 1163 4880 a
1194 4829 1348 4882 huis?
1375 4836 1428 4883 et
1459 4827 1511 4881 in
1539 4842 1636 4882 no-

34 4920 284 4975 minibus
311 4921 538 4991 propriis
565 4922 806 4976 bauauzis
834 4935 862 4974 a
897 4921 1109 4986 bauaus,
1140 4921 1394 4976 iaissaizis
1419 4922 1484 4976 ab
1508 4923 1634 4977 inis-

31 5011 171 5076 δαὶς,
202 5012 388 5065 iosezis
414 5015 481 5067 ab
503 5017 658 5080 ioses,
690 4993 904 5067 mose'zis
932 5028 964 5066 a
992 5029 1154 5067 moses
1179 5029 1198 5080 ;
1231 5029 1338 5069 non
1365 5022 1544 5069 autem
1575 5013 1630 5069 in

31 5104 192 5174 agisa
225 5102 359 5160 Luc.
392 5120 451 5175 ιι,
481 5105 516 5161 9
545 5105 611 5162 ab
647 5106 778 5177 agis,
821 5106 994 5160 rimisa
1043 5103 1232 5161 Thess.
1279 5106 1344 5174 ll,
1388 5123 1466 5174 ιιι,
1507 5107 1576 5162 12
1603 5122 1636 5162 a

27 5211 213 5251 nam.

106 5287 167 5361 ε)
220 5288 281 5344 In
329 5288 790 5347 formationibus:
830 5289 1037 5347 hatizon
1086 5307 1113 5346 a
1170 5293 1322 5358 hatis,
1371 5293 1632 5372 riqizeins,

30 5383 272 5456 riqizjan
299 5397 333 5436 a
357 5384 499 5454 riqis,
526 5386 765 5439 minznan
793 5400 824 5440 a
851 5385 1004 5455 mins,
1033 5385 1198 5440 maiza
1224 5401 1254 5440 a
1283 5386 1431 5440 mais.

111 5476 457 5531 «Aunotatio
491 5476 696 5533 l.—De
718 5477 887 5548 ipsius
901 5475 1165 5548 frequenti
1193 5479 1487 5536 mutatione
1513 5493 1635 5535 cum

33 5585 62 5620 ς
89 5569 211 5624 vid.
251 5567 402 5641 sas,
432 5570 485 5625 δ.
523 5589 544 5624 ι

104 5662 166 5734 4)
204 5663 287 5718 Ex
315 5663 373 5728 ά,
401 5662 471 5735 p,
501 5672 520 5718 t
550 5665 804 5733 nascitur,
837 5674 894 5722 et
915 5664 1163 5737 equidem
1196 5682 1210 5720 :

105 5756 165 5827 α)
199 5756 260 5811 In
293 5745 639 5829 ﬂexionibus,
668 5773 790 5814 cum
814 5758 1023 5816 scilicet
1059 5759 1163 5814 alia
1189 5758 1416 5817 dentalia
1441 5758 1634 5817 imme-

35 5849 182 5907 diate
208 5851 466 5922 sequitur
495 5872 507 5906 :

90 5951 190 6020 aa)
236 5945 295 6000 In
331 5944 372 5998 2
412 5933 636 6016 persona
673 5947 814 6020 sing.
857 5959 1008 6019 praet.
1040 5951 1328 6006 verborum
1370 5949 1585 6006 fortium
1618 5965 1631 6004 :

1386 500 1474 558 DE
1512 459 1964 558 summoue.

3207 495 3314 554 οη

1736 615 1837 672 Mc.
1873 627 1965 681 xu,
1993 609 2063 666 δὲ
2091 611 2208 674 loco
2233 609 2368 683 aapt
2394 625 2424 668 tt
2454 612 2644 684 qipan,
2672 619 2811 668 uarst
2833 611 2988 681 Joan,
3007 626 3083 680 rx,
3107 613 3318 670 Mloco

1735 705 1892 776 varlu
1921 722 1948 758 a
1980 704 2231 777 vairpau,
2258 704 2428 760 bilaist
2451 706 2581 760 Mth.
2611 722 2783 774 xxvn,
2811 706 2882 762 46
2914 708 3035 763 loco
3063 707 3255 779 bilaipt
3284 723 3315 764 a

1737 794 1993 867 bileiban,
2031 796 2249 867 ulsnaist
2287 796 2418 852 Luc.
2478 813 2567 863 xv,
2604 797 2673 854 50
2712 798 2830 854 loco
2867 799 3109 872 ttfsnaipt
3136 800 3205 854 ab
3229 800 3319 870 αῖ·-

1739 885 1986 959 sneipan,
2003 896 2195 959 gastost
2214 888 2367 946 Rom.
2393 904 2452 955 ιι,
2467 890 2538 945 20
2566 889 2684 944 loco
2705 889 2918 962 gastopt
2937 906 2968 946 a
2991 891 3312 963 gastandan,

1735 978 1956 1036 haihaist
1983 980 2122 1036 Tim.
2148 982 2188 1050 l,
2221 997 2296 1049 vr,
2333 983 2394 1036 13
2416 982 2534 1038 loco
2562 983 2779 1037 haihaitt
2808 999 2838 1039 a
2857 984 3054 1041 haitan.

1811 1093 1831 1128 ι
1851 1078 2140 1132 Annotatio
2159 1077 2582 1133 2.--Evid¢‘nter
2609 1077 2915 1134 redundans
2952 1088 3036 1135 est
3061 1079 3116 1134 in
3137 1081 3323 1134 saisost

1736 1167 1865 1223 Luc.
1903 1185 2013 1235 xtx,
2040 1170 2105 1224 21
2142 1170 2259 1226 loco
2279 1172 2442 1225 saisot
2468 1188 2496 1225 a
2528 1173 2705 1237 saian;
2755 1173 2840 1227 hic
2870 1173 3047 1228 forsan
3076 1176 3319 1244 analogia

1738 1269 1828 1320 τοῦ
1855 1273 2046 1335 gastost
2078 1262 2310 1331 inﬂuxit;
2337 1265 2533 1334 aliquid
2575 1266 2752 1321 simile
2779 1268 2942 1321 etiam
2973 1269 3242 1323 imm-nitur
3267 1270 3320 1324 in

1739 1354 2058 1412 formatione
2082 1364 2176 1413 τοῦ
2215 1357 2445 1412 blostreis
2484 1374 2514 1412 a
2543 1359 2739 1426 blotan,
2769 1360 2872 1415 uisi
2911 1362 3079 1415 forma
3113 1362 3324 1416 blosreis

1740 1447 2008 1518 priniitiva
2036 1449 2127 1514 sit,
2168 1450 2222 1504 in
2259 1465 2360 1518 qua
2396 1459 2416 1503 t
2443 1449 2798 1520 euphonicum
2829 1451 2893 1506 ad
2927 1453 3135 1508 litteras
3161 1471 3185 1507 s
3215 1463 3268 1509 et
3295 1468 3324 1507 r

1742 1541 1950 1598 facilius
1974 1544 2370 1598 connectendas
2397 1545 2495 1599 fuit
2523 1545 2820 1600 inductum.
2860 1565 2879 1598 ι

1815 1638 1903 1707 bb)
1936 1639 1994 1694 ln
2024 1638 2297 1709 praeterito
2341 1639 2626 1694 verborum
2677 1639 3048 1709 irregularium
3127 1647 3325 1705 motan,

1743 1733 2026 1804 kaupatjan
2062 1741 2114 1788 et
2141 1734 2311 1801 _vitan,
2351 1749 2469 1804 quae
2506 1733 2759 1803 praeteriti
2793 1733 3222 1789 terminationem
3254 1733 3324 1786 da

1744 1827 1811 1882 ad
1835 1827 2070 1882 radicem
2096 1827 2404 1883 immediate
2423 1829 2586 1898 figunt
2609 1825 2890 1898 (utskulda
2914 1842 2944 1881 a
2965 1826 3168 1896 skulan,
3187 1827 3329 1880 vitda

1745 1937 1775 1978 a
1807 1922 1991 1993 viljan,
2020 1923 2212 1976 munda
2241 1939 2270 1977 a
2290 1920 2528 1993 mumm).
2560 1922 2658 1977 Hic
2684 1921 2827 1976 enim
2856 1923 2912 1978 τὸ
2936 1921 2971 1974 d
3001 1921 3330 1976 terminatio-

1745 2015 1829 2069 nis
1855 2023 2116 2084 proptert
2151 2015 2464 2082 praecedens
2493 2014 2546 2068 iu
2584 2023 2604 2068 t
2640 2015 2831 2069 transit
2871 2013 3019 2086 (coll.
3056 2013 3084 2084 §
3115 2011 3205 2078 51,
3246 2011 3327 2083 5),

1743 2115 1797 2162 et
1817 2106 2009 2162 deinde
2035 2107 2180 2176 prius
2202 2117 2218 2162 t
2241 2107 2292 2162 in
2315 2125 2339 2161 s
2366 2106 2572 2172 incidit,
2593 2121 2658 2162 eo
2680 2107 2874 2161 modo:
2899 2105 3128 2172 mat-da,
3148 2113 3326 2170 motta,

1743 2209 1938 2266 masta;
1965 2201 2278 2272 kaupat-da,
2310 2201 2572 2271 kaupatta,
2599 2200 2870 2272 kaupasta.
2905 2199 2961 2255 In
2990 2200 3129 2254 sitan
3158 2206 3331 2253 muta-

1738 2293 1813 2346 tio
1839 2293 2061 2348 ulterius
2086 2293 2418 2362 extenditur,
2444 2309 2563 2348 cum
2590 2303 2643 2347 et
2674 2293 2937 2363 posterius
2960 2301 2979 2345 t
3004 2287 3331 2362 praecedenti

1736 2401 1762 2440 ι
1784 2386 2110 2441 assimiletur
2140 2401 2155 2440 :
2191 2386 2382 2454 vit-da,
2413 2387 2557 2454 uitta,
2586 2385 2736 2454 vista,
2767 2385 2920 2440 vista.

1824 2481 1875 2552 ὁ)
1901 2481 1955 2536 In
1978 2479 2406 2547 formationibus,
2433 2495 2552 2535 cum
2581 2480 2850 2549 praecipue
2874 2478 3168 2534 verbalium
3205 2479 3333 2534 sub-

1751 2577 2101 2630 stantivorum
2147 2575 2414 2630 dentalem
2454 2583 2508 2629 et
2547 2572 2716 2629 altera
2755 2573 2983 2628 dentalis
3010 2582 3071 2627 ut
3099 2573 3332 2642 elemen-

1751 2676 1862 2721 tum
1889 2667 2219 2722 I’ormationis
2242 2666 2485 2721 vocabuli
2515 2666 2772 2736 sequitur,
2806 2680 2912 2736 quo
2942 2667 2994 2720 in
3021 2681 3169 2733 casu,
3188 2675 3332 2722 utra~

1749 2775 1854 2832 que
1883 2777 1905 2814 s
1927 2756 2122 2815 evadit.
2138 2759 2229 2815 Sic
2250 2774 2310 2815 se
2339 2759 2535 2814 habent
2562 2758 2722 2828 igitur
2741 2768 2872 2812 stass
2897 2773 2926 2811 a
2953 2759 3172 2812 standan
3193 2757 3332 2828 (rad.

1753 2853 1982 2926 εΤΑρ),
2015 2855 2116 2924 qiss
2149 2870 2175 2904 a
2201 2854 2252 2924 qi
2254 2853 2390 2925 pan,
2422 2853 2518 2906 viss
2553 2867 2580 2904 a
2617 2852 2791 2918 t'idan,
2827 2865 3045 2920 prorsus
3074 2864 3130 2905 ut
3158 2849 3334 2922 kunlu

1751 2959 1782 3000 a
1812 2944 2042 3011 kunnan,
2065 2960 2181 3014 qum
2184 2943 2254 3015 ps
2275 2957 2304 2997 a
2327 2941 2521 3013 qiman,
2541 2943 2675 2996 aihts
2697 2942 2766 2998 ab
2781 2943 2953 3012 aigan,
2971 2943 3094 3014 gifts
3109 2958 3136 2996 a
3157 2943 3332 3015 giban,

1751 3047 1857 3095 etc.
1877 3056 1891 3104 ;
1912 3039 2057 3093 vissei
2096 3047 2272 3092 autem
2295 3051 2325 3091 a
2346 3038 2483 3100 vitan
2513 3051 2729 3106 prorsus
2753 3046 2809 3090 ut
2827 3035 3049 3107 baurpei
3074 3051 3104 3090 a
3131 3037 3332 3102 bairan,

1751 3131 1875 3186 dum
1903 3129 2126 3202 stapps,
2151 3131 2203 3201 qi
2207 3129 2345 3202 pps,
2374 3129 2555 3208 vidIJs,
2586 3129 2750 3202 vitjm'
2781 3139 2836 3183 ut
2867 3129 3134 3198 primitiva
3163 3128 3336 3183 forma

1753 3224 2043 3293 spectanda
2075 3234 2179 3292 ρει,
2209 3238 2274 3277 ex
2304 3238 2430 3292 qua,
2461 3222 2666 3278 duabus
2694 3221 2996 3277 dentalibus
3029 3223 3082 3276 in
3111 3221 3334 3277 sibilan-

1755 3314 1896 3369 tibus
1920 3311 2257 3368 commutatis
2291 3321 2345 3368 et
2373 3329 2397 3367 ε
2428 3312 2818 3370 terminationis
2846 3312 3064 3379 reiecto,
3098 3326 3335 3384 praesens

1754 3407 1932 3462 forma
1973 3407 2198 3461 deducta
2229 3414 2330 3461 est.
2361 3404 2543 3462 Latior
2568 3406 2744 3460 adhuc
2773 3405 3002 3461 (lentalis
3031 3406 3082 3459 in
3112 3404 3336 3460 sibilan-

1758 3509 1864 3554 tem
1890 3505 2015 3554 ante
2038 3514 2071 3552 η
2107 3497 2454 3553 commutatio
2482 3497 2642 3551 datur
2668 3497 2721 3551 in
2752 3496 3050 3552 formandis
3076 3495 3336 3552 anabusns

1754 3593 1823 3647 ab
1861 3591 2178 3657 anabiudan,
2225 3592 2451 3646 usbeisns
2491 3591 2559 3646 ab
2601 3590 2864 3644 utbeidan.
2899 3589 3117 3649 Necnon
3143 3591 3335 3648 eodem

1754 3684 1937 3740 forsan
1969 3683 2128 3739 modo
2159 3683 2404 3756 garehsm
2433 3697 2498 3738 ex
2528 3683 2829 3754 garailitjan
2859 3693 3037 3738 ortum
3069 3683 3268 3740 duxit?

1821 3779 1876 3848 5)
1931 3777 2118 3846 Quoad
2158 3777 2507 3846 prolationem
2545 3793 2570 3830 s
2611 3786 2826 3830 acutum
2870 3790 2991 3832 esse
3035 3775 3220 3840 debuit
3279 3787 3334 3834 et

1746 3873 2049 3941 oppositum
2086 3878 2161 3946 τῷ
2199 3886 2248 3938 z,
2293 3868 2431 3940 quod
2475 3879 2587 3925 tum
2617 3867 2922 3939 adhibetur,
2958 3885 3082 3927 cum
3112 3870 3335 3936 sibilans

1747 3963 1975 4019 debilius
2006 3961 2330 4032 proferenda
2352 3969 2454 4017 est.

2509 4073 2574 4143 Ζ

1823 4186 1850 4258 §
1892 4185 1981 4241 55.
2030 4184 2086 4256 1)
2124 4184 2167 4239 Z
2209 4182 2424 4238 initians
2463 4182 2516 4236 in
2559 4180 2724 4236 nullis
2766 4177 2994 4252 gothicis
3032 4178 3332 4247 vocabulis,

1749 4279 2046 4334 terminans
2074 4276 2287 4332 nonnisi
2319 4290 2466 4340 raro,
2491 4284 2544 4329 et
2574 4281 2782 4329 tantum
2811 4286 2908 4343 pro
2934 4287 2961 4326 ,ι
2996 4281 3330 4342 usurpatum,

1752 4371 1950 4441 sacpius
1979 4385 2108 4425 vero
2135 4367 2374 4424 medians
2402 4367 2638 4424 occurrit
2665 4383 2678 4420 :

1823 4462 1878 4535 a)
1916 4462 2164 4516 ltadicale
2193 4462 2244 4515 in
2275 4461 2428 4530 aqizi,
2459 4469 2613 4525 azets,
2643 4459 2849 4532 hazjan,
2876 4461 3042 4528 t'izon,
3065 4468 3202 4527 etc.;

1825 4552 1876 4624 b)
1909 4553 1963 4607 lu
1989 4551 2552 4620 ﬂesionibus,scilicet
2576 4551 2661 4622 aa)
2690 4551 2741 4605 iu
2764 4553 2928 4626 genit.
2948 4552 3335 4623 adjectivorum

1748 4655 1804 4702 et
1845 4645 2241 4715 pronominum,
2283 4651 2340 4698 ut
2376 4646 2658 4716 godaizos,
2701 4647 2932 4718 godaize,
2972 4647 3155 4719 [)izos,
3191 4646 3336 4718 pize,

1744 4748 1850 4795 etc.
1879 4755 1893 4805 ;
1929 4737 2014 4808 bb)
2043 4738 2094 4792 in
2121 4739 2155 4790 2
2185 4752 2408 4806 persona
2443 4737 2580 4808 sing.
2614 4753 2757 4808 pass.
2788 4739 3016 4808 haitaza,
3049 4741 3302 4813 sokjaza;

1817 4831 1866 4902 c)
1903 4831 1959 4884 lu
1992 4830 2397 4884 formationibus
2425 4832 2911 4900 comparativorum
2937 4851 2950 4886 :
2982 4833 3169 4901 batiza,
3194 4836 3331 4889 min-

1743 4923 1880 4988 niza,
1897 4922 2099 4994 juhiza,
2123 4921 2492 4994 framaldroza,
2518 4932 2657 4990 etc.;

1816 5017 1873 5086 ά)
1898 5017 2144 5072 Nascitur
2171 5017 2390 5088 insuper
2418 5034 2485 5073 ex
2511 5035 2557 5085 s,
2585 5027 2644 5073 ut
2674 5018 2808 5074 infra
2835 5018 2894 5090 5)
2924 5019 3156 5089 dicetur;

1818 5107 1866 5179 ε)
1899 5107 2030 5163 Fine
2055 5121 2154 5177 pro
2183 5125 2206 5163 ι
2228 5109 2431 5177 rminz,
2452 5109 2614 5180 riqiz;
2645 5118 2700 5166 et
2724 5112 2883 5167 etiam
2913 5113 3087 5180 mima,
3117 5114 3200 5166 aiz
3233 5127 3332 5186 pro

1747 5201 1920 5268 mims,
1949 5205 2046 5257 ais.

1811 5295 1870 5365 2)
1903 5293 1958 5349 ln
1985 5295 2175 5366 graecis
2204 5296 2480 5353 vocabulis
2506 5305 2561 5354 et
2590 5298 2896 5354 nominibus
2923 5300 3155 5371 propriis
3185 5305 3214 5374 ς
3243 5316 3339 5379 γει-¹

1742 5387 1838 5455 let,
1875 5402 1961 5443 ex.
1985 5404 2066 5458 gr,
2092 5405 2107 5446 :
2129 5389 2450 5444 zaibaidaius
2489 5390 2775 5458 Ζεϐεδατος,
2803 5393 3135 5447 zauraubabit
3174 5405 3332 5470 Ζορο-

1748 5482 1926 5548 ϐάϐελ,
1964 5484 2149 5537 zelotes
2185 5484 2432 5552 ζηλωτής,
2474 5485 2722 5542 nizaikeia
2766 5485 2996 5552 Ἐζεκία,
3048 5489 3332 5560 aileiaizatr

1744 5576 1964 5653 Ἐλιέζερ
1988 5616 2001 5640 ,
2050 5576 2370 5630 baiailzeibul
2407 5579 2730 5646 Βεελζειῗούλ,
2773 5579 3046 5637 kaurazein
3079 5589 3328 5658 Χοραξιν,

1743 5668 1952 5724 laxat-us
1985 5671 2236 5744 Λάζαρος,
2277 5685 2489 5739 azymus
2518 5667 2734 5742 ἅζυμος,
2762 5673 3033 5746 ξηαωι-ιιιρ
3073 5679 3333 5754 Ναζαρέᾂς

1741 5762 2063 5835 quandoque
2079 5763 2243 5817 etiam
2262 5787 2287 5824 ς
2308 5779 2321 5817 :
2341 5763 2727 5834 praizbytaireis
2749 5767 3123 5843 πρεσϐύτερος,
3136 5770 3338 5823 aizleim

1743 5854 1905 5922 Ἐσλὶ,
1929 5855 1980 5908 ai
1987 5871 2071 5908 sor
2096 5856 2316 5930 Ἐσρώρο

1817 5946 1874 6017 '5)
1920 5946 2054 6001 Cum
2083 5964 2108 6000 s
2152 5947 2460 6018 frequenter
2502 5957 2888 6018 commutatur,
2921 5967 2987 6007 ex
3031 5967 3112 6023 gr.
3152 5969 3166 6005 :
3211 5951 3338 6023 riqiz

0 6045 300 6101 malum“
331 6037 465 6096 Luc.
494 6055 602 6109 xlv,
646 6040 717 6095 22
751 6043 869 6100 loco
905 6043 1164 6098 anabaudt
1191 6061 1220 6099 a
1266 6044 1478 6110 biudan,
1523 6052 1638 6115 qast
1679 6037 1713 6134 _'
1747 6041 1880 6100 Mtb.
1913 6041 2107 6110 vt,25;
2136 6041 2292 6100 Joan.
2325 6059 2421 6115 xu,
2453 6045 2563 6113 55;
2591 6045 2732 6118 Eph.
2755 6063 2808 6118 ν,
2833 6047 2867 6104 8
2898 6046 3018 6103 loco
3045 6046 3338 6119 riqis,mins

1665 6147 1702 6189 ἕρ

41 6500 1436 6602 -“’““”
