3960 6340
567 345 670 403 947

547 459 700 531 plura
727 463 852 513 sunt
879 452 1159 518 vocabula,
1183 449 1498 516 inanimata,
1517 448 1888 518 proprietates,
1934 453 2078 500 artes
2106 487 2123 515 ,

546 550 920 607 aﬂectionesve
945 545 1128 612 animi,
1151 554 1282 611 etc.,
1314 539 1689 611 exprimentia,
1713 555 1851 608 quae,
1878 553 1972 606 per
2003 553 2123 606 per-

545 643 975 700 sonilicationem
1003 637 1249 694 omnibus
1276 633 1468 704 linguis
1493 645 1828 687 communem
1873 630 2120 684 masculi-

543 753 617 797 no
672 737 996 794 letniniuove
1024 746 1218 805 genere
1247 729 1438 785 donata
1469 734 1612 791 sunt,
1661 732 1718 780 ut
1749 727 1919 794 bagms
1951 739 2114 780 masc.

555 830 738 896 arbor,
763 827 924 901 ait-pa
943 827 1070 882 fem.
1103 833 1267 890 terra,
1297 821 1442 875 doms
1473 833 1638 873 masc.
1663 815 1944 887 judicium,
1971 833 2120 870 muns

546 936 717 979 masc.
748 920 1034 987 sententia,
1057 914 1289 987 gahugde
1328 911 1454 967 lem.
1497 911 1768 982 cogitatio,
1829 926 1944 964 oens
1989 910 2116 966 lem.

544 1029 695 1086 spes,
719 1022 825 1070 etc.
852 1009 981 1066 Vice
1005 1022 1157 1064 versa
1189 995 1442 1060 nonnu‘lla
1462 1013 1584 1058 sunt
1613 1002 1894 1069 vocabula,
1933 1017 2122 1071 perso-

543 1122 641 1162 nas
665 1101 1035 1176 signiﬁcantia,
1065 1114 1184 1170 qua:
1227 1112 1404 1152 rerum
1429 1112 1619 1167 genus,
1660 1095 1709 1150 id
1741 1105 1843 1160 est,
1877 1103 2123 1150 neutrum

541 1215 654 1272 pra:
670 1213 728 1254 se
740 1197 932 1259 ferunt,
955 1194 1066 1248 sive
1087 1205 1272 1249 eorum
1295 1203 1462 1260 genus
1490 1186 1823 1243 indeﬁnitum
1839 1201 2117 1242 remanere

541 1288 828 1354 voluerint,
841 1284 962 1340 utin
978 1284 1100 1338 barn
1113 1283 1170 1338 τὸ
1182 1280 1394 1342 παιδίον,
1413 1279 1604 1345 iulans,
1621 1294 1806 1351 gaman
1833 1277 1860 1334 ὅ
1881 1279 2114 1346 π).ησὶος,

543 1381 836 1456 proximus,
851 1379 962 1435 sive
976 1393 1070 1448 per
1084 1384 1441 1445 contemptum
1456 1389 1714 1445 personas
1725 1373 1775 1426 in
1793 1387 1970 1427 rerum
1985 1372 2121 1426 clas-

540 1493 653 1534 sem
667 1469 1326 1546 deprimereintenderint,
1361 1467 1484 1523 utin
1508 1466 1653 1540 pavi:
1688 1473 1864 1520 neutr.
1912 1461 2117 1518 manci-

538 1559 1459 1641 pium,gaskalkineutrxonservus.
1479 1558 1635 1614 Aliud
1654 1567 1735 1613 est
1767 1571 1934 1628 genus
1971 1570 2118 1609 com-

536 1678 698 1720 mune
711 1677 806 1732 pro
818 1657 1113 1725 vocabulis,
1125 1655 1483 1728 quaaanimata
1501 1652 1772 1722 utriusque
1800 1651 2010 1720 generis
2024 1666 2118 1706 seu

537 1769 702 1812 sexus
713 1753 1082 1825 exprimuntet
1096 1757 1489 1820 consequenter
1501 1755 1558 1802 ut
1569 1744 1857 1800 masculina
1871 1744 1953 1800 vel
1968 1741 2122 1799 femi-

1567 328 2021 390 GBAMMATICA
2062 327 2388 386 GOTHICE
2432 327 2738 388 ιιΝῦυΔε.

3666 347 3771 403 948

2228 448 2348 500 uina
2363 456 2709 516 usurpantur,
2724 455 2781 502 ut
2795 448 2976 514 asilus,
2988 462 3150 504 masc.
3169 449 3370 514 asinus,
3384 451 3498 508 lem.
3511 458 3661 514 asina.
3679 463 3781 527 Qui

2226 554 2381 595 casus
2398 557 2500 595 non
2516 540 2615 595 nisi
2634 556 2755 595 raro
2772 551 3076 606 occurrunt,
3097 558 3215 596 cum
3228 545 3489 602 ordinario
3505 563 3689 608 mutato
3701 573 3783 625 ge.

2224 647 2353 689 nere
2381 644 2738 690 commutatur
2759 635 2950 702 forma,
2989 646 3043 690 ut
3092 637 3360 693 insva'flrra
3409 658 3562 698 masc.
3611 662 3778 716 socer,

2222 727 2574 783 fem.suaihro
2605 743 2810 795 socrus,
2842 727 2968 802 pius
2999 745 3166 784 masc.
3221 729 3446 787 famulus
3468 778 3482 801 ,
3529 735 3641 793 lem.
3670 739 3782 811 piri

2224 823 2438 891 famula,
2465 841 2643 897 magus
2673 839 2837 879 masc.
2874 839 3028 894 puer,
3055 823 3181 879 ient.
3228 828 3360 880 ηιαυὶ
3407 828 3538 896 (loco
3585 835 3782 905 magri?

2225 915 2448 972 Grintm.
2501 913 2588 981 lll,
2639 916 2790 986 556)
2836 917 3030 987 puella.
3079 915 3202 972 llmc
3254 920 3463 976 aliunde
3505 921 3658 979 iusius
3698 926 3785 983 ubi

2226 1006 2292 1060 de
2323 1005 2641 1062 formatione
2678 1006 3054 1062 vocabulorum
3089 1006 3143 1079 (ς
3181 1008 3280 1064 ΗΞ
3308 1012 3780 1082 δας-ι.)ενοινεηιυτ.

2229 1096 2325 1153 llic
2362 1097 2582 1152 relative
2628 1097 2694 1152 ad
2732 1097 3142 1154 declinationem
3189 1101 3370 1158 dicere
3417 1105 3621 1170 sullieit,
3649 1109 3782 1173 quod

2223 1200 2470 1246 neutrum
2497 1207 2712 1261 semper
2733 1194 3090 1247 accusativum
3117 1192 3310 1248 formet
3367 1198 3677 1252 nominativo
3718 1201 3782 1255 si-

2223 1285 2836 1352 milem,etlemininum
2883 1285 3147 1356 pleniores
3200 1289 3413 1344 vocales
3468 1290 3518 1344 in
3570 1291 3783 1350 ﬂexione

2223 1378 2426 1446 diligat.
2453 1377 2511 1433 In
2536 1377 2809 1435 nonnullis
2832 1389 3005 1433 tamen
3037 1382 3310 1436 vocabulis
3341 1398 3452 1436 sua:
3477 1384 3658 1452 cuique
3697 1401 3781 1454 ge-

2221 1470 2339 1526 neri
2359 1470 2546 1526 dantur
2578 1472 2802 1528 tliversaa
2824 1472 3248 1541 terminationes,
3296 1475 3367 1528 ita
3424 1486 3478 1529 ut
3507 1478 3664 1544 magis
3693 1475 3780 1531 mi.

2227 1577 2391 1618 nusve
2420 1564 2487 1618 sit
2511 1563 2803 1634 dijudicatu
2833 1564 3068 1630 difﬁcile,
3089 1568 3356 1636 quodnam
3387 1554 3678 1637 genushzec
3697 1582 3779 1622 vo-

2227 1651 2412 1709 cabula
2447 1654 2692 1712 habeant.
2719 1653 2835 1711 Jam
2861 1671 2989 1712 vero
3021 1656 3104 1713 hae
3126 1660 3530 1715 terminationes
3555 1671 3671 1715 sunt
3701 1678 3713 1714 τ

1759 1879 1814 1950 1)
1836 1878 1902 1934 In
1924 1879 2260 1936 declinatione
2277 1881 2503 1936 vocalica
2533 1897 2554 1937 :

569 1982 635 2053 α)
670 1981 960 2038 masculina
1002 1997 1017 2035 :
1056 1979 1111 2051 α)
1351 1975 1486 2044 sing.
1633 1985 1778 2026 nom.
1915 1989 1966 2025 σε

2215 1986 2320 2036 ten.
2475 1974 2546 2026 οἱς
2747 1973 2887 2043 plur.
3023 1975 3153 2031 nom
3295 1993 3380 2032 -οε
3396 2017 3414 2043 ,
3475 1997 3480 2002 '
3565 1992 3657 2033 σαι

785 2101 851 2115 ._
1349 2096 1419 2108 -—
1621 2094 1692 2106 -—
1906 2068 2002 2118 -et'8

2215 2095 2263 2104 -
2476 2067 2564 2120 eis
2750 2097 2822 2109 —
3028 2099 3104 2111 -
3311 2075 3416 2144 τίω

782 2193 852 2207 -··
1061 2161 1117 2236 7)
1347 2185 1419 2198 ···’
1628 2183 1700 2195 ⁸-
1911 2155 2001 2226 ’Ϊίε
2195 2184 2267 2196 -·
2476 2158 2570 2227 ’.ἦε
2755 2188 2823 2199 -
3033 2189 3106 2203 -
3324 2165 3426 2234 -jos

781 2289 850 2299 -
1058 2253 1110 2327 ὂ)
1342 2281 1412 2293 --
1623 2277 1694 2291 —
1906 2265 1994 2302 -ιω

2215 2277 2258 2289 -
2466 2267 2586 2305 ,ων
2743 2280 2815 2292 _
3044 2283 3098 2294 _
3315 2258 3430 2326 ,με

783 2378 852 2392 ._
1063 2346 1110 2417 ε)
1338 2373 1410 2385 ..-
1627 2370 1698 2382 -
1911 2356 1999 2395 ,ην

2215 2369 2255 2383 ·’
2481 2361 2548 2398 ἠ
2753 2375 2823 2386 -
3034 2374 3094 2388 ·-
3319 2352 3452 2421 -rjtts

569 2443 622 2515 ὑ)
661 2444 858 2500 Neutra
900 2462 911 2497 :
1059 2442 1114 2512 α)
1339 2437 1476 2507 sing.
1622 2450 1746 2490 nom
1909 2464 1949 2474 -
2191 2449 2315 2504 gen.
2473 2436 2542 2489 -ἰι
2753 2435 2872 2507 plur
3042 2453 3193 2496 nom.
3326 2459 3384 2495 -α

780 2565 851 2575 —-
1062 2531 1120 2604 β)
1342 2555 1414 2569 -
1623 2555 1695 2566 -
1915 2526 1957 2578 -ε

2215 2554 2258 2566 -
2473 2528 2568 2602 iis
2756 2556 2828 2568 —
3041 2559 3111 2572 —
3330 2536 3407 2605 ..θα

774 2656 848 2672 -
1055 2625 1110 2699 γ)
1343 2651 1414 2661 -
1627 2648 1697 2660 -
1919 2635 1980 2673 ἀι

2215 2646 2254 2660 ··’
2475 2619 2573 2674 ὐίε
2764 2647 2836 2660 -
3049 2651 3122 2664 -
3331 2643 3418 2682 ova

775 2750 846 2762 —
1059 2717 1110 2788 δ)
1338 2744 1410 2757 -
1622 2742 1691 2753 -
1915 2729 1978 2766 -ει

2215 2739 2265 2753 ·⁴·
2473 2729 2569 2767 ἀα
2755 2741 2827 2756 -
3039 2745 3110 2758 -
3319 2717 3473 2776 deest

563 2813 630 2886 ο)
671 2811 995 2870 Feminina:
1046 2808 1101 2880 α)
1330 2807 1466 2876 sing.
1612 2818 1756 2858 nom.
1911 2821 1970 2858 -a

2215 2819 2304 2860 en.
2467 2821 2544 2860 -οε
2751 2805 2869 2875 plur
3033 2813 3206 2878 nom;
3311 2827 3398 2866 -οε

769 2935 842 2951 ._
1053 2903 1112 2977 β)
1344 2927 1415 2942 -
1626 2928 1697 2939 -
1907 2898 1951 2952 ,ί

2215 2926 2255 2940 -·
2463 2901 2571 2972 ’ἔοι
2749 2927 2822 2941 -
3033 2930 3105 2942 -—
3315 2907 3420 2976 -jos

775 3031 846 3046 ....
1052 2999 1112 3075 7)
1337 3025 1408 3038 —-
1620 3023 1693 3036 —
1916 3011 1966 3049 -s
2183 3022 2258 3038 —-
2466 2997 2571 3050 «is
2755 3025 2824 3036 —
3041 3023 3110 3036 -—
3325 2999 3423 3053 ~eis

772 3123 844 3136 —
1050 3089 1107 3161 tt)
1342 3115 1413 3128 -
1627 3115 1698 3126 -
1911 3101 1996 3139 -ιω

2215 3113 2262 3126 -
2467 3102 2585 3141 -αιω
2755 3117 2826 3131 -—-
3041 3117 3114 3127 —
3283 3097 3290 3100 ’
3323 3091 3427 3159 jus

770 3217 844 3229 --
1053 3185 1099 3254 ι)
1342 3211 1413 3222 -
1625 3210 1695 3221 -
1903 3193 1991 3232 -ar

2215 3207 2258 3218 -
2468 3197 2548 3236 οη
2754 3211 2824 3224 -·
3031 3216 3100 3228 -
3317 3188 3452 3258 ~rjtts

1693 3273 1752 3344 2)
1775 3271 1841 3326 In
1869 3272 2206 3328 declinatione
2231 3275 2594 3330 consonantiea
2623 3291 2645 3331 :

560 3381 630 3451 α)
667 3376 949 3435 Masculina
989 3394 1004 3432 :
1332 3373 1469 3444 sing.
1617 3385 1760 3426 nom.
1900 3387 1957 3424 -a

2217 3384 2306 3425 en.
2466 3369 2573 3424 -t°ns
2752 3371 2891 3442 plur.
3039 3389 3182 3432 nom.
3321 3391 3449 3430 oens

559 3472 612 3543 ι)
651 3472 845 3527 Neutra
876 3485 890 3522 :
1330 3495 1399 3507 —
1609 3494 1684 3510 .-
1894 3481 1951 3520 ,ο

2215 3495 2249 3507 -
2465 3463 2565 3518 -im
2753 3495 2824 3506 —
3031 3496 3102 3509 -—
3317 3484 3446 3523 oena

560 3564 611 3634 ο)
653 3556 926 3618 Feminina
950 3574 965 3613 :
1334 3583 1404 3598 ——
1619 3587 1689 3598 -.-
1901 3573 1957 3610 ,ο

2215 3587 2258 3597 -
2470 3571 2584 3609 rom
2759 3587 2830 3598 —
3041 3588 3111 3599 —
3319 3577 3442 3614 -ons

735 3681 806 3693 —
1329 3677 1399 3690 —
1613 3677 1682 3687 —
1895 3648 1966 3700 -εἱ

2215 3674 2252 3690 -
2464 3647 2596 3700 ἐίησ
2747 3675 2819 3688 --
3028 3677 3100 3690 —
3312 3651 3455 3706 -εἱηε

596 3773 730 3866 560.
748 3791 1010 3848 Numerus
1025 3803 1119 3859 pro
1134 3785 1475 3843 substantivis
1488 3783 1680 3856 doplex
1696 3793 1776 3839 est
1794 3802 1807 3838 :
1823 3781 2106 3856 singularis

522 3887 728 3942 scilicet
778 3892 834 3940 et
869 3881 1109 3954 pluralis.
1174 3871 1386 3942 Dualis,
1429 3875 1518 3948 qui
1599 3875 1651 3931 ln
1685 3875 2004 3946 pronomine
2051 3885 2105 3932 et

521 3977 687 4034 verbo
717 3976 1001 4046 reperitur,
1035 3974 1086 4027 in
1113 3967 1460 4027 substantivis
1486 3983 1746 4038 nusquam
1779 3968 2030 4022 occurrit.

478 4060 482 4066 ’
592 4069 732 4141 §6L
763 4067 984 4138 Utrique
1007 4079 1233 4121 numero
1262 4063 1496 4134 quinque
1527 4071 1651 4116 sunt
1672 4077 1836 4141 casus
1867 4076 1884 4112 :
1926 4059 2104 4113 nomi-

537 4162 731 4219 nativus
758 4163 983 4228 scilicet,
1028 4159 1323 4225 vocativus,
1384 4156 1744 4220 accusativus,
1808 4137 2020 4208 dativus
2049 4165 2104 4208 et

517 4254 800 4326 genitivus.
832 4245 1001 4308 Casus
1026 4249 1448 4306 instrumentalis
1495 4247 1549 4302 in
1599 4246 1944 4302 substantivis
1995 4259 2104 4298 non

518 4345 766 4415 equidem
796 4343 1082 4407 invenitur,
1110 4337 1204 4396 sed
1234 4337 1288 4394 in
1315 4333 1636 4409 pronomine
1658 4335 1898 4407 quaedam
1947 4334 2105 4404 liquit

517 4437 742 4510 vestigia
769 4437 902 4507 (vid.
927 4435 989 4507 ἧς
1026 4434 1149 4503 108,
1182 4432 1328 4505 HO).
1369 4432 1523 4501 Quod
1561 4431 1608 4486 si
1647 4432 1864 4498 insuper
1889 4429 2103 4500 gotbica

519 4531 759 4598 nomina,
789 4541 847 4584 ut
869 4529 1006 4583 inira
1036 4527 1293 4594 dicemus,
1337 4541 1403 4582 ex
1457 4527 1626 4583 forma
1673 4539 1892 4581 casuum
1920 4525 1972 4579 in
2019 4539 2104 4578 va-

519 4624 627 4679 rias
654 4621 1040 4678 declinationes
1058 4621 1389 4685 ordinantur,
1423 4620 1535 4674 hate
1561 4619 1794 4672 varietas
1855 4616 2104 4672 consistit

519 4718 697 4773 minus
719 4718 772 4772 in
803 4715 1094 4771 mutatione
1125 4715 1558 4770 terminationum
1601 4711 1818 4766 omnino
1864 4709 2100 4765 diversa~

517 4825 657 4875 rum,
676 4823 833 4880 quam
857 4809 910 4862 in
929 4807 1185 4862 varietate
1207 4805 1527 4877 syllabarum
1545 4800 1852 4857 radicalium
1879 4801 1962 4856 vel
2008 4800 2103 4856 de-

516 4901 806 4959 rivatarum
841 4900 976 4954 hanc
1034 4897 1444 4969 praecedentium
1473 4905 1526 4950 et
1566 4895 1618 4948 in
1666 4893 1823 4963 hujus
1853 4892 1904 4947 in
1957 4893 2098 4947 illam

516 4992 738 5049 inﬂuxu.
775 4991 909 5046 Hinc
929 5005 998 5047 ex
1022 4990 1371 5059 sequentibus
1393 4987 1534 5042 notis
1578 4984 1926 5056 dignoscendi
1973 4993 2098 5040 sunt

514 5088 571 5143 in
596 5100 792 5158 genere
817 5097 974 5140 casus
1009 5083 1282 5152 utriusque
1311 5079 1517 5135 numeri
1545 5087 1598 5132 et
1626 5079 1679 5132 in
1709 5077 1956 5133 omnibus
1998 5076 2097 5133 de-

513 5179 916 5234 clinationibus.

585 5271 955 5327 Nominativus
975 5265 1293 5322 terminatur
1315 5265 1370 5318 in
1401 5263 1640 5319 vocalem
1671 5263 1756 5318 vel
1777 5262 1827 5316 iu
1862 5279 1937 5328 οε,
1963 5277 2095 5318 neu-

514 5365 599 5420 tro
622 5365 781 5420 etiam
805 5363 856 5418 in
879 5362 1014 5417 alias
1043 5368 1403 5415 consonantes
1434 5358 1615 5423 ﬂnito;
1645 5357 1922 5411 vocativus
1951 5357 2089 5425 sing.

515 5457 845 5513 nominativo
870 5454 1143 5521 convenit,
1175 5452 1377 5523 rejecto
1410 5459 1615 5504 tantum
1643 5466 1668 5503 ε
1695 5449 1819 5503 huic
1846 5448 2093 5518 proprio;

516 5550 854 5606 accusativus
876 5547 1015 5617 sing.
1048 5547 1101 5602 in
1131 5561 1328 5616 genere
1357 5542 1594 5598 radicem
1626 5541 1868 5596 vocabuli
1899 5541 2097 5596 nudam

515 5642 758 5712 praebet;
801 5640 1008 5694 dativus
1034 5640 1173 5709 sing.
1205 5637 1447 5707 primitus
1475 5633 1789 5690 terminatur
1820 5635 1873 5688 in
1905 5649 1934 5686 a
1958 5649 1977 5698 ;
2003 5647 2095 5703 ge-

515 5733 716 5788 nitivus
759 5732 923 5803 sing.,
955 5731 1010 5786 in
1041 5747 1084 5786 s.
1126 5731 1345 5786 NecnOn
1368 5738 1422 5784 et
1452 5729 1808 5784 nominativus
1836 5737 1892 5782 et
1931 5743 2093 5782 voca-

515 5827 660 5881 tivus
687 5823 827 5894 plur.
859 5836 1026 5877 masc.
1055 5832 1110 5878 et
1141 5821 1268 5878 lem.
1299 5821 1354 5876 in
1378 5839 1424 5888 ε,
1453 5821 1702 5876 neutr.in
1731 5837 1764 5874 α
1790 5819 2086 5875 terminan-

2217 3794 2336 3850 tur;
2367 3784 2700 3840 accusativus
2744 3783 2882 3854 plur.
2912 3785 2964 3838 in
2995 3802 3020 3839 δ
3041 3783 3124 3839 vel
3152 3801 3232 3853 ns,
3263 3794 3442 3841 neutr.
3473 3786 3526 3841 in
3555 3803 3622 3854 a;
3655 3786 3747 3841 dati

2215 3895 2314 3933 vus
2341 3880 2482 3948 plur.
2526 3877 2577 3932 in
2624 3895 2715 3944 m;
2757 3879 3024 3948 genitivus
3055 3879 3190 3949 plur.
3233 3879 3283 3932 in
3313 3894 3474 3934 unam
3519 3881 3760 3950 longarum

2208 3973 2471 4027 vocalium
2501 3987 2526 4026 ε
2559 3972 2644 4026 vel
2675 3988 2726 4028 ο.
2750 3971 2892 4039 Quas
2917 3986 3104 4028 omnes
3137 3970 3544 4028 terminationes
3567 3979 3761 4044 sequens

2210 4064 2390 4119 tabula
2421 4063 2640 4119 exhibet
2669 4079 2682 4117 :

2601 4152 2730 4224 Sing
3111 4150 3259 4209 Plur.

2389 4245 2542 4301 Nom.
2619 4275 2690 4285 —
2711 4286 2726 4313 ,
2755 4261 2779 4299 ε
3159 4263 3204 4312 s,
3336 4247 3537 4318 (neutr.
3567 4245 3616 4319 ti)

2389 4336 2518 4392 Voc.
2621 4365 2690 4378 ——
3130 4346 3209 4405 ἐ,
3338 4339 3541 4410 (neutr.
3561 4339 3614 4411 α)

2386 4431 2517 4487 Acc.
2631 4458 2703 4472 -—
3162 4447 3209 4497 ε,
3238 4445 3318 4499 ns,
3342 4433 3545 4503 (neutr.
3561 4431 3613 4504 a)

2389 4523 2512 4577 Dat.
2589 4569 2603 4580 .
2643 4538 2677 4576 α
2703 4521 2798 4596 (ai,
2829 4522 2920 4594 au)
3157 4539 3210 4577 m

2383 4613 2518 4670 Gen.
2638 4631 2663 4669 ι
3158 4631 3204 4679 e,
3237 4630 3288 4669 ο.

2278 4708 2416 4780 §62.
2440 4707 2520 4764 Ad
2546 4709 2719 4763 varias
2741 4707 3130 4764 declinationes
3149 4707 3472 4763 dividendas
3502 4707 3662 4760 thema
3679 4721 3756 4762 seu

2205 4799 2356 4856 radix
2386 4800 2628 4856 vocabuli
2661 4801 2924 4870 imprimis
2953 4808 3037 4855 est
3062 4799 3419 4856 observanda.
3449 4799 3640 4855 Radice
3656 4812 3754 4852 eam

2206 4891 2431 4946 formam
2471 4891 2788 4948 substantivi
2834 4892 3198 4964 intelligimus,
3262 4907 3384 4963 qua:
3423 4893 3552 4948 licet
3591 4907 3674 4962 per
3709 4904 3756 4945 se

2204 4988 2373 5057 ipsam
2404 4987 2601 5042 nullam
2643 4985 2784 5040 forte
2827 5001 3047 5042 casuum
3095 4985 3524 5056 designationem
3570 4985 3754 5049 habeat,

2203 5096 2304 5136 nec
2358 5081 2408 5134 in
2461 5080 2638 5148 lingua
2659 5079 2830 5149 qualis
2859 5087 2972 5147 est,
2999 5079 3320 5149 generaliter
3345 5077 3566 5144 existat,
3606 5086 3754 5131 tamen

2203 5175 2270 5230 ad
2295 5174 2604 5230 formandos
2631 5187 2806 5240 casus,
2831 5173 2898 5228 ad
2921 5171 3269 5228 evolvendam
3294 5170 3694 5226 declinationem
3711 5177 3752 5223 et

2199 5267 2537 5324 formandum
2585 5265 2899 5322 vocabulum
2927 5265 2998 5321 ita
3029 5264 3502 5321 fundamentaliter
3530 5265 3746 5327 inservit,

2197 5373 2258 5420 ut
2285 5347 2392 5419 non
2423 5363 2594 5418 solum
2625 5376 2811 5416 omnes
2853 5362 3144 5417 existentes
3170 5361 3545 5416 declinationis
3574 5363 3745 5425 format,

2203 5457 2297 5512 sed
2323 5456 2482 5512 etiam
2523 5455 2709 5509 formae
2743 5469 2809 5510 ex
2841 5455 3194 5510 existentibus
3222 5453 3496 5508 vocabulis
3525 5453 3746 5509 derivata:

2202 5548 2268 5603 ad
2297 5549 2430 5602 hanc
2457 5545 2637 5602 reduci
2667 5546 2889 5615 possint.
2921 5547 3087 5613 Quam
3131 5544 3417 5599 radicalem
3448 5545 3663 5599 formam
3701 5541 3744 5596 in

2201 5640 2428 5695 decursu
2459 5637 2634 5710 operis
2667 5639 2858 5693 litteris
2887 5638 3180 5693 uncialibus
3211 5637 3534 5692 notavimus.

2271 5729 2299 5800 §
2330 5730 2419 5783 65.
2450 5728 2746 5783 Declinatio
2775 5728 2829 5783 in
2856 5727 2990 5782 duas
3015 5737 3191 5796 partes
3218 5725 3496 5792 dividitur,
3525 5740 3650 5797 quas
3666 5740 3735 5779 ve-

2197 5832 2338 5876 teres
2379 5837 2406 5875 a
2439 5822 2656 5876 nomine
2685 5821 2752 5877 ad
2796 5819 3116 5891 adjectivutu
3148 5820 3391 5890 proxime
3433 5817 3733 5884 accendenti,
