  <div class='ocr_page' id='page_1' title='image "/cluster/home/n/w/nwhite01/storage/ocr_20150623/18/hvd.32044015471337/482.png"; bbox 0 0 3960 6340; ppageno 0'>
   <div class='ocr_carea' id='block_1_1' title="bbox 148 515 1743 592">
    <p class='ocr_par' dir='ltr' id='par_1_1' title="bbox 148 515 1743 592">
     <span class='ocr_line' id='line_1_1' title="bbox 148 515 1743 592; baseline -0.016 0"><span class='ocrx_word' id='word_1_1' title='bbox 148 535 488 592; x_wconf 66' lang='lat' dir='ltr'><strong>dbstractam</strong></span> <span class='ocrx_word' id='word_1_2' title='bbox 520 537 576 583; x_wconf 91' lang='lat' dir='ltr'><strong>et</strong></span> <span class='ocrx_word' id='word_1_3' title='bbox 617 528 922 581; x_wconf 83' lang='lat' dir='ltr'><strong>concretam</strong></span> <span class='ocrx_word' id='word_1_4' title='bbox 951 535 1044 576; x_wconf 86' lang='lat' dir='ltr'><strong>seu</strong></span> <span class='ocrx_word' id='word_1_5' title='bbox 1069 516 1446 588; x_wconf 86' lang='lat' dir='ltr'><strong>emphaticam,</strong></span> <span class='ocrx_word' id='word_1_6' title='bbox 1479 515 1743 570; x_wconf 84' lang='lat' dir='ltr'><strong>recentio-</strong></span> 
     </span>
    </p>
   </div>
   <div class='ocr_carea' id='block_1_2' title="bbox 147 605 1744 685">
    <p class='ocr_par' dir='ltr' id='par_1_2' title="bbox 147 605 1744 685">
     <span class='ocr_line' id='line_1_2' title="bbox 147 605 1744 685; baseline -0.015 -1"><span class='ocrx_word' id='word_1_7' title='bbox 147 645 246 685; x_wconf 83' lang='lat' dir='ltr'><strong>res</strong></span> <span class='ocrx_word' id='word_1_8' title='bbox 273 641 402 681; x_wconf 85' lang='lat' dir='ltr'><strong>vero</strong></span> <span class='ocrx_word' id='word_1_9' title='bbox 424 625 624 678; x_wconf 82' lang='lat' dir='ltr'><strong>fortem</strong></span> <span class='ocrx_word' id='word_1_10' title='bbox 650 629 704 674; x_wconf 92' lang='lat' dir='ltr'><strong>et</strong></span> <span class='ocrx_word' id='word_1_11' title='bbox 722 617 950 674; x_wconf 76' lang='lat' dir='ltr'><strong>debilem</strong></span> <span class='ocrx_word' id='word_1_12' title='bbox 975 616 1196 669; x_wconf 73' lang='lat' dir='ltr'><strong>turmam</strong></span> <span class='ocrx_word' id='word_1_13' title='bbox 1225 618 1615 680; x_wconf 73' lang='lat' dir='ltr'><strong>nuncuparunt.</strong></span> <span class='ocrx_word' id='word_1_14' title='bbox 1635 605 1744 662; x_wconf 89' lang='lat' dir='ltr'><strong>Sed</strong></span> 
     </span>
    </p>
   </div>
   <div class='ocr_carea' id='block_1_3' title="bbox 148 701 1744 788">
    <p class='ocr_par' dir='ltr' id='par_1_3' title="bbox 148 701 1744 788">
     <span class='ocr_line' id='line_1_3' title="bbox 148 701 1744 788; baseline -0.014 -11"><span class='ocrx_word' id='word_1_15' title='bbox 148 733 385 788; x_wconf 78' lang='lat' dir='ltr'><strong>utraque</strong></span> <span class='ocrx_word' id='word_1_16' title='bbox 414 714 707 786; x_wconf 78' lang='lat' dir='ltr'><strong>appellatio</strong></span> <span class='ocrx_word' id='word_1_17' title='bbox 749 712 869 766; x_wconf 87' lang='lat' dir='ltr'><strong>ideo</strong></span> <span class='ocrx_word' id='word_1_18' title='bbox 900 711 1030 764; x_wconf 80' lang='lat' dir='ltr'><strong>falsa</strong></span> <span class='ocrx_word' id='word_1_19' title='bbox 1059 715 1174 775; x_wconf 90' lang='lat' dir='ltr'><strong>est,</strong></span> <span class='ocrx_word' id='word_1_20' title='bbox 1231 705 1373 776; x_wconf 87' lang='lat' dir='ltr'><strong>quod</strong></span> <span class='ocrx_word' id='word_1_21' title='bbox 1400 704 1547 775; x_wconf 86' lang='lat' dir='ltr'><strong>prior</strong></span> <span class='ocrx_word' id='word_1_22' title='bbox 1575 701 1744 772; x_wconf 71' lang='lat' dir='ltr'><strong>signi-</strong></span> 
     </span>
    </p>
   </div>
   <div class='ocr_carea' id='block_1_4' title="bbox 149 797 1750 875">
    <p class='ocr_par' dir='ltr' id='par_1_4' title="bbox 149 797 1750 875">
     <span class='ocr_line' id='line_1_4' title="bbox 149 797 1750 875; baseline -0.012 -6"><span class='ocrx_word' id='word_1_23' title='bbox 149 815 489 875; x_wconf 61' lang='lat' dir='ltr'><strong>“cntionem,</strong></span> <span class='ocrx_word' id='word_1_24' title='bbox 531 817 588 865; x_wconf 88' lang='lat' dir='ltr'><strong>et</strong></span> <span class='ocrx_word' id='word_1_25' title='bbox 635 822 740 861; x_wconf 91' lang='lat' dir='ltr'><strong>non</strong></span> <span class='ocrx_word' id='word_1_26' title='bbox 772 806 994 859; x_wconf 87' lang='lat' dir='ltr'><strong>turmam</strong></span> <span class='ocrx_word' id='word_1_27' title='bbox 1037 809 1260 872; x_wconf 85' lang='lat' dir='ltr'><strong>spectet,</strong></span> <span class='ocrx_word' id='word_1_28' title='bbox 1304 808 1357 855; x_wconf 87' lang='lat' dir='ltr'><strong>ct</strong></span> <span class='ocrx_word' id='word_1_29' title='bbox 1396 797 1610 853; x_wconf 82' lang='lat' dir='ltr'><strong>aliunde</strong></span> <span class='ocrx_word' id='word_1_30' title='bbox 1648 810 1750 865; x_wconf 79' lang='lat' dir='ltr'><strong>pro</strong></span> 
     </span>
    </p>
   </div>
   <div class='ocr_carea' id='block_1_5' title="bbox 153 889 1750 964">
    <p class='ocr_par' dir='ltr' id='par_1_5' title="bbox 153 889 1750 964">
     <span class='ocr_line' id='line_1_5' title="bbox 153 889 1750 964; baseline -0.016 -1"><span class='ocrx_word' id='word_1_31' title='bbox 153 903 516 964; x_wconf 82' lang='lat' dir='ltr'><strong>substantivis</strong></span> <span class='ocrx_word' id='word_1_32' title='bbox 546 903 655 954; x_wconf 86' lang='lat' dir='ltr'><strong>tere</strong></span> <span class='ocrx_word' id='word_1_33' title='bbox 695 911 800 952; x_wconf 90' lang='lat' dir='ltr'><strong>non</strong></span> <span class='ocrx_word' id='word_1_34' title='bbox 833 895 1034 961; x_wconf 79' lang='lat' dir='ltr'><strong>valeat,</strong></span> <span class='ocrx_word' id='word_1_35' title='bbox 1068 890 1332 962; x_wconf 79' lang='lat' dir='ltr'><strong>posterior</strong></span> <span class='ocrx_word' id='word_1_36' title='bbox 1360 903 1490 944; x_wconf 80' lang='lat' dir='ltr'><strong>vero</strong></span> <span class='ocrx_word' id='word_1_37' title='bbox 1513 889 1566 941; x_wconf 89' lang='lat' dir='ltr'><strong>in</strong></span> <span class='ocrx_word' id='word_1_38' title='bbox 1597 892 1750 941; x_wconf 84' lang='lat' dir='ltr'><strong>erro-</strong></span> 
     </span>
    </p>
   </div>
   <div class='ocr_carea' id='block_1_6' title="bbox 157 979 1752 1057">
    <p class='ocr_par' dir='ltr' id='par_1_6' title="bbox 157 979 1752 1057">
     <span class='ocr_line' id='line_1_6' title="bbox 157 979 1752 1057; baseline -0.015 0"><span class='ocrx_word' id='word_1_39' title='bbox 157 1015 268 1057; x_wconf 85' lang='lat' dir='ltr'><strong>nea</strong></span> <span class='ocrx_word' id='word_1_40' title='bbox 318 994 756 1052; x_wconf 60' lang='lat' dir='ltr'><strong>consideratione</strong></span> <span class='ocrx_word' id='word_1_41' title='bbox 804 991 995 1045; x_wconf 76' lang='lat' dir='ltr'><strong>formte</strong></span> <span class='ocrx_word' id='word_1_42' title='bbox 1046 988 1324 1054; x_wconf 88' lang='lat' dir='ltr'><strong>utriusque</strong></span> <span class='ocrx_word' id='word_1_43' title='bbox 1374 979 1752 1037; x_wconf 71' lang='lat' dir='ltr'><strong>declinationis</strong></span> 
     </span>
    </p>
   </div>
   <div class='ocr_carea' id='block_1_7' title="bbox 158 1075 1752 1150">
    <p class='ocr_par' dir='ltr' id='par_1_7' title="bbox 158 1075 1752 1150">
     <span class='ocr_line' id='line_1_7' title="bbox 158 1075 1752 1150; baseline -0.014 0"><span class='ocrx_word' id='word_1_44' title='bbox 158 1093 442 1150; x_wconf 70' lang='lat' dir='ltr'><strong>innitatur.</strong></span> <span class='ocrx_word' id='word_1_45' title='bbox 483 1087 686 1142; x_wconf 73' lang='lat' dir='ltr'><strong>Verum</strong></span> <span class='ocrx_word' id='word_1_46' title='bbox 712 1085 856 1139; x_wconf 89' lang='lat' dir='ltr'><strong>enim</strong></span> <span class='ocrx_word' id='word_1_47' title='bbox 881 1096 1010 1136; x_wconf 86' lang='lat' dir='ltr'><strong>vero</strong></span> <span class='ocrx_word' id='word_1_48' title='bbox 1038 1080 1156 1134; x_wconf 74' lang='lat' dir='ltr'><strong>dum</strong></span> <span class='ocrx_word' id='word_1_49' title='bbox 1187 1076 1573 1133; x_wconf 77' lang='lat' dir='ltr'><strong>declinationes</strong></span> <span class='ocrx_word' id='word_1_50' title='bbox 1603 1075 1655 1128; x_wconf 92' lang='lat' dir='ltr'><strong>in</strong></span> <span class='ocrx_word' id='word_1_51' title='bbox 1686 1088 1752 1128; x_wconf 87' lang='lat' dir='ltr'><strong>eo</strong></span> 
     </span>
    </p>
   </div>
   <div class='ocr_carea' id='block_1_8' title="bbox 159 1168 1753 1248">
    <p class='ocr_par' dir='ltr' id='par_1_8' title="bbox 159 1168 1753 1248">
     <span class='ocr_line' id='line_1_8' title="bbox 159 1168 1753 1248; baseline -0.015 -3"><span class='ocrx_word' id='word_1_52' title='bbox 159 1189 306 1245; x_wconf 85' lang='lat' dir='ltr'><strong>inter</strong></span> <span class='ocrx_word' id='word_1_53' title='bbox 349 1186 408 1238; x_wconf 82' lang='lat' dir='ltr'><strong>se</strong></span> <span class='ocrx_word' id='word_1_54' title='bbox 454 1183 766 1248; x_wconf 83' lang='lat' dir='ltr'><strong>discrepant</strong></span> <span class='ocrx_word' id='word_1_55' title='bbox 793 1221 808 1244; x_wconf 88' lang='lat'><strong>,</strong></span> <span class='ocrx_word' id='word_1_56' title='bbox 839 1189 946 1232; x_wconf 88' lang='lat' dir='ltr'><strong>non</strong></span> <span class='ocrx_word' id='word_1_57' title='bbox 981 1177 1120 1245; x_wconf 88' lang='lat' dir='ltr'><strong>quod</strong></span> <span class='ocrx_word' id='word_1_58' title='bbox 1148 1173 1338 1228; x_wconf 84' lang='lat' dir='ltr'><strong>debilis</strong></span> <span class='ocrx_word' id='word_1_59' title='bbox 1384 1172 1523 1227; x_wconf 86' lang='lat' dir='ltr'><strong>dicta</strong></span> <span class='ocrx_word' id='word_1_60' title='bbox 1573 1168 1753 1223; x_wconf 87' lang='lat' dir='ltr'><strong>addito</strong></span> 
     </span>
    </p>
   </div>
   <div class='ocr_carea' id='block_1_9' title="bbox 89 1261 1755 1344">
    <p class='ocr_par' dir='ltr' id='par_1_9' title="bbox 89 1261 1755 1344">
     <span class='ocr_line' id='line_1_9' title="bbox 89 1261 1755 1344; baseline -0.011 -9"><span class='ocrx_word' id='word_1_61' title='bbox 89 1339 92 1344; x_wconf 96' lang='lat'><em>_</em></span> <span class='ocrx_word' id='word_1_62' title='bbox 159 1268 573 1334; x_wconf 81' lang='lat' dir='ltr'><strong>accidentaliter</strong></span> <span class='ocrx_word' id='word_1_63' title='bbox 621 1287 654 1324; x_wconf 80' lang='grc' dir='ltr'><strong><em>η</em></strong></span> <span class='ocrx_word' id='word_1_64' title='bbox 706 1269 993 1324; x_wconf 82' lang='lat' dir='ltr'><strong>formativo</strong></span> <span class='ocrx_word' id='word_1_65' title='bbox 1052 1281 1083 1320; x_wconf 87' lang='lat' dir='ltr'><strong>a</strong></span> <span class='ocrx_word' id='word_1_66' title='bbox 1138 1265 1317 1320; x_wconf 82' lang='lat' dir='ltr'><strong>fronte</strong></span> <span class='ocrx_word' id='word_1_67' title='bbox 1385 1261 1755 1318; x_wconf 82' lang='lat' dir='ltr'><strong>declinationis</strong></span> 
     </span>
    </p>
   </div>
   <div class='ocr_carea' id='block_1_10' title="bbox 163 1357 1757 1436">
    <p class='ocr_par' dir='ltr' id='par_1_10' title="bbox 163 1357 1757 1436">
     <span class='ocr_line' id='line_1_10' title="bbox 163 1357 1757 1436; baseline -0.012 -9"><span class='ocrx_word' id='word_1_68' title='bbox 163 1371 374 1433; x_wconf 79' lang='lat' dir='ltr'><strong>evadat,</strong></span> <span class='ocrx_word' id='word_1_69' title='bbox 425 1366 525 1422; x_wconf 88' lang='lat' dir='ltr'><strong>sed</strong></span> <span class='ocrx_word' id='word_1_70' title='bbox 573 1362 716 1436; x_wconf 89' lang='lat' dir='ltr'><strong>quod</strong></span> <span class='ocrx_word' id='word_1_71' title='bbox 765 1360 1013 1418; x_wconf 84' lang='lat' dir='ltr'><strong>radicalis</strong></span> <span class='ocrx_word' id='word_1_72' title='bbox 1065 1357 1235 1413; x_wconf 78' lang='lat' dir='ltr'><strong>forma</strong></span> <span class='ocrx_word' id='word_1_73' title='bbox 1280 1357 1406 1411; x_wconf 85' lang='lat' dir='ltr'><strong>hinc</strong></span> <span class='ocrx_word' id='word_1_74' title='bbox 1449 1371 1540 1424; x_wconf 89' lang='lat' dir='ltr'><strong>per</strong></span> <span class='ocrx_word' id='word_1_75' title='bbox 1599 1369 1757 1409; x_wconf 88' lang='lat' dir='ltr'><strong>voca-</strong></span> 
     </span>
    </p>
   </div>
   <div class='ocr_carea' id='block_1_11' title="bbox 163 1449 1757 1530">
    <p class='ocr_par' dir='ltr' id='par_1_11' title="bbox 163 1449 1757 1530">
     <span class='ocr_line' id='line_1_11' title="bbox 163 1449 1757 1530; baseline -0.011 -10"><span class='ocrx_word' id='word_1_76' title='bbox 163 1468 312 1530; x_wconf 88' lang='lat' dir='ltr'><strong>lem,</strong></span> <span class='ocrx_word' id='word_1_77' title='bbox 359 1461 510 1517; x_wconf 87' lang='lat' dir='ltr'><strong>illinc</strong></span> <span class='ocrx_word' id='word_1_78' title='bbox 572 1473 670 1529; x_wconf 88' lang='lat' dir='ltr'><strong>per</strong></span> <span class='ocrx_word' id='word_1_79' title='bbox 728 1463 1114 1512; x_wconf 81' lang='lat' dir='ltr'><strong>consonantem</strong></span> <span class='ocrx_word' id='word_1_80' title='bbox 1169 1451 1519 1514; x_wconf 88' lang='lat' dir='ltr'><strong>terminetur;</strong></span> <span class='ocrx_word' id='word_1_81' title='bbox 1579 1449 1757 1517; x_wconf 79' lang='lat' dir='ltr'><strong>itaque</strong></span> 
     </span>
    </p>
   </div>
   <div class='ocr_carea' id='block_1_12' title="bbox 165 1545 1756 1626">
    <p class='ocr_par' dir='ltr' id='par_1_12' title="bbox 165 1545 1756 1626">
     <span class='ocr_line' id='line_1_12' title="bbox 165 1545 1756 1626; baseline -0.013 -11"><span class='ocrx_word' id='word_1_82' title='bbox 165 1574 284 1626; x_wconf 71' lang='lat' dir='ltr'><strong>nos,</strong></span> <span class='ocrx_word' id='word_1_83' title='bbox 319 1557 534 1613; x_wconf 81' lang='lat' dir='ltr'><strong>meliori</strong></span> <span class='ocrx_word' id='word_1_84' title='bbox 564 1553 846 1624; x_wconf 82' lang='lat' dir='ltr'><strong>speramus</strong></span> <span class='ocrx_word' id='word_1_85' title='bbox 871 1551 1010 1620; x_wconf 85' lang='lat' dir='ltr'><strong>jure,</strong></span> <span class='ocrx_word' id='word_1_86' title='bbox 1045 1547 1261 1604; x_wconf 87' lang='lat' dir='ltr'><strong>nomine</strong></span> <span class='ocrx_word' id='word_1_87' title='bbox 1290 1545 1530 1600; x_wconf 72' lang='lat' dir='ltr'><strong>vocalius</strong></span> <span class='ocrx_word' id='word_1_88' title='bbox 1553 1551 1606 1597; x_wconf 92' lang='lat' dir='ltr'><strong>et</strong></span> <span class='ocrx_word' id='word_1_89' title='bbox 1631 1558 1756 1596; x_wconf 84' lang='lat' dir='ltr'><strong>con-</strong></span> 
     </span>
    </p>
   </div>
   <div class='ocr_carea' id='block_1_13' title="bbox 166 1637 1756 1709">
    <p class='ocr_par' dir='ltr' id='par_1_13' title="bbox 166 1637 1756 1709">
     <span class='ocr_line' id='line_1_13' title="bbox 166 1637 1756 1709; baseline -0.013 0"><span class='ocrx_word' id='word_1_90' title='bbox 166 1654 446 1709; x_wconf 74' lang='lat' dir='ltr'><strong>sonantiae</strong></span> <span class='ocrx_word' id='word_1_91' title='bbox 478 1651 494 1681; x_wconf 73' lang='grc' dir='ltr'>ί</span> <span class='ocrx_word' id='word_1_92' title='bbox 541 1648 902 1703; x_wconf 76' lang='lat' dir='ltr'><strong>declinationis</strong></span> <span class='ocrx_word' id='word_1_93' title='bbox 953 1659 1045 1700; x_wconf 89' lang='lat' dir='ltr'><strong>eas</strong></span> <span class='ocrx_word' id='word_1_94' title='bbox 1082 1641 1417 1698; x_wconf 82' lang='lat' dir='ltr'><strong>donavimus.</strong></span> <span class='ocrx_word' id='word_1_95' title='bbox 1461 1637 1756 1699; x_wconf 79' lang='lat' dir='ltr'><strong>Posterior,</strong></span> 
     </span>
    </p>
   </div>
   <div class='ocr_carea' id='block_1_14' title="bbox 170 1729 1759 1802">
    <p class='ocr_par' dir='ltr' id='par_1_14' title="bbox 170 1729 1759 1802">
     <span class='ocr_line' id='line_1_14' title="bbox 170 1729 1759 1802; baseline -0.009 -3"><span class='ocrx_word' id='word_1_96' title='bbox 170 1743 560 1799; x_wconf 76' lang='lat' dir='ltr'><strong>Consonalztica</strong></span> <span class='ocrx_word' id='word_1_97' title='bbox 613 1739 868 1802; x_wconf 88' lang='lat' dir='ltr'><strong>scilicet,</strong></span> <span class='ocrx_word' id='word_1_98' title='bbox 932 1751 992 1791; x_wconf 89' lang='lat' dir='ltr'><strong>ea</strong></span> <span class='ocrx_word' id='word_1_99' title='bbox 1045 1733 1306 1791; x_wconf 86' lang='lat' dir='ltr'><strong>vocabula</strong></span> <span class='ocrx_word' id='word_1_100' title='bbox 1351 1729 1759 1801; x_wconf 87' lang='lat' dir='ltr'><strong>comprehendit</strong></span> 
     </span>
    </p>
   </div>
   <div class='ocr_carea' id='block_1_15' title="bbox 171 1823 1761 1908">
    <p class='ocr_par' dir='ltr' id='par_1_15' title="bbox 171 1823 1761 1908">
     <span class='ocr_line' id='line_1_15' title="bbox 171 1823 1761 1908; baseline -0.01 -16"><span class='ocrx_word' id='word_1_101' title='bbox 171 1851 398 1908; x_wconf 78' lang='lat' dir='ltr'><strong>quorum</strong></span> <span class='ocrx_word' id='word_1_102' title='bbox 447 1833 621 1889; x_wconf 76' lang='lat' dir='ltr'><strong>forma</strong></span> <span class='ocrx_word' id='word_1_103' title='bbox 648 1829 896 1888; x_wconf 77' lang='lat' dir='ltr'><strong>radiculis</strong></span> <span class='ocrx_word' id='word_1_104' title='bbox 939 1843 1033 1899; x_wconf 89' lang='lat' dir='ltr'><strong>per</strong></span> <span class='ocrx_word' id='word_1_105' title='bbox 1076 1845 1108 1881; x_wconf 86' lang='grc' dir='ltr'><em>η</em></span> <span class='ocrx_word' id='word_1_106' title='bbox 1139 1829 1204 1882; x_wconf 92' lang='lat' dir='ltr'><strong>ad</strong></span> <span class='ocrx_word' id='word_1_107' title='bbox 1234 1826 1492 1898; x_wconf 82' lang='lat' dir='ltr'><strong>syllabam</strong></span> <span class='ocrx_word' id='word_1_108' title='bbox 1520 1823 1761 1878; x_wconf 79' lang='lat' dir='ltr'><strong>formati-</strong></span> 
     </span>
    </p>
   </div>
   <div class='ocr_carea' id='block_1_16' title="bbox 171 1915 1756 1994">
    <p class='ocr_par' dir='ltr' id='par_1_16' title="bbox 171 1915 1756 1994">
     <span class='ocr_line' id='line_1_16' title="bbox 171 1915 1756 1994; baseline -0.009 -12"><span class='ocrx_word' id='word_1_109' title='bbox 171 1943 291 1982; x_wconf 78' lang='lat' dir='ltr'><strong>vam</strong></span> <span class='ocrx_word' id='word_1_110' title='bbox 316 1927 598 1994; x_wconf 81' lang='lat' dir='ltr'><strong>pertinens</strong></span> <span class='ocrx_word' id='word_1_111' title='bbox 622 1921 958 1979; x_wconf 90' lang='lat' dir='ltr'><strong>concluditur</strong></span> <span class='ocrx_word' id='word_1_112' title='bbox 983 1920 1131 1992; x_wconf 83' lang='lat' dir='ltr'><strong>(coll.</strong></span> <span class='ocrx_word' id='word_1_113' title='bbox 1157 1921 1325 1988; x_wconf 86' lang='lat' dir='ltr'><strong>Bopp.</strong></span> <span class='ocrx_word' id='word_1_114' title='bbox 1345 1915 1756 1987; x_wconf 79' lang='lat' dir='ltr'><strong>Vergl.Gratnm.</strong></span> 
     </span>
    </p>
   </div>
   <div class='ocr_carea' id='block_1_17' title="bbox 174 2007 1761 2090">
    <p class='ocr_par' dir='ltr' id='par_1_17' title="bbox 174 2007 1761 2090">
     <span class='ocr_line' id='line_1_17' title="bbox 174 2007 1761 2090; baseline -0.009 -16"><span class='ocrx_word' id='word_1_115' title='bbox 174 2019 204 2090; x_wconf 60' lang='grc' dir='ltr'><strong>ς</strong></span> <span class='ocrx_word' id='word_1_116' title='bbox 242 2019 367 2083; x_wconf 70' lang='grc'><strong>125,</strong></span> <span class='ocrx_word' id='word_1_117' title='bbox 404 2033 459 2088; x_wconf 92' lang='lat' dir='ltr'><strong>p.</strong></span> <span class='ocrx_word' id='word_1_118' title='bbox 501 2016 674 2085; x_wconf 72' lang='lat'><strong>“9);</strong></span> <span class='ocrx_word' id='word_1_119' title='bbox 707 2015 822 2070; x_wconf 73' lang='lat' dir='ltr'><strong>haec</strong></span> <span class='ocrx_word' id='word_1_120' title='bbox 853 2021 1028 2067; x_wconf 88' lang='lat' dir='ltr'><strong>tamen</strong></span> <span class='ocrx_word' id='word_1_121' title='bbox 1061 2012 1235 2066; x_wconf 89' lang='lat' dir='ltr'><strong>littera</strong></span> <span class='ocrx_word' id='word_1_122' title='bbox 1278 2009 1344 2063; x_wconf 90' lang='lat' dir='ltr'><strong>ad</strong></span> <span class='ocrx_word' id='word_1_123' title='bbox 1389 2007 1761 2063; x_wconf 80' lang='lat' dir='ltr'><strong>formationem</strong></span> 
     </span>
    </p>
   </div>
   <div class='ocr_carea' id='block_1_18' title="bbox 173 2096 1762 2174">
    <p class='ocr_par' dir='ltr' id='par_1_18' title="bbox 173 2096 1762 2174">
     <span class='ocr_line' id='line_1_18' title="bbox 173 2096 1762 2174; baseline -0.011 -8"><span class='ocrx_word' id='word_1_124' title='bbox 173 2111 426 2166; x_wconf 80' lang='lat' dir='ltr'><strong>vocabuli</strong></span> <span class='ocrx_word' id='word_1_125' title='bbox 472 2123 582 2163; x_wconf 92' lang='lat' dir='ltr'><strong>non</strong></span> <span class='ocrx_word' id='word_1_126' title='bbox 628 2106 694 2161; x_wconf 85' lang='lat' dir='ltr'><strong>ad</strong></span> <span class='ocrx_word' id='word_1_127' title='bbox 737 2106 852 2174; x_wconf 84' lang='lat' dir='ltr'><strong>ejus</strong></span> <span class='ocrx_word' id='word_1_128' title='bbox 892 2103 1176 2158; x_wconf 76' lang='lat' dir='ltr'><strong>ﬂexionem</strong></span> <span class='ocrx_word' id='word_1_129' title='bbox 1227 2099 1487 2170; x_wconf 88' lang='lat' dir='ltr'><strong>pertinet;</strong></span> <span class='ocrx_word' id='word_1_130' title='bbox 1521 2096 1606 2151; x_wconf 89' lang='lat' dir='ltr'><strong>hic</strong></span> <span class='ocrx_word' id='word_1_131' title='bbox 1633 2107 1762 2150; x_wconf 89' lang='lat' dir='ltr'><strong>vero</strong></span> 
     </span>
    </p>
   </div>
   <div class='ocr_carea' id='block_1_19' title="bbox 174 2192 1763 2268">
    <p class='ocr_par' dir='ltr' id='par_1_19' title="bbox 174 2192 1763 2268">
     <span class='ocr_line' id='line_1_19' title="bbox 174 2192 1763 2268; baseline -0.011 -9"><span class='ocrx_word' id='word_1_132' title='bbox 174 2219 296 2260; x_wconf 89' lang='lat' dir='ltr'><strong>cum</strong></span> <span class='ocrx_word' id='word_1_133' title='bbox 325 2202 395 2258; x_wconf 90' lang='lat' dir='ltr'><strong>de</strong></span> <span class='ocrx_word' id='word_1_134' title='bbox 437 2199 727 2268; x_wconf 75' lang='lat' dir='ltr'><strong>posteridri</strong></span> <span class='ocrx_word' id='word_1_135' title='bbox 758 2206 960 2252; x_wconf 86' lang='lat' dir='ltr'><strong>tantum</strong></span> <span class='ocrx_word' id='word_1_136' title='bbox 989 2193 1251 2265; x_wconf 75' lang='lat' dir='ltr'><strong>agendum</strong></span> <span class='ocrx_word' id='word_1_137' title='bbox 1282 2192 1562 2255; x_wconf 80' lang='lat' dir='ltr'><strong>habemus,</strong></span> <span class='ocrx_word' id='word_1_138' title='bbox 1604 2201 1763 2243; x_wconf 87' lang='lat' dir='ltr'><strong>voca-</strong></span> 
     </span>
    </p>
   </div>
   <div class='ocr_carea' id='block_1_20' title="bbox 173 2285 1766 2358">
    <p class='ocr_par' dir='ltr' id='par_1_20' title="bbox 173 2285 1766 2358">
     <span class='ocr_line' id='line_1_20' title="bbox 173 2285 1766 2358; baseline -0.013 -5"><span class='ocrx_word' id='word_1_139' title='bbox 173 2296 356 2354; x_wconf 85' lang='lat' dir='ltr'><strong>bulum</strong></span> <span class='ocrx_word' id='word_1_140' title='bbox 387 2309 452 2350; x_wconf 85' lang='lat' dir='ltr'><strong>ea</strong></span> <span class='ocrx_word' id='word_1_141' title='bbox 475 2293 590 2347; x_wconf 89' lang='lat' dir='ltr'><strong>sola</strong></span> <span class='ocrx_word' id='word_1_142' title='bbox 615 2291 786 2346; x_wconf 80' lang='lat' dir='ltr'><strong>forma</strong></span> <span class='ocrx_word' id='word_1_143' title='bbox 810 2288 1073 2353; x_wconf 86' lang='lat' dir='ltr'><strong>indutum,</strong></span> <span class='ocrx_word' id='word_1_144' title='bbox 1096 2301 1199 2358; x_wconf 85' lang='lat' dir='ltr'><strong>qua</strong></span> <span class='ocrx_word' id='word_1_145' title='bbox 1226 2285 1367 2340; x_wconf 89' lang='lat' dir='ltr'><strong>notis</strong></span> <span class='ocrx_word' id='word_1_146' title='bbox 1396 2295 1614 2337; x_wconf 83' lang='lat' dir='ltr'><strong>casuum</strong></span> <span class='ocrx_word' id='word_1_147' title='bbox 1635 2294 1766 2334; x_wconf 79' lang='lat' dir='ltr'><strong>con-</strong></span> 
     </span>
    </p>
   </div>
   <div class='ocr_carea' id='block_1_21' title="bbox 175 2381 911 2458">
    <p class='ocr_par' dir='ltr' id='par_1_21' title="bbox 175 2381 911 2458">
     <span class='ocr_line' id='line_1_21' title="bbox 175 2381 911 2458; baseline -0.015 -12"><span class='ocrx_word' id='word_1_148' title='bbox 175 2391 432 2456; x_wconf 87' lang='lat' dir='ltr'><strong>nectitur,</strong></span> <span class='ocrx_word' id='word_1_149' title='bbox 468 2385 705 2458; x_wconf 89' lang='lat' dir='ltr'><strong>spectari</strong></span> <span class='ocrx_word' id='word_1_150' title='bbox 732 2381 911 2438; x_wconf 88' lang='lat' dir='ltr'><strong>debet.</strong></span> 
     </span>
    </p>
   </div>
   <div class='ocr_carea' id='block_1_22' title="bbox 581 2517 1365 2580">
    <p class='ocr_par' dir='ltr' id='par_1_22' title="bbox 581 2517 1365 2580">
     <span class='ocr_line' id='line_1_22' title="bbox 581 2517 1365 2580; baseline -0.017 0"><span class='ocrx_word' id='word_1_151' title='bbox 581 2528 640 2580; x_wconf 85' lang='lat' dir='ltr'><strong>A.</strong></span> <span class='ocrx_word' id='word_1_152' title='bbox 662 2523 935 2577; x_wconf 76' lang='lat' dir='ltr'><strong>VOCALIA</strong></span> <span class='ocrx_word' id='word_1_153' title='bbox 969 2517 1365 2574; x_wconf 79' lang='lat' dir='ltr'><strong>DECLINATIO.</strong></span> 
     </span>
    </p>
   </div>
   <div class='ocr_carea' id='block_1_23' title="bbox 249 2638 1765 2728">
    <p class='ocr_par' dir='ltr' id='par_1_23' title="bbox 249 2638 1765 2728">
     <span class='ocr_line' id='line_1_23' title="bbox 249 2638 1765 2728; baseline -0.014 -15"><span class='ocrx_word' id='word_1_154' title='bbox 249 2657 275 2728; x_wconf 61' lang='grc' dir='ltr'>ᾗ</span> <span class='ocrx_word' id='word_1_155' title='bbox 303 2656 393 2713; x_wconf 69' lang='grc'>64.</span> <span class='ocrx_word' id='word_1_156' title='bbox 418 2653 670 2709; x_wconf 83' lang='lat' dir='ltr'><strong>Vocalica</strong></span> <span class='ocrx_word' id='word_1_157' title='bbox 687 2648 958 2704; x_wconf 79' lang='lat' dir='ltr'><strong>declinatio</strong></span> <span class='ocrx_word' id='word_1_158' title='bbox 976 2647 1029 2701; x_wconf 90' lang='lat' dir='ltr'><strong>in</strong></span> <span class='ocrx_word' id='word_1_159' title='bbox 1051 2661 1116 2702; x_wconf 91' lang='lat' dir='ltr'><strong>eo</strong></span> <span class='ocrx_word' id='word_1_160' title='bbox 1130 2641 1482 2700; x_wconf 84' lang='lat' dir='ltr'><strong>essentialiter</strong></span> <span class='ocrx_word' id='word_1_161' title='bbox 1497 2638 1765 2706; x_wconf 78' lang='lat' dir='ltr'><strong>consistit,</strong></span> 
     </span>
    </p>
   </div>
   <div class='ocr_carea' id='block_1_24' title="bbox 182 2735 1770 2821">
    <p class='ocr_par' dir='ltr' id='par_1_24' title="bbox 182 2735 1770 2821">
     <span class='ocr_line' id='line_1_24' title="bbox 182 2735 1770 2821; baseline -0.011 -16"><span class='ocrx_word' id='word_1_162' title='bbox 182 2749 320 2821; x_wconf 71' lang='lat' dir='ltr'><strong>quod</strong></span> <span class='ocrx_word' id='word_1_163' title='bbox 353 2752 528 2803; x_wconf 76' lang='lat' dir='ltr'><strong>forma</strong></span> <span class='ocrx_word' id='word_1_164' title='bbox 557 2745 810 2801; x_wconf 86' lang='lat' dir='ltr'><strong>radicalis</strong></span> <span class='ocrx_word' id='word_1_165' title='bbox 839 2741 1219 2798; x_wconf 88' lang='lat' dir='ltr'><strong>vocabulorum</strong></span> <span class='ocrx_word' id='word_1_166' title='bbox 1247 2737 1312 2792; x_wconf 88' lang='lat' dir='ltr'><strong>ad</strong></span> <span class='ocrx_word' id='word_1_167' title='bbox 1336 2737 1474 2791; x_wconf 89' lang='lat' dir='ltr'><strong>hanc</strong></span> <span class='ocrx_word' id='word_1_168' title='bbox 1497 2735 1770 2804; x_wconf 87' lang='lat' dir='ltr'><strong>pertinen-</strong></span> 
     </span>
    </p>
   </div>
   <div class='ocr_carea' id='block_1_25' title="bbox 186 2827 1769 2897">
    <p class='ocr_par' dir='ltr' id='par_1_25' title="bbox 186 2827 1769 2897">
     <span class='ocr_line' id='line_1_25' title="bbox 186 2827 1769 2897; baseline -0.011 0"><span class='ocrx_word' id='word_1_169' title='bbox 186 2844 312 2897; x_wconf 88' lang='lat' dir='ltr'><strong>tium</strong></span> <span class='ocrx_word' id='word_1_170' title='bbox 345 2841 402 2895; x_wconf 91' lang='lat' dir='ltr'><strong>in</strong></span> <span class='ocrx_word' id='word_1_171' title='bbox 431 2839 677 2895; x_wconf 80' lang='lat' dir='ltr'><strong>vocalem</strong></span> <span class='ocrx_word' id='word_1_172' title='bbox 740 2835 1075 2890; x_wconf 82' lang='lat' dir='ltr'><strong>terniinctur.</strong></span> <span class='ocrx_word' id='word_1_173' title='bbox 1125 2832 1243 2887; x_wconf 88' lang='lat' dir='ltr'><strong>Jam</strong></span> <span class='ocrx_word' id='word_1_174' title='bbox 1272 2845 1402 2883; x_wconf 89' lang='lat' dir='ltr'><strong>vero</strong></span> <span class='ocrx_word' id='word_1_175' title='bbox 1429 2827 1484 2881; x_wconf 91' lang='lat' dir='ltr'><strong>in</strong></span> <span class='ocrx_word' id='word_1_176' title='bbox 1515 2827 1769 2881; x_wconf 85' lang='lat' dir='ltr'><strong>termina-</strong></span> 
     </span>
    </p>
   </div>
   <div class='ocr_carea' id='block_1_26' title="bbox 184 2921 1767 2991">
    <p class='ocr_par' dir='ltr' id='par_1_26' title="bbox 184 2921 1767 2991">
     <span class='ocr_line' id='line_1_26' title="bbox 184 2921 1767 2991; baseline -0.012 -1"><span class='ocrx_word' id='word_1_177' title='bbox 184 2935 327 2991; x_wconf 86' lang='lat' dir='ltr'><strong>tione</strong></span> <span class='ocrx_word' id='word_1_178' title='bbox 355 2931 612 2988; x_wconf 84' lang='lat' dir='ltr'><strong>radicaiis</strong></span> <span class='ocrx_word' id='word_1_179' title='bbox 639 2931 829 2984; x_wconf 68' lang='lat' dir='ltr'><strong>forma:</strong></span> <span class='ocrx_word' id='word_1_180' title='bbox 855 2937 964 2982; x_wconf 88' lang='lat' dir='ltr'><strong>tres</strong></span> <span class='ocrx_word' id='word_1_181' title='bbox 991 2933 1194 2980; x_wconf 89' lang='lat' dir='ltr'><strong>tantum</strong></span> <span class='ocrx_word' id='word_1_182' title='bbox 1214 2921 1426 2977; x_wconf 84' lang='lat' dir='ltr'><strong>vocales</strong></span> <span class='ocrx_word' id='word_1_183' title='bbox 1454 2929 1767 2984; x_wconf 88' lang='lat' dir='ltr'><strong>occurrunt,</strong></span> 
     </span>
    </p>
   </div>
   <div class='ocr_carea' id='block_1_27' title="bbox 187 3014 1774 3096">
    <p class='ocr_par' dir='ltr' id='par_1_27' title="bbox 187 3014 1774 3096">
     <span class='ocr_line' id='line_1_27' title="bbox 187 3014 1774 3096; baseline -0.009 -13"><span class='ocrx_word' id='word_1_184' title='bbox 187 3045 237 3096; x_wconf 79' lang='lat' dir='ltr'><strong>tt,</strong></span> <span class='ocrx_word' id='word_1_185' title='bbox 266 3030 284 3083; x_wconf 78' lang='grc' dir='ltr'><strong><em>ἱ</em></strong></span> <span class='ocrx_word' id='word_1_186' title='bbox 307 3037 364 3083; x_wconf 90' lang='lat' dir='ltr'><strong>et</strong></span> <span class='ocrx_word' id='word_1_187' title='bbox 391 3044 449 3094; x_wconf 83' lang='grc' dir='ltr'><strong>ιι,</strong></span> <span class='ocrx_word' id='word_1_188' title='bbox 477 3039 600 3096; x_wconf 74' lang='lat' dir='ltr'><strong>qua:</strong></span> <span class='ocrx_word' id='word_1_189' title='bbox 620 3022 836 3094; x_wconf 85' lang='lat' dir='ltr'><strong>quidem</strong></span> <span class='ocrx_word' id='word_1_190' title='bbox 877 3022 930 3076; x_wconf 91' lang='lat' dir='ltr'><strong>in</strong></span> <span class='ocrx_word' id='word_1_191' title='bbox 958 3019 1313 3074; x_wconf 85' lang='lat' dir='ltr'><strong>declinatione</strong></span> <span class='ocrx_word' id='word_1_192' title='bbox 1342 3015 1516 3070; x_wconf 81' lang='lat' dir='ltr'><strong>varias</strong></span> <span class='ocrx_word' id='word_1_193' title='bbox 1541 3014 1774 3069; x_wconf 87' lang='lat' dir='ltr'><strong>subeunt</strong></span> 
     </span>
    </p>
   </div>
   <div class='ocr_carea' id='block_1_28' title="bbox 187 3107 1768 3183">
    <p class='ocr_par' dir='ltr' id='par_1_28' title="bbox 187 3107 1768 3183">
     <span class='ocr_line' id='line_1_28' title="bbox 187 3107 1768 3183; baseline -0.009 -9"><span class='ocrx_word' id='word_1_194' title='bbox 187 3120 523 3183; x_wconf 75' lang='lat' dir='ltr'><strong>affectiones,</strong></span> <span class='ocrx_word' id='word_1_195' title='bbox 542 3117 660 3172; x_wconf 90' lang='lat' dir='ltr'><strong>sive</strong></span> <span class='ocrx_word' id='word_1_196' title='bbox 687 3113 998 3178; x_wconf 66' lang='lat' dir='ltr'><strong>debilitatae,</strong></span> <span class='ocrx_word' id='word_1_197' title='bbox 1017 3113 1131 3168; x_wconf 88' lang='lat' dir='ltr'><strong>sive</strong></span> <span class='ocrx_word' id='word_1_198' title='bbox 1163 3109 1458 3179; x_wconf 72' lang='lat' dir='ltr'><strong>productae,</strong></span> <span class='ocrx_word' id='word_1_199' title='bbox 1472 3107 1587 3162; x_wconf 81' lang='lat' dir='ltr'><strong>sive</strong></span> <span class='ocrx_word' id='word_1_200' title='bbox 1608 3107 1768 3161; x_wconf 83' lang='lat' dir='ltr'><strong>etiam</strong></span> 
     </span>
    </p>
   </div>
   <div class='ocr_carea' id='block_1_29' title="bbox 191 3201 1768 3283">
    <p class='ocr_par' dir='ltr' id='par_1_29' title="bbox 191 3201 1768 3283">
     <span class='ocr_line' id='line_1_29' title="bbox 191 3201 1768 3283; baseline -0.011 -13"><span class='ocrx_word' id='word_1_201' title='bbox 191 3215 243 3270; x_wconf 90' lang='lat' dir='ltr'><strong>in</strong></span> <span class='ocrx_word' id='word_1_202' title='bbox 272 3212 595 3283; x_wconf 87' lang='lat' dir='ltr'><strong>quibusdam</strong></span> <span class='ocrx_word' id='word_1_203' title='bbox 637 3208 852 3264; x_wconf 89' lang='lat' dir='ltr'><strong>casibus</strong></span> <span class='ocrx_word' id='word_1_204' title='bbox 880 3207 1099 3262; x_wconf 88' lang='lat' dir='ltr'><strong>omnino</strong></span> <span class='ocrx_word' id='word_1_205' title='bbox 1125 3203 1337 3273; x_wconf 67' lang='lat' dir='ltr'><strong>rejects:</strong></span> <span class='ocrx_word' id='word_1_206' title='bbox 1361 3220 1376 3256; x_wconf 90' lang='lat'><strong>:</strong></span> <span class='ocrx_word' id='word_1_207' title='bbox 1402 3219 1434 3255; x_wconf 92' lang='lat' dir='ltr'><strong>a</strong></span> <span class='ocrx_word' id='word_1_208' title='bbox 1453 3201 1768 3270; x_wconf 64' lang='lat' dir='ltr'><strong>saepissime,</strong></span> 
     </span>
    </p>
   </div>
   <div class='ocr_carea' id='block_1_30' title="bbox 191 3285 1774 3370">
    <p class='ocr_par' dir='ltr' id='par_1_30' title="bbox 191 3285 1774 3370">
     <span class='ocr_line' id='line_1_30' title="bbox 191 3285 1774 3370; baseline -0.011 -9"><span class='ocrx_word' id='word_1_209' title='bbox 191 3307 207 3361; x_wconf 88' lang='lat' dir='ltr'><strong>i</strong></span> <span class='ocrx_word' id='word_1_210' title='bbox 247 3307 463 3362; x_wconf 90' lang='lat' dir='ltr'><strong>nonnisi</strong></span> <span class='ocrx_word' id='word_1_211' title='bbox 507 3317 653 3370; x_wconf 89' lang='lat' dir='ltr'><strong>raro,</strong></span> <span class='ocrx_word' id='word_1_212' title='bbox 683 3319 715 3355; x_wconf 90' lang='lat' dir='ltr'><strong>u</strong></span> <span class='ocrx_word' id='word_1_213' title='bbox 743 3309 919 3355; x_wconf 90' lang='lat' dir='ltr'><strong>autem</strong></span> <span class='ocrx_word' id='word_1_214' title='bbox 969 3285 1237 3366; x_wconf 83' lang='lat' dir='ltr'><strong>nunquam</strong></span> <span class='ocrx_word' id='word_1_215' title='bbox 1287 3293 1570 3347; x_wconf 89' lang='lat' dir='ltr'><strong>omittitur.</strong></span> <span class='ocrx_word' id='word_1_216' title='bbox 1622 3289 1774 3344; x_wconf 85' lang='lat' dir='ltr'><strong>Nunc</strong></span> 
     </span>
    </p>
   </div>
   <div class='ocr_carea' id='block_1_31' title="bbox 189 3386 1776 3458">
    <p class='ocr_par' dir='ltr' id='par_1_31' title="bbox 189 3386 1776 3458">
     <span class='ocr_line' id='line_1_31' title="bbox 189 3386 1776 3458; baseline -0.011 -2"><span class='ocrx_word' id='word_1_217' title='bbox 189 3414 313 3458; x_wconf 87' lang='lat' dir='ltr'><strong>vero</strong></span> <span class='ocrx_word' id='word_1_218' title='bbox 356 3401 427 3455; x_wconf 90' lang='lat' dir='ltr'><strong>ad</strong></span> <span class='ocrx_word' id='word_1_219' title='bbox 460 3397 773 3453; x_wconf 80' lang='lat' dir='ltr'><strong>formandos</strong></span> <span class='ocrx_word' id='word_1_220' title='bbox 802 3410 957 3450; x_wconf 85' lang='lat' dir='ltr'><strong>casus</strong></span> <span class='ocrx_word' id='word_1_221' title='bbox 987 3391 1238 3448; x_wconf 67' lang='lat' dir='ltr'><strong>vocalicaa</strong></span> <span class='ocrx_word' id='word_1_222' title='bbox 1280 3386 1648 3444; x_wconf 87' lang='lat' dir='ltr'><strong>declinationis</strong></span> <span class='ocrx_word' id='word_1_223' title='bbox 1691 3399 1776 3440; x_wconf 88' lang='lat' dir='ltr'><strong>se-</strong></span> 
     </span>
    </p>
   </div>
   <div class='ocr_carea' id='block_1_32' title="bbox 193 3488 1010 3568">
    <p class='ocr_par' dir='ltr' id='par_1_32' title="bbox 193 3488 1010 3568">
     <span class='ocr_line' id='line_1_32' title="bbox 193 3488 1010 3568; baseline -0.012 -16"><span class='ocrx_word' id='word_1_224' title='bbox 193 3504 416 3568; x_wconf 83' lang='lat' dir='ltr'><strong>quentes</strong></span> <span class='ocrx_word' id='word_1_225' title='bbox 444 3491 744 3547; x_wconf 84' lang='lat' dir='ltr'><strong>inserviant</strong></span> <span class='ocrx_word' id='word_1_226' title='bbox 771 3488 969 3560; x_wconf 66' lang='lat' dir='ltr'><strong>regula:</strong></span> <span class='ocrx_word' id='word_1_227' title='bbox 995 3504 1010 3541; x_wconf 90' lang='lat'><strong>:</strong></span> 
     </span>
    </p>
   </div>
   <div class='ocr_carea' id='block_1_33' title="bbox 260 3572 1777 3658">
    <p class='ocr_par' dir='ltr' id='par_1_33' title="bbox 260 3572 1777 3658">
     <span class='ocr_line' id='line_1_33' title="bbox 260 3572 1777 3658; baseline -0.013 -13"><span class='ocrx_word' id='word_1_228' title='bbox 260 3591 315 3658; x_wconf 79' lang='grc'><strong>1)</strong></span> <span class='ocrx_word' id='word_1_229' title='bbox 338 3587 715 3643; x_wconf 83' lang='lat' dir='ltr'><strong>Nominativus</strong></span> <span class='ocrx_word' id='word_1_230' title='bbox 740 3579 943 3650; x_wconf 69' lang='lat' dir='ltr'><strong>sing.in</strong></span> <span class='ocrx_word' id='word_1_231' title='bbox 963 3586 1132 3633; x_wconf 87' lang='lat' dir='ltr'><strong>masc.</strong></span> <span class='ocrx_word' id='word_1_232' title='bbox 1160 3585 1214 3632; x_wconf 91' lang='lat' dir='ltr'><strong>et</strong></span> <span class='ocrx_word' id='word_1_233' title='bbox 1241 3576 1365 3630; x_wconf 81' lang='lat' dir='ltr'><strong>fem.</strong></span> <span class='ocrx_word' id='word_1_234' title='bbox 1393 3573 1458 3628; x_wconf 91' lang='lat' dir='ltr'><strong>ad</strong></span> <span class='ocrx_word' id='word_1_235' title='bbox 1491 3572 1777 3628; x_wconf 78' lang='lat' dir='ltr'><strong>radicaletn</strong></span> 
     </span>
    </p>
   </div>
   <div class='ocr_carea' id='block_1_34' title="bbox 198 3670 1780 3742">
    <p class='ocr_par' dir='ltr' id='par_1_34' title="bbox 198 3670 1780 3742">
     <span class='ocr_line' id='line_1_34' title="bbox 198 3670 1780 3742; baseline -0.011 -4"><span class='ocrx_word' id='word_1_236' title='bbox 198 3683 422 3738; x_wconf 75' lang='lat' dir='ltr'><strong>formam</strong></span> <span class='ocrx_word' id='word_1_237' title='bbox 468 3697 492 3735; x_wconf 73' lang='grc' dir='ltr'><em>ε</em></span> <span class='ocrx_word' id='word_1_238' title='bbox 538 3679 708 3742; x_wconf 89' lang='lat' dir='ltr'><strong>addit,</strong></span> <span class='ocrx_word' id='word_1_239' title='bbox 748 3677 876 3730; x_wconf 89' lang='lat' dir='ltr'><strong>dum</strong></span> <span class='ocrx_word' id='word_1_240' title='bbox 922 3673 1144 3738; x_wconf 79' lang='lat' dir='ltr'><strong>vocalis,</strong></span> <span class='ocrx_word' id='word_1_241' title='bbox 1177 3671 1225 3726; x_wconf 92' lang='lat' dir='ltr'><strong>si</strong></span> <span class='ocrx_word' id='word_1_242' title='bbox 1274 3687 1308 3723; x_wconf 77' lang='grc' dir='ltr'><strong>ιι</strong></span> <span class='ocrx_word' id='word_1_243' title='bbox 1351 3679 1450 3734; x_wconf 87' lang='lat' dir='ltr'><strong>est,</strong></span> <span class='ocrx_word' id='word_1_244' title='bbox 1502 3670 1780 3722; x_wconf 87' lang='lat' dir='ltr'><strong>immutata</strong></span> 
     </span>
    </p>
   </div>
   <div class='ocr_carea' id='block_1_35' title="bbox 200 3763 1780 3840">
    <p class='ocr_par' dir='ltr' id='par_1_35' title="bbox 200 3763 1780 3840">
     <span class='ocr_line' id='line_1_35' title="bbox 200 3763 1780 3840; baseline -0.011 -9"><span class='ocrx_word' id='word_1_245' title='bbox 200 3774 513 3839; x_wconf 84' lang='lat' dir='ltr'><strong>remanet,si</strong></span> <span class='ocrx_word' id='word_1_246' title='bbox 553 3773 570 3826; x_wconf 81' lang='grc' dir='ltr'><strong><em>ἰ</em></strong></span> <span class='ocrx_word' id='word_1_247' title='bbox 599 3770 859 3840; x_wconf 89' lang='lat' dir='ltr'><strong>rejicitur,</strong></span> <span class='ocrx_word' id='word_1_248' title='bbox 881 3767 923 3822; x_wconf 91' lang='lat' dir='ltr'><strong>si</strong></span> <span class='ocrx_word' id='word_1_249' title='bbox 949 3768 1159 3821; x_wconf 88' lang='lat' dir='ltr'><strong>tandem</strong></span> <span class='ocrx_word' id='word_1_250' title='bbox 1182 3782 1233 3831; x_wconf 91' lang='lat' dir='ltr'><strong>a,</strong></span> <span class='ocrx_word' id='word_1_251' title='bbox 1259 3774 1367 3818; x_wconf 88' lang='lat' dir='ltr'><strong>tum</strong></span> <span class='ocrx_word' id='word_1_252' title='bbox 1390 3763 1648 3833; x_wconf 89' lang='lat' dir='ltr'><strong>rcjicitur,</strong></span> <span class='ocrx_word' id='word_1_253' title='bbox 1668 3769 1780 3815; x_wconf 88' lang='lat' dir='ltr'><strong>tum</strong></span> 
     </span>
    </p>
   </div>
   <div class='ocr_carea' id='block_1_36' title="bbox 201 3855 1785 3923">
    <p class='ocr_par' dir='ltr' id='par_1_36' title="bbox 201 3855 1785 3923">
     <span class='ocr_line' id='line_1_36' title="bbox 201 3855 1785 3923; baseline -0.01 0"><span class='ocrx_word' id='word_1_254' title='bbox 201 3868 252 3923; x_wconf 92' lang='lat' dir='ltr'><strong>in</strong></span> <span class='ocrx_word' id='word_1_255' title='bbox 293 3870 308 3920; x_wconf 88' lang='lat' dir='ltr'><strong>i</strong></span> <span class='ocrx_word' id='word_1_256' title='bbox 350 3866 682 3922; x_wconf 72' lang='lat' dir='ltr'><strong>debilitatur.</strong></span> <span class='ocrx_word' id='word_1_257' title='bbox 729 3859 1065 3915; x_wconf 79' lang='lat' dir='ltr'><strong>Femininutn</strong></span> <span class='ocrx_word' id='word_1_258' title='bbox 1095 3867 1295 3912; x_wconf 86' lang='lat' dir='ltr'><strong>tantum</strong></span> <span class='ocrx_word' id='word_1_259' title='bbox 1324 3856 1483 3910; x_wconf 86' lang='lat' dir='ltr'><strong>modo</strong></span> <span class='ocrx_word' id='word_1_260' title='bbox 1513 3855 1648 3908; x_wconf 86' lang='lat' dir='ltr'><strong>hanc</strong></span> <span class='ocrx_word' id='word_1_261' title='bbox 1677 3867 1785 3908; x_wconf 83' lang='lat' dir='ltr'><strong>ser-</strong></span> 
     </span>
    </p>
   </div>
   <div class='ocr_carea' id='block_1_37' title="bbox 203 3949 1786 4029">
    <p class='ocr_par' dir='ltr' id='par_1_37' title="bbox 203 3949 1786 4029">
     <span class='ocr_line' id='line_1_37' title="bbox 203 3949 1786 4029; baseline -0.008 -14"><span class='ocrx_word' id='word_1_262' title='bbox 203 3971 306 4029; x_wconf 87' lang='lat' dir='ltr'><strong>vat,</strong></span> <span class='ocrx_word' id='word_1_263' title='bbox 321 3978 354 4014; x_wconf 89' lang='grc' dir='ltr'><em>η</em></span> <span class='ocrx_word' id='word_1_264' title='bbox 372 3957 768 4014; x_wconf 71' lang='lat' dir='ltr'><strong>terminationis</strong></span> <span class='ocrx_word' id='word_1_265' title='bbox 790 3969 895 4009; x_wconf 90' lang='lat' dir='ltr'><strong>non</strong></span> <span class='ocrx_word' id='word_1_266' title='bbox 917 3963 1159 4022; x_wconf 89' lang='lat' dir='ltr'><strong>accepto.</strong></span> <span class='ocrx_word' id='word_1_267' title='bbox 1180 3949 1434 4005; x_wconf 80' lang='lat' dir='ltr'><strong>Neutrum</strong></span> <span class='ocrx_word' id='word_1_268' title='bbox 1459 3949 1600 4002; x_wconf 88' lang='lat' dir='ltr'><strong>idem</strong></span> <span class='ocrx_word' id='word_1_269' title='bbox 1625 3951 1786 4015; x_wconf 73' lang='lat' dir='ltr'><strong>atque</strong></span> 
     </span>
    </p>
   </div>
   <div class='ocr_carea' id='block_1_38' title="bbox 207 4041 1785 4117">
    <p class='ocr_par' dir='ltr' id='par_1_38' title="bbox 207 4041 1785 4117">
     <span class='ocr_line' id='line_1_38' title="bbox 207 4041 1785 4117; baseline -0.008 -9"><span class='ocrx_word' id='word_1_270' title='bbox 207 4055 552 4109; x_wconf 82' lang='lat' dir='ltr'><strong>masculinum</strong></span> <span class='ocrx_word' id='word_1_271' title='bbox 582 4066 644 4106; x_wconf 89' lang='lat' dir='ltr'><strong>se</strong></span> <span class='ocrx_word' id='word_1_272' title='bbox 674 4047 869 4115; x_wconf 86' lang='lat' dir='ltr'><strong>habet,</strong></span> <span class='ocrx_word' id='word_1_273' title='bbox 902 4055 1122 4117; x_wconf 85' lang='lat' dir='ltr'><strong>excepto</strong></span> <span class='ocrx_word' id='word_1_274' title='bbox 1150 4044 1290 4117; x_wconf 80' lang='lat' dir='ltr'><strong>quod</strong></span> <span class='ocrx_word' id='word_1_275' title='bbox 1320 4059 1344 4098; x_wconf 74' lang='grc' dir='ltr'><strong><em>ε</em></strong></span> <span class='ocrx_word' id='word_1_276' title='bbox 1391 4041 1785 4100; x_wconf 84' lang='lat' dir='ltr'><strong>terminalioni&#39;s</strong></span> 
     </span>
    </p>
   </div>
   <div class='ocr_carea' id='block_1_39' title="bbox 207 4147 529 4216">
    <p class='ocr_par' dir='ltr' id='par_1_39' title="bbox 207 4147 529 4216">
     <span class='ocr_line' id='line_1_39' title="bbox 207 4147 529 4216; baseline -0.009 -14"><span class='ocrx_word' id='word_1_277' title='bbox 207 4162 307 4202; x_wconf 92' lang='lat' dir='ltr'><strong>non</strong></span> <span class='ocrx_word' id='word_1_278' title='bbox 334 4147 529 4216; x_wconf 89' lang='lat' dir='ltr'><strong>capiat.</strong></span> 
     </span>
    </p>
   </div>
   <div class='ocr_carea' id='block_1_40' title="bbox 271 4228 1790 4308">
    <p class='ocr_par' dir='ltr' id='par_1_40' title="bbox 271 4228 1790 4308">
     <span class='ocr_line' id='line_1_40' title="bbox 271 4228 1790 4308; baseline -0.006 -15"><span class='ocrx_word' id='word_1_279' title='bbox 271 4238 330 4308; x_wconf 74' lang='lat'><strong>2)</strong></span> <span class='ocrx_word' id='word_1_280' title='bbox 361 4235 713 4292; x_wconf 87' lang='lat' dir='ltr'><strong>Accusativus</strong></span> <span class='ocrx_word' id='word_1_281' title='bbox 743 4239 795 4289; x_wconf 90' lang='lat' dir='ltr'><strong>et</strong></span> <span class='ocrx_word' id='word_1_282' title='bbox 827 4234 1102 4288; x_wconf 78' lang='lat' dir='ltr'><strong>vocativus</strong></span> <span class='ocrx_word' id='word_1_283' title='bbox 1131 4231 1269 4302; x_wconf 81' lang='lat' dir='ltr'><strong>sing.</strong></span> <span class='ocrx_word' id='word_1_284' title='bbox 1304 4228 1632 4285; x_wconf 86' lang='lat' dir='ltr'><strong>nominativo</strong></span> <span class='ocrx_word' id='word_1_285' title='bbox 1660 4241 1790 4284; x_wconf 87' lang='lat' dir='ltr'><strong>con-</strong></span> 
     </span>
    </p>
   </div>
   <div class='ocr_carea' id='block_1_41' title="bbox 210 4329 896 4404">
    <p class='ocr_par' dir='ltr' id='par_1_41' title="bbox 210 4329 896 4404">
     <span class='ocr_line' id='line_1_41' title="bbox 210 4329 896 4404; baseline -0.009 -16"><span class='ocrx_word' id='word_1_286' title='bbox 210 4341 416 4404; x_wconf 74' lang='lat' dir='ltr'><strong>gruunt,</strong></span> <span class='ocrx_word' id='word_1_287' title='bbox 441 4349 468 4385; x_wconf 72' lang='grc' dir='ltr'><strong>δ</strong></span> <span class='ocrx_word' id='word_1_288' title='bbox 498 4331 646 4385; x_wconf 89' lang='lat' dir='ltr'><strong>ﬁnali</strong></span> <span class='ocrx_word' id='word_1_289' title='bbox 675 4329 896 4398; x_wconf 87' lang='lat' dir='ltr'><strong>rejecto.</strong></span> 
     </span>
    </p>
   </div>
   <div class='ocr_carea' id='block_1_42' title="bbox 276 4382 1850 4494">
    <p class='ocr_par' dir='ltr' id='par_1_42' title="bbox 276 4382 1850 4494">
     <span class='ocr_line' id='line_1_42' title="bbox 276 4382 1850 4494; baseline -0.006 -17"><span class='ocrx_word' id='word_1_290' title='bbox 276 4425 328 4494; x_wconf 78' lang='grc'><strong>5)</strong></span> <span class='ocrx_word' id='word_1_291' title='bbox 361 4423 586 4478; x_wconf 83' lang='lat' dir='ltr'><strong>Dativus</strong></span> <span class='ocrx_word' id='word_1_292' title='bbox 612 4382 752 4489; x_wconf 55' lang='lat' dir='ltr'><strong>sing:</strong></span> <span class='ocrx_word' id='word_1_293' title='bbox 782 4436 815 4473; x_wconf 80' lang='lat' dir='ltr'><strong>tt</strong></span> <span class='ocrx_word' id='word_1_294' title='bbox 856 4417 924 4473; x_wconf 90' lang='lat' dir='ltr'><strong>ad</strong></span> <span class='ocrx_word' id='word_1_295' title='bbox 967 4415 1401 4472; x_wconf 88' lang='lat' dir='ltr'><strong>terminationem</strong></span> <span class='ocrx_word' id='word_1_296' title='bbox 1442 4413 1602 4470; x_wconf 80' lang='lat' dir='ltr'><strong>afﬁxo</strong></span> <span class='ocrx_word' id='word_1_297' title='bbox 1632 4412 1793 4468; x_wconf 78' lang='lat' dir='ltr'><strong>eﬁor-</strong></span> <span class='ocrx_word' id='word_1_298' title='bbox 1846 4382 1850 4453; x_wconf 51' lang='grc' dir='ltr'><strong><em>ί</em></strong></span> 
     </span>
    </p>
   </div>
   <div class='ocr_carea' id='block_1_43' title="bbox 215 4507 1795 4580">
    <p class='ocr_par' dir='ltr' id='par_1_43' title="bbox 215 4507 1795 4580">
     <span class='ocr_line' id='line_1_43' title="bbox 215 4507 1795 4580; baseline -0.008 -8"><span class='ocrx_word' id='word_1_299' title='bbox 215 4525 404 4572; x_wconf 81' lang='lat' dir='ltr'><strong>matur.</strong></span> <span class='ocrx_word' id='word_1_300' title='bbox 435 4515 572 4570; x_wconf 80' lang='lat' dir='ltr'><strong>Hinc</strong></span> <span class='ocrx_word' id='word_1_301' title='bbox 595 4515 652 4567; x_wconf 84' lang='lat' dir='ltr'><strong>in</strong></span> <span class='ocrx_word' id='word_1_302' title='bbox 691 4511 868 4567; x_wconf 77' lang='lat' dir='ltr'><strong>verbis</strong></span> <span class='ocrx_word' id='word_1_303' title='bbox 892 4523 1118 4580; x_wconf 85' lang='lat' dir='ltr'><strong>quorum</strong></span> <span class='ocrx_word' id='word_1_304' title='bbox 1160 4507 1409 4563; x_wconf 69' lang='lat' dir='ltr'><strong>radiculis</strong></span> <span class='ocrx_word' id='word_1_305' title='bbox 1441 4507 1609 4564; x_wconf 85' lang='lat' dir='ltr'><strong>forma</strong></span> <span class='ocrx_word' id='word_1_306' title='bbox 1640 4521 1735 4575; x_wconf 89' lang='lat' dir='ltr'><strong>per</strong></span> <span class='ocrx_word' id='word_1_307' title='bbox 1763 4523 1795 4560; x_wconf 90' lang='lat' dir='ltr'><strong>a</strong></span> 
     </span>
    </p>
   </div>
   <div class='ocr_carea' id='block_1_44' title="bbox 214 4597 1793 4672">
    <p class='ocr_par' dir='ltr' id='par_1_44' title="bbox 214 4597 1793 4672">
     <span class='ocr_line' id='line_1_44' title="bbox 214 4597 1793 4672; baseline -0.005 -10"><span class='ocrx_word' id='word_1_308' title='bbox 214 4610 544 4672; x_wconf 86' lang='lat' dir='ltr'><strong>terminatur,</strong></span> <span class='ocrx_word' id='word_1_309' title='bbox 573 4604 699 4660; x_wconf 83' lang='lat' dir='ltr'><strong>huic</strong></span> <span class='ocrx_word' id='word_1_310' title='bbox 738 4602 922 4658; x_wconf 68' lang='lat' dir='ltr'><strong>formae</strong></span> <span class='ocrx_word' id='word_1_311' title='bbox 941 4600 1223 4665; x_wconf 85' lang='lat' dir='ltr'><strong>convenit;</strong></span> <span class='ocrx_word' id='word_1_312' title='bbox 1255 4602 1298 4654; x_wconf 89' lang='lat' dir='ltr'><strong>si</strong></span> <span class='ocrx_word' id='word_1_313' title='bbox 1328 4615 1455 4655; x_wconf 91' lang='lat' dir='ltr'><strong>vero</strong></span> <span class='ocrx_word' id='word_1_314' title='bbox 1483 4615 1578 4670; x_wconf 90' lang='lat' dir='ltr'><strong>per</strong></span> <span class='ocrx_word' id='word_1_315' title='bbox 1607 4599 1647 4666; x_wconf 73' lang='grc' dir='ltr'><strong>ὅ,</strong></span> <span class='ocrx_word' id='word_1_316' title='bbox 1677 4597 1793 4654; x_wconf 56' lang='lat' dir='ltr'><strong>haec</strong></span> 
     </span>
    </p>
   </div>
   <div class='ocr_carea' id='block_1_45' title="bbox 213 4692 1796 4760">
    <p class='ocr_par' dir='ltr' id='par_1_45' title="bbox 213 4692 1796 4760">
     <span class='ocr_line' id='line_1_45' title="bbox 213 4692 1796 4760; baseline -0.008 -2"><span class='ocrx_word' id='word_1_317' title='bbox 213 4702 406 4758; x_wconf 85' lang='lat' dir='ltr'><strong>vocalis</strong></span> <span class='ocrx_word' id='word_1_318' title='bbox 433 4701 491 4756; x_wconf 91' lang='lat' dir='ltr'><strong>in</strong></span> <span class='ocrx_word' id='word_1_319' title='bbox 513 4713 685 4755; x_wconf 83' lang='lat' dir='ltr'><strong>masc.</strong></span> <span class='ocrx_word' id='word_1_320' title='bbox 714 4713 746 4753; x_wconf 88' lang='lat' dir='ltr'><strong>a</strong></span> <span class='ocrx_word' id='word_1_321' title='bbox 767 4697 886 4752; x_wconf 90' lang='lat' dir='ltr'><strong>loco</strong></span> <span class='ocrx_word' id='word_1_322' title='bbox 912 4703 1176 4760; x_wconf 72' lang='lat' dir='ltr'><strong>movetur,</strong></span> <span class='ocrx_word' id='word_1_323' title='bbox 1203 4695 1254 4748; x_wconf 93' lang='lat' dir='ltr'><strong>in</strong></span> <span class='ocrx_word' id='word_1_324' title='bbox 1286 4692 1414 4748; x_wconf 89' lang='lat' dir='ltr'><strong>t‘em.</strong></span> <span class='ocrx_word' id='word_1_325' title='bbox 1447 4704 1623 4748; x_wconf 92' lang='lat' dir='ltr'><strong>autem</strong></span> <span class='ocrx_word' id='word_1_326' title='bbox 1649 4706 1796 4746; x_wconf 89' lang='lat' dir='ltr'><strong>rum-</strong></span> 
     </span>
    </p>
   </div>
   <div class='ocr_carea' id='block_1_46' title="bbox 214 4783 1798 4866">
    <p class='ocr_par' dir='ltr' id='par_1_46' title="bbox 214 4783 1798 4866">
     <span class='ocr_line' id='line_1_46' title="bbox 214 4783 1798 4866; baseline -0.009 -16"><span class='ocrx_word' id='word_1_327' title='bbox 214 4796 372 4866; x_wconf 89' lang='lat' dir='ltr'><strong>pitur,</strong></span> <span class='ocrx_word' id='word_1_328' title='bbox 403 4809 436 4848; x_wconf 84' lang='lat' dir='ltr'><strong>a</strong></span> <span class='ocrx_word' id='word_1_329' title='bbox 466 4790 712 4847; x_wconf 86' lang='lat' dir='ltr'><strong>eamdem</strong></span> <span class='ocrx_word' id='word_1_330' title='bbox 743 4789 1044 4858; x_wconf 90' lang='lat' dir='ltr'><strong>ruptionem</strong></span> <span class='ocrx_word' id='word_1_331' title='bbox 1073 4784 1129 4840; x_wconf 89' lang='lat' dir='ltr'><strong>in</strong></span> <span class='ocrx_word' id='word_1_332' title='bbox 1153 4783 1443 4841; x_wconf 89' lang='lat' dir='ltr'><strong>radicaiem</strong></span> <span class='ocrx_word' id='word_1_333' title='bbox 1486 4783 1727 4839; x_wconf 87' lang='lat' dir='ltr'><strong>vocalem</strong></span> <span class='ocrx_word' id='word_1_334' title='bbox 1761 4796 1798 4835; x_wconf 73' lang='grc' dir='ltr'><strong>ιι</strong></span> 
     </span>
    </p>
   </div>
   <div class='ocr_carea' id='block_1_47' title="bbox 214 4886 558 4958">
    <p class='ocr_par' dir='ltr' id='par_1_47' title="bbox 214 4886 558 4958">
     <span class='ocr_line' id='line_1_47' title="bbox 214 4886 558 4958; baseline -0.02 -14"><span class='ocrx_word' id='word_1_335' title='bbox 214 4886 558 4958; x_wconf 85' lang='lat' dir='ltr'><strong>producente.</strong></span> 
     </span>
    </p>
   </div>
   <div class='ocr_carea' id='block_1_48' title="bbox 279 4965 1798 5048">
    <p class='ocr_par' dir='ltr' id='par_1_48' title="bbox 279 4965 1798 5048">
     <span class='ocr_line' id='line_1_48' title="bbox 279 4965 1798 5048; baseline -0.009 -16"><span class='ocrx_word' id='word_1_336' title='bbox 279 4978 336 5048; x_wconf 77' lang='grc'><strong>4)</strong></span> <span class='ocrx_word' id='word_1_337' title='bbox 373 4977 657 5034; x_wconf 86' lang='lat' dir='ltr'><strong>Genitivus</strong></span> <span class='ocrx_word' id='word_1_338' title='bbox 718 4973 858 5043; x_wconf 73' lang='lat' dir='ltr'><strong>sing.</strong></span> <span class='ocrx_word' id='word_1_339' title='bbox 914 4968 1342 5026; x_wconf 88' lang='lat' dir='ltr'><strong>terminationem</strong></span> <span class='ocrx_word' id='word_1_340' title='bbox 1383 4986 1408 5024; x_wconf 72' lang='grc' dir='ltr'><strong><em>ε</em></strong></span> <span class='ocrx_word' id='word_1_341' title='bbox 1455 4983 1576 5024; x_wconf 91' lang='lat' dir='ltr'><strong>cum</strong></span> <span class='ocrx_word' id='word_1_342' title='bbox 1622 4965 1798 5022; x_wconf 86' lang='lat' dir='ltr'><strong>vocali</strong></span> 
     </span>
    </p>
   </div>
   <div class='ocr_carea' id='block_1_49' title="bbox 213 5060 1799 5145">
    <p class='ocr_par' dir='ltr' id='par_1_49' title="bbox 213 5060 1799 5145">
     <span class='ocr_line' id='line_1_49' title="bbox 213 5060 1799 5145; baseline -0.007 -19"><span class='ocrx_word' id='word_1_343' title='bbox 213 5073 315 5145; x_wconf 84' lang='lat' dir='ltr'><strong>jam</strong></span> <span class='ocrx_word' id='word_1_344' title='bbox 356 5072 627 5129; x_wconf 80' lang='lat' dir='ltr'><strong>existente</strong></span> <span class='ocrx_word' id='word_1_345' title='bbox 668 5065 878 5136; x_wconf 86' lang='lat' dir='ltr'><strong>recipit.-</strong></span> <span class='ocrx_word' id='word_1_346' title='bbox 921 5064 1043 5119; x_wconf 66' lang='lat' dir='ltr'><strong>liaec</strong></span> <span class='ocrx_word' id='word_1_347' title='bbox 1071 5062 1270 5118; x_wconf 90' lang='lat' dir='ltr'><strong>vocalis</strong></span> <span class='ocrx_word' id='word_1_348' title='bbox 1293 5080 1327 5116; x_wconf 92' lang='lat' dir='ltr'><strong>a</strong></span> <span class='ocrx_word' id='word_1_349' title='bbox 1353 5063 1602 5132; x_wconf 88' lang='lat' dir='ltr'><strong>primitus</strong></span> <span class='ocrx_word' id='word_1_350' title='bbox 1633 5060 1799 5115; x_wconf 85' lang='lat' dir='ltr'><strong>fuisse</strong></span> 
     </span>
    </p>
   </div>
   <div class='ocr_carea' id='block_1_50' title="bbox 216 5157 1795 5236">
    <p class='ocr_par' dir='ltr' id='par_1_50' title="bbox 216 5157 1795 5236">
     <span class='ocr_line' id='line_1_50' title="bbox 216 5157 1795 5236; baseline -0.009 -13"><span class='ocrx_word' id='word_1_351' title='bbox 216 5169 442 5233; x_wconf 82' lang='lat' dir='ltr'><strong>videtur,</strong></span> <span class='ocrx_word' id='word_1_352' title='bbox 466 5178 587 5236; x_wconf 70' lang='lat' dir='ltr'><strong>qum</strong></span> <span class='ocrx_word' id='word_1_353' title='bbox 607 5164 666 5218; x_wconf 88' lang='lat' dir='ltr'><strong>in</strong></span> <span class='ocrx_word' id='word_1_354' title='bbox 692 5175 856 5217; x_wconf 82' lang='lat' dir='ltr'><strong>masc.</strong></span> <span class='ocrx_word' id='word_1_355' title='bbox 888 5169 942 5214; x_wconf 85' lang='lat' dir='ltr'><strong>et</strong></span> <span class='ocrx_word' id='word_1_356' title='bbox 968 5166 1142 5215; x_wconf 90' lang='lat' dir='ltr'><strong>neutr.</strong></span> <span class='ocrx_word' id='word_1_357' title='bbox 1161 5157 1472 5236; x_wconf 86' lang='lat' dir='ltr'><strong>radicalium</strong></span> <span class='ocrx_word' id='word_1_358' title='bbox 1502 5157 1795 5211; x_wconf 79' lang='lat' dir='ltr'><strong>formarum</strong></span> 
     </span>
    </p>
   </div>
   <div class='ocr_carea' id='block_1_51' title="bbox 216 5232 1800 5318">
    <p class='ocr_par' dir='ltr' id='par_1_51' title="bbox 216 5232 1800 5318">
     <span class='ocr_line' id='line_1_51' title="bbox 216 5232 1800 5318; baseline -0.01 -2"><span class='ocrx_word' id='word_1_359' title='bbox 216 5258 267 5316; x_wconf 89' lang='lat' dir='ltr'><strong>in</strong></span> <span class='ocrx_word' id='word_1_360' title='bbox 293 5275 325 5312; x_wconf 84' lang='grc' dir='ltr'><em>α</em></span> <span class='ocrx_word' id='word_1_361' title='bbox 352 5267 406 5314; x_wconf 91' lang='lat' dir='ltr'><strong>et</strong></span> <span class='ocrx_word' id='word_1_362' title='bbox 480 5232 699 5311; x_wconf 82' lang='lat' dir='ltr'><strong>debilita</strong></span> <span class='ocrx_word' id='word_1_363' title='bbox 722 5250 818 5306; x_wconf 78' lang='lat' dir='ltr'><strong>fuit</strong></span> <span class='ocrx_word' id='word_1_364' title='bbox 842 5249 962 5318; x_wconf 85' lang='lat' dir='ltr'><strong>ini,</strong></span> <span class='ocrx_word' id='word_1_365' title='bbox 993 5248 1117 5303; x_wconf 91' lang='lat' dir='ltr'><strong>dum</strong></span> <span class='ocrx_word' id='word_1_366' title='bbox 1153 5248 1206 5302; x_wconf 91' lang='lat' dir='ltr'><strong>in</strong></span> <span class='ocrx_word' id='word_1_367' title='bbox 1232 5246 1358 5302; x_wconf 80' lang='lat' dir='ltr'><strong>tem.</strong></span> <span class='ocrx_word' id='word_1_368' title='bbox 1395 5232 1800 5300; x_wconf 75' lang='lat' dir='ltr'><strong>terminationes</strong></span> 
     </span>
    </p>
   </div>
   <div class='ocr_carea' id='block_1_52' title="bbox 217 5338 1797 5422">
    <p class='ocr_par' dir='ltr' id='par_1_52' title="bbox 217 5338 1797 5422">
     <span class='ocr_line' id='line_1_52' title="bbox 217 5338 1797 5422; baseline -0.008 -15"><span class='ocrx_word' id='word_1_369' title='bbox 217 5351 383 5422; x_wconf 73' lang='lat' dir='ltr'><strong>magis</strong></span> <span class='ocrx_word' id='word_1_370' title='bbox 409 5361 643 5405; x_wconf 84' lang='lat' dir='ltr'><strong>sonoras</strong></span> <span class='ocrx_word' id='word_1_371' title='bbox 670 5343 1013 5415; x_wconf 83' lang='lat' dir='ltr'><strong>anteponenti</strong></span> <span class='ocrx_word' id='word_1_372' title='bbox 1044 5356 1165 5398; x_wconf 90' lang='lat' dir='ltr'><strong>cum</strong></span> <span class='ocrx_word' id='word_1_373' title='bbox 1202 5339 1372 5395; x_wconf 89' lang='lat' dir='ltr'><strong>vocali</strong></span> <span class='ocrx_word' id='word_1_374' title='bbox 1400 5339 1724 5394; x_wconf 85' lang='lat' dir='ltr'><strong>terminante</strong></span> <span class='ocrx_word' id='word_1_375' title='bbox 1745 5338 1797 5394; x_wconf 92' lang='lat' dir='ltr'><strong>in</strong></span> 
     </span>
    </p>
   </div>
   <div class='ocr_carea' id='block_1_53' title="bbox 221 5433 1798 5501">
    <p class='ocr_par' dir='ltr' id='par_1_53' title="bbox 221 5433 1798 5501">
     <span class='ocr_line' id='line_1_53' title="bbox 221 5433 1798 5501; baseline -0.009 0"><span class='ocrx_word' id='word_1_376' title='bbox 221 5462 249 5500; x_wconf 88' lang='grc' dir='ltr'><strong><em>ο</em></strong></span> <span class='ocrx_word' id='word_1_377' title='bbox 273 5446 395 5501; x_wconf 74' lang='lat' dir='ltr'><strong>etei</strong></span> <span class='ocrx_word' id='word_1_378' title='bbox 411 5440 701 5499; x_wconf 86' lang='lat' dir='ltr'><strong>commista</strong></span> <span class='ocrx_word' id='word_1_379' title='bbox 726 5447 827 5495; x_wconf 89' lang='lat' dir='ltr'><strong>est.</strong></span> <span class='ocrx_word' id='word_1_380' title='bbox 854 5437 909 5493; x_wconf 91' lang='lat' dir='ltr'><strong>Si</strong></span> <span class='ocrx_word' id='word_1_381' title='bbox 935 5444 1111 5492; x_wconf 87' lang='lat' dir='ltr'><strong>autem</strong></span> <span class='ocrx_word' id='word_1_382' title='bbox 1137 5434 1338 5490; x_wconf 84' lang='lat' dir='ltr'><strong>vocalis</strong></span> <span class='ocrx_word' id='word_1_383' title='bbox 1364 5433 1612 5489; x_wconf 88' lang='lat' dir='ltr'><strong>radicalis</strong></span> <span class='ocrx_word' id='word_1_384' title='bbox 1632 5442 1718 5489; x_wconf 89' lang='lat' dir='ltr'><strong>est</strong></span> <span class='ocrx_word' id='word_1_385' title='bbox 1745 5449 1798 5500; x_wconf 78' lang='grc' dir='ltr'><strong>ιι,</strong></span> 
     </span>
    </p>
   </div>
   <div class='ocr_carea' id='block_1_54' title="bbox 221 5529 937 5606">
    <p class='ocr_par' dir='ltr' id='par_1_54' title="bbox 221 5529 937 5606">
     <span class='ocr_line' id='line_1_54' title="bbox 221 5529 937 5606; baseline -0.014 -14"><span class='ocrx_word' id='word_1_386' title='bbox 221 5536 390 5606; x_wconf 85' lang='lat' dir='ltr'><strong>ruptio</strong></span> <span class='ocrx_word' id='word_1_387' title='bbox 411 5533 659 5605; x_wconf 85' lang='lat' dir='ltr'><strong>sequitur</strong></span> <span class='ocrx_word' id='word_1_388' title='bbox 683 5539 738 5586; x_wconf 90' lang='lat' dir='ltr'><strong>et</strong></span> <span class='ocrx_word' id='word_1_389' title='bbox 766 5529 824 5584; x_wconf 83' lang='lat' dir='ltr'><strong>ﬁt</strong></span> <span class='ocrx_word' id='word_1_390' title='bbox 851 5545 937 5583; x_wconf 85' lang='lat' dir='ltr'><strong>au.</strong></span> 
     </span>
    </p>
   </div>
   <div class='ocr_carea' id='block_1_55' title="bbox 285 5616 1800 5697">
    <p class='ocr_par' dir='ltr' id='par_1_55' title="bbox 285 5616 1800 5697">
     <span class='ocr_line' id='line_1_55' title="bbox 285 5616 1800 5697; baseline -0.011 -11"><span class='ocrx_word' id='word_1_391' title='bbox 285 5630 337 5697; x_wconf 83' lang='lat'><strong>5)</strong></span> <span class='ocrx_word' id='word_1_392' title='bbox 365 5624 740 5684; x_wconf 82' lang='lat' dir='ltr'><strong>Nominativus</strong></span> <span class='ocrx_word' id='word_1_393' title='bbox 782 5631 836 5677; x_wconf 91' lang='lat' dir='ltr'><strong>et</strong></span> <span class='ocrx_word' id='word_1_394' title='bbox 871 5621 1146 5677; x_wconf 87' lang='lat' dir='ltr'><strong>vocativus</strong></span> <span class='ocrx_word' id='word_1_395' title='bbox 1183 5620 1320 5689; x_wconf 91' lang='lat' dir='ltr'><strong>plur.</strong></span> <span class='ocrx_word' id='word_1_396' title='bbox 1365 5631 1532 5672; x_wconf 89' lang='lat' dir='ltr'><strong>masc.</strong></span> <span class='ocrx_word' id='word_1_397' title='bbox 1578 5625 1630 5670; x_wconf 89' lang='lat' dir='ltr'><strong>et</strong></span> <span class='ocrx_word' id='word_1_398' title='bbox 1662 5616 1800 5684; x_wconf 92' lang='lat' dir='ltr'><strong>plur.</strong></span> 
     </span>
    </p>
   </div>
   <div class='ocr_carea' id='block_1_56' title="bbox 222 5707 1807 5784">
    <p class='ocr_par' dir='ltr' id='par_1_56' title="bbox 222 5707 1807 5784">
     <span class='ocr_line' id='line_1_56' title="bbox 222 5707 1807 5784; baseline -0.01 -6"><span class='ocrx_word' id='word_1_399' title='bbox 222 5719 655 5778; x_wconf 87' lang='lat' dir='ltr'><strong>terminationem</strong></span> <span class='ocrx_word' id='word_1_400' title='bbox 677 5733 703 5772; x_wconf 73' lang='grc' dir='ltr'><em>ε</em></span> <span class='ocrx_word' id='word_1_401' title='bbox 727 5721 1006 5772; x_wconf 86' lang='lat' dir='ltr'><strong>assumunt</strong></span> <span class='ocrx_word' id='word_1_402' title='bbox 1022 5722 1076 5770; x_wconf 91' lang='lat' dir='ltr'><strong>et</strong></span> <span class='ocrx_word' id='word_1_403' title='bbox 1107 5710 1418 5784; x_wconf 87' lang='lat' dir='ltr'><strong>producitur</strong></span> <span class='ocrx_word' id='word_1_404' title='bbox 1436 5708 1639 5765; x_wconf 87' lang='lat' dir='ltr'><strong>vocalis</strong></span> <span class='ocrx_word' id='word_1_405' title='bbox 1661 5707 1807 5764; x_wconf 86' lang='lat' dir='ltr'><strong>radi-</strong></span> 
     </span>
    </p>
   </div>
   <div class='ocr_carea' id='block_1_57' title="bbox 1244 390 2384 460">
    <p class='ocr_par' dir='ltr' id='par_1_57' title="bbox 1244 390 2384 460">
     <span class='ocr_line' id='line_1_57' title="bbox 1244 390 2384 460; baseline -0.011 0"><span class='ocrx_word' id='word_1_406' title='bbox 1244 402 1335 460; x_wconf 73' lang='grc' dir='ltr'>ΒΕ</span> <span class='ocrx_word' id='word_1_407' title='bbox 1373 395 1884 457; x_wconf 73' lang='lat' dir='ltr'><strong>DECLINATIONE</strong></span> <span class='ocrx_word' id='word_1_408' title='bbox 1921 390 2384 451; x_wconf 75' lang='lat' dir='ltr'><strong>SUBSTANTWI.</strong></span> 
     </span>
    </p>
   </div>
   <div class='ocr_carea' id='block_1_58' title="bbox 3325 393 3432 450">
    <p class='ocr_par' dir='ltr' id='par_1_58' title="bbox 3325 393 3432 450">
     <span class='ocr_line' id='line_1_58' title="bbox 3325 393 3432 450; baseline -0.019 1"><span class='ocrx_word' id='word_1_409' title='bbox 3325 393 3432 450; x_wconf 77' lang='lat'><strong>950</strong></span> 
     </span>
    </p>
   </div>
   <div class='ocr_carea' id='block_1_59' title="bbox 1850 503 3425 577">
    <p class='ocr_par' dir='ltr' id='par_1_59' title="bbox 1850 503 3425 577">
     <span class='ocr_line' id='line_1_59' title="bbox 1850 503 3425 577; baseline 0.003 -13"><span class='ocrx_word' id='word_1_410' title='bbox 1850 508 1983 564; x_wconf 88' lang='lat' dir='ltr'><strong>calis</strong></span> <span class='ocrx_word' id='word_1_411' title='bbox 2003 509 2060 577; x_wconf 81' lang='grc' dir='ltr'><strong>(α</strong></span> <span class='ocrx_word' id='word_1_412' title='bbox 2084 507 2140 562; x_wconf 91' lang='lat' dir='ltr'><strong>in</strong></span> <span class='ocrx_word' id='word_1_413' title='bbox 2163 524 2213 574; x_wconf 82' lang='grc' dir='ltr'><strong>ο,</strong></span> <span class='ocrx_word' id='word_1_414' title='bbox 2251 507 2271 560; x_wconf 76' lang='grc' dir='ltr'><strong><em>ἱ</em></strong></span> <span class='ocrx_word' id='word_1_415' title='bbox 2299 504 2352 560; x_wconf 86' lang='lat' dir='ltr'><strong>in</strong></span> <span class='ocrx_word' id='word_1_416' title='bbox 2376 505 2445 574; x_wconf 74' lang='lat' dir='ltr'><strong>ei,</strong></span> <span class='ocrx_word' id='word_1_417' title='bbox 2471 503 2579 559; x_wconf 86' lang='lat' dir='ltr'><strong>uin</strong></span> <span class='ocrx_word' id='word_1_418' title='bbox 2599 507 2666 576; x_wconf 84' lang='lat' dir='ltr'><strong>ju</strong></span> <span class='ocrx_word' id='word_1_419' title='bbox 2691 503 2808 560; x_wconf 83' lang='lat' dir='ltr'><strong>loco</strong></span> <span class='ocrx_word' id='word_1_420' title='bbox 2833 503 3116 575; x_wconf 84' lang='lat' dir='ltr'><strong>iu),neutr.</strong></span> <span class='ocrx_word' id='word_1_421' title='bbox 3140 516 3318 566; x_wconf 86' lang='lat' dir='ltr'><strong>autem</strong></span> <span class='ocrx_word' id='word_1_422' title='bbox 3339 519 3425 568; x_wconf 86' lang='lat' dir='ltr'><strong>ter</strong></span> 
     </span>
    </p>
   </div>
   <div class='ocr_carea' id='block_1_60' title="bbox 1851 599 2495 668">
    <p class='ocr_par' dir='ltr' id='par_1_60' title="bbox 1851 599 2495 668">
     <span class='ocr_line' id='line_1_60' title="bbox 1851 599 2495 668; baseline -0.009 -9"><span class='ocrx_word' id='word_1_423' title='bbox 1851 603 2196 660; x_wconf 86' lang='lat' dir='ltr'><strong>minationem</strong></span> <span class='ocrx_word' id='word_1_424' title='bbox 2224 618 2256 654; x_wconf 91' lang='lat' dir='ltr'><strong>a</strong></span> <span class='ocrx_word' id='word_1_425' title='bbox 2283 599 2495 668; x_wconf 86' lang='lat' dir='ltr'><strong>recipit.</strong></span> 
     </span>
    </p>
   </div>
   <div class='ocr_carea' id='block_1_61' title="bbox 1922 691 3436 764">
    <p class='ocr_par' dir='ltr' id='par_1_61' title="bbox 1922 691 3436 764">
     <span class='ocr_line' id='line_1_61' title="bbox 1922 691 3436 764; baseline 0.002 -14"><span class='ocrx_word' id='word_1_426' title='bbox 1922 694 1980 764; x_wconf 86' lang='lat'><strong>6)</strong></span> <span class='ocrx_word' id='word_1_427' title='bbox 2023 692 2380 750; x_wconf 81' lang='lat' dir='ltr'><strong>Accusativus</strong></span> <span class='ocrx_word' id='word_1_428' title='bbox 2406 691 2652 761; x_wconf 87' lang='lat' dir='ltr'><strong>pluralis,</strong></span> <span class='ocrx_word' id='word_1_429' title='bbox 2683 693 2775 762; x_wconf 85' lang='lat' dir='ltr'><strong>qui</strong></span> <span class='ocrx_word' id='word_1_430' title='bbox 2807 691 2859 746; x_wconf 91' lang='lat' dir='ltr'><strong>in</strong></span> <span class='ocrx_word' id='word_1_431' title='bbox 2889 701 3079 749; x_wconf 90' lang='lat' dir='ltr'><strong>neutro</strong></span> <span class='ocrx_word' id='word_1_432' title='bbox 3108 695 3436 753; x_wconf 81' lang='lat' dir='ltr'><strong>nominativo</strong></span> 
     </span>
    </p>
   </div>
   <div class='ocr_carea' id='block_1_62' title="bbox 1853 781 3440 856">
    <p class='ocr_par' dir='ltr' id='par_1_62' title="bbox 1853 781 3440 856">
     <span class='ocr_line' id='line_1_62' title="bbox 1853 781 3440 856; baseline -0.001 -15"><span class='ocrx_word' id='word_1_433' title='bbox 1853 785 2122 851; x_wconf 84' lang='lat' dir='ltr'><strong>convenit,</strong></span> <span class='ocrx_word' id='word_1_434' title='bbox 2152 783 2206 840; x_wconf 90' lang='lat' dir='ltr'><strong>in</strong></span> <span class='ocrx_word' id='word_1_435' title='bbox 2237 797 2409 838; x_wconf 86' lang='lat' dir='ltr'><strong>masc.</strong></span> <span class='ocrx_word' id='word_1_436' title='bbox 2439 792 2492 838; x_wconf 89' lang='lat' dir='ltr'><strong>et</strong></span> <span class='ocrx_word' id='word_1_437' title='bbox 2520 781 2648 838; x_wconf 74' lang='lat' dir='ltr'><strong>tem.</strong></span> <span class='ocrx_word' id='word_1_438' title='bbox 2692 781 2762 836; x_wconf 88' lang='lat' dir='ltr'><strong>ad</strong></span> <span class='ocrx_word' id='word_1_439' title='bbox 2784 782 3065 838; x_wconf 75' lang='lat' dir='ltr'><strong>radicalem</strong></span> <span class='ocrx_word' id='word_1_440' title='bbox 3099 784 3320 840; x_wconf 76' lang='lat' dir='ltr'><strong>formam</strong></span> <span class='ocrx_word' id='word_1_441' title='bbox 3345 803 3440 856; x_wconf 57' lang='lat' dir='ltr'><strong>ape»</strong></span> 
     </span>
    </p>
   </div>
   <div class='ocr_carea' id='block_1_63' title="bbox 1855 874 3437 946">
    <p class='ocr_par' dir='ltr' id='par_1_63' title="bbox 1855 874 3437 946">
     <span class='ocr_line' id='line_1_63' title="bbox 1855 874 3437 946; baseline 0.001 -15"><span class='ocrx_word' id='word_1_442' title='bbox 1855 876 2040 946; x_wconf 91' lang='lat' dir='ltr'><strong>pendit</strong></span> <span class='ocrx_word' id='word_1_443' title='bbox 2063 875 2496 930; x_wconf 80' lang='lat' dir='ltr'><strong>terminationem</strong></span> <span class='ocrx_word' id='word_1_444' title='bbox 2521 891 2602 941; x_wconf 75' lang='lat' dir='ltr'><strong>ns,</strong></span> <span class='ocrx_word' id='word_1_445' title='bbox 2636 874 2788 943; x_wconf 89' lang='lat' dir='ltr'><strong>cujus</strong></span> <span class='ocrx_word' id='word_1_446' title='bbox 2821 875 2959 939; x_wconf 92' lang='lat' dir='ltr'><strong>loco,</strong></span> <span class='ocrx_word' id='word_1_447' title='bbox 2992 875 3084 929; x_wconf 89' lang='lat' dir='ltr'><strong>ubi</strong></span> <span class='ocrx_word' id='word_1_448' title='bbox 3121 877 3235 931; x_wconf 65' lang='lat' dir='ltr'><strong>haec</strong></span> <span class='ocrx_word' id='word_1_449' title='bbox 3267 877 3437 933; x_wconf 79' lang='lat' dir='ltr'><strong>forma</strong></span> 
     </span>
    </p>
   </div>
   <div class='ocr_carea' id='block_1_64' title="bbox 1855 966 3442 1034">
    <p class='ocr_par' dir='ltr' id='par_1_64' title="bbox 1855 966 3442 1034">
     <span class='ocr_line' id='line_1_64' title="bbox 1855 966 3442 1034; baseline 0 -10"><span class='ocrx_word' id='word_1_450' title='bbox 1855 969 1910 1024; x_wconf 90' lang='lat' dir='ltr'><strong>in</strong></span> <span class='ocrx_word' id='word_1_451' title='bbox 1942 985 2004 1021; x_wconf 86' lang='lat' dir='ltr'><strong>-a</strong></span> <span class='ocrx_word' id='word_1_452' title='bbox 2037 968 2258 1034; x_wconf 88' lang='lat' dir='ltr'><strong>desinit,</strong></span> <span class='ocrx_word' id='word_1_453' title='bbox 2281 968 2335 1022; x_wconf 91' lang='lat' dir='ltr'><strong>in</strong></span> <span class='ocrx_word' id='word_1_454' title='bbox 2364 966 2490 1022; x_wconf 77' lang='lat' dir='ltr'><strong>tem.</strong></span> <span class='ocrx_word' id='word_1_455' title='bbox 2520 983 2544 1020; x_wconf 73' lang='grc' dir='ltr'><strong>δ</strong></span> <span class='ocrx_word' id='word_1_456' title='bbox 2575 974 2779 1022; x_wconf 88' lang='lat' dir='ltr'><strong>tantum</strong></span> <span class='ocrx_word' id='word_1_457' title='bbox 2808 967 3056 1034; x_wconf 86' lang='lat' dir='ltr'><strong>adhibet,</strong></span> <span class='ocrx_word' id='word_1_458' title='bbox 3092 970 3266 1025; x_wconf 89' lang='lat' dir='ltr'><strong>vocali</strong></span> <span class='ocrx_word' id='word_1_459' title='bbox 3294 969 3442 1024; x_wconf 80' lang='lat' dir='ltr'><strong>radi-</strong></span> 
     </span>
    </p>
   </div>
   <div class='ocr_carea' id='block_1_65' title="bbox 1855 1061 3442 1132">
    <p class='ocr_par' dir='ltr' id='par_1_65' title="bbox 1855 1061 3442 1132">
     <span class='ocr_line' id='line_1_65' title="bbox 1855 1061 3442 1132; baseline 0.003 -16"><span class='ocrx_word' id='word_1_460' title='bbox 1855 1064 1956 1122; x_wconf 86' lang='lat' dir='ltr'><strong>caii</strong></span> <span class='ocrx_word' id='word_1_461' title='bbox 1985 1061 2259 1132; x_wconf 87' lang='lat' dir='ltr'><strong>producta,</strong></span> <span class='ocrx_word' id='word_1_462' title='bbox 2289 1064 2357 1116; x_wconf 87' lang='lat' dir='ltr'><strong>ita</strong></span> <span class='ocrx_word' id='word_1_463' title='bbox 2383 1072 2441 1116; x_wconf 88' lang='lat' dir='ltr'><strong>ut</strong></span> <span class='ocrx_word' id='word_1_464' title='bbox 2461 1062 2547 1116; x_wconf 83' lang='lat' dir='ltr'><strong>hic</strong></span> <span class='ocrx_word' id='word_1_465' title='bbox 2569 1061 2730 1117; x_wconf 89' lang='lat' dir='ltr'><strong>etiam</strong></span> <span class='ocrx_word' id='word_1_466' title='bbox 2752 1063 3086 1118; x_wconf 86' lang='lat' dir='ltr'><strong>accusativus</strong></span> <span class='ocrx_word' id='word_1_467' title='bbox 3110 1065 3442 1120; x_wconf 86' lang='lat' dir='ltr'><strong>nominativo</strong></span> 
     </span>
    </p>
   </div>
   <div class='ocr_carea' id='block_1_66' title="bbox 1857 1164 2136 1223">
    <p class='ocr_par' dir='ltr' id='par_1_66' title="bbox 1857 1164 2136 1223">
     <span class='ocr_line' id='line_1_66' title="bbox 1857 1164 2136 1223; baseline -0.007 -13"><span class='ocrx_word' id='word_1_468' title='bbox 1857 1164 2136 1223; x_wconf 83' lang='lat' dir='ltr'><strong>congruat.</strong></span> 
     </span>
    </p>
   </div>
   <div class='ocr_carea' id='block_1_67' title="bbox 1931 1243 3442 1316">
    <p class='ocr_par' dir='ltr' id='par_1_67' title="bbox 1931 1243 3442 1316">
     <span class='ocr_line' id='line_1_67' title="bbox 1931 1243 3442 1316; baseline 0.003 -17"><span class='ocrx_word' id='word_1_469' title='bbox 1931 1247 1985 1314; x_wconf 76' lang='grc'><strong>’7)</strong></span> <span class='ocrx_word' id='word_1_470' title='bbox 2014 1246 2232 1300; x_wconf 88' lang='lat' dir='ltr'><strong>Dativus</strong></span> <span class='ocrx_word' id='word_1_471' title='bbox 2261 1244 2484 1316; x_wconf 86' lang='lat' dir='ltr'><strong>pluralis</strong></span> <span class='ocrx_word' id='word_1_472' title='bbox 2512 1243 2578 1299; x_wconf 91' lang='lat' dir='ltr'><strong>ad</strong></span> <span class='ocrx_word' id='word_1_473' title='bbox 2609 1243 2898 1299; x_wconf 88' lang='lat' dir='ltr'><strong>radicalem</strong></span> <span class='ocrx_word' id='word_1_474' title='bbox 2931 1243 3154 1299; x_wconf 81' lang='lat' dir='ltr'><strong>formam</strong></span> <span class='ocrx_word' id='word_1_475' title='bbox 3186 1257 3442 1304; x_wconf 88' lang='lat' dir='ltr'><strong>constan-</strong></span> 
     </span>
    </p>
   </div>
   <div class='ocr_carea' id='block_1_68' title="bbox 1861 1335 3440 1410">
    <p class='ocr_par' dir='ltr' id='par_1_68' title="bbox 1861 1335 3440 1410">
     <span class='ocr_line' id='line_1_68' title="bbox 1861 1335 3440 1410; baseline 0.004 -20"><span class='ocrx_word' id='word_1_476' title='bbox 1861 1344 1942 1392; x_wconf 88' lang='lat' dir='ltr'><strong>ter</strong></span> <span class='ocrx_word' id='word_1_477' title='bbox 1983 1337 2164 1406; x_wconf 76' lang='lat' dir='ltr'><strong>adjicit</strong></span> <span class='ocrx_word' id='word_1_478' title='bbox 2189 1354 2259 1406; x_wconf 88' lang='lat' dir='ltr'><strong>m,</strong></span> <span class='ocrx_word' id='word_1_479' title='bbox 2289 1337 2442 1406; x_wconf 86' lang='lat' dir='ltr'><strong>cujus</strong></span> <span class='ocrx_word' id='word_1_480' title='bbox 2473 1335 2613 1405; x_wconf 82' lang='lat' dir='ltr'><strong>loco,</strong></span> <span class='ocrx_word' id='word_1_481' title='bbox 2645 1335 2734 1389; x_wconf 91' lang='lat' dir='ltr'><strong>ubi</strong></span> <span class='ocrx_word' id='word_1_482' title='bbox 2772 1337 2970 1392; x_wconf 80' lang='lat' dir='ltr'><strong>vocalis</strong></span> <span class='ocrx_word' id='word_1_483' title='bbox 2997 1337 3249 1393; x_wconf 88' lang='lat' dir='ltr'><strong>radicalis</strong></span> <span class='ocrx_word' id='word_1_484' title='bbox 3275 1351 3358 1395; x_wconf 88' lang='lat' dir='ltr'><strong>est</strong></span> <span class='ocrx_word' id='word_1_485' title='bbox 3385 1358 3440 1410; x_wconf 91' lang='lat' dir='ltr'><strong>a,</strong></span> 
     </span>
    </p>
   </div>
   <div class='ocr_carea' id='block_1_69' title="bbox 1860 1427 3439 1499">
    <p class='ocr_par' dir='ltr' id='par_1_69' title="bbox 1860 1427 3439 1499">
     <span class='ocr_line' id='line_1_69' title="bbox 1860 1427 3439 1499; baseline 0.002 -16"><span class='ocrx_word' id='word_1_486' title='bbox 1860 1427 1999 1483; x_wconf 86' lang='lat' dir='ltr'><strong>hanc</strong></span> <span class='ocrx_word' id='word_1_487' title='bbox 2043 1430 2278 1483; x_wconf 67' lang='lat' dir='ltr'><strong>vocalem</strong></span> <span class='ocrx_word' id='word_1_488' title='bbox 2313 1427 2367 1482; x_wconf 90' lang='lat' dir='ltr'><strong>in</strong></span> <span class='ocrx_word' id='word_1_489' title='bbox 2397 1428 2522 1481; x_wconf 70' lang='lat' dir='ltr'><strong>rem.</strong></span> <span class='ocrx_word' id='word_1_490' title='bbox 2558 1435 2765 1482; x_wconf 87' lang='lat' dir='ltr'><strong>tantum</strong></span> <span class='ocrx_word' id='word_1_491' title='bbox 2799 1430 2852 1482; x_wconf 90' lang='lat' dir='ltr'><strong>in</strong></span> <span class='ocrx_word' id='word_1_492' title='bbox 2889 1444 2918 1480; x_wconf 90' lang='grc' dir='ltr'><em>ο</em></span> <span class='ocrx_word' id='word_1_493' title='bbox 2949 1429 3141 1484; x_wconf 86' lang='lat' dir='ltr'><strong>iterum</strong></span> <span class='ocrx_word' id='word_1_494' title='bbox 3170 1431 3439 1499; x_wconf 87' lang='lat' dir='ltr'><strong>producit.</strong></span> 
     </span>
    </p>
   </div>
   <div class='ocr_carea' id='block_1_70' title="bbox 1932 1521 3439 1593">
    <p class='ocr_par' dir='ltr' id='par_1_70' title="bbox 1932 1521 3439 1593">
     <span class='ocr_line' id='line_1_70' title="bbox 1932 1521 3439 1593; baseline 0.001 -15"><span class='ocrx_word' id='word_1_495' title='bbox 1932 1521 1988 1592; x_wconf 87' lang='lat'><strong>8)</strong></span> <span class='ocrx_word' id='word_1_496' title='bbox 2022 1521 2299 1577; x_wconf 89' lang='lat' dir='ltr'><strong>Genitivus</strong></span> <span class='ocrx_word' id='word_1_497' title='bbox 2330 1521 2470 1591; x_wconf 92' lang='lat' dir='ltr'><strong>plur.</strong></span> <span class='ocrx_word' id='word_1_498' title='bbox 2501 1523 2714 1577; x_wconf 87' lang='lat' dir='ltr'><strong>tandem</strong></span> <span class='ocrx_word' id='word_1_499' title='bbox 2745 1521 2904 1577; x_wconf 69' lang='lat' dir='ltr'><strong>baliet</strong></span> <span class='ocrx_word' id='word_1_500' title='bbox 2934 1523 3362 1580; x_wconf 87' lang='lat' dir='ltr'><strong>terminationem</strong></span> <span class='ocrx_word' id='word_1_501' title='bbox 3392 1542 3439 1593; x_wconf 79' lang='grc' dir='ltr'><strong>ε,</strong></span> 
     </span>
    </p>
   </div>
   <div class='ocr_carea' id='block_1_71' title="bbox 1862 1613 3445 1685">
    <p class='ocr_par' dir='ltr' id='par_1_71' title="bbox 1862 1613 3445 1685">
     <span class='ocr_line' id='line_1_71' title="bbox 1862 1613 3445 1685; baseline 0 -15"><span class='ocrx_word' id='word_1_502' title='bbox 1862 1630 1959 1685; x_wconf 86' lang='lat' dir='ltr'><strong>pro</strong></span> <span class='ocrx_word' id='word_1_503' title='bbox 1987 1628 2089 1684; x_wconf 91' lang='lat' dir='ltr'><strong>qua</strong></span> <span class='ocrx_word' id='word_1_504' title='bbox 2122 1613 2174 1668; x_wconf 90' lang='lat' dir='ltr'><strong>in</strong></span> <span class='ocrx_word' id='word_1_505' title='bbox 2204 1613 2331 1670; x_wconf 72' lang='lat' dir='ltr'><strong>rem.</strong></span> <span class='ocrx_word' id='word_1_506' title='bbox 2366 1621 2567 1668; x_wconf 88' lang='lat' dir='ltr'><strong>tantum</strong></span> <span class='ocrx_word' id='word_1_507' title='bbox 2617 1623 2671 1667; x_wconf 91' lang='lat' dir='ltr'><strong>et</strong></span> <span class='ocrx_word' id='word_1_508' title='bbox 2706 1613 2795 1667; x_wconf 89' lang='lat' dir='ltr'><strong>ubi</strong></span> <span class='ocrx_word' id='word_1_509' title='bbox 2826 1613 2994 1668; x_wconf 80' lang='lat' dir='ltr'><strong>forma</strong></span> <span class='ocrx_word' id='word_1_510' title='bbox 3038 1616 3286 1673; x_wconf 85' lang='lat' dir='ltr'><strong>radicalis</strong></span> <span class='ocrx_word' id='word_1_511' title='bbox 3314 1618 3368 1672; x_wconf 91' lang='lat' dir='ltr'><strong>in</strong></span> <span class='ocrx_word' id='word_1_512' title='bbox 3410 1633 3445 1670; x_wconf 74' lang='grc' dir='ltr'>ι</span> 
     </span>
    </p>
   </div>
   <div class='ocr_carea' id='block_1_72' title="bbox 1863 1706 2953 1777">
    <p class='ocr_par' dir='ltr' id='par_1_72' title="bbox 1863 1706 2953 1777">
     <span class='ocr_line' id='line_1_72' title="bbox 1863 1706 2953 1777; baseline -0.003 -14"><span class='ocrx_word' id='word_1_513' title='bbox 1863 1707 2072 1774; x_wconf 88' lang='lat' dir='ltr'><strong>ﬁnitur,</strong></span> <span class='ocrx_word' id='word_1_514' title='bbox 2110 1708 2248 1762; x_wconf 92' lang='lat' dir='ltr'><strong>hanc</strong></span> <span class='ocrx_word' id='word_1_515' title='bbox 2277 1708 2518 1762; x_wconf 85' lang='lat' dir='ltr'><strong>vocalem</strong></span> <span class='ocrx_word' id='word_1_516' title='bbox 2541 1706 2761 1777; x_wconf 87' lang='lat' dir='ltr'><strong>produci</strong></span> <span class='ocrx_word' id='word_1_517' title='bbox 2783 1706 2953 1776; x_wconf 85' lang='lat' dir='ltr'><strong>jubet.</strong></span> 
     </span>
    </p>
   </div>
   <div class='ocr_carea' id='block_1_73' title="bbox 1939 1773 3510 1873">
    <p class='ocr_par' dir='ltr' id='par_1_73' title="bbox 1939 1773 3510 1873">
     <span class='ocr_line' id='line_1_73' title="bbox 1939 1773 3510 1873; baseline 0.001 -19"><span class='ocrx_word' id='word_1_518' title='bbox 1939 1799 2297 1870; x_wconf 89' lang='lat' dir='ltr'><strong>Hocinsuper</strong></span> <span class='ocrx_word' id='word_1_519' title='bbox 2328 1773 2862 1854; x_wconf 72' lang='lat' dir='ltr'><strong>animadvertendum</strong></span> <span class='ocrx_word' id='word_1_520' title='bbox 2890 1808 2992 1869; x_wconf 87' lang='lat' dir='ltr'><strong>est,</strong></span> <span class='ocrx_word' id='word_1_521' title='bbox 3025 1799 3166 1869; x_wconf 88' lang='lat' dir='ltr'><strong>quod</strong></span> <span class='ocrx_word' id='word_1_522' title='bbox 3197 1802 3287 1856; x_wconf 91' lang='lat' dir='ltr'><strong>ubi</strong></span> <span class='ocrx_word' id='word_1_523' title='bbox 3301 1805 3331 1873; x_wconf 82' lang='lat' dir='ltr'><strong>j</strong></span> <span class='ocrx_word' id='word_1_524' title='bbox 3360 1802 3447 1856; x_wconf 87' lang='lat' dir='ltr'><strong>vel</strong></span> <span class='ocrx_word' id='word_1_525' title='bbox 3506 1773 3510 1779; x_wconf 20' lang='lat' dir='ltr'><strong>l</strong></span> 
     </span>
    </p>
   </div>
   <div class='ocr_carea' id='block_1_74' title="bbox 1863 1891 3445 1963">
    <p class='ocr_par' dir='ltr' id='par_1_74' title="bbox 1863 1891 3445 1963">
     <span class='ocr_line' id='line_1_74' title="bbox 1863 1891 3445 1963; baseline 0.001 -16"><span class='ocrx_word' id='word_1_526' title='bbox 1863 1909 1913 1961; x_wconf 84' lang='grc' dir='ltr'><strong>υ,</strong></span> <span class='ocrx_word' id='word_1_527' title='bbox 1965 1893 2203 1948; x_wconf 83' lang='lat' dir='ltr'><strong>vocalem</strong></span> <span class='ocrx_word' id='word_1_528' title='bbox 2253 1891 2542 1947; x_wconf 89' lang='lat' dir='ltr'><strong>radicalem</strong></span> <span class='ocrx_word' id='word_1_529' title='bbox 2596 1891 2926 1962; x_wconf 81' lang='lat' dir='ltr'><strong>praecedens,</strong></span> <span class='ocrx_word' id='word_1_530' title='bbox 2980 1892 3131 1963; x_wconf 87' lang='lat' dir='ltr'><strong>rejici</strong></span> <span class='ocrx_word' id='word_1_531' title='bbox 3173 1892 3354 1960; x_wconf 88' lang='lat' dir='ltr'><strong>debet,</strong></span> <span class='ocrx_word' id='word_1_532' title='bbox 3391 1895 3445 1948; x_wconf 82' lang='lat' dir='ltr'><strong>iii</strong></span> 
     </span>
    </p>
   </div>
   <div class='ocr_carea' id='block_1_75' title="bbox 1863 1983 3448 2056">
    <p class='ocr_par' dir='ltr' id='par_1_75' title="bbox 1863 1983 3448 2056">
     <span class='ocr_line' id='line_1_75' title="bbox 1863 1983 3448 2056; baseline -0.001 -15"><span class='ocrx_word' id='word_1_533' title='bbox 1863 1994 2143 2055; x_wconf 76' lang='lat' dir='ltr'><strong>cognatam</strong></span> <span class='ocrx_word' id='word_1_534' title='bbox 2205 1985 2449 2040; x_wconf 88' lang='lat' dir='ltr'><strong>vocalem</strong></span> <span class='ocrx_word' id='word_1_535' title='bbox 2484 1985 2503 2037; x_wconf 75' lang='grc' dir='ltr'><strong><em>ἱ</em></strong></span> <span class='ocrx_word' id='word_1_536' title='bbox 2533 1983 2617 2039; x_wconf 91' lang='lat' dir='ltr'><strong>vel</strong></span> <span class='ocrx_word' id='word_1_537' title='bbox 2665 2000 2699 2038; x_wconf 77' lang='lat' dir='ltr'><strong>It</strong></span> <span class='ocrx_word' id='word_1_538' title='bbox 2732 1983 2884 2054; x_wconf 73' lang='lat' dir='ltr'><strong>justa</strong></span> <span class='ocrx_word' id='word_1_539' title='bbox 2932 1999 3186 2040; x_wconf 89' lang='lat' dir='ltr'><strong>sonorum</strong></span> <span class='ocrx_word' id='word_1_540' title='bbox 3237 1986 3448 2056; x_wconf 73' lang='lat' dir='ltr'><strong>regulas</strong></span> 
     </span>
    </p>
   </div>
   <div class='ocr_carea' id='block_1_76' title="bbox 1866 2075 2760 2150">
    <p class='ocr_par' dir='ltr' id='par_1_76' title="bbox 1866 2075 2760 2150">
     <span class='ocr_line' id='line_1_76' title="bbox 1866 2075 2760 2150; baseline -0.019 -1"><span class='ocrx_word' id='word_1_541' title='bbox 1866 2076 1955 2150; x_wconf 80' lang='lat'><strong>(§§</strong></span> <span class='ocrx_word' id='word_1_542' title='bbox 1984 2079 2075 2146; x_wconf 71' lang='grc'><strong>54,</strong></span> <span class='ocrx_word' id='word_1_543' title='bbox 2102 2079 2172 2143; x_wconf 79' lang='lat'><strong>5;</strong></span> <span class='ocrx_word' id='word_1_544' title='bbox 2205 2077 2292 2142; x_wconf 78' lang='lat'><strong>55,</strong></span> <span class='ocrx_word' id='word_1_545' title='bbox 2323 2075 2378 2148; x_wconf 77' lang='lat'><strong>5)</strong></span> <span class='ocrx_word' id='word_1_546' title='bbox 2401 2084 2760 2132; x_wconf 86' lang='lat' dir='ltr'><strong>convertatur.</strong></span> 
     </span>
    </p>
   </div>
   <div class='ocr_carea' id='block_1_77' title="bbox 1940 2167 3452 2243">
    <p class='ocr_par' dir='ltr' id='par_1_77' title="bbox 1940 2167 3452 2243">
     <span class='ocr_line' id='line_1_77' title="bbox 1940 2167 3452 2243; baseline -0.001 -16"><span class='ocrx_word' id='word_1_547' title='bbox 1940 2171 1967 2243; x_wconf 87' lang='lat'>§</span> <span class='ocrx_word' id='word_1_548' title='bbox 1997 2171 2087 2240; x_wconf 78' lang='lat'><strong>65.</strong></span> <span class='ocrx_word' id='word_1_549' title='bbox 2131 2170 2427 2226; x_wconf 88' lang='lat' dir='ltr'><strong>Declinatio</strong></span> <span class='ocrx_word' id='word_1_550' title='bbox 2469 2170 2704 2224; x_wconf 89' lang='lat' dir='ltr'><strong>vocalica</strong></span> <span class='ocrx_word' id='word_1_551' title='bbox 2739 2167 3100 2225; x_wconf 88' lang='lat' dir='ltr'><strong>subdividitur</strong></span> <span class='ocrx_word' id='word_1_552' title='bbox 3128 2168 3240 2240; x_wconf 87' lang='lat' dir='ltr'><strong>ipsa</strong></span> <span class='ocrx_word' id='word_1_553' title='bbox 3272 2169 3324 2224; x_wconf 92' lang='lat' dir='ltr'><strong>in</strong></span> <span class='ocrx_word' id='word_1_554' title='bbox 3357 2169 3452 2227; x_wconf 89' lang='lat' dir='ltr'><strong>tri-</strong></span> 
     </span>
    </p>
   </div>
   <div class='ocr_carea' id='block_1_78' title="bbox 1865 2261 3450 2335">
    <p class='ocr_par' dir='ltr' id='par_1_78' title="bbox 1865 2261 3450 2335">
     <span class='ocr_line' id='line_1_78' title="bbox 1865 2261 3450 2335; baseline -0.002 -16"><span class='ocrx_word' id='word_1_555' title='bbox 1865 2265 2063 2335; x_wconf 86' lang='lat' dir='ltr'><strong>plicem</strong></span> <span class='ocrx_word' id='word_1_556' title='bbox 2111 2263 2363 2331; x_wconf 86' lang='lat' dir='ltr'><strong>classem,</strong></span> <span class='ocrx_word' id='word_1_557' title='bbox 2419 2270 2576 2334; x_wconf 89' lang='lat' dir='ltr'><strong>prout</strong></span> <span class='ocrx_word' id='word_1_558' title='bbox 2624 2261 2796 2317; x_wconf 82' lang='lat' dir='ltr'><strong>forma</strong></span> <span class='ocrx_word' id='word_1_559' title='bbox 2840 2261 3094 2318; x_wconf 88' lang='lat' dir='ltr'><strong>radicalis</strong></span> <span class='ocrx_word' id='word_1_560' title='bbox 3149 2275 3244 2331; x_wconf 91' lang='lat' dir='ltr'><strong>per</strong></span> <span class='ocrx_word' id='word_1_561' title='bbox 3290 2276 3450 2316; x_wconf 90' lang='lat' dir='ltr'><strong>unam</strong></span> 
     </span>
    </p>
   </div>
   <div class='ocr_carea' id='block_1_79' title="bbox 1866 2354 3453 2426">
    <p class='ocr_par' dir='ltr' id='par_1_79' title="bbox 1866 2354 3453 2426">
     <span class='ocr_line' id='line_1_79' title="bbox 1866 2354 3453 2426; baseline -0.003 -12"><span class='ocrx_word' id='word_1_562' title='bbox 1866 2357 2031 2414; x_wconf 81' lang='lat' dir='ltr'><strong>trium</strong></span> <span class='ocrx_word' id='word_1_563' title='bbox 2057 2356 2324 2412; x_wconf 88' lang='lat' dir='ltr'><strong>vocalium</strong></span> <span class='ocrx_word' id='word_1_564' title='bbox 2352 2372 2406 2422; x_wconf 88' lang='lat' dir='ltr'><strong>a,</strong></span> <span class='ocrx_word' id='word_1_565' title='bbox 2437 2357 2456 2410; x_wconf 78' lang='grc' dir='ltr'><strong>ί</strong></span> <span class='ocrx_word' id='word_1_566' title='bbox 2479 2355 2564 2412; x_wconf 88' lang='lat' dir='ltr'><strong>vel</strong></span> <span class='ocrx_word' id='word_1_567' title='bbox 2592 2354 2992 2410; x_wconf 79' lang='lat' dir='ltr'><strong>nterminetur.</strong></span> <span class='ocrx_word' id='word_1_568' title='bbox 3036 2354 3264 2426; x_wconf 87' lang='lat' dir='ltr'><strong>insuper</strong></span> <span class='ocrx_word' id='word_1_569' title='bbox 3287 2355 3453 2410; x_wconf 89' lang='lat' dir='ltr'><strong>etiam</strong></span> 
     </span>
    </p>
   </div>
   <div class='ocr_carea' id='block_1_80' title="bbox 1861 2449 3453 2524">
    <p class='ocr_par' dir='ltr' id='par_1_80' title="bbox 1861 2449 3453 2524">
     <span class='ocr_line' id='line_1_80' title="bbox 1861 2449 3453 2524; baseline 0 -18"><span class='ocrx_word' id='word_1_570' title='bbox 1861 2455 1889 2524; x_wconf 79' lang='lat' dir='ltr'><strong>j</strong></span> <span class='ocrx_word' id='word_1_571' title='bbox 1912 2452 1997 2507; x_wconf 90' lang='lat' dir='ltr'><strong>vel</strong></span> <span class='ocrx_word' id='word_1_572' title='bbox 2020 2468 2047 2505; x_wconf 84' lang='grc' dir='ltr'>υ</span> <span class='ocrx_word' id='word_1_573' title='bbox 2075 2451 2244 2507; x_wconf 89' lang='lat' dir='ltr'><strong>vocali</strong></span> <span class='ocrx_word' id='word_1_574' title='bbox 2267 2450 2414 2505; x_wconf 89' lang='lat' dir='ltr'><strong>ﬁnali</strong></span> <span class='ocrx_word' id='word_1_575' title='bbox 2445 2449 2810 2520; x_wconf 69' lang='lat' dir='ltr'><strong>praepositum,</strong></span> <span class='ocrx_word' id='word_1_576' title='bbox 2832 2463 3039 2504; x_wconf 90' lang='lat' dir='ltr'><strong>necnon</strong></span> <span class='ocrx_word' id='word_1_577' title='bbox 3061 2458 3117 2505; x_wconf 90' lang='lat' dir='ltr'><strong>et</strong></span> <span class='ocrx_word' id='word_1_578' title='bbox 3141 2464 3308 2516; x_wconf 67' lang='lat' dir='ltr'><strong>genus</strong></span> <span class='ocrx_word' id='word_1_579' title='bbox 3332 2449 3453 2506; x_wconf 88' lang='lat' dir='ltr'><strong>sub-</strong></span> 
     </span>
    </p>
   </div>
   <div class='ocr_carea' id='block_1_81' title="bbox 1867 2539 3451 2609">
    <p class='ocr_par' dir='ltr' id='par_1_81' title="bbox 1867 2539 3451 2609">
     <span class='ocr_line' id='line_1_81' title="bbox 1867 2539 3451 2609; baseline -0.004 -10"><span class='ocrx_word' id='word_1_580' title='bbox 1867 2544 2082 2600; x_wconf 87' lang='lat' dir='ltr'><strong>stantivi</strong></span> <span class='ocrx_word' id='word_1_581' title='bbox 2130 2545 2184 2599; x_wconf 93' lang='lat' dir='ltr'><strong>in</strong></span> <span class='ocrx_word' id='word_1_582' title='bbox 2227 2543 2466 2599; x_wconf 87' lang='lat' dir='ltr'><strong>vocalem</strong></span> <span class='ocrx_word' id='word_1_583' title='bbox 2507 2541 2758 2606; x_wconf 80' lang='lat' dir='ltr'><strong>inﬂuunt,</strong></span> <span class='ocrx_word' id='word_1_584' title='bbox 2783 2542 2854 2594; x_wconf 90' lang='lat' dir='ltr'><strong>ita</strong></span> <span class='ocrx_word' id='word_1_585' title='bbox 2890 2548 2950 2595; x_wconf 93' lang='lat' dir='ltr'><strong>ut</strong></span> <span class='ocrx_word' id='word_1_586' title='bbox 2995 2555 3226 2609; x_wconf 90' lang='lat' dir='ltr'><strong>sequens</strong></span> <span class='ocrx_word' id='word_1_587' title='bbox 3270 2539 3451 2596; x_wconf 82' lang='lat' dir='ltr'><strong>tabula</strong></span> 
     </span>
    </p>
   </div>
   <div class='ocr_carea' id='block_1_82' title="bbox 1871 2632 3456 2706">
    <p class='ocr_par' dir='ltr' id='par_1_82' title="bbox 1871 2632 3456 2706">
     <span class='ocr_line' id='line_1_82' title="bbox 1871 2632 3456 2706; baseline -0.003 -14"><span class='ocrx_word' id='word_1_588' title='bbox 1871 2651 2058 2694; x_wconf 91' lang='lat' dir='ltr'><strong>omnes</strong></span> <span class='ocrx_word' id='word_1_589' title='bbox 2100 2636 2386 2706; x_wconf 84' lang='lat' dir='ltr'><strong>possibiles</strong></span> <span class='ocrx_word' id='word_1_590' title='bbox 2429 2634 2588 2706; x_wconf 81' lang='lat' dir='ltr'><strong>hujus</strong></span> <span class='ocrx_word' id='word_1_591' title='bbox 2613 2632 2989 2689; x_wconf 89' lang='lat' dir='ltr'><strong>declinationis</strong></span> <span class='ocrx_word' id='word_1_592' title='bbox 3028 2646 3184 2688; x_wconf 89' lang='lat' dir='ltr'><strong>casus</strong></span> <span class='ocrx_word' id='word_1_593' title='bbox 3211 2646 3456 2701; x_wconf 81' lang='lat' dir='ltr'><strong>compre-</strong></span> 
     </span>
    </p>
   </div>
   <div class='ocr_carea' id='block_1_83' title="bbox 1871 2727 2946 2786">
    <p class='ocr_par' dir='ltr' id='par_1_83' title="bbox 1871 2727 2946 2786">
     <span class='ocr_line' id='line_1_83' title="bbox 1871 2727 2946 2786; baseline -0.011 0"><span class='ocrx_word' id='word_1_594' title='bbox 1871 2727 2118 2786; x_wconf 84' lang='lat' dir='ltr'><strong>hendat:</strong></span> <span class='ocrx_word' id='word_1_595' title='bbox 2944 2730 2946 2732; x_wconf 76' lang='lat'><strong>&#39;</strong></span> 
     </span>
    </p>
   </div>
   <div class='ocr_carea' id='block_1_84' title="bbox 2405 2819 2933 2876">
    <p class='ocr_par' dir='ltr' id='par_1_84' title="bbox 2405 2819 2933 2876">
     <span class='ocr_line' id='line_1_84' title="bbox 2405 2819 2933 2876; baseline -0.004 -2"><span class='ocrx_word' id='word_1_596' title='bbox 2405 2819 2590 2876; x_wconf 77' lang='lat' dir='ltr'><strong>Badio.</strong></span> <span class='ocrx_word' id='word_1_597' title='bbox 2623 2819 2822 2874; x_wconf 87' lang='lat' dir='ltr'><strong>vocalis</strong></span> <span class='ocrx_word' id='word_1_598' title='bbox 2851 2834 2884 2871; x_wconf 88' lang='lat' dir='ltr'><strong>a</strong></span> <span class='ocrx_word' id='word_1_599' title='bbox 2912 2832 2933 2872; x_wconf 89' lang='lat'><strong><em>:</em></strong></span> 
     </span>
    </p>
   </div>
   <div class='ocr_carea' id='block_1_85' title="bbox 2571 2911 3267 2967">
    <p class='ocr_par' dir='ltr' id='par_1_85' title="bbox 2571 2911 3267 2967">
     <span class='ocr_line' id='line_1_85' title="bbox 2571 2911 3267 2967; baseline -0.01 0"><span class='ocrx_word' id='word_1_600' title='bbox 2571 2911 2700 2967; x_wconf 74' lang='lat' dir='ltr'><strong>tem.</strong></span> <span class='ocrx_word' id='word_1_601' title='bbox 2727 2914 2734 2933; x_wconf 86' lang='lat'><strong><em>‘</em></strong></span> <span class='ocrx_word' id='word_1_602' title='bbox 3092 2915 3267 2962; x_wconf 88' lang='lat' dir='ltr'><strong>neutr.</strong></span> 
     </span>
    </p>
   </div>
   <div class='ocr_carea' id='block_1_86' title="bbox 2600 3000 3389 3070">
    <p class='ocr_par' dir='ltr' id='par_1_86' title="bbox 2600 3000 3389 3070">
     <span class='ocr_line' id='line_1_86' title="bbox 2600 3000 3389 3070; baseline -0.006 -13"><span class='ocrx_word' id='word_1_603' title='bbox 2600 3007 2680 3070; x_wconf 78' lang='lat' dir='ltr'><strong>-ia</strong></span> <span class='ocrx_word' id='word_1_604' title='bbox 2753 3019 2843 3056; x_wconf 85' lang='lat' dir='ltr'><strong>-va</strong></span> <span class='ocrx_word' id='word_1_605' title='bbox 2989 3016 3050 3054; x_wconf 88' lang='lat' dir='ltr'><strong>-a</strong></span> <span class='ocrx_word' id='word_1_606' title='bbox 3133 3000 3218 3070; x_wconf 86' lang='lat' dir='ltr'><strong>-ja</strong></span> <span class='ocrx_word' id='word_1_607' title='bbox 3303 3015 3389 3053; x_wconf 79' lang='lat' dir='ltr'><strong>-ua</strong></span> 
     </span>
    </p>
   </div>
   <div class='ocr_carea' id='block_1_87' title="bbox 2044 2930 2214 2971">
    <p class='ocr_par' dir='ltr' id='par_1_87' title="bbox 2044 2930 2214 2971">
     <span class='ocr_line' id='line_1_87' title="bbox 2044 2930 2214 2971; baseline -0.012 0"><span class='ocrx_word' id='word_1_608' title='bbox 2044 2930 2214 2971; x_wconf 85' lang='lat' dir='ltr'><strong>masc.</strong></span> 
     </span>
    </p>
   </div>
   <div class='ocr_carea' id='block_1_88' title="bbox 1975 3013 2528 3080">
    <p class='ocr_par' dir='ltr' id='par_1_88' title="bbox 1975 3013 2528 3080">
     <span class='ocr_line' id='line_1_88' title="bbox 1975 3013 2528 3080; baseline -0.013 -15"><span class='ocrx_word' id='word_1_609' title='bbox 1975 3027 2004 3065; x_wconf 77' lang='lat' dir='ltr'><strong>tt</strong></span> <span class='ocrx_word' id='word_1_610' title='bbox 2075 3013 2158 3080; x_wconf 77' lang='lat' dir='ltr'><strong>-ia</strong></span> <span class='ocrx_word' id='word_1_611' title='bbox 2231 3025 2324 3061; x_wconf 85' lang='lat' dir='ltr'><strong>-va</strong></span> <span class='ocrx_word' id='word_1_612' title='bbox 2465 3023 2528 3058; x_wconf 87' lang='lat' dir='ltr'><strong>-a</strong></span> 
     </span>
    </p>
   </div>
   <div class='ocr_carea' id='block_1_89' title="bbox 2411 3097 3410 3168">
    <p class='ocr_par' dir='ltr' id='par_1_89' title="bbox 2411 3097 3410 3168">
     <span class='ocr_line' id='line_1_89' title="bbox 2411 3097 3410 3168; baseline -0.012 -14"><span class='ocrx_word' id='word_1_613' title='bbox 2411 3097 2827 3154; x_wconf 78' lang='lat' dir='ltr'><strong>Radie..vocalis</strong></span> <span class='ocrx_word' id='word_1_614' title='bbox 2857 3097 2875 3148; x_wconf 84' lang='lat' dir='ltr'><strong>i</strong></span> <span class='ocrx_word' id='word_1_615' title='bbox 2903 3111 2916 3148; x_wconf 86' lang='lat'><strong>:</strong></span> <span class='ocrx_word' id='word_1_616' title='bbox 3405 3163 3410 3168; x_wconf 19' lang='grc' dir='ltr'><em>η</em></span> 
     </span>
    </p>
   </div>
   <div class='ocr_carea' id='block_1_90' title="bbox 1951 3185 3365 3269">
    <p class='ocr_par' dir='ltr' id='par_1_90' title="bbox 1951 3185 3365 3269">
     <span class='ocr_line' id='line_1_90' title="bbox 1951 3185 3365 3269; baseline -0.011 -17"><span class='ocrx_word' id='word_1_617' title='bbox 1951 3217 1996 3252; x_wconf 84' lang='lat' dir='ltr'><strong>-t</strong></span> <span class='ocrx_word' id='word_1_618' title='bbox 2085 3197 2150 3269; x_wconf 78' lang='lat' dir='ltr'><strong>-jt&#39;</strong></span> <span class='ocrx_word' id='word_1_619' title='bbox 2231 3196 2308 3248; x_wconf 84' lang='lat' dir='ltr'><strong>-vi</strong></span> <span class='ocrx_word' id='word_1_620' title='bbox 2475 3193 2511 3244; x_wconf 69' lang='grc' dir='ltr'><strong>αἱ</strong></span> <span class='ocrx_word' id='word_1_621' title='bbox 2607 3192 2679 3263; x_wconf 87' lang='lat' dir='ltr'><strong>-ji</strong></span> <span class='ocrx_word' id='word_1_622' title='bbox 2767 3190 2842 3242; x_wconf 84' lang='lat' dir='ltr'><strong>-ui</strong></span> <span class='ocrx_word' id='word_1_623' title='bbox 3026 3187 3042 3239; x_wconf 76' lang='grc' dir='ltr'><strong>ί</strong></span> <span class='ocrx_word' id='word_1_624' title='bbox 3152 3185 3202 3257; x_wconf 84' lang='lat' dir='ltr'><strong>ji</strong></span> <span class='ocrx_word' id='word_1_625' title='bbox 3297 3186 3365 3238; x_wconf 78' lang='grc' dir='ltr'><strong>-νὶ</strong></span> 
     </span>
    </p>
   </div>
   <div class='ocr_carea' id='block_1_91' title="bbox 2257 3274 2930 3340">
    <p class='ocr_par' dir='ltr' id='par_1_91' title="bbox 2257 3274 2930 3340">
     <span class='ocr_line' id='line_1_91' title="bbox 2257 3274 2930 3340; baseline -0.009 2"><span class='ocrx_word' id='word_1_626' title='bbox 2257 3274 2272 3280; x_wconf 33' lang='grc' dir='ltr'><strong>ν</strong></span> <span class='ocrx_word' id='word_1_627' title='bbox 2405 3284 2594 3340; x_wconf 74' lang='lat' dir='ltr'><strong>Radic.</strong></span> <span class='ocrx_word' id='word_1_628' title='bbox 2624 3283 2824 3339; x_wconf 85' lang='lat' dir='ltr'><strong>vocalis</strong></span> <span class='ocrx_word' id='word_1_629' title='bbox 2853 3299 2887 3336; x_wconf 82' lang='lat' dir='ltr'><strong>tt</strong></span> <span class='ocrx_word' id='word_1_630' title='bbox 2917 3323 2930 3336; x_wconf 98' lang='lat'><strong>.</strong></span> 
     </span>
    </p>
   </div>
   <div class='ocr_carea' id='block_1_92' title="bbox 2475 3385 2855 3450">
    <p class='ocr_par' dir='ltr' id='par_1_92' title="bbox 2475 3385 2855 3450">
     <span class='ocr_line' id='line_1_92' title="bbox 2475 3385 2855 3450; baseline -0.008 -14"><span class='ocrx_word' id='word_1_631' title='bbox 2475 3399 2536 3436; x_wconf 62' lang='lat' dir='ltr'><strong>au</strong></span> <span class='ocrx_word' id='word_1_632' title='bbox 2607 3385 2691 3450; x_wconf 82' lang='lat' dir='ltr'><strong>-jtt</strong></span> <span class='ocrx_word' id='word_1_633' title='bbox 2763 3396 2855 3434; x_wconf 84' lang='lat' dir='ltr'><strong>-tnt</strong></span> 
     </span>
    </p>
   </div>
   <div class='ocr_carea' id='block_1_93' title="bbox 1980 3379 3392 3458">
    <p class='ocr_par' dir='ltr' id='par_1_93' title="bbox 1980 3379 3392 3458">
     <span class='ocr_line' id='line_1_93' title="bbox 1980 3379 3392 3458; baseline -0.013 -14"><span class='ocrx_word' id='word_1_634' title='bbox 1980 3407 2014 3444; x_wconf 82' lang='lat' dir='ltr'><strong>tt</strong></span> <span class='ocrx_word' id='word_1_635' title='bbox 2087 3389 2170 3458; x_wconf 80' lang='lat' dir='ltr'><strong>-jtt</strong></span> <span class='ocrx_word' id='word_1_636' title='bbox 2242 3401 2332 3440; x_wconf 69' lang='grc' dir='ltr'><strong>ουκ</strong></span> <span class='ocrx_word' id='word_1_637' title='bbox 2475 3399 2536 3436; x_wconf 70' lang='grc' dir='ltr'><strong>δα</strong></span> <span class='ocrx_word' id='word_1_638' title='bbox 2607 3385 2691 3450; x_wconf 82' lang='lat' dir='ltr'><strong>-jtt</strong></span> <span class='ocrx_word' id='word_1_639' title='bbox 2763 3396 2855 3434; x_wconf 85' lang='lat' dir='ltr'><strong>-tm</strong></span> <span class='ocrx_word' id='word_1_640' title='bbox 3001 3393 3060 3430; x_wconf 85' lang='lat' dir='ltr'><strong>-u</strong></span> <span class='ocrx_word' id='word_1_641' title='bbox 3141 3379 3228 3447; x_wconf 86' lang='lat' dir='ltr'><strong>-ju</strong></span> <span class='ocrx_word' id='word_1_642' title='bbox 3300 3390 3392 3427; x_wconf 86' lang='lat' dir='ltr'><strong>-tm</strong></span> 
     </span>
    </p>
   </div>
   <div class='ocr_carea' id='block_1_94' title="bbox 1952 3487 3466 3565">
    <p class='ocr_par' dir='ltr' id='par_1_94' title="bbox 1952 3487 3466 3565">
     <span class='ocr_line' id='line_1_94' title="bbox 1952 3487 3466 3565; baseline -0.015 -4"><span class='ocrx_word' id='word_1_643' title='bbox 1952 3501 2057 3561; x_wconf 86' lang='lat' dir='ltr'><strong>Sed</strong></span> <span class='ocrx_word' id='word_1_644' title='bbox 2091 3501 2144 3556; x_wconf 91' lang='lat' dir='ltr'><strong>hi</strong></span> <span class='ocrx_word' id='word_1_645' title='bbox 2165 3513 2320 3556; x_wconf 87' lang='lat' dir='ltr'><strong>casus</strong></span> <span class='ocrx_word' id='word_1_646' title='bbox 2353 3509 2456 3551; x_wconf 87' lang='lat' dir='ltr'><strong>non</strong></span> <span class='ocrx_word' id='word_1_647' title='bbox 2487 3497 2690 3565; x_wconf 74' lang='lat' dir='ltr'><strong>integre</strong></span> <span class='ocrx_word' id='word_1_648' title='bbox 2719 3493 2818 3548; x_wconf 89' lang='lat' dir='ltr'><strong>nisi</strong></span> <span class='ocrx_word' id='word_1_649' title='bbox 2842 3507 2962 3548; x_wconf 91' lang='lat' dir='ltr'><strong>cum</strong></span> <span class='ocrx_word' id='word_1_650' title='bbox 2992 3490 3162 3546; x_wconf 87' lang='lat' dir='ltr'><strong>vocali</strong></span> <span class='ocrx_word' id='word_1_651' title='bbox 3193 3487 3410 3542; x_wconf 85' lang='lat' dir='ltr'><strong>radicali</strong></span> <span class='ocrx_word' id='word_1_652' title='bbox 3435 3501 3466 3539; x_wconf 84' lang='grc' dir='ltr'>α</span> 
     </span>
    </p>
   </div>
   <div class='ocr_carea' id='block_1_95' title="bbox 1882 3585 3466 3660">
    <p class='ocr_par' dir='ltr' id='par_1_95' title="bbox 1882 3585 3466 3660">
     <span class='ocr_line' id='line_1_95' title="bbox 1882 3585 3466 3660; baseline -0.015 -7"><span class='ocrx_word' id='word_1_653' title='bbox 1882 3603 2189 3660; x_wconf 65' lang='lat' dir='ltr'><strong>ccctrrunt,</strong></span> <span class='ocrx_word' id='word_1_654' title='bbox 2228 3605 2348 3647; x_wconf 91' lang='lat' dir='ltr'><strong>cum</strong></span> <span class='ocrx_word' id='word_1_655' title='bbox 2388 3589 2506 3644; x_wconf 90' lang='lat' dir='ltr'><strong>aliis</strong></span> <span class='ocrx_word' id='word_1_656' title='bbox 2547 3596 2722 3642; x_wconf 90' lang='lat' dir='ltr'><strong>autem</strong></span> <span class='ocrx_word' id='word_1_657' title='bbox 2750 3585 2955 3640; x_wconf 89' lang='lat' dir='ltr'><strong>duabus</strong></span> <span class='ocrx_word' id='word_1_658' title='bbox 3008 3598 3113 3637; x_wconf 92' lang='lat' dir='ltr'><strong>non</strong></span> <span class='ocrx_word' id='word_1_659' title='bbox 3143 3593 3341 3650; x_wconf 89' lang='lat' dir='ltr'><strong>paucas</strong></span> <span class='ocrx_word' id='word_1_660' title='bbox 3373 3592 3466 3647; x_wconf 85' lang='lat' dir='ltr'><strong>pa-</strong></span> 
     </span>
    </p>
   </div>
   <div class='ocr_carea' id='block_1_96' title="bbox 1885 3671 3470 3752">
    <p class='ocr_par' dir='ltr' id='par_1_96' title="bbox 1885 3671 3470 3752">
     <span class='ocr_line' id='line_1_96' title="bbox 1885 3671 3470 3752; baseline -0.015 -6"><span class='ocrx_word' id='word_1_661' title='bbox 1885 3693 2081 3746; x_wconf 84' lang='lat' dir='ltr'><strong>tientes</strong></span> <span class='ocrx_word' id='word_1_662' title='bbox 2109 3688 2353 3742; x_wconf 87' lang='lat' dir='ltr'><strong>lacunas.</strong></span> <span class='ocrx_word' id='word_1_663' title='bbox 2383 3682 2474 3738; x_wconf 87' lang='lat' dir='ltr'><strong>Sic</strong></span> <span class='ocrx_word' id='word_1_664' title='bbox 2499 3681 2685 3752; x_wconf 81' lang='lat' dir='ltr'><strong>regula</strong></span> <span class='ocrx_word' id='word_1_665' title='bbox 2730 3689 2831 3744; x_wconf 87' lang='lat' dir='ltr'><strong>est,</strong></span> <span class='ocrx_word' id='word_1_666' title='bbox 2881 3676 3042 3732; x_wconf 88' lang='lat' dir='ltr'><strong>nullis</strong></span> <span class='ocrx_word' id='word_1_667' title='bbox 3066 3671 3470 3742; x_wconf 81' lang='lat' dir='ltr'><strong>exceptionibus</strong></span> 
     </span>
    </p>
   </div>
   <div class='ocr_carea' id='block_1_97' title="bbox 1886 3767 3470 3854">
    <p class='ocr_par' dir='ltr' id='par_1_97' title="bbox 1886 3767 3470 3854">
     <span class='ocr_line' id='line_1_97' title="bbox 1886 3767 3470 3854; baseline -0.017 -13"><span class='ocrx_word' id='word_1_668' title='bbox 1886 3784 2148 3854; x_wconf 69' lang='lat' dir='ltr'><strong>srdijecta,</strong></span> <span class='ocrx_word' id='word_1_669' title='bbox 2172 3780 2313 3851; x_wconf 88' lang='lat' dir='ltr'><strong>quod</strong></span> <span class='ocrx_word' id='word_1_670' title='bbox 2345 3781 2702 3837; x_wconf 78' lang='lat' dir='ltr'><strong>consonantes</strong></span> <span class='ocrx_word' id='word_1_671' title='bbox 2724 3777 2752 3846; x_wconf 90' lang='lat' dir='ltr'><strong>j</strong></span> <span class='ocrx_word' id='word_1_672' title='bbox 2779 3781 2832 3828; x_wconf 89' lang='lat' dir='ltr'><strong>et</strong></span> <span class='ocrx_word' id='word_1_673' title='bbox 2856 3787 2884 3824; x_wconf 80' lang='grc' dir='ltr'><strong>υ</strong></span> <span class='ocrx_word' id='word_1_674' title='bbox 2905 3769 3013 3825; x_wconf 90' lang='lat' dir='ltr'><strong>suis</strong></span> <span class='ocrx_word' id='word_1_675' title='bbox 3040 3767 3279 3837; x_wconf 74' lang='lat' dir='ltr'><strong>cognatis</strong></span> <span class='ocrx_word' id='word_1_676' title='bbox 3313 3776 3470 3818; x_wconf 86' lang='lat' dir='ltr'><strong>voca-</strong></span> 
     </span>
    </p>
   </div>
   <div class='ocr_carea' id='block_1_98' title="bbox 1885 3861 3467 3941">
    <p class='ocr_par' dir='ltr' id='par_1_98' title="bbox 1885 3861 3467 3941">
     <span class='ocr_line' id='line_1_98' title="bbox 1885 3861 3467 3941; baseline -0.015 -10"><span class='ocrx_word' id='word_1_677' title='bbox 1885 3865 2025 3931; x_wconf 85' lang='lat' dir='ltr'><strong>libus</strong></span> <span class='ocrx_word' id='word_1_678' title='bbox 2050 3876 2067 3928; x_wconf 88' lang='lat' dir='ltr'><strong>i</strong></span> <span class='ocrx_word' id='word_1_679' title='bbox 2096 3882 2151 3929; x_wconf 88' lang='lat' dir='ltr'><strong>et</strong></span> <span class='ocrx_word' id='word_1_680' title='bbox 2171 3889 2203 3926; x_wconf 89' lang='lat' dir='ltr'><strong>u</strong></span> <span class='ocrx_word' id='word_1_681' title='bbox 2229 3871 2422 3941; x_wconf 76' lang='lat' dir='ltr'><strong>prmire</strong></span> <span class='ocrx_word' id='word_1_682' title='bbox 2441 3871 2734 3938; x_wconf 86' lang='lat' dir='ltr'><strong>nequeant,</strong></span> <span class='ocrx_word' id='word_1_683' title='bbox 2759 3861 2945 3918; x_wconf 81' lang='lat' dir='ltr'><strong>formis</strong></span> <span class='ocrx_word' id='word_1_684' title='bbox 2967 3863 3015 3932; x_wconf 84' lang='lat' dir='ltr'><strong>ji</strong></span> <span class='ocrx_word' id='word_1_685' title='bbox 3046 3869 3180 3914; x_wconf 82' lang='lat' dir='ltr'><strong>etvu</strong></span> <span class='ocrx_word' id='word_1_686' title='bbox 3202 3868 3467 3925; x_wconf 83' lang='lat' dir='ltr'><strong>nusquam</strong></span> 
     </span>
    </p>
   </div>
   <div class='ocr_carea' id='block_1_99' title="bbox 1887 3950 3470 4028">
    <p class='ocr_par' dir='ltr' id='par_1_99' title="bbox 1887 3950 3470 4028">
     <span class='ocr_line' id='line_1_99' title="bbox 1887 3950 3470 4028; baseline -0.016 0"><span class='ocrx_word' id='word_1_687' title='bbox 1887 3983 2142 4028; x_wconf 58' lang='lat' dir='ltr'><strong>caeterum</strong></span> <span class='ocrx_word' id='word_1_688' title='bbox 2173 3966 2597 4027; x_wconf 82' lang='lat' dir='ltr'><strong>occurrentibus.</strong></span> <span class='ocrx_word' id='word_1_689' title='bbox 2646 3962 2866 4028; x_wconf 85' lang='lat' dir='ltr'><strong>insuper</strong></span> <span class='ocrx_word' id='word_1_690' title='bbox 2906 3958 2956 4010; x_wconf 87' lang='lat' dir='ltr'><strong>in</strong></span> <span class='ocrx_word' id='word_1_691' title='bbox 2986 3950 3321 4009; x_wconf 89' lang='lat' dir='ltr'><strong>declinandis</strong></span> <span class='ocrx_word' id='word_1_692' title='bbox 3370 3963 3470 4003; x_wconf 89' lang='lat' dir='ltr'><strong>vo-</strong></span> 
     </span>
    </p>
   </div>
   <div class='ocr_carea' id='block_1_100' title="bbox 1889 4037 3474 4118">
    <p class='ocr_par' dir='ltr' id='par_1_100' title="bbox 1889 4037 3474 4118">
     <span class='ocr_line' id='line_1_100' title="bbox 1889 4037 3474 4118; baseline -0.018 0"><span class='ocrx_word' id='word_1_693' title='bbox 1889 4059 2094 4118; x_wconf 89' lang='lat' dir='ltr'><strong>cabulis</strong></span> <span class='ocrx_word' id='word_1_694' title='bbox 2122 4059 2283 4114; x_wconf 87' lang='lat' dir='ltr'><strong>etiam</strong></span> <span class='ocrx_word' id='word_1_695' title='bbox 2315 4055 2619 4111; x_wconf 86' lang='lat' dir='ltr'><strong>immittitur</strong></span> <span class='ocrx_word' id='word_1_696' title='bbox 2647 4051 2941 4105; x_wconf 82' lang='lat' dir='ltr'><strong>vocalicum</strong></span> <span class='ocrx_word' id='word_1_697' title='bbox 2975 4063 3003 4098; x_wconf 88' lang='lat' dir='ltr'><strong>r</strong></span> <span class='ocrx_word' id='word_1_698' title='bbox 3032 4054 3088 4097; x_wconf 92' lang='lat' dir='ltr'><strong>ut</strong></span> <span class='ocrx_word' id='word_1_699' title='bbox 3115 4051 3303 4112; x_wconf 89' lang='lat' dir='ltr'><strong>quarta</strong></span> <span class='ocrx_word' id='word_1_700' title='bbox 3332 4037 3474 4092; x_wconf 89' lang='lat' dir='ltr'><strong>radi-</strong></span> 
     </span>
    </p>
   </div>
   <div class='ocr_carea' id='block_1_101' title="bbox 1890 4130 3473 4220">
    <p class='ocr_par' dir='ltr' id='par_1_101' title="bbox 1890 4130 3473 4220">
     <span class='ocr_line' id='line_1_101' title="bbox 1890 4130 3473 4220; baseline -0.018 -8"><span class='ocrx_word' id='word_1_701' title='bbox 1890 4154 2020 4212; x_wconf 81' lang='lat' dir='ltr'><strong>calls</strong></span> <span class='ocrx_word' id='word_1_702' title='bbox 2063 4145 2263 4208; x_wconf 83' lang='lat' dir='ltr'><strong>vocalis</strong></span> <span class='ocrx_word' id='word_1_703' title='bbox 2304 4149 2320 4220; x_wconf 95' lang='lat'><strong>(</strong></span> <span class='ocrx_word' id='word_1_704' title='bbox 2344 4147 2448 4202; x_wconf 84' lang='lat' dir='ltr'><strong>vid.</strong></span> <span class='ocrx_word' id='word_1_705' title='bbox 2477 4146 2568 4201; x_wconf 89' lang='lat' dir='ltr'><strong>ubi</strong></span> <span class='ocrx_word' id='word_1_706' title='bbox 2604 4144 2672 4198; x_wconf 89' lang='lat' dir='ltr'><strong>de</strong></span> <span class='ocrx_word' id='word_1_707' title='bbox 2700 4141 2869 4205; x_wconf 90' lang='lat' dir='ltr'><strong>souis,</strong></span> <span class='ocrx_word' id='word_1_708' title='bbox 2894 4139 2920 4208; x_wconf 85' lang='lat'>§</span> <span class='ocrx_word' id='word_1_709' title='bbox 2945 4138 3032 4204; x_wconf 84' lang='lat'><strong>59,</strong></span> <span class='ocrx_word' id='word_1_710' title='bbox 3061 4130 3142 4204; x_wconf 74' lang='lat'><strong>3),</strong></span> <span class='ocrx_word' id='word_1_711' title='bbox 3165 4147 3284 4203; x_wconf 76' lang='lat' dir='ltr'><strong>quze</strong></span> <span class='ocrx_word' id='word_1_712' title='bbox 3319 4141 3473 4185; x_wconf 85' lang='lat' dir='ltr'><strong>suam</strong></span> 
     </span>
    </p>
   </div>
   <div class='ocr_carea' id='block_1_102' title="bbox 1891 4230 3274 4306">
    <p class='ocr_par' dir='ltr' id='par_1_102' title="bbox 1891 4230 3274 4306">
     <span class='ocr_line' id='line_1_102' title="bbox 1891 4230 3274 4306; baseline -0.017 0"><span class='ocrx_word' id='word_1_713' title='bbox 1891 4245 2074 4306; x_wconf 87' lang='lat' dir='ltr'><strong>sedem</strong></span> <span class='ocrx_word' id='word_1_714' title='bbox 2096 4246 2150 4301; x_wconf 91' lang='lat' dir='ltr'><strong>in</strong></span> <span class='ocrx_word' id='word_1_715' title='bbox 2181 4241 2416 4299; x_wconf 88' lang='lat' dir='ltr'><strong>vocalica</strong></span> <span class='ocrx_word' id='word_1_716' title='bbox 2447 4237 2805 4295; x_wconf 84' lang='lat' dir='ltr'><strong>declinatione</strong></span> <span class='ocrx_word' id='word_1_717' title='bbox 2825 4234 2986 4290; x_wconf 89' lang='lat' dir='ltr'><strong>etiam</strong></span> <span class='ocrx_word' id='word_1_718' title='bbox 3019 4230 3274 4286; x_wconf 89' lang='lat' dir='ltr'><strong>vindicat.</strong></span> 
     </span>
    </p>
   </div>
   <div class='ocr_carea' id='block_1_103' title="bbox 2203 4365 3176 4442">
    <p class='ocr_par' dir='ltr' id='par_1_103' title="bbox 2203 4365 3176 4442">
     <span class='ocr_line' id='line_1_103' title="bbox 2203 4365 3176 4442; baseline -0.014 0"><span class='ocrx_word' id='word_1_719' title='bbox 2203 4377 2509 4442; x_wconf 48' lang='lat' dir='ltr'><strong>Voculam</strong></span> <span class='ocrx_word' id='word_1_720' title='bbox 2540 4383 2930 4436; x_wconf 67' lang='lat' dir='ltr'><strong>saeuitum</strong></span> <span class='ocrx_word' id='word_1_721' title='bbox 2955 4365 3176 4432; x_wconf 61' lang='lat' dir='ltr'><strong>rarus.</strong></span> 
     </span>
    </p>
   </div>
   <div class='ocr_carea' id='block_1_104' title="bbox 2391 4495 2973 4555">
    <p class='ocr_par' dir='ltr' id='par_1_104' title="bbox 2391 4495 2973 4555">
     <span class='ocr_line' id='line_1_104' title="bbox 2391 4495 2973 4555; baseline -0.009 -2"><span class='ocrx_word' id='word_1_722' title='bbox 2391 4495 2548 4555; x_wconf 80' lang='lat' dir='ltr'><strong>Rad.</strong></span> <span class='ocrx_word' id='word_1_723' title='bbox 2603 4495 2862 4552; x_wconf 90' lang='lat' dir='ltr'><strong>vocalis</strong></span> <span class='ocrx_word' id='word_1_724' title='bbox 2914 4497 2973 4549; x_wconf 84' lang='grc' dir='ltr'>α.</span> 
     </span>
    </p>
   </div>
   <div class='ocr_carea' id='block_1_105' title="bbox 2461 4579 2927 4648">
    <p class='ocr_par' dir='ltr' id='par_1_105' title="bbox 2461 4579 2927 4648">
     <span class='ocr_line' id='line_1_105' title="bbox 2461 4579 2927 4648; baseline -0.009 0"><span class='ocrx_word' id='word_1_725' title='bbox 2461 4611 2514 4648; x_wconf 90' lang='lat' dir='ltr'><strong>a.</strong></span> <span class='ocrx_word' id='word_1_726' title='bbox 2556 4579 2927 4646; x_wconf 65' lang='lat' dir='ltr'><strong>t‘iaSCuittmm.</strong></span> 
     </span>
    </p>
   </div>
   <div class='ocr_carea' id='block_1_106' title="bbox 2139 4669 3260 4759">
    <p class='ocr_par' dir='ltr' id='par_1_106' title="bbox 2139 4669 3260 4759">
     <span class='ocr_line' id='line_1_106' title="bbox 2139 4669 3260 4759; baseline -0.009 -15"><span class='ocrx_word' id='word_1_727' title='bbox 2139 4687 2168 4759; x_wconf 59' lang='grc' dir='ltr'>ᾗ</span> <span class='ocrx_word' id='word_1_728' title='bbox 2198 4686 2286 4743; x_wconf 86' lang='grc'><strong>66.</strong></span> <span class='ocrx_word' id='word_1_729' title='bbox 2306 4709 2359 4743; x_wconf 88' lang='grc' dir='ltr'>α.</span> <span class='ocrx_word' id='word_1_730' title='bbox 2386 4669 2579 4741; x_wconf 78' lang='lat' dir='ltr'><strong>Forma</strong></span> <span class='ocrx_word' id='word_1_731' title='bbox 2599 4677 2849 4740; x_wconf 86' lang='lat' dir='ltr'><strong>radicalis</strong></span> <span class='ocrx_word' id='word_1_732' title='bbox 2877 4698 2937 4735; x_wconf 86' lang='grc' dir='ltr'><strong>-α</strong></span> <span class='ocrx_word' id='word_1_733' title='bbox 2960 4696 2979 4736; x_wconf 91' lang='lat'><strong><em>:</em></strong></span> <span class='ocrx_word' id='word_1_734' title='bbox 3012 4675 3058 4734; x_wconf 86' lang='lat' dir='ltr'><em>F</em></span> <span class='ocrx_word' id='word_1_735' title='bbox 3063 4677 3192 4736; x_wconf 87' lang='lat' dir='ltr'><strong>ISK</strong></span> <span class='ocrx_word' id='word_1_736' title='bbox 3198 4678 3260 4734; x_wconf 84' lang='lat' dir='ltr'><strong>A.</strong></span> 
     </span>
    </p>
   </div>
   <div class='ocr_carea' id='block_1_107' title="bbox 2007 4774 3189 4862">
    <p class='ocr_par' dir='ltr' id='par_1_107' title="bbox 2007 4774 3189 4862">
     <span class='ocr_line' id='line_1_107' title="bbox 2007 4774 3189 4862; baseline -0.009 -23"><span class='ocrx_word' id='word_1_737' title='bbox 2007 4859 2010 4862; x_wconf 9' lang='lat'><strong><em>~</em></strong></span> <span class='ocrx_word' id='word_1_738' title='bbox 2295 4780 2445 4852; x_wconf 77' lang='lat' dir='ltr'><strong>Sing.</strong></span> <span class='ocrx_word' id='word_1_739' title='bbox 2931 4857 2934 4860; x_wconf 8' lang='grc' dir='ltr'><strong><em>ἢ</em></strong></span> <span class='ocrx_word' id='word_1_740' title='bbox 3044 4774 3189 4830; x_wconf 88' lang='lat' dir='ltr'><strong>Plur.</strong></span> 
     </span>
    </p>
   </div>
   <div class='ocr_carea' id='block_1_108' title="bbox 1972 4857 3345 4944">
    <p class='ocr_par' dir='ltr' id='par_1_108' title="bbox 1972 4857 3345 4944">
     <span class='ocr_line' id='line_1_108' title="bbox 1972 4857 3345 4944; baseline -0.011 -13"><span class='ocrx_word' id='word_1_741' title='bbox 1972 4859 2130 4932; x_wconf 82' lang='lat' dir='ltr'><strong>Nom.</strong></span> <span class='ocrx_word' id='word_1_742' title='bbox 2205 4871 2325 4944; x_wconf 79' lang='lat' dir='ltr'><strong>ﬁsks</strong></span> <span class='ocrx_word' id='word_1_743' title='bbox 2453 4870 2618 4943; x_wconf 90' lang='lat' dir='ltr'><strong>piscis</strong></span> <span class='ocrx_word' id='word_1_744' title='bbox 2909 4857 3062 4938; x_wconf 76' lang='lat' dir='ltr'><strong>fiskos</strong></span> <span class='ocrx_word' id='word_1_745' title='bbox 3173 4863 3345 4934; x_wconf 88' lang='lat' dir='ltr'><strong>pisces</strong></span> 
     </span>
    </p>
   </div>
   <div class='ocr_carea' id='block_1_109' title="bbox 1973 4958 3348 5039">
    <p class='ocr_par' dir='ltr' id='par_1_109' title="bbox 1973 4958 3348 5039">
     <span class='ocr_line' id='line_1_109' title="bbox 1973 4958 3348 5039; baseline -0.012 -12"><span class='ocrx_word' id='word_1_746' title='bbox 1973 4971 2104 5027; x_wconf 82' lang='lat' dir='ltr'><strong>Voc.</strong></span> <span class='ocrx_word' id='word_1_747' title='bbox 2208 4967 2312 5039; x_wconf 79' lang='lat' dir='ltr'><strong>ﬁsk&#39;</strong></span> <span class='ocrx_word' id='word_1_748' title='bbox 2457 4965 2620 5038; x_wconf 89' lang='lat' dir='ltr'><strong>piscis</strong></span> <span class='ocrx_word' id='word_1_749' title='bbox 2910 4959 3062 5030; x_wconf 84' lang='lat' dir='ltr'><strong>ﬁskos</strong></span> <span class='ocrx_word' id='word_1_750' title='bbox 3173 4958 3348 5026; x_wconf 88' lang='lat' dir='ltr'><strong>pisces</strong></span> 
     </span>
    </p>
   </div>
   <div class='ocr_carea' id='block_1_110' title="bbox 1973 5049 3345 5136">
    <p class='ocr_par' dir='ltr' id='par_1_110' title="bbox 1973 5049 3345 5136">
     <span class='ocr_line' id='line_1_110' title="bbox 1973 5049 3345 5136; baseline -0.012 -17"><span class='ocrx_word' id='word_1_751' title='bbox 1973 5066 2102 5120; x_wconf 88' lang='lat' dir='ltr'><strong>Acc.</strong></span> <span class='ocrx_word' id='word_1_752' title='bbox 2203 5062 2300 5132; x_wconf 79' lang='lat' dir='ltr'><strong>ﬁsk</strong></span> <span class='ocrx_word' id='word_1_753' title='bbox 2453 5059 2654 5136; x_wconf 78' lang='lat' dir='ltr'><strong>piscem</strong></span> <span class='ocrx_word' id='word_1_754' title='bbox 2902 5049 3094 5123; x_wconf 76' lang='lat' dir='ltr'><strong>ﬁskans</strong></span> <span class='ocrx_word' id='word_1_755' title='bbox 3171 5051 3345 5120; x_wconf 83' lang='lat' dir='ltr'><strong>pisces</strong></span> 
     </span>
    </p>
   </div>
   <div class='ocr_carea' id='block_1_111' title="bbox 1975 5138 3413 5223">
    <p class='ocr_par' dir='ltr' id='par_1_111' title="bbox 1975 5138 3413 5223">
     <span class='ocr_line' id='line_1_111' title="bbox 1975 5138 3413 5223; baseline -0.015 -13"><span class='ocrx_word' id='word_1_756' title='bbox 1975 5149 2094 5210; x_wconf 83' lang='lat' dir='ltr'><strong>Dat.</strong></span> <span class='ocrx_word' id='word_1_757' title='bbox 2208 5153 2338 5223; x_wconf 76' lang='lat' dir='ltr'><strong>ﬁska</strong></span> <span class='ocrx_word' id='word_1_758' title='bbox 2456 5151 2589 5222; x_wconf 86' lang='lat' dir='ltr'><strong>piSci</strong></span> <span class='ocrx_word' id='word_1_759' title='bbox 2901 5142 3082 5215; x_wconf 78' lang='lat' dir='ltr'><strong>ﬁskam</strong></span> <span class='ocrx_word' id='word_1_760' title='bbox 3176 5138 3413 5208; x_wconf 89' lang='lat' dir='ltr'><strong>piscibus</strong></span> 
     </span>
    </p>
   </div>
   <div class='ocr_carea' id='block_1_112' title="bbox 1974 5233 3393 5316">
    <p class='ocr_par' dir='ltr' id='par_1_112' title="bbox 1974 5233 3393 5316">
     <span class='ocr_line' id='line_1_112' title="bbox 1974 5233 3393 5316; baseline -0.013 -12"><span class='ocrx_word' id='word_1_761' title='bbox 1974 5249 2110 5305; x_wconf 84' lang='lat' dir='ltr'><strong>Gen.</strong></span> <span class='ocrx_word' id='word_1_762' title='bbox 2208 5247 2348 5316; x_wconf 76' lang='lat' dir='ltr'><strong>ﬁskt&#39;s</strong></span> <span class='ocrx_word' id='word_1_763' title='bbox 2457 5243 2618 5315; x_wconf 89' lang='lat' dir='ltr'><strong>piscis</strong></span> <span class='ocrx_word' id='word_1_764' title='bbox 2902 5235 3025 5307; x_wconf 71' lang='lat' dir='ltr'><strong>ﬁske</strong></span> <span class='ocrx_word' id='word_1_765' title='bbox 3167 5233 3393 5303; x_wconf 89' lang='lat' dir='ltr'><strong>piscium</strong></span> 
     </span>
    </p>
   </div>
   <div class='ocr_carea' id='block_1_113' title="bbox 1979 5330 3490 5407">
    <p class='ocr_par' dir='ltr' id='par_1_113' title="bbox 1979 5330 3490 5407">
     <span class='ocr_line' id='line_1_113' title="bbox 1979 5330 3490 5407; baseline -0.012 -10"><span class='ocrx_word' id='word_1_766' title='bbox 1979 5341 2067 5398; x_wconf 90' lang='lat' dir='ltr'><strong>Sic</strong></span> <span class='ocrx_word' id='word_1_767' title='bbox 2094 5340 2430 5396; x_wconf 88' lang='lat' dir='ltr'><strong>declinantur</strong></span> <span class='ocrx_word' id='word_1_768' title='bbox 2467 5353 2482 5391; x_wconf 90' lang='lat'><strong>:</strong></span> <span class='ocrx_word' id='word_1_769' title='bbox 2530 5335 2655 5407; x_wconf 71' lang='lat' dir='ltr'><strong>aips</strong></span> <span class='ocrx_word' id='word_1_770' title='bbox 2695 5330 3092 5406; x_wconf 86' lang='lat' dir='ltr'><strong>jusjurandum,</strong></span> <span class='ocrx_word' id='word_1_771' title='bbox 3139 5339 3241 5382; x_wconf 75' lang='lat' dir='ltr'><strong>asta</strong></span> <span class='ocrx_word' id='word_1_772' title='bbox 3287 5339 3490 5396; x_wconf 86' lang='lat' dir='ltr'><strong>ramus,</strong></span> 
     </span>
    </p>
   </div>
   <div class='ocr_carea' id='block_1_114' title="bbox 1907 5422 3495 5506">
    <p class='ocr_par' dir='ltr' id='par_1_114' title="bbox 1907 5422 3495 5506">
     <span class='ocr_line' id='line_1_114' title="bbox 1907 5422 3495 5506; baseline -0.009 -19"><span class='ocrx_word' id='word_1_773' title='bbox 1907 5434 2082 5506; x_wconf 80' lang='lat' dir='ltr'><strong>bagms</strong></span> <span class='ocrx_word' id='word_1_774' title='bbox 2110 5433 2288 5496; x_wconf 90' lang='lat' dir='ltr'><strong>arbor,</strong></span> <span class='ocrx_word' id='word_1_775' title='bbox 2314 5429 2564 5485; x_wconf 81' lang='lat' dir='ltr'><strong>andbaltts</strong></span> <span class='ocrx_word' id='word_1_776' title='bbox 2590 5428 2821 5482; x_wconf 69' lang='lat' dir='ltr'><strong>famulus</strong></span> <span class='ocrx_word' id='word_1_777' title='bbox 2853 5424 3014 5497; x_wconf 90' lang='lat' dir='ltr'><strong>(plur.</strong></span> <span class='ocrx_word' id='word_1_778' title='bbox 3041 5422 3356 5484; x_wconf 77' lang='lat' dir='ltr'><strong>andbahtos,</strong></span> <span class='ocrx_word' id='word_1_779' title='bbox 3386 5434 3495 5473; x_wconf 87' lang='lat' dir='ltr'><strong>non</strong></span> 
     </span>
    </p>
   </div>
   <div class='ocr_carea' id='block_1_115' title="bbox 1911 5510 3496 5586">
    <p class='ocr_par' dir='ltr' id='par_1_115' title="bbox 1911 5510 3496 5586">
     <span class='ocr_line' id='line_1_115' title="bbox 1911 5510 3496 5586; baseline -0.01 -5"><span class='ocrx_word' id='word_1_780' title='bbox 1911 5536 2090 5581; x_wconf 90' lang='lat' dir='ltr'><strong>autem</strong></span> <span class='ocrx_word' id='word_1_781' title='bbox 2131 5523 2457 5586; x_wconf 79' lang='lat' dir='ltr'><strong>andbahteis,</strong></span> <span class='ocrx_word' id='word_1_782' title='bbox 2499 5530 2559 5576; x_wconf 94' lang='lat' dir='ltr'><strong>ut</strong></span> <span class='ocrx_word' id='word_1_783' title='bbox 2588 5519 2844 5576; x_wconf 87' lang='lat' dir='ltr'><strong>mendose</strong></span> <span class='ocrx_word' id='word_1_784' title='bbox 2872 5518 2924 5571; x_wconf 92' lang='lat' dir='ltr'><strong>in</strong></span> <span class='ocrx_word' id='word_1_785' title='bbox 2967 5513 3228 5586; x_wconf 72' lang='lat' dir='ltr'><strong>glossario</strong></span> <span class='ocrx_word' id='word_1_786' title='bbox 3255 5510 3496 5583; x_wconf 88' lang='lat' dir='ltr'><strong>irrepsit)</strong></span> 
     </span>
    </p>
   </div>
   <div class='ocr_carea' id='block_1_116' title="bbox 1912 5604 3492 5689">
    <p class='ocr_par' dir='ltr' id='par_1_116' title="bbox 1912 5604 3492 5689">
     <span class='ocr_line' id='line_1_116' title="bbox 1912 5604 3492 5689; baseline -0.01 -16"><span class='ocrx_word' id='word_1_787' title='bbox 1912 5619 2039 5689; x_wconf 66' lang='lat' dir='ltr'><strong>dogs</strong></span> <span class='ocrx_word' id='word_1_788' title='bbox 2081 5617 2218 5683; x_wconf 89' lang='lat' dir='ltr'><strong>dies,</strong></span> <span class='ocrx_word' id='word_1_789' title='bbox 2250 5616 2438 5669; x_wconf 74' lang='lat' dir='ltr'><strong>nimius</strong></span> <span class='ocrx_word' id='word_1_790' title='bbox 2476 5614 2696 5679; x_wconf 74' lang='lat' dir='ltr'><strong>emtum,</strong></span> <span class='ocrx_word' id='word_1_791' title='bbox 2724 5609 2885 5680; x_wconf 72' lang='lat' dir='ltr'><strong>Maiis</strong></span> <span class='ocrx_word' id='word_1_792' title='bbox 2923 5609 3096 5680; x_wconf 86' lang='lat' dir='ltr'><strong>panis,</strong></span> <span class='ocrx_word' id='word_1_793' title='bbox 3129 5607 3294 5660; x_wconf 77' lang='lat' dir='ltr'><strong>hands</strong></span> <span class='ocrx_word' id='word_1_794' title='bbox 3321 5604 3492 5671; x_wconf 88' lang='lat' dir='ltr'><strong>canis,</strong></span> 
     </span>
    </p>
   </div>
   <div class='ocr_carea' id='block_1_117' title="bbox 1915 5697 3498 5777">
    <p class='ocr_par' dir='ltr' id='par_1_117' title="bbox 1915 5697 3498 5777">
     <span class='ocr_line' id='line_1_117' title="bbox 1915 5697 3498 5777; baseline -0.009 -14"><span class='ocrx_word' id='word_1_795' title='bbox 1915 5711 2035 5762; x_wconf 70' lang='lat' dir='ltr'><strong>hor:</strong></span> <span class='ocrx_word' id='word_1_796' title='bbox 2068 5707 2296 5772; x_wconf 89' lang='lat' dir='ltr'><strong>adulter,</strong></span> <span class='ocrx_word' id='word_1_797' title='bbox 2338 5704 2500 5777; x_wconf 75' lang='lat' dir='ltr'><strong>piubs</strong></span> <span class='ocrx_word' id='word_1_798' title='bbox 2545 5705 2647 5768; x_wconf 83' lang='lat' dir='ltr'><strong>tur,</strong></span> <span class='ocrx_word' id='word_1_799' title='bbox 2689 5702 2922 5775; x_wconf 71' lang='lat' dir='ltr'><strong>piudam</strong></span> <span class='ocrx_word' id='word_1_800' title='bbox 2945 5715 3036 5757; x_wconf 83' lang='lat' dir='ltr'><strong>rex</strong></span> <span class='ocrx_word' id='word_1_801' title='bbox 3091 5697 3234 5754; x_wconf 77' lang='lat' dir='ltr'><strong>Itrekr</strong></span> <span class='ocrx_word' id='word_1_802' title='bbox 3261 5706 3498 5770; x_wconf 61' lang='grc' dir='ltr'><strong>κηποι,</strong></span> 
     </span>
    </p>
   </div>
   <div class='ocr_carea' id='block_1_118' title="bbox 291 5856 2944 5944">
    <p class='ocr_par' dir='ltr' id='par_1_118' title="bbox 291 5856 2944 5944">
     <span class='ocr_line' id='line_1_118' title="bbox 291 5856 2944 5944; baseline -0.009 -5"><span class='ocrx_word' id='word_1_803' title='bbox 291 5879 310 5915; x_wconf 82' lang='grc'><strong>⁸</strong></span> <span class='ocrx_word' id='word_1_804' title='bbox 338 5879 606 5944; x_wconf 81' lang='lat' dir='ltr'><strong>Vocatica,</strong></span> <span class='ocrx_word' id='word_1_805' title='bbox 650 5873 1033 5944; x_wconf 81' lang='lat' dir='ltr'><strong>contonantica,</strong></span> <span class='ocrx_word' id='word_1_806' title='bbox 1075 5885 1211 5931; x_wconf 89' lang='lat' dir='ltr'><strong>nova</strong></span> <span class='ocrx_word' id='word_1_807' title='bbox 1231 5868 1485 5929; x_wconf 85' lang='lat' dir='ltr'><strong>vocabula</strong></span> <span class='ocrx_word' id='word_1_808' title='bbox 1513 5868 1581 5926; x_wconf 87' lang='lat' dir='ltr'><strong>ad</strong></span> <span class='ocrx_word' id='word_1_809' title='bbox 1605 5883 1798 5927; x_wconf 86' lang='lat' dir='ltr'><strong>novam</strong></span> <span class='ocrx_word' id='word_1_810' title='bbox 1828 5865 2004 5925; x_wconf 83' lang='lat' dir='ltr'><strong>ideam</strong></span> <span class='ocrx_word' id='word_1_811' title='bbox 2038 5860 2369 5921; x_wconf 85' lang='lat' dir='ltr'><strong>reddendam</strong></span> <span class='ocrx_word' id='word_1_812' title='bbox 2398 5862 2721 5933; x_wconf 81' lang='lat' dir='ltr'><strong>excogitata.</strong></span> <span class='ocrx_word' id='word_1_813' title='bbox 2747 5856 2944 5931; x_wconf 80' lang='lat' dir='ltr'><strong>Interp.</strong></span> 
     </span>
    </p>
   </div>
  </div>
