3960 6340
538 399 631 456 951

539 517 674 586 laufs
709 511 920 578 folium,
957 509 1084 582 ligrs
1123 505 1322 576 cubile,
1360 504 1468 560 sitis
1498 500 1674 564 sedes,
1710 500 1876 555 skalks
1905 513 2091 555 servus

540 608 699 664 skatts
746 612 1032 677 argenteus
1069 615 1337 666 nummus,
1377 598 1606 669 skilliggs
1638 595 1908 660 denarius,
1961 592 2120 648 stains

539 701 702 772 lapis,
742 698 868 756 stola
897 697 1076 765 sedes,
1115 696 1248 751 taina
1275 691 1540 756 surculus,
1570 688 1885 743 dauravards
1915 687 2118 742 atrien-

542 795 639 860 sis,
661 793 766 863 vigs
789 792 898 859 via,
936 790 1082 846 vinds
1103 798 1316 857 ventus,
1344 784 1480 855 aulfs
1507 782 1686 853 lupus,
1715 782 1874 854 ﬁggrs
1899 780 2116 852 digitus,

544 884 682 958 fugis
708 888 841 942 avis.

626 997 647 1030 ‹
666 977 956 1034 Annotatio
974 975 1178 1031 l.-De
1198 969 1442 1044 plurimis
1458 967 1748 1035 vocabulis,
1766 981 1885 1038 quas
1906 967 1957 1022 in
1977 966 2121 1039 plur.

550 1085 651 1141 pro
707 1070 1099 1140 signiﬁcatione
1141 1078 1424 1122 occurrere
1489 1069 1785 1135 nequeunt,
1844 1060 1931 1116 vel
1990 1074 2124 1132 quo-

551 1178 670 1220 rum
724 1163 1102 1227 nominativus,
1143 1159 1475 1215 accusativus
1516 1159 1605 1214 vel
1642 1157 1851 1214 dativus
1887 1159 2024 1228 plur.
2070 1157 2123 1212 in

549 1257 910 1313 monumentis
944 1255 1132 1311 saltem
1173 1255 1504 1310 exstantibus
1543 1267 1650 1309 non
1683 1252 2040 1321 reperiuntur,
2069 1249 2124 1304 in

550 1341 714 1404 dubio
736 1357 997 1412 remanet,
1029 1356 1204 1401 utrum
1233 1361 1418 1402 eorum
1441 1345 1692 1402 radicalis
1711 1345 1878 1400 forma
1903 1344 1958 1399 in
1985 1360 2018 1397 a
2042 1341 2126 1397 vel

547 1439 830 1504 idesinat;
857 1438 982 1494 talia
1010 1446 1135 1493 sunt
1162 1438 1278 1492 altrs
1306 1452 1547 1508 campus,
1580 1436 1725 1491 biuds
1752 1451 1956 1501 mcnsa,
1981 1436 2128 1506 gadi-

551 1530 681 1603 liggs
702 1531 1074 1597 consobrinus,
1103 1531 1262 1602 gazds
1284 1530 1576 1600 ﬂagellum,
1600 1530 1748 1601 daigs
1773 1542 1968 1592 massa,
1984 1527 2126 1581 doms

546 1619 823 1692 iudicium,
872 1639 1015 1691 qums
1056 1621 1340 1689 adventus,
1384 1619 1567 1674 hakuls
1614 1621 1744 1692 (non
1781 1618 1956 1683 hakul,
1987 1617 2127 1673 utin

548 1713 715 1784 gloss.
749 1712 998 1769 traditum
1023 1713 1130 1786 est)
1151 1713 1388 1782 pallium,
1412 1711 1581 1767 hlains
1601 1712 1774 1777 collis,
1797 1711 1967 1765 Itlauls
1987 1725 2126 1774 sors,

553 1806 720 1880 bagks
742 1809 931 1878 gratia,
952 1806 1150 1879 [daulis
1179 1805 1324 1878 fuga,
1351 1804 1723 1878 faihupraihns
1744 1802 2128 1867 divitiae,katils

550 1899 719 1965 lebes,
769 1899 972 1953 Isindius
1019 1899 1272 1970 vicarius,
1321 1897 1547 1969 maipms
1597 1896 1816 1964 donum,
1868 1895 2132 1965 maurgins

550 2006 729 2057 mane,
773 2007 911 2063 megs
937 2006 1123 2062 gener,
1156 1988 1352 2061 munps
1377 2003 1458 2056 os,
1490 1989 1622 2055 oris,
1652 2004 1751 2042 run
1775 1987 2133 2054 cursus,saivs

551 2100 725 2153 mare,
767 2086 937 2140 snaivs
981 2085 1093 2154 nix,
1140 2082 1284 2138 stikls
1324 2082 1485 2152 calix,
1531 2080 1680 2136 strike
1727 2079 1918 2135 ductus
1954 2079 2130 2149 lineae,

553 2193 760 2232 aaurms
803 2177 1022 2243 vermis,
1072 2177 1249 2246 rigans
1290 2174 1509 2240 bellum,
1562 2173 1706 2244 vaips
1752 2186 1971 2238 corona,
2020 2170 2134 2226 alits

554 2267 743 2338 facies,
773 2270 896 2323 vrits
923 2269 1100 2334 litura,
1125 2268 1272 2324 vra!“
1296 2273 1628 2340 persecutor.

632 2378 651 2410 ε
681 2360 970 2416 Annotatio
993 2361 1204 2416 2.—De
1227 2361 1346 2415 aliis
1371 2368 1549 2415 autem
1583 2359 1843 2414 incertum
1865 2365 2131 2423 remanet,

554 2460 732 2508 utrum
758 2453 1050 2508 masculina
1077 2454 1160 2508 vel
1187 2464 1374 2510 neutra
1399 2453 1506 2509 sint
1532 2471 1543 2506 :
1575 2451 1731 2507 alm'ts
1757 2450 1842 2506 vel
1866 2449 1997 2505 akeit
2022 2463 2136 2505 ace-

552 2553 691 2612 tum,
714 2544 854 2618 apris
873 2546 956 2600 vel
972 2545 1086 2618 apri
1105 2562 1296 2614 annus,
1313 2564 1405 2601 ans
1428 2546 1571 2620 (gen.
1595 2544 1760 2617 ansis)
1787 2545 1952 2611 trabs,
1969 2544 2136 2597 auhns

553 2642 638 2698 vel
668 2641 807 2696 aulm
835 2641 1040 2708 iornax,
1058 2642 1211 2698 atisks
1241 2642 1324 2698 vel
1347 2641 1480 2696 atisk
1500 2652 1870 2712 satum,gaggs
1898 2637 1980 2692 vel
2003 2653 2136 2708 gagg

552 2734 813 2801 incessus,
847 2734 982 2806 gilds
1011 2735 1096 2790 vel
1127 2733 1236 2806 gild
1267 2734 1545 2799 tributum,
1579 2740 1800 2804 gramsts
1827 2729 1910 2785 vel
1940 2735 2134 2800 gramst

552 2825 778 2894 festuca,
795 2827 910 2883 dals
930 2828 1013 2883 vel
1038 2829 1126 2884 dal
1145 2828 1320 2897 vallis,
1340 2829 1492 2883 hilms
1511 2828 1598 2883 vel
1620 2826 1747 2881 hilm
1768 2825 1963 2890 ulmus,
1980 2820 2134 2875 hruks

552 2917 636 2974 Vel
653 2917 788 2972 Inruk
807 2919 1014 2986 cornix,
1045 2918 1251 2992 paurps
1272 2920 1357 2975 vel
1384 2919 1561 2992 paurp
1589 2931 1828 2988 campus,
1852 2912 2027 2969 usluks
2049 2912 2133 2968 vel

556 3007 704 3065 mluk
721 3021 988 3082 apertura,
1011 3013 1160 3067 mails
1189 3013 1272 3068 vel
1295 3013 1418 3067 mai!
1441 3013 1668 3075 macula,
1685 3007 1862 3079 nrapls
1881 3007 1962 3062 vel
1983 3003 2136 3076 map!

565 3103 872 3174 .mporium,
903 3105 1046 3162 mods
1071 3105 1156 3162 vel
1187 3106 1306 3161 mod
1334 3105 1432 3172 ira,
1465 3105 1623 3159 nadrs
1652 3102 1735 3158 vel
1764 3100 1896 3155 nadr
1925 3097 2128 3168 vipera,

1609 379 2063 442 GRAMMATICA
2101 379 2425 439 GOTHICE
2464 382 2769 442 LINGUA‘I.

3671 399 3774 458 952

2191 540 2205 566 ,
2221 500 2355 570 plats
2393 499 2480 555 vel
2517 501 2625 571 piat
2655 516 2880 573 pannus,
2913 518 3074 575 pagg:
3102 503 3188 560 vel
3209 519 3347 577 pagg
3375 520 3515 576 pera,
3542 512 3671 584 raips
3694 519 3778 575 vel

2222 590 2337 661 raip
2357 591 2666 661 corrigiam,
2685 593 2808 648 sikls
2831 593 2915 649 vel
2936 593 3032 648 iikl
3047 595 3233 664 siclus,
3247 613 3432 669 saggqs
3443 601 3520 656 vel
3533 618 3678 676 saggq
3692 621 3778 664 oc-

2222 683 2428 750 cidens,
2446 701 2604 738 sauns
2623 685 2708 740 vel
2721 701 2849 738 saun
2872 684 3190 756 redemptio,
3211 688 3386 758 sinapi
3403 689 3632 762 velsinap
3643 695 3781 751 sina-

2223 775 2326 847 pis,
2344 775 2514 830 altatus
2537 776 2622 832 vel
2645 775 2794 830 skaut
2815 776 3044 842 limbria,
3064 777 3382 848 spaiskuldrs
3409 782 3490 836 vel
3508 783 3781 853 spaiskuldr

2223 866 2413 936 saliva,
2443 866 2607 936 skufts
2634 867 2718 922 vel
2746 866 2884 938 'skuft
2911 868 3110 938 capilli,
3153 868 3303 925 skohs
3331 870 3416 926 vel
3449 870 3566 926 skoh
3592 873 3784 930 calcea-

2223 969 2485 1029 mentum,
2529 962 2661 1033 sleps
2700 961 2784 1016 vel
2823 963 2931 1030 step
2959 976 3200 1028 somnus,
3240 979 3468 1018 suamms-
3490 964 3572 1020 vel
3603 982 3783 1021 svamm

2224 1055 2468 1127 spongia,
2497 1055 2650 1109 suibls
2675 1055 2758 1110 vel
2785 1053 2915 1109 svibl
2942 1053 3133 1120 sull‘ur,
3165 1054 3294 1126 sapa
3323 1057 3408 1110 vel
3433 1055 3533 1128 sol)
3560 1059 3786 1128 satietas,

2225 1147 2386 1217 tusi/1s
2434 1145 2518 1201 vel
2561 1145 2698 1216 tveiﬂ
2743 1144 2993 1214 dubium,
3023 1161 3180 1217 vaggs
3209 1145 3294 1200 vel
3334 1162 3466 1217 vagg
3502 1148 3784 1217 paradisus,

2225 1238 2406 1310 vairps
2437 1237 2520 1293 vel
2555 1236 2712 1309 vairp
2743 1236 2994 1308 pretium,
3036 1251 3229 1291 summa
3269 1237 3355 1293 vel
3384 1253 3547 1291 vamm
3570 1241 3782 1310 macula,

2228 1332 2558 1386 andavleizns
2579 1332 2662 1386 vel
2683 1330 2985 1386 andavleizn
3005 1328 3188 1394 facies,
3208 1330 3355 1386 vokrs
3374 1331 3459 1386 vel
3476 1331 3591 1388 vokr
3617 1349 3782 1403 usura,

2229 1423 2414 1496 gara/ts
2448 1423 2533 1478 vel
2565 1423 2721 1494 gafah
2759 1432 2978 1491 captura
3001 1463 3016 1488 ,
3065 1421 3258 1494 [ullips
3301 1423 3386 1478 vel
3430 1424 3600 1497 [παῦρ’
3633 1425 3783 1494 pleni-

2229 1519 2455 1586 lunium,
2486 1517 2646 1588 frum:
2667 1516 2753 1572 vel
2775 1518 2910 1588 frum
2936 1514 3168 1571 initium.
3196 1514 3344 1572 Grets
3369 1531 3499 1573 vero
3517 1527 3595 1574 est
3622 1518 3783 1576 iorsan

2229 1609 2565 1666 femininum.

2307 1719 2324 1753 σ
2348 1700 2633 1756 Annotatio
2658 1699 2987 1756 3.—Radice
3017 1698 3067 1753 in
3090 1716 3114 1753 ε
3137 1698 3443 1765 desinente,
3467 1699 3566 1756 hoc
3583 1701 3678 1756 sin
3701 1716 3786 1758 no-

2232 1795 2490 1850 minativo
2513 1793 2651 1864 sing.
2673 1808 2704 1847 a
2729 1793 3099 1849 terminatione
3119 1792 3302 1849 deﬁcit
3327 1811 3342 1846 :
3369 1810 3463 1848 am
3491 1795 3652 1863 trabs,
3672 1809 3781 1866 gen.

2234 1888 2400 1954 ansis,
2439 1888 2561 1942 drus
2603 1901 2780 1952 casus,
2820 1901 2942 1956 gen.
2987 1888 3181 1954 drusis,
3210 1889 3418 1942 aeinnas
3448 1887 3518 1960 (?)
3546 1890 3781 1958 ebriosus,

2235 1982 2347 2037 hals
2373 1982 2574 2037 cervix.
2607 1979 2749 2036 ldem
2775 1980 3060 2036 dicendum
3083 1989 3166 2036 est
3192 1981 3260 2036 de
3288 1983 3558 2038 nonnullis
3583 1983 3784 2039 vocabu-

2234 2076 2320 2142 lis,
2351 2091 2576 2145 quorum
2605 2075 2754 2130 radix
2785 2075 2836 2128 in
2867 2091 2894 2128 r
2920 2074 3237 2130 terminatur
3266 2093 3278 2128 :
3308 2076 3506 2147 gabattr
3531 2091 3786 2148 commune

2236 2170 2537 2241 prandium;
2571 2169 2893 2233 convivium,
2922 2167 3032 2222 vair
3061 2168 3166 2233 vir,
3187 2168 3320 2222 stiur
3345 2168 3565 2224 vitulus.

2313 2281 2333 2314 ι
2369 2261 2656 2317 Annotatio
2691 2259 2960 2331 L—Vegs
3005 2260 3199 2315 ﬂuctus
3222 2261 3385 2315 habet
3411 2263 3465 2317 in
3494 2261 3785 2317 nominativo

2240 2356 2378 2426 plur.
2411 2371 2559 2428 vagos
2588 2353 2687 2410 Mc.
2729 2369 2801 2423 tv,
2848 2353 2937 2418 37,
2981 2354 3033 2408 in
3075 2353 3255 2408 dativo
3280 2364 3459 2410 autem
3490 2355 3617 2422 plur.
3650 2357 3785 2426 regini

2239 2447 2372 2504 Mtlt.
2412 2462 2526 2514 νιιι,
2555 2447 2644 2501 24.
2686 2444 2817 2501 Vice
2851 2459 3006 2500 versa
3034 2446 3140 2500 aivs
3165 2461 3340 2500 aevum
3380 2447 3432 2500 in
3462 2446 3636 2501 dativo
3671 2449 3784 2516 plur.

2239 2552 2324 2598 est
2357 2541 2525 2593 aivam
2563 2536 2718 2593 Rom.
2762 2553 2838 2604 xl,
2881 2537 2970 2606 56,
3005 2537 3062 2593 in
3101 2538 3414 2594 accusativo
3457 2548 3631 2593 autem
3671 2537 3786 2608 plur.

2240 2633 2401 2687 aivins
2429 2631 2556 2687 Mth.
2585 2647 2657 2699 vr,
2687 2629 2772 2686 15.

2318 2742 2337 2776 ι
2349 2722 2641 2778 Annotatio
2661 2720 2950 2781 «θλ-Βάκι
2968 2721 3132 2792 stirps
3147 2730 3204 2776 et
3219 2720 3446 2776 ueiwods
3463 2720 3608 2776 testis
3625 2719 3786 2774 habent

2243 2818 2296 2871 in
2337 2814 2665 2870 nominativo
2706 2814 2847 2884 plur.
2893 2812 3092 2870 idrmas
3135 2822 3461 2885 apocopatas
3501 2811 3627 2867 νεῦσε
3658 2812 3784 2867 .loan.

2242 2923 2336 2972 vn,
2369 2905 2475 2972 26;
2505 2905 2661 2960 Rom.
2692 2919 2812 2971 xm,
2840 2906 2896 2972 5,
2923 2914 2980 2962 et
3007 2905 3228 2961 veiwods
3256 2904 3384 2961 Cor.
3412 2906 3455 2972 l,
3485 2919 3578 2972 xv,
3609 2906 3689 2969 15;
3711 2917 3786 2974 ge~

2242 2999 2441 3055 nitivus
2471 3007 2649 3054 autem
2681 3006 2736 3054 et
2761 2998 2974 3054 dativus
2999 2999 3136 3070 plur.
3153 2998 3312 3068 reike,
3338 2999 3551 3069 reiitam,
3580 3011 3697 3067 etc...
3718 3012 3786 3058 ιε’

2241 3093 2494 3166 gulariter
2517 3099 2728 3148 sonant.
2760 3109 2780 3143 ι

1395 3243 1540 3314 §67.
1572 3243 1628 3313 β.
1671 3240 1866 3296 Forma
1903 3231 2156 3293 radicalis
2193 3229 2276 3300 -ja
2307 3243 2324 3282 :
2368 3223 2494 3279 HA1
2505 3222 2722 3292 RDJA,
2766 3221 3018 3277 HARJA.

1052 3360 1200 3432 Sing.
1273 3373 1422 3415 nom.
1535 3356 1759 3411 hairdeis
1991 3354 2174 3420 pastor
2616 3339 2779 3409 harjis
2994 3341 3259 3391 exercitus

1276 3471 1399 3514 voc.
1528 3451 1700 3507 ltuit-di
1984 3451 2169 3517 pastor
2610 3435 2725 3488 nari
2996 3433 3264 3488 exercitus

1282 3565 1397 3606 acc.
1527 3547 1698 3603 hairdi
1988 3547 2257 3613 pastorem
2612 3527 2729 3580 hari
2991 3527 3293 3600 exercitum

1279 3644 1392 3699 dat.
1525 3640 1735 3712 hairdja
1989 3629 2194 3704 pastori
2380 3689 2382 3692 ν
2607 3621 2757 3692 Itarja
2993 3620 3254 3676 exercitui

1278 3753 1400 3809 gen.
1525 3711 1752 3791 hairdeis
1984 3722 2217 3798 pastoris
2603 3713 2765 3809 Itarjis
2992 3711 3263 3768 exercitus

1057 3833 1202 3892 Plur.
1277 3806 1404 3888 nom
1537 3829 1768 3900 hairdjos
1992 3829 2237 3891 pastores
2609 3806 2785 3877 harjos
3000 3807 3267 3861 exercitus

1280 3942 1395 3983 voc.
1531 3922 1767 3993 hairdjos
1991 3922 2247 3985 pastores.
2610 3902 2786 3973 harjos
3003 3901 3270 3956 exercitus

1284 4036 1400 4078 acc.
1541 3990 1815 4088 haidrjans
1995 4012 2240 4079 pastores
2611 3994 2827 4088 nariam
2997 3990 3267 4088 exercitus

1285 4111 1397 4167 dat.
1543 4080 1806 4178 hand-viam
2001 4089 2302 4169 pastoribus
2615 4083 2821 4180 Icarium
2999 4080 3323 4180 exercitibus
3456 4171 3466 4180 ν

1289 4220 1413 4278 gen.
1542 4171 1752 4275 hairttje
2003 4195 2279 4262 pastorum
2615 4175 2762 4245 harje
3006 4171 3344 4229 exercituum

637 4352 720 4409 Ad
744 4363 988 4408 normam
1014 4346 1236 4403 hairdeis
1262 4344 1601 4402 declinantur
1626 4335 1907 4404 vocabula,
1937 4333 1992 4388 in
2022 4331 2141 4401 qui-

566 4443 670 4501 bus
695 4441 781 4498 vel
809 4441 1013 4513 syllaba
1039 4439 1277 4496 derivata
1304 4437 1391 4494 vel
1417 4433 1667 4492 radicalis
1697 4431 1857 4500 longa
1886 4423 2144 4483 termina-

569 4532 730 4589 tionis
772 4533 1030 4601 syllabam
1072 4529 1346 4601 praecedit,
1384 4536 1485 4584 ut:
1529 4525 1708 4580 andeis
1750 4521 1893 4587 linis,
1943 4514 2145 4572 aurkeis

569 4625 698 4688 olla,
745 4625 912 4677 amcis
952 4622 1204 4690 famulus,
1237 4620 1456 4674 beruseis
1485 4619 1627 4689 plur.
1659 4614 1891 4683 berusjos
1917 4617 2149 4674 veteres,

569 4713 919 4788 gubblostreis
960 4711 1056 4768 Dei
1095 4719 1464 4780 contemptor,
1505 4702 1886 4779 fauramapleis
1928 4697 2148 4770 praesul,

571 4807 892 4863 silbasiuueis
922 4805 1075 4862 testis
1102 4804 1336 4860 ocularis
1355 4843 1372 4869 ,
1400 4801 1727 4874 faurstasseis
1754 4795 1954 4869 praesul
1973 4833 1990 4861 ,
2022 4793 2154 4846 vito-

571 4898 817 4969 dafasteis
866 4896 1234 4968 legisperitus,
1273 4894 1462 4949 waiteis
1507 4892 1866 4956 frumentum;
1924 4884 2150 4941 bakareis

569 4991 768 5059 scriba,
815 4991 1044 5046 laisareis
1077 4990 1350 5060 magister,
1379 4986 1632 5059 (inpareis
1660 4993 1866 5049 cantor,
1911 4979 2150 5035 motarcis

571 5085 908 5158 publicanus,
933 5083 1156 5139 sokareis
1185 5092 1471 5152 scrutator,
1497 5080 1740 5136 vullareis
1759 5077 1912 5144 fullo,
1926 5074 2150 5148 ragineis

571 5177 928 5244 consiliarius,
956 5177 1179 5250 siponeis
1203 5174 1515 5247 discipulus.

646 5315 728 5370 Ad
756 5328 997 5371 normam
1021 5315 1184 5388 harjis
1211 5314 1552 5371 declinantur
1580 5308 1857 5374 vocabula,
1884 5319 2004 5377 quae
2025 5303 2150 5359 bre-

573 5422 694 5462 vem
725 5408 985 5478 syllabam
1017 5409 1303 5464 radicalem
1331 5407 1638 5464 immediate
1665 5414 1790 5460 ante
1819 5398 2151 5459 terminatio-

575 5514 700 5554 nem
740 5499 960 5566 habent,
1000 5516 1116 5570 qnae
1151 5501 1351 5572 syllaba
1395 5516 1490 5569 per
1520 5491 1902 5569 iinterjectum
1949 5493 2148 5562 produ-

576 5589 735 5651 citur,
765 5597 820 5641 ut
849 5606 864 5643 :
895 5589 1064 5661 nipjia
1088 5606 1273 5660 gener,
1304 5590 1460 5664 sakjis
1489 5600 1771 5662 pugnator,
1817 5583 2150 5657 andastapjis

578 5677 939 5746 adversarius,
968 5680 1233 5752 silbaviljis
1261 5681 1615 5738 voluntarius.

657 5811 1074 5868 «Annotatio.--
1090 5813 1165 5869 De
1194 5815 1394 5870 (aisaris
1423 5816 1550 5871 Luc.
1582 5832 1652 5881 vt,
1683 5815 1752 5873 40
1777 5816 1898 5871 loco
1919 5811 2148 5868 lairareis

581 5901 692 5961 vid.
723 5903 810 5959 ubi
835 5901 901 5958 de
928 5903 1072 5960 sonis
1103 5903 1246 5972 §23,
1272 5905 1322 5959 4.
1359 5925 1378 5958 ι

2497 4315 2524 4386 §
2549 4313 2639 4371 68.
2667 4335 2719 4389 γ.
2751 4289 2946 4368 Forma
2973 4307 3218 4366 radicalis
3241 4325 3305 4364 va
3329 4324 3350 4364 :
3383 4309 3460 4380 ῥι
3471 4309 3583 4369 VA,

2499 4407 2646 4476 Sing.
3363 4403 3513 4460 Plur.

2251 4499 2407 4556 Nom.
2549 4496 2672 4569 pius
2816 4494 3048 4550 lamulus
3189 4493 3343 4567 pinos
3487 4495 3659 4552 famuli

2255 4591 2384 4650 Voc.
2536 4589 2638 4662 piu
2818 4587 3017 4642 famule
3186 4586 3340 4658 pinos
3489 4586 3659 4642 famuli

2255 4689 2384 4744 Acc.
2539 4683 2639 4756 piu
2816 4681 3072 4737 {annulum
3184 4679 3375 4751 pinam
3486 4679 3694 4735 famulos

2255 4781 2372 4835 Dat.
2541 4777 2669 4849 pina
2813 4773 3011 4829 famulo
3181 4771 3364 4844 pinam
3493 4772 3683 4827 famulis

2253 4873 2390 4931 Gen.
2523 4867 2674 4943 'pivis
2820 4868 3005 4923 famuli
3185 4865 3308 4938 [)ive
3489 4866 3766 4923 famulorum

2323 4965 2437 5021 Non
2467 4963 2621 5019 datur
2648 4959 2791 5016 aliud
2830 4959 2988 5030 hujus
3017 4957 3206 5014 formae
3243 4958 3578 5030 paradigma.

2876 5053 2925 5108 b.
2957 5051 3230 5108 Neutrum.

2398 5150 2540 5224 §;69.
2573 5174 2627 5206 α.
2660 5148 2856 5205 Forma
2888 5147 3140 5203 radicalis
3160 5162 3222 5200 -a
3249 5161 3268 5200 :
3309 5145 3619 5203 VAURDA.

2531 5242 2678 5312 Sing.
3413 5241 3471 5296 Pl
3481 5258 3561 5296 ur.

2251 5339 2406 5396 Nom.
2514 5338 2675 5391 vaurd
2818 5337 3043 5390 verbum
3153 5334 3352 5388 vaurda
3489 5335 3648 5390 verba

2253 5435 2383 5490 Voc.
2520 5431 2682 5486 vaurd
2829 5429 3053 5484 verbum
3161 5428 3362 5481 vaurda
3494 5427 3650 5483 verba

2251 5537 2382 5592 Acc.
2518 5530 2679 5586 vaurd
2825 5528 3044 5583 verbum
3153 5526 3348 5579 vaurda
3483 5526 3655 5582 verbis

2254 5629 2374 5684 Dat.
2518 5624 2716 5681 vaurda
2825 5621 2990 5676 verbo
3157 5619 3406 5672 vaurdam
3490 5620 3643 5674 verba

2252 5722 2387 5778 Gen.
2516 5719 2722 5772 vaurdis
2819 5713 2968 5770 verbi
3146 5712 3342 5767 vaurde
3490 5712 3742 5767 verborum

2323 5813 2400 5867 Eo
2429 5810 2590 5866 modo
2620 5809 2954 5864 declinantur
2981 5825 2993 5861 :
3026 5807 3134 5878 agis
3165 5813 3359 5871 metus,
3390 5805 3484 5859 aha
3523 5804 3676 5872 spica,
3698 5801 3775 5864 aiz,

2254 5916 2354 5970 oss,
2387 5902 2497 5956 aibr
2518 5899 2737 5970 donum,
2764 5900 2903 5972 aigin
2944 5899 3259 5972 proprietas,
3285 5899 3444 5953 avistr
3470 5897 3624 5966 ovile,
3653 5893 3774 5949 kran
