3960 6340
157 364 256 426 957

220 476 312 532 Sic
343 475 706 532 declinantur
739 488 754 527 :
785 472 918 527 nilus
973 484 1079 538 res,
1136 469 1400 544 ajukdups
1455 472 1747 540 aeternitas,

1226 357 1316 412 DE
1358 355 1863 415 DECLINATIONE
1901 357 2377 422 SUBSTANTIVI.

3343 381 3446 443 358

1862 475 2072 546 nativus
2099 479 2339 547 midums,
2370 481 2437 538 ad
2480 482 2648 540 instar
2690 487 2958 557 secundae,
3001 489 3082 546 vel
3124 493 3354 552 miduma
3379 495 3447 554 ad

156 571 281 644 all):
306 580 608 635 senectus,
630 563 841 639 arbaips
872 564 1042 632 labor,
1067 581 1218 619 asans
1243 565 1454 631 messis,
1483 564 1753 644 gabaurps
1856 568 2026 626 instar
2054 573 2239 643 primae
2271 575 2638 633 declinationis
2661 577 2821 634 necti.
2849 600 2868 633 ι

156 664 428 728 nativitas,
460 661 700 716 usbeisns
743 657 1092 728 exspectatio,
1147 656 1466 711 andabauhts
1521 657 1750 726 pretium

157 753 585 821 redemptionis,
616 750 914 821 faurbauhts
935 747 1255 818 redemptio,
1288 746 1543 801 anabusns
1581 749 1743 814 auris,

162 848 446 902 altbrunsts
493 843 892 910 holocaustum,
924 842 1088 914 brups
1116 857 1304 908 nurus,
1352 841 1626 912 innagahts
1671 841 1751 894 in-

159 939 366 1004 troitus,
402 939 630 1010 fragifts
659 937 940 1004 mutuatio,
968 939 1190 1008 gagrefts
1235 933 1560 998 mandatum,
1612 934 1751 1006 grids

160 1029 367 1101 passus,
404 1032 551 1101 gaits
584 1045 741 1097 capra
775 1031 929 1098 (nam
969 1025 1118 1097 juxta
1161 1025 1369 1080 felicem
1426 1022 1748 1080 Massmanni

159 1123 530 1196 conjecturam
569 1121 702 1177 Neh.
757 1137 808 1186 v,
843 1122 910 1176 18
948 1120 1079 1192 gaits
1110 1135 1184 1172 ἀ’
1217 1117 1335 1173 loco
1365 1119 1550 1190 gaitsa,
1606 1111 1748 1186 quod

158 1217 206 1274 in
235 1225 382 1270 textu
438 1225 498 1270 et
530 1215 592 1269 in
639 1213 899 1285 glossario
943 1209 1269 1279 induximus,
1314 1208 1592 1279 legendum
1645 1206 1748 1278 est)

161 1309 284 1365 dails
315 1323 468 1379 pars,
505 1308 700 1361 dan/tta
739 1305 1059 1370 convivium,
1084 1304 1248 1355 dauns
1286 1303 1437 1367 odor,
1470 1299 1750 1354 utisscdeds

158 1405 346 1471 scelus,
376 1401 554 1473 dnlps
582 1403 803 1469 festum,
848 1400 1080 1453 usdrusts
1109 1403 1193 1451 via
1232 1395 1420 1463 ardua,
1465 1412 1590 1466 qens
1633 1410 1750 1449 mtt-

160 1498 270 1566 lier,
317 1493 600 1568 gaqumbs
649 1501 965 1560 conventus,
1018 1491 1213 1545 haurds
1260 1501 1432 1560 porta,
1470 1488 1748 1558 andahafts

159 1604 496 1658 responsum,
544 1588 731 1657 haifsts
784 1588 918 1652 rixa,
949 1583 1181 1658 gahugds
1210 1581 1484 1651 cogitatio,
1535 1579 1747 1653 paurfts

161 1683 468 1752 indigentia,
523 1681 800 1754 gaplaihts
843 1678 1158 1744 consolatio,
1227 1675 1433 1749 gakusts
1478 1671 1742 1744 probatio,

161 1774 378 1847 gakunds
425 1774 737 1844 persuasio,
782 1770 1024 1844 gakunps
1069 1769 1354 1840 apparitio,
1412 1767 1521 1820 lists
1567 1765 1742 1832 dolus,

163 1867 359 1940 fralusts
388 1853 812 1932 detrimentum,
844 1863 1010 1916 malus
1041 1859 1297 1931 potentia,
1323 1856 1546 1928 magaps
1571 1856 1742 1926 virgo,

161 1957 505 2033 gamaindups
533 1954 868 2024 communio,
917 1951 1195 2026 gamainps
1243 1949 1490 2014 ecclesia,
1538 1963 1748 2018 manag-

165 2043 290 2122 duﬁs
315 2049 642 2118 multitudo,
693 2049 871 2114 turba,
925 2043 1213 2115 miliildups
1265 2041 1593 2112 magnitudo,
1651 2055 1744 2111 ga-

165 2145 332 2198 munds
353 2145 650 2210 memoria,
679 2139 854 2211 naups
877 2138 1188 2199 necessitas,
1217 2137 1525 2191 andamtmts
1552 2147 1713 2202 accep
1737 2159 1746 2170 ~

165 2237 301 2301 latio,
331 2237 534 2308 gam'sts
565 2235 738 2300 salus,
767 2233 1012 2306 garehsns
1039 2231 1327 2297 ordinatio,
1353 2229 1538 2282 urrists
1564 2241 1746 2282 resur-

166 2328 342 2395 rectio,
391 2326 589 2381 roltsns
639 2323 988 2390 vestibulum,
1031 2321 1242 2394 gasahts
1284 2320 1491 2384 vitium,
1547 2316 1746 2372 insahts

167 2418 426 2483 narratio,
486 2415 710 2487 frisahts
766 2414 969 2485 imago,
1020 2412 1171 2468 sokns
1217 2409 1536 2483 disquisitio,
1567 2425 1747 2463 mana-

170 2508 278 2579 seps
307 2511 566 2579 mundus,
609 2507 791 2562 saultts
831 2506 1100 2578 contagio,
1136 2505 1280 2558 siuna
1311 2500 1494 2570 facies,
1524 2499 1748 2573 gaskafts

172 2601 375 2667 creatio,
404 2600 617 2655 slauhts
652 2599 968 2662 immoiatio,
1018 2596 1179 2652 taiktts
1216 2596 1445 2665 signum,
1495 2591 1747 2668 gataurps

176 2691 467 2755 destructio,
496 2691 740 2747 ustaultts
771 2689 1180 2754 consummatio,
1206 2688 1370 2741 vailtts
1397 2702 1505 2755 res,
1523 2689 1747 2740 usvahsls

176 2771 573 2853 incrementum,
600 2782 872 2838 usvaurhts
885 2779 1420 2853 justitia,'fravaurltts
1445 2787 1742 2849 peccatum,

179 2866 276 2928 om
303 2890 438 2945 Spes,
468 2877 752 2930 railavizns
777 2876 1118 2940 sustentatio,
1163 2875 1280 2927 vista
1320 2872 1561 2939 scientia,
1585 2886 1747 2926 vuum

175 2964 330 3038 dolor,
357 2969 508 3024 vro/ts
538 2970 836 3036 accusatio,
863 2969 1094 3041 {adi-eius
1123 2983 1308 3038 genus,
1335 2963 1527 3037 fabeps
1549 2979 1670 3034 pax.

242 3059 556 3116 «Annotatio
573 3060 599 3113 l
614 3059 821 3116 .—Huc
837 3059 1112 3116 referenda
1129 3069 1252 3113 sunt
1265 3060 1424 3113 etiam
1440 3056 1671 3111 verbalia
1687 3055 1744 3110 in

179 3151 318 3220 -cins,
345 3152 393 3206 in
419 3153 522 3209 hoc
550 3161 762 3208 tantum
787 3151 1147 3222 particularia,
1172 3150 1311 3221 quod
1339 3149 1390 3202 in
1421 3147 1746 3203 nominativo

182 3237 302 3310 plur.
325 3242 374 3296 in
398 3260 477 3297 οοε
505 3285 519 3308 ,
543 3256 600 3298 et
621 3244 672 3297 in
689 3243 919 3313 genitivo
943 3243 1078 3315 plur.
1097 3241 1150 3295 in
1171 3239 1501 3302 -odesinant,
1518 3253 1605 3293 ex.
1629 3253 1741 3309 gr.:

179 3335 450 3404 galaubeins
483 3337 648 3404 ﬁdes,
671 3337 914 3406 daupeins
928 3335 1210 3406 baptisma,
1237 3334 1560 3388 anastodet'ns
1601 3332 1747 3400 prin-

184 3423 378 3493 cipium,
400 3429 626 3483 naitet‘ns
653 3427 938 3494 calumnia,
965 3425 1239 3481 bisaulcins
1262 3423 1486 3480 macula.
1530 3423 1742 3479 Necnon

183 3523 228 3569 et
245 3516 289 3569 in
313 3519 486 3574 dativo
510 3521 658 3590 plur.
692 3507 996 3575 terminatio
1019 3535 1131 3572 -om
1155 3534 1250 3588 pro
1274 3517 1370 3572 -im
1420 3533 1514 3587 per
1551 3531 1748 3586 excep-

185 3605 359 3663 tionem
381 3613 620 3666 occurrit
654 3611 706 3666 in
729 3609 1099 3666 unkaureinom
1126 3609 1249 3665 Cor.
1292 3610 1355 3677 ll,
1385 3626 1444 3678 tt,
1469 3610 1523 3665 9.
1560 3609 1746 3678 Quoad

186 3700 392 3756 verbalia
413 3702 465 3758 in
490 3721 636 3769 -ons,
663 3701 723 3758 ut
742 3705 924 3757 mitons
948 3703 1222 3773 cogitatio,
1258 3701 1446 3776 lapons
1477 3701 1743 3768 invitatio,

188 3793 366 3850 salbons
404 3789 764 3869 unguentum,
811 3801 1020 3870 sunjons
1055 3795 1386 3868 justificatio,
1432 3798 1746 3870 regulariter

187 3882 415 3945 declinari
444 3892 721 3958 videntur,
746 3893 980 3947 occurrit
999 3892 1187 3947 saltem
1213 3889 1569 3946 nominativus
1604 3890 1742 3960 plur.

187 3977 389 4035 mitoneis
433 3983 536 4040 Mc.
583 4000 682 4052 vlt,
720 3983 810 4053 21,
856 3984 1116 4057 genitivus
1163 3985 1351 4038 mitone
1407 3983 1544 4053 Eph.
1593 4000 1649 4050 u,
1681 3983 1744 4048 5,

191 4071 268 4125 sed
305 4076 456 4133 etiam
480 4079 684 4133 mitono
708 4079 865 4134 Rom.
892 4094 1002 4145 xtv,
1029 4080 1079 4133 l.
1108 4079 1184 4134 Eo
1211 4079 1371 4134 etiam
1406 4075 1568 4133 modo
1605 4078 1748 4133 ﬂecti

189 4161 405 4225 videntur
425 4171 667 4228 verbalia
685 4172 735 4226 in
755 4173 911 4239 -aim,
930 4180 984 4225 ut
1001 4171 1212 4225 bauains
1237 4170 1511 4237 habitatio,
1531 4170 1748 4242 [)ulains

190 4258 433 4331 patientia,
448 4253 637 4318 libaina
651 4264 777 4328 vita,
795 4264 992 4317 lubains
1009 4277 1154 4332 spes,
1176 4273 1303 4328 etc.,
1325 4255 1548 4330 Quorum
1568 4271 1744 4316 tamen

191 4357 278 4400 non
291 4355 511 4410 ecettrrit
527 4355 632 4411 nisi
648 4347 912 4426 genitivus
930 4353 1067 4424 plur.
1083 4353 1302 4426 [mldine
1313 4345 1435 4408 Cur.
1453 4353 1515 4420 ll,
1535 4353 1611 4420 t,5
1624 4371 1742 4426 sqq.

253 4460 274 4489 ε
297 4442 574 4502 Annotatio
595 4447 729 4503 2.-
749 4443 878 4502 Post
906 4463 928 4500 s
960 4444 1187 4500 radicale
1216 4459 1238 4498 ε
1263 4444 1654 4500 terminationis
1687 4444 1744 4500 in

195 4526 487 4591 nominativo
516 4534 662 4610 sing.
686 4535 951 4609 rejicitur,
979 4541 1067 4592 ex.
1092 4549 1170 4607 gr.
1211 4552 1224 4592 :
1248 4545 1436 4610 garuns
1464 4533 1573 4603 via.
1616 4551 1741 4607 Ben-

195 4628 453 4697 garunsais,
485 4632 563 4686 los
597 4631 734 4697 sors,
780 4631 970 4702 afstass
1005 4629 1314 4697 divortium,
1339 4641 1530 4687 uastas:
1561 4647 1745 4690 resur-

194 4701 374 4798 lectio,
415 4724 619 4796 anaqiss
670 4701 969 4790 calumnia,
1033 4725 1221 4796 gaqt’ss,
1283 4722 1576 4798 piupiqiu,
1631 4736 1738 4782 etc.

201 4795 362 4863 Vau'rts
390 4827 512 4870 vero
550 4833 576 4871 ε
606 4815 659 4870 in
703 4816 955 4886 singulari
995 4795 1151 4890 (gen.
1185 4795 1471 4891 vaurtsais)
1523 4820 1740 4887 retinet,

197 4893 343 4964 reiicit
368 4913 535 4962 autem
567 4907 623 4963 in
653 4907 846 4978 plurali
876 4907 1161 4980 (cauneis).

260 4992 553 5060 tAn::otatio
575 5002 892 5058 3.—Haims
909 5018 1073 5074 pagus
1089 5003 1388 5060 declinatur
1409 5004 1460 5061 in
1483 5005 1739 5076 singulari

195 5077 250 5167 ad
275 5081 422 5144 instar
447 5094 730 5164 praesentis
753 5094 1143 5161 declinationis,
1168 5095 1222 5152 in
1247 5095 1444 5167 plurali
1465 5106 1644 5153 autem
1670 5095 1738 5152 ad

199 5165 340 5231 instar
360 5181 542 5250 prioris
574 5189 751 5258 (nom.
784 5187 1003 5256 haimos,
1027 5187 1157 5258 etc)-

260 5283 276 5316 t
301 5271 571 5335 Annotatio
596 5281 813 5336 4.—De
840 5281 1072 5352 genitivo
1101 5281 1238 5350 plur.
1271 5283 1556 5350 ﬂavaurhti
1577 5283 1734 5340 Rom.

199 5364 272 5418 ru,
301 5360 329 5414 5
350 5363 456 5423 loco
484 5371 778 5441 fravaurhte
797 5374 903 5430 vid.
928 5374 1012 5429 ubi
1046 5375 1112 5430 de
1128 5376 1274 5431 sonis
1302 5371 1440 5446 ςίὶό,
1473 5373 1529 5433 4.

209 5533 214 5538 δ
261 5451 548 5519 «Ᾱηηοιειιὶυ
561 5463 1080 5522 5.—Vocabulorum
1097 5464 1254 5523 ahala
1267 5467 1536 5535 columba,
1551 5467 1736 5540 αεῑαρε

203 5541 382 5630 veritas,
426 5565 554 5623 grets
597 5559 773 5626 ﬂetus,
812 5557 976 5614 krults
1017 5559 1429 5630 crepitaculum,
1467 5562 1609 5616 sanis
1645 5577 1740 5617 co-

205 5627 372 5730 !"Itina,
394 5649 519 5706 staks
539 5655 767 5722 macula,
790 5655 1012 5729 bistugqs
1043 5627 1288 5725 oﬂ'ensio,
1317 5656 1540 5730 [ulleips
1573 5659 1740 5728 pleni-

207 5725 324 5794 ίιιάο,
345 5749 496 5803 genus
527 5747 743 5803 dubium
769 5758 873 5816 est,
908 5725 1034 5804 licet
1063 5725 1416 5819 pronabiliter
1445 5725 1550 5804 h—uc
1574 5725 1737 5808 refe-

205 5821 339 5879 lentia
363 5830 477 5888 sint.
522 5837 597 5895 De
620 5840 868 5895 ntidamai
896 5839 993 5898 Mc.
1023 5857 1100 5906 tu,
1131 5839 1165 5894 2
1197 5850 1325 5905 etc.,
1359 5848 1534 5910 potest
1569 5842 1738 5900 nomi-

2139 685 2446 732 VOCALICA
2493 691 2873 735 DECLINATlO
2915 695 3170 739 TERTIA.

2391 773 2579 828 Radic.
2620 777 2815 831 vocalis
2854 794 2906 832 α.

2411 883 2462 920 a.
2506 868 2875 926 Masculinum.

1927 955 1954 1022 ᾗ
1997 955 2084 1010 78.
2118 980 2171 1013 α.
2218 957 2409 1013 Forma
2444 961 2773 1018 radicalis~u
2804 981 2822 1018 :
2853 940 3080 1023 .§UNU.

2230 1052 2378 1122 Sing.
2883 1060 3030 1118 Plur.

2058 1145 2212 1200 Nom.
2250 1165 2411 1203 sanus
2442 1151 2578 1208 filius
2769 1172 2951 1227 sumus
3007 1160 3101 1216 lilii

2057 1236 2186 1292 Voc.
2243 1257 2372 1294 stum
2443 1243 2518 1297 fili
2760 1252 2943 1318 sunjtts
3002 1251 3093 1306 ﬁlii

2054 1331 2178 1385 Acc.
2240 1348 2372 1386 simu
2446 1335 2610 1390 lilium
2753 1356 2947 1395 summa
3002 1344 3138 1397 filios

2054 1419 2173 1474 Dat.
2238 1439 2402 1476 sunau
2446 1426 2554 1480 filio
2768 1448 2955 1486 sanum
3002 1433 3125 1488 ﬁliis

2055 1507 2186 1590 Gen.
2235 1530 2422 1568 sanans
2452 1515 2542 1570 filii
2771 1525 2946 1574 native
3007 1523 3234 1579 filiorum

1920 1600 2010 1655 Sic
2035 1601 2370 1658 declinantur
2395 1623 2408 1659 :
2435 1607 2576 1661 airus
2601 1611 2838 1675 nuntius,
2871 1613 3128 1685 au/tjodus
3155 1617 3434 1690 tumultus,

1847 1694 2040 1748 auhsus
2069 1695 2184 1761 bos,
2228 1698 2385 1752 asilus
2415 1698 2615 1768 asinus,
2648 1704 3010 1776 gabattrjopus
3049 1722 3434 1779 concupiscen-

1849 1787 1941 1852 tia,
1969 1787 2180 1864 daupus
2220 1805 2382 1855 mors,
2411 1791 2574 1865 ‘gipus
2598 1803 2714 1850 uter
2744 1796 2952 1869 (uteri),
3001 1801 3184 1866 liuidus
3218 1805 3430 1874 modus,

1849 1877 2026 1932 hairus
2047 1879 2274 1948 gladius,
2308 1881 2476 1937 hallus
2517 1886 2685 1955 rupis,
2714 1887 2892 1955 hii/tus
2932 1889 3089 1959 latro,
3121 1893 3314 1949 Ituhrus
3358 1895 3434 1952 ra-

1848 1982 1985 2036 mes,
2017 1969 2258 2041 putu-nus
2295 1973 2473 2044 spina,
2498 1974 2669 2030 kintus
2699 1978 2910 2047 obolos,
2954 1980 3128 2038 hostus
3167 1985 3433 2056 probatio,

1848 2061 2291 2136 habituslectum,
2318 2066 2464 2137 libus
2503 2071 2825 2139 membrum,
2857 2075 3017 2131 Iustus
3044 2081 3433 2149 concupiscen-

1852 2155 1944 2220 tia,
1972 2155 2131 2227 luftus
2156 2173 2268 2224 aer,
2301 2175 2482 2232 magus
2505 2177 2652 2230 puer,
2680 2165 2932 2220 maihsttu
2953 2175 3184 2237 stercus,
3207 2175 3437 2230 mannis-

1849 2243 2008 2302 kodtts
2030 2245 2349 2313 humanitas,
2371 2249 2552 2305 saklttts
2572 2267 2778 2320 saccus,
2796 2256 2938 2310 sidus
2956 2259 3094 2327 mos,
3113 2261 3302 2316 alcatim
3318 2279 3437 2320 um-

1850 2335 1966 2404 bra,
1992 2337 2188 2392 skildus
2214 2339 2456 2411 clypeos,
2484 2343 2685 2414 tunpus
2715 2346 2870 2414 dens,
2897 2349 3102 2405 solum
3132 2353 3437 2412 incremen-

1849 2434 1984 2494 tum,
2000 2429 2210 2485 vairdus
2237 2432 2610 2503 diversorium,
2627 2438 2770 2491 vatus
2791 2438 3030 2509 baculus,
3049 2445 3243 2499 eandm
3265 2447 3436 2520 virga,

1850 2519 2146 2591 ﬂagellum,
2191 2523 2375 2594 viprus
2415 2542 2616 2597 agnos,
2644 2531 2840 2587 vintrus
2868 2534 3058 2603 hiems,
3093 2539 3283 2610 vulpi“
3319 2542 3436 2613 glo-

1850 2613 1950 2677 ria,
2004 2615 2246 2669 vratodus
2294 2616 2412 2684 iter,
2471 2619 2679 2688 fairwus
2720 2624 2968 2696 mundus,
3017 2630 3152 2700 fotu:
3201 2645 3328 2700 pes;
3379 2641 3437 2690 et

1852 2702 2069 2774 insuper
2096 2706 2428 2764 substantiva‘
2443 2711 2683 2770 derivata
2711 2715 2762 2770 in
2777 2731 2954 2772 dum
2976 2761 2990 2784 ,
3017 2727 3074 2774 ut
3098 2719 3332 2778 lauasset:
3361 2725 3438 2780 si-

1850 2795 2114 2865 militudo,
2144 2798 2409 2859 uiarum}:
2436 2805 2938 2876 superabundantia,
2965 2810 3267 2868 blatinamts
3284 2791 3436 2872 reve-

1851 2890 2023 2944 rentia
2051 2930 2066 2956 ,
2117 2893 2446 2963 gudjinassus
2514 2898 2970 2972 pracsbyteratos,
3039 2905 3433 2978 sacerdotium;

1851 2981 2246 3039 draulttinassus
2274 2988 2620 3059 stipendium,
2645 2993 2748 3047 etc.
2777 2993 2886 3049 vid.
2915 2993 2941 3064 ᾗ
2971 2995 3074 3051 148
3105 2998 3194 3068 m.

1926 3093 1947 3128 ι
1980 3075 2268 3134 Annotatio
2299 3081 2618 3139 l.—lnccrti
2645 3086 2856 3156 generis
2881 3097 3003 3142 sunt
3025 3089 3234 3159 quit-nus
3262 3092 3436 3162 pistri-

1848 3181 1998 3233 num,
2027 3169 2280 3225 ulbaudus
2305 3176 2567 3239 camelos,
2600 3177 2767 3246 ﬂodus
2799 3177 3019 3246 fluctus,
3038 3181 3219 3248 gredm
3242 3181 3428 3252 fames,

1850 3256 2025 3331 (cipue
2074 3260 2247 3317 Sicera
2273 3261 2420 3332 (gall.
2451 3264 2588 3320 εἰᾶτε
2617 3282 2784 3336 germ.
2821 3263 3116 3342 Obstwein),
3151 3287 3353 3329 necnon
3379 3269 3435 3330 et

1847 3350 2108 3406 Vocabula
2140 3353 2191 3407 in
2229 3356 2386 3408 -οίίιιε
2416 3357 2582 3411 finita.

1924 3452 1947 3495 ι
1963 3441 2244 3500 Annotatio
2264 3447 2470 3503 2.—De
2495 3447 2651 3518 hujus
2672 3447 3044 3508 declinationis
3073 3469 3108 3507 τι
3129 3443 3434 3526 frequenter

1849 3532 1902 3590 in
1935 3552 2002 3589 au
2023 3545 2348 3595 commutato
2372 3541 2476 3594 vid.
2503 3542 2590 3597 ubi
2618 3544 2684 3599 de
2704 3543 2851 3600 senis
2881 3544 2908 3618 ᾖ
2939 3545 3032 3616 29,
3057 3545 3108 3604 5.
3142 3547 3160 3600 i

2027 3627 2054 3699 §
2084 3628 2172 3684 79.
2197 3631 2250 3701 β.
2284 3629 2474 3687 Forma
2505 3633 2751 3692 radiealis
2772 3635 2855 3709 -ju
2880 3653 2900 3693 :
2929 3635 3228 3696 STUBJU.

2268 3725 2415 3796 Sing.
2655 3809 2659 3814 .
2970 3731 3115 3787 Plur.

1994 3810 2150 3865 Nom.
2191 3814 2391 3886 stubjus
2419 3816 2591 3887 pulvis

1997 3901 2124 3956 Voc.
2191 3904 2364 3974 stttbju
2427 3906 2596 3974 pulvis

1994 3995 2123 4049 Acc.
2187 3995 2361 4066 stubju
2423 3997 2696 4066 pulverem

1993 4087 2112 4142 Dat.
2182 4087 2392 4158 stubjau
2424 4089 2626 4158 pulveri

1995 4177 2130 4234 Gen.
2175 4180 2409 4248 stubjaus
2429 4179 2664 4251 pulveris

1923 4271 2015 4329 Sic
2041 4272 2379 4330 declinantur
2405 4279 2636 4348 assarjus
2679 4277 2950 4344 denarius,
2989 4279 3209 4351 drunjus
3247 4291 3433 4336 sonus.

1933 4384 1952 4420 ι
1981 4367 2570 4424 Anuotatio.—Forma
2599 4370 2818 4440 pluralis
2845 4371 3060 4442 probari
3090 4374 3290 4442 nequit,
3315 4387 3436 4444 qua

1843 4461 2218 4524 .vcrisimiliter
2242 4471 2460 4520 sonaret
2496 4466 2716 4536 stubjus,
2741 4466 2997 4538 stubjuns,
3020 4467 3268 4539 stubjum,
3299 4465 3437 4523 stub-

1845 4557 1957 4632 jive
1984 4555 2240 4628 (δηιῡήνεῖ
2265 4555 2491 4613 Grimm.
2517 4556 2559 4622 l,
2591 4557 2740 4630 601).
2783 4578 2801 4612 ι

1950 4654 1956 4662 ’
2458 4652 2508 4706 b.
2537 4651 2818 4710 Neutrum.

2134 4762 2160 4816 ε
2184 4746 2272 4801 80.
2299 4744 2491 4802 Forma
2517 4747 2766 4804 radiealis
2791 4765 2851 4803 -u
2881 4765 2896 4804 :
2929 4746 3190 4808 FAiHU.

2876 4012 2980 4055 non
3008 4001 3261 4060 occurrit.

2217 4839 2368 4911 δίης.
3153 4841 3298 4901 Plut.

1986 4930 2140 4987 Nom.
2180 4934 2327 5002 {aihu
2543 4935 2768 4992 facultas

1988 5024 2120 5080 Voc.
2179 5026 2325 5097 failtu
2544 5027 2770 5084 facultas

1988 5117 2115 5173 Acc.
2167 5119 2314 5190 faihu
2536 5119 2846 5175 facultatem
3040 5131 3155 5191 non
3177 5117 3416 5176 σιωπὴ

1985 5211 2102 5267 Dat.
2169 5214 2347 5285 faihau
2537 5213 2774 5268 facultati

1982 5305 2117 5361 Gen.
2158 5309 2361 5379 fdi/tatis
2535 5305 2800 5360 facultatis

1913 5397 2004 5456 Sic
2027 5399 2329 5456 declinatur
2353 5400 2510 5455 etiam
2534 5399 2681 5469 gairu
2710 5397 2999 5470 ﬂagellum.

2411 5509 2457 5547 c.
2489 5491 2844 5547 Femininum.

2059 5587 2085 5658 §
2111 5587 2198 5643 8|.
2224 5609 2278 5642 α.
2305 5585 2495 5638 Forma
2524 5582 2772 5638 radiealis
2792 5600 2851 5637 -ιι
2881 5599 2900 5637 :
2923 5580 3204 5640 IIANDU.

2219 5679 2368 5746 Sing.
2909 5679 3052 5736 Plur.

1983 5771 2137 5828 Nom.
2171 5770 2372 5823 handus
2395 5781 2582 5826 manus
2807 5767 3032 5845 handjue
3087 5779 3277 5835 manus

1984 5862 2117 5938 Voc.
2166 5859 2341 5917 handu
2397 5874 2585 5926 manus
2813 5863 3039 5939 handjur
3090 5877 3282 5924 manus
