  <div class='ocr_page' id='page_1' title='image "/cluster/home/n/w/nwhite01/storage/ocr_20150623/18/hvd.32044015471337/492.png"; bbox 0 0 3840 6598; ppageno 0'>
   <div class='ocr_carea' id='block_1_1' title="bbox 42 405 154 470">
    <p class='ocr_par' dir='ltr' id='par_1_1' title="bbox 42 405 154 470">
     <span class='ocr_line' id='line_1_1' title="bbox 42 405 154 470; baseline 0.009 -2"><span class='ocrx_word' id='word_1_1' title='bbox 42 405 154 470; x_wconf 69' lang='lat'><strong>989</strong></span> 
     </span>
    </p>
   </div>
   <div class='ocr_carea' id='block_1_2' title="bbox 1185 408 3350 477">
    <p class='ocr_par' dir='ltr' id='par_1_2' title="bbox 1185 408 3350 477">
     <span class='ocr_line' id='line_1_2' title="bbox 1185 408 3350 477; baseline 0 -3"><span class='ocrx_word' id='word_1_2' title='bbox 1185 415 1273 474; x_wconf 86' lang='lat' dir='ltr'><strong>DE</strong></span> <span class='ocrx_word' id='word_1_3' title='bbox 1312 413 1814 477; x_wconf 79' lang='lat' dir='ltr'><strong>DECLINATIONE</strong></span> <span class='ocrx_word' id='word_1_4' title='bbox 1854 408 2227 472; x_wconf 79' lang='lat' dir='ltr'><strong>ADJECTIVI.</strong></span> <span class='ocrx_word' id='word_1_5' title='bbox 3245 416 3350 474; x_wconf 84' lang='lat'><strong>970</strong></span> 
     </span>
    </p>
   </div>
   <div class='ocr_carea' id='block_1_3' title="bbox 312 528 3047 607">
    <p class='ocr_par' dir='ltr' id='par_1_3' title="bbox 312 528 3047 607">
     <span class='ocr_line' id='line_1_3' title="bbox 312 528 3047 607; baseline -0 -14"><span class='ocrx_word' id='word_1_6' title='bbox 312 533 339 607; x_wconf 85' lang='lat'><strong>§</strong></span> <span class='ocrx_word' id='word_1_7' title='bbox 366 533 455 593; x_wconf 88' lang='lat'><strong>99.</strong></span> <span class='ocrx_word' id='word_1_8' title='bbox 477 535 534 593; x_wconf 86' lang='lat'><strong>2.</strong></span> <span class='ocrx_word' id='word_1_9' title='bbox 554 528 749 592; x_wconf 81' lang='lat' dir='ltr'><strong>Forma</strong></span> <span class='ocrx_word' id='word_1_10' title='bbox 775 530 1025 590; x_wconf 87' lang='lat' dir='ltr'><strong>radicalis</strong></span> <span class='ocrx_word' id='word_1_11' title='bbox 1054 531 1096 588; x_wconf 83' lang='grc' dir='ltr'><strong>-ἱ</strong></span> <span class='ocrx_word' id='word_1_12' title='bbox 1117 548 1138 588; x_wconf 89' lang='lat'><strong><em>:</em></strong></span> <span class='ocrx_word' id='word_1_13' title='bbox 1164 531 1342 590; x_wconf 85' lang='lat' dir='ltr'><strong><em>SUTI</em></strong></span> <span class='ocrx_word' id='word_1_14' title='bbox 1393 534 1557 602; x_wconf 86' lang='lat' dir='ltr'><strong>mitis,</strong></span> <span class='ocrx_word' id='word_1_15' title='bbox 1588 531 1831 588; x_wconf 78' lang='lat' dir='ltr'><strong><em>HRAIN</em></strong></span> <span class='ocrx_word' id='word_1_16' title='bbox 1838 530 1868 586; x_wconf 90' lang='grc' dir='ltr'><em>Ι</em></span> <span class='ocrx_word' id='word_1_17' title='bbox 1903 548 2089 604; x_wconf 88' lang='lat' dir='ltr'><strong>purus,</strong></span> <span class='ocrx_word' id='word_1_18' title='bbox 2119 529 2297 588; x_wconf 88' lang='lat' dir='ltr'><strong>NIVI</strong></span> <span class='ocrx_word' id='word_1_19' title='bbox 2325 545 2518 599; x_wconf 84' lang='lat' dir='ltr'><strong>novus,</strong></span> <span class='ocrx_word' id='word_1_20' title='bbox 2537 530 2740 605; x_wconf 73' lang='lat' dir='ltr'><strong>l’ILpI</strong></span> <span class='ocrx_word' id='word_1_21' title='bbox 2764 533 3047 592; x_wconf 84' lang='lat' dir='ltr'><strong>silvestris.</strong></span> 
     </span>
    </p>
   </div>
   <div class='ocr_carea' id='block_1_4' title="bbox 1482 646 1954 705">
    <p class='ocr_par' dir='ltr' id='par_1_4' title="bbox 1482 646 1954 705">
     <span class='ocr_line' id='line_1_4' title="bbox 1482 646 1954 705; baseline 0.006 -3"><span class='ocrx_word' id='word_1_22' title='bbox 1482 664 1535 704; x_wconf 89' lang='lat' dir='ltr'><strong>a.</strong></span> <span class='ocrx_word' id='word_1_23' title='bbox 1578 646 1954 705; x_wconf 87' lang='lat' dir='ltr'><strong>Masculinum.</strong></span> 
     </span>
    </p>
   </div>
   <div class='ocr_carea' id='block_1_5' title="bbox 151 739 922 817">
    <p class='ocr_par' dir='ltr' id='par_1_5' title="bbox 151 739 922 817">
     <span class='ocr_line' id='line_1_5' title="bbox 151 739 922 817; baseline -0.006 -16"><span class='ocrx_word' id='word_1_24' title='bbox 151 743 303 817; x_wconf 63' lang='grc' dir='ltr'><strong>δίης.</strong></span> <span class='ocrx_word' id='word_1_25' title='bbox 434 756 585 800; x_wconf 89' lang='grc' dir='ltr'><strong>ηοω.</strong></span> <span class='ocrx_word' id='word_1_26' title='bbox 797 739 922 796; x_wconf 71' lang='lat' dir='ltr'><strong>satis</strong></span> 
     </span>
    </p>
   </div>
   <div class='ocr_carea' id='block_1_6' title="bbox 1446 739 1625 794">
    <p class='ocr_par' dir='ltr' id='par_1_6' title="bbox 1446 739 1625 794">
     <span class='ocr_line' id='line_1_6' title="bbox 1446 739 1625 794; baseline 0 0"><span class='ocrx_word' id='word_1_27' title='bbox 1446 739 1625 794; x_wconf 81' lang='lat' dir='ltr'><strong>hraim</strong></span> 
     </span>
    </p>
   </div>
   <div class='ocr_carea' id='block_1_7' title="bbox 2102 739 2903 813">
    <p class='ocr_par' dir='ltr' id='par_1_7' title="bbox 2102 739 2903 813">
     <span class='ocr_line' id='line_1_7' title="bbox 2102 739 2903 813; baseline 0.004 -20"><span class='ocrx_word' id='word_1_28' title='bbox 2102 741 2256 810; x_wconf 80' lang='lat' dir='ltr'><strong>niujis</strong></span> <span class='ocrx_word' id='word_1_29' title='bbox 2711 739 2903 813; x_wconf 72' lang='grc' dir='ltr'><strong>υἱιρθὶε</strong></span> 
     </span>
    </p>
   </div>
   <div class='ocr_carea' id='block_1_8' title="bbox 431 830 2960 907">
    <p class='ocr_par' dir='ltr' id='par_1_8' title="bbox 431 830 2960 907">
     <span class='ocr_line' id='line_1_8' title="bbox 431 830 2960 907; baseline -0.001 -15"><span class='ocrx_word' id='word_1_30' title='bbox 431 891 433 894; x_wconf 2' lang='grc' dir='ltr'><strong>η</strong></span> <span class='ocrx_word' id='word_1_31' title='bbox 447 849 563 891; x_wconf 84' lang='lat' dir='ltr'><strong>acc.</strong></span> <span class='ocrx_word' id='word_1_32' title='bbox 797 833 1005 904; x_wconf 81' lang='lat' dir='ltr'><strong>sutjana</strong></span> <span class='ocrx_word' id='word_1_33' title='bbox 1450 830 1733 902; x_wconf 79' lang='lat' dir='ltr'><strong>hrainjana</strong></span> <span class='ocrx_word' id='word_1_34' title='bbox 2101 832 2316 905; x_wconf 82' lang='lat' dir='ltr'><strong>niujana</strong></span> <span class='ocrx_word' id='word_1_35' title='bbox 2714 834 2960 907; x_wconf 70' lang='lat' dir='ltr'><strong>vilpjana</strong></span> 
     </span>
    </p>
   </div>
   <div class='ocr_carea' id='block_1_9' title="bbox 442 927 3025 1001">
    <p class='ocr_par' dir='ltr' id='par_1_9' title="bbox 442 927 3025 1001">
     <span class='ocr_line' id='line_1_9' title="bbox 442 927 3025 1001; baseline -0 -16"><span class='ocrx_word' id='word_1_36' title='bbox 442 930 554 985; x_wconf 89' lang='lat' dir='ltr'><strong>dat.</strong></span> <span class='ocrx_word' id='word_1_37' title='bbox 797 930 1078 1000; x_wconf 74' lang='lat' dir='ltr'><strong>sutjamma</strong></span> <span class='ocrx_word' id='word_1_38' title='bbox 1449 927 1798 998; x_wconf 81' lang='lat' dir='ltr'><strong>hrainjamma</strong></span> <span class='ocrx_word' id='word_1_39' title='bbox 2099 927 2386 998; x_wconf 79' lang='lat' dir='ltr'><strong>niujamnta</strong></span> <span class='ocrx_word' id='word_1_40' title='bbox 2710 929 3025 1001; x_wconf 71' lang='lat' dir='ltr'><strong>vilpjamma</strong></span> 
     </span>
    </p>
   </div>
   <div class='ocr_carea' id='block_1_10' title="bbox 438 1017 2910 1094">
    <p class='ocr_par' dir='ltr' id='par_1_10' title="bbox 438 1017 2910 1094">
     <span class='ocr_line' id='line_1_10' title="bbox 438 1017 2910 1094; baseline -0.001 -15"><span class='ocrx_word' id='word_1_41' title='bbox 438 1038 562 1094; x_wconf 75' lang='lat' dir='ltr'><strong>gen.</strong></span> <span class='ocrx_word' id='word_1_42' title='bbox 797 1022 948 1094; x_wconf 75' lang='lat' dir='ltr'><strong>sutjis</strong></span> <span class='ocrx_word' id='word_1_43' title='bbox 1450 1017 1672 1089; x_wconf 75' lang='lat' dir='ltr'><strong>brainjia</strong></span> <span class='ocrx_word' id='word_1_44' title='bbox 2100 1017 2263 1088; x_wconf 75' lang='lat' dir='ltr'><strong>niujt’s</strong></span> <span class='ocrx_word' id='word_1_45' title='bbox 2716 1018 2910 1091; x_wconf 62' lang='lat' dir='ltr'><strong>villici:</strong></span> 
     </span>
    </p>
   </div>
   <div class='ocr_carea' id='block_1_11' title="bbox 159 1107 2914 1184">
    <p class='ocr_par' dir='ltr' id='par_1_11' title="bbox 159 1107 2914 1184">
     <span class='ocr_line' id='line_1_11' title="bbox 159 1107 2914 1184; baseline -0.002 -12"><span class='ocrx_word' id='word_1_46' title='bbox 159 1113 310 1172; x_wconf 70' lang='lat' dir='ltr'><strong>Plut.</strong></span> <span class='ocrx_word' id='word_1_47' title='bbox 437 1128 584 1171; x_wconf 87' lang='lat' dir='ltr'><strong>nom.</strong></span> <span class='ocrx_word' id='word_1_48' title='bbox 804 1111 965 1178; x_wconf 69' lang='lat' dir='ltr'><strong>statim&quot;</strong></span> <span class='ocrx_word' id='word_1_49' title='bbox 1453 1107 1682 1180; x_wconf 75' lang='lat' dir='ltr'><strong>hrainjai</strong></span> <span class='ocrx_word' id='word_1_50' title='bbox 2108 1109 2275 1180; x_wconf 80' lang='lat' dir='ltr'><strong>niujat</strong></span> <span class='ocrx_word' id='word_1_51' title='bbox 2720 1111 2914 1184; x_wconf 62' lang='lat' dir='ltr'><strong>villijai</strong></span> 
     </span>
    </p>
   </div>
   <div class='ocr_carea' id='block_1_12' title="bbox 448 1203 2951 1277">
    <p class='ocr_par' dir='ltr' id='par_1_12' title="bbox 448 1203 2951 1277">
     <span class='ocr_line' id='line_1_12' title="bbox 448 1203 2951 1277; baseline -0.001 -15"><span class='ocrx_word' id='word_1_52' title='bbox 448 1221 562 1274; x_wconf 86' lang='lat' dir='ltr'><strong>acc.</strong></span> <span class='ocrx_word' id='word_1_53' title='bbox 807 1205 1008 1276; x_wconf 76' lang='lat' dir='ltr'><strong>sutjans</strong></span> <span class='ocrx_word' id='word_1_54' title='bbox 1457 1203 1727 1275; x_wconf 75' lang='lat' dir='ltr'><strong>hrainjans</strong></span> <span class='ocrx_word' id='word_1_55' title='bbox 2102 1203 2314 1273; x_wconf 79' lang='lat' dir='ltr'><strong>niujam</strong></span> <span class='ocrx_word' id='word_1_56' title='bbox 2718 1205 2951 1277; x_wconf 68' lang='lat' dir='ltr'><strong>vilpjam</strong></span> 
     </span>
    </p>
   </div>
   <div class='ocr_carea' id='block_1_13' title="bbox 444 1295 2963 1369">
    <p class='ocr_par' dir='ltr' id='par_1_13' title="bbox 444 1295 2963 1369">
     <span class='ocr_line' id='line_1_13' title="bbox 444 1295 2963 1369; baseline -0 -15"><span class='ocrx_word' id='word_1_57' title='bbox 444 1299 553 1355; x_wconf 87' lang='lat' dir='ltr'><strong>dat.</strong></span> <span class='ocrx_word' id='word_1_58' title='bbox 576 1306 584 1364; x_wconf 72' lang='grc' dir='ltr'><em>ξ</em></span> <span class='ocrx_word' id='word_1_59' title='bbox 803 1298 1015 1369; x_wconf 76' lang='lat' dir='ltr'><strong>autjaim</strong></span> <span class='ocrx_word' id='word_1_60' title='bbox 1461 1295 1742 1368; x_wconf 77' lang='lat' dir='ltr'><strong>hraiujat&#39;nt</strong></span> <span class='ocrx_word' id='word_1_61' title='bbox 2037 1307 2046 1317; x_wconf 92' lang='lat'>&#39;</span> <span class='ocrx_word' id='word_1_62' title='bbox 2101 1296 2322 1367; x_wconf 81' lang='lat' dir='ltr'><strong>niujaim</strong></span> <span class='ocrx_word' id='word_1_63' title='bbox 2716 1297 2963 1368; x_wconf 71' lang='lat' dir='ltr'><strong>vilpjaim</strong></span> 
     </span>
    </p>
   </div>
   <div class='ocr_carea' id='block_1_14' title="bbox 446 1387 2972 1466">
    <p class='ocr_par' dir='ltr' id='par_1_14' title="bbox 446 1387 2972 1466">
     <span class='ocr_line' id='line_1_14' title="bbox 446 1387 2972 1466; baseline -0.002 -15"><span class='ocrx_word' id='word_1_64' title='bbox 446 1409 568 1466; x_wconf 73' lang='lat' dir='ltr'><strong>gen.</strong></span> <span class='ocrx_word' id='word_1_65' title='bbox 802 1392 1021 1465; x_wconf 74' lang='lat' dir='ltr'><strong>autjaize</strong></span> <span class='ocrx_word' id='word_1_66' title='bbox 1451 1389 1740 1460; x_wconf 73' lang='lat' dir='ltr'><strong>Itrainjaize</strong></span> <span class='ocrx_word' id='word_1_67' title='bbox 2098 1387 2324 1458; x_wconf 71' lang='lat' dir='ltr'><strong>niujaize</strong></span> <span class='ocrx_word' id='word_1_68' title='bbox 2717 1389 2972 1462; x_wconf 73' lang='lat' dir='ltr'><strong>vilpjaizc</strong></span> 
     </span>
    </p>
   </div>
   <div class='ocr_carea' id='block_1_15' title="bbox 1491 1481 1857 1540">
    <p class='ocr_par' dir='ltr' id='par_1_15' title="bbox 1491 1481 1857 1540">
     <span class='ocr_line' id='line_1_15' title="bbox 1491 1481 1857 1540; baseline -0.003 -2"><span class='ocrx_word' id='word_1_69' title='bbox 1491 1483 1538 1539; x_wconf 71' lang='grc' dir='ltr'><strong>ὁ.</strong></span> <span class='ocrx_word' id='word_1_70' title='bbox 1573 1481 1857 1540; x_wconf 80' lang='lat' dir='ltr'><strong>Neutrum.</strong></span> 
     </span>
    </p>
   </div>
   <div class='ocr_carea' id='block_1_16' title="bbox 159 1576 2868 1662">
    <p class='ocr_par' dir='ltr' id='par_1_16' title="bbox 159 1576 2868 1662">
     <span class='ocr_line' id='line_1_16' title="bbox 159 1576 2868 1662; baseline -0.005 -15"><span class='ocrx_word' id='word_1_71' title='bbox 159 1588 312 1662; x_wconf 70' lang='lat' dir='ltr'><strong>Sing.</strong></span> <span class='ocrx_word' id='word_1_72' title='bbox 447 1601 595 1648; x_wconf 85' lang='lat' dir='ltr'><strong>nom.</strong></span> <span class='ocrx_word' id='word_1_73' title='bbox 799 1587 900 1644; x_wconf 73' lang='lat' dir='ltr'><strong>uti</strong></span> <span class='ocrx_word' id='word_1_74' title='bbox 1452 1580 1606 1635; x_wconf 74' lang='lat' dir='ltr'><strong>brain</strong></span> <span class='ocrx_word' id='word_1_75' title='bbox 2093 1576 2266 1650; x_wconf 78' lang='lat' dir='ltr'><strong>(niui),</strong></span> <span class='ocrx_word' id='word_1_76' title='bbox 2301 1577 2504 1649; x_wconf 80' lang='lat' dir='ltr'><strong>niujata</strong></span> <span class='ocrx_word' id='word_1_77' title='bbox 2729 1578 2868 1650; x_wconf 68' lang='lat' dir='ltr'><strong>vilpi</strong></span> 
     </span>
    </p>
   </div>
   <div class='ocr_carea' id='block_1_17' title="bbox 443 1671 2864 1744">
    <p class='ocr_par' dir='ltr' id='par_1_17' title="bbox 443 1671 2864 1744">
     <span class='ocr_line' id='line_1_17' title="bbox 443 1671 2864 1744; baseline -0.005 -6"><span class='ocrx_word' id='word_1_78' title='bbox 443 1695 558 1738; x_wconf 86' lang='lat' dir='ltr'><strong>acc.</strong></span> <span class='ocrx_word' id='word_1_79' title='bbox 797 1678 904 1735; x_wconf 75' lang='lat' dir='ltr'><strong>tuti</strong></span> <span class='ocrx_word' id='word_1_80' title='bbox 1441 1674 1596 1728; x_wconf 71' lang='lat' dir='ltr'><strong>brain</strong></span> <span class='ocrx_word' id='word_1_81' title='bbox 2089 1671 2264 1743; x_wconf 80' lang='lat' dir='ltr'><strong>(nivi),</strong></span> <span class='ocrx_word' id='word_1_82' title='bbox 2288 1671 2493 1743; x_wconf 75' lang='lat' dir='ltr'><strong>ninjata</strong></span> <span class='ocrx_word' id='word_1_83' title='bbox 2722 1671 2864 1744; x_wconf 74' lang='grc' dir='ltr'><strong>υὶιρἱ</strong></span> 
     </span>
    </p>
   </div>
   <div class='ocr_carea' id='block_1_18' title="bbox 435 1763 3032 1842">
    <p class='ocr_par' dir='ltr' id='par_1_18' title="bbox 435 1763 3032 1842">
     <span class='ocr_line' id='line_1_18' title="bbox 435 1763 3032 1842; baseline -0.003 -12"><span class='ocrx_word' id='word_1_84' title='bbox 435 1774 549 1832; x_wconf 84' lang='lat' dir='ltr'><strong>dat.</strong></span> <span class='ocrx_word' id='word_1_85' title='bbox 800 1773 1079 1842; x_wconf 76' lang='lat' dir='ltr'><strong>sutjamma</strong></span> <span class='ocrx_word' id='word_1_86' title='bbox 1447 1766 1797 1837; x_wconf 73' lang='lat' dir='ltr'><strong>hrninjamma</strong></span> <span class='ocrx_word' id='word_1_87' title='bbox 2087 1763 2376 1835; x_wconf 81' lang='lat' dir='ltr'><strong>niujamma</strong></span> <span class='ocrx_word' id='word_1_88' title='bbox 2718 1765 3032 1838; x_wconf 72' lang='lat' dir='ltr'><strong>vilpjamma</strong></span> 
     </span>
    </p>
   </div>
   <div class='ocr_carea' id='block_1_19' title="bbox 438 1857 2960 1938">
    <p class='ocr_par' dir='ltr' id='par_1_19' title="bbox 438 1857 2960 1938">
     <span class='ocr_line' id='line_1_19' title="bbox 438 1857 2960 1938; baseline -0.003 -16"><span class='ocrx_word' id='word_1_89' title='bbox 438 1881 564 1937; x_wconf 76' lang='lat' dir='ltr'><strong>gen.</strong></span> <span class='ocrx_word' id='word_1_90' title='bbox 799 1865 948 1938; x_wconf 77' lang='lat' dir='ltr'><strong>sutjis</strong></span> <span class='ocrx_word' id='word_1_91' title='bbox 1445 1860 1667 1933; x_wconf 77' lang='lat' dir='ltr'><strong>Itrat&#39;njt&#39;s</strong></span> <span class='ocrx_word' id='word_1_92' title='bbox 2094 1857 2251 1928; x_wconf 69' lang='lat' dir='ltr'><strong>niujit</strong></span> <span class='ocrx_word' id='word_1_93' title='bbox 2720 1859 2960 1932; x_wconf 69' lang='lat' dir='ltr'><strong>(vilpeis)</strong></span> 
     </span>
    </p>
   </div>
   <div class='ocr_carea' id='block_1_20' title="bbox 153 1951 2900 2028">
    <p class='ocr_par' dir='ltr' id='par_1_20' title="bbox 153 1951 2900 2028">
     <span class='ocr_line' id='line_1_20' title="bbox 153 1951 2900 2028; baseline -0.004 -10"><span class='ocrx_word' id='word_1_94' title='bbox 153 1960 306 2020; x_wconf 70' lang='lat' dir='ltr'><strong>Plut.</strong></span> <span class='ocrx_word' id='word_1_95' title='bbox 447 1974 574 2017; x_wconf 89' lang='lat' dir='ltr'><strong>nom</strong></span> <span class='ocrx_word' id='word_1_96' title='bbox 803 1960 946 2028; x_wconf 72' lang='lat' dir='ltr'><strong>stitia</strong></span> <span class='ocrx_word' id='word_1_97' title='bbox 1450 1955 1665 2028; x_wconf 81' lang='lat' dir='ltr'><strong>ltrainja</strong></span> <span class='ocrx_word' id='word_1_98' title='bbox 2098 1953 2246 2021; x_wconf 76' lang='lat' dir='ltr'><strong>ninia</strong></span> <span class='ocrx_word' id='word_1_99' title='bbox 2722 1951 2900 2026; x_wconf 71' lang='lat' dir='ltr'><strong>vilpja</strong></span> 
     </span>
    </p>
   </div>
   <div class='ocr_carea' id='block_1_21' title="bbox 441 2047 2908 2123">
    <p class='ocr_par' dir='ltr' id='par_1_21' title="bbox 441 2047 2908 2123">
     <span class='ocr_line' id='line_1_21' title="bbox 441 2047 2908 2123; baseline -0.002 -13"><span class='ocrx_word' id='word_1_100' title='bbox 441 2069 557 2110; x_wconf 88' lang='lat' dir='ltr'><strong>acc.</strong></span> <span class='ocrx_word' id='word_1_101' title='bbox 802 2055 944 2123; x_wconf 73' lang='lat' dir='ltr'><strong>tutja</strong></span> <span class='ocrx_word' id='word_1_102' title='bbox 1451 2051 1664 2123; x_wconf 81' lang='lat' dir='ltr'><strong>hrainja</strong></span> <span class='ocrx_word' id='word_1_103' title='bbox 2095 2047 2246 2116; x_wconf 79' lang='lat' dir='ltr'><strong>m&#39;ttja</strong></span> <span class='ocrx_word' id='word_1_104' title='bbox 2731 2049 2908 2121; x_wconf 72' lang='lat' dir='ltr'><strong>vilpja</strong></span> 
     </span>
    </p>
   </div>
   <div class='ocr_carea' id='block_1_22' title="bbox 442 2140 2974 2222">
    <p class='ocr_par' dir='ltr' id='par_1_22' title="bbox 442 2140 2974 2222">
     <span class='ocr_line' id='line_1_22' title="bbox 442 2140 2974 2222; baseline -0.003 -16"><span class='ocrx_word' id='word_1_105' title='bbox 442 2150 552 2206; x_wconf 87' lang='lat' dir='ltr'><strong>dat.</strong></span> <span class='ocrx_word' id='word_1_106' title='bbox 796 2147 1009 2222; x_wconf 78' lang='lat' dir='ltr'><strong>auljaim</strong></span> <span class='ocrx_word' id='word_1_107' title='bbox 1445 2142 1730 2216; x_wconf 79' lang='lat' dir='ltr'><strong>hrainjaim</strong></span> <span class='ocrx_word' id='word_1_108' title='bbox 2089 2140 2312 2214; x_wconf 79' lang='lat' dir='ltr'><strong>m’ujaim</strong></span> <span class='ocrx_word' id='word_1_109' title='bbox 2663 2177 2670 2187; x_wconf 90' lang='grc'><strong><em>-</em></strong></span> <span class='ocrx_word' id='word_1_110' title='bbox 2723 2143 2974 2216; x_wconf 67' lang='lat' dir='ltr'><strong>oilpjaim</strong></span> 
     </span>
    </p>
   </div>
   <div class='ocr_carea' id='block_1_23' title="bbox 443 2234 2996 2316">
    <p class='ocr_par' dir='ltr' id='par_1_23' title="bbox 443 2234 2996 2316">
     <span class='ocr_line' id='line_1_23' title="bbox 443 2234 2996 2316; baseline -0.004 -14"><span class='ocrx_word' id='word_1_111' title='bbox 443 2258 570 2316; x_wconf 75' lang='lat' dir='ltr'><strong>gen.</strong></span> <span class='ocrx_word' id='word_1_112' title='bbox 802 2242 1017 2316; x_wconf 77' lang='lat' dir='ltr'><strong>sutjaize</strong></span> <span class='ocrx_word' id='word_1_113' title='bbox 1445 2237 1739 2310; x_wconf 77' lang='lat' dir='ltr'><strong>hrainjaizc</strong></span> <span class='ocrx_word' id='word_1_114' title='bbox 2088 2234 2315 2306; x_wconf 71' lang='lat' dir='ltr'><strong>uiujat&#39;u</strong></span> <span class='ocrx_word' id='word_1_115' title='bbox 2741 2234 2996 2308; x_wconf 71' lang='lat' dir='ltr'><strong>vilpjaiu</strong></span> 
     </span>
    </p>
   </div>
   <div class='ocr_carea' id='block_1_24' title="bbox 1492 2329 1936 2390">
    <p class='ocr_par' dir='ltr' id='par_1_24' title="bbox 1492 2329 1936 2390">
     <span class='ocr_line' id='line_1_24' title="bbox 1492 2329 1936 2390; baseline 0.007 -3"><span class='ocrx_word' id='word_1_116' title='bbox 1492 2348 1541 2387; x_wconf 85' lang='lat' dir='ltr'><strong>c.</strong></span> <span class='ocrx_word' id='word_1_117' title='bbox 1569 2329 1936 2390; x_wconf 82' lang='lat' dir='ltr'><strong>Femininum.</strong></span> 
     </span>
    </p>
   </div>
   <div class='ocr_carea' id='block_1_25' title="bbox 143 2425 1646 2508">
    <p class='ocr_par' dir='ltr' id='par_1_25' title="bbox 143 2425 1646 2508">
     <span class='ocr_line' id='line_1_25' title="bbox 143 2425 1646 2508; baseline -0.005 -16"><span class='ocrx_word' id='word_1_118' title='bbox 143 2432 310 2507; x_wconf 63' lang='grc' dir='ltr'><strong>δίης.</strong></span> <span class='ocrx_word' id='word_1_119' title='bbox 443 2446 593 2490; x_wconf 88' lang='grc' dir='ltr'><strong>ηοω.</strong></span> <span class='ocrx_word' id='word_1_120' title='bbox 804 2430 954 2508; x_wconf 69' lang='lat' dir='ltr'><strong>(uti)</strong></span> <span class='ocrx_word' id='word_1_121' title='bbox 1446 2425 1646 2498; x_wconf 74' lang='lat' dir='ltr'><strong>(In-aint</strong></span> 
     </span>
    </p>
   </div>
   <div class='ocr_carea' id='block_1_26' title="bbox 1781 2425 2964 2508">
    <p class='ocr_par' dir='ltr' id='par_1_26' title="bbox 2095 2425 2964 2500">
     <span class='ocr_line' id='line_1_26' title="bbox 2095 2425 2964 2500; baseline 0.001 -20"><span class='ocrx_word' id='word_1_122' title='bbox 2095 2426 2242 2499; x_wconf 75' lang='lat' dir='ltr'><strong>niuja</strong></span> <span class='ocrx_word' id='word_1_123' title='bbox 2738 2425 2964 2500; x_wconf 71' lang='lat' dir='ltr'><strong>(mpja)</strong></span> 
     </span>
    </p>
   </div>
   <div class='ocr_carea' id='block_1_27' title="bbox 443 2517 2960 2596">
    <p class='ocr_par' dir='ltr' id='par_1_27' title="bbox 443 2517 2960 2596">
     <span class='ocr_line' id='line_1_27' title="bbox 443 2517 2960 2596; baseline -0.003 -15"><span class='ocrx_word' id='word_1_124' title='bbox 443 2539 558 2582; x_wconf 77' lang='lat' dir='ltr'><strong>acc.</strong></span> <span class='ocrx_word' id='word_1_125' title='bbox 804 2526 944 2596; x_wconf 82' lang='lat' dir='ltr'><strong>autja</strong></span> <span class='ocrx_word' id='word_1_126' title='bbox 1217 2592 1220 2594; x_wconf 10' lang='grc' dir='ltr'>γ</span> <span class='ocrx_word' id='word_1_127' title='bbox 1447 2518 1658 2584; x_wconf 79' lang='lat' dir='ltr'><strong>hrainia</strong></span> <span class='ocrx_word' id='word_1_128' title='bbox 2094 2517 2246 2588; x_wconf 79' lang='lat' dir='ltr'><strong>niuja</strong></span> <span class='ocrx_word' id='word_1_129' title='bbox 2742 2517 2960 2592; x_wconf 70' lang='lat' dir='ltr'><strong>(vilpja)</strong></span> 
     </span>
    </p>
   </div>
   <div class='ocr_carea' id='block_1_28' title="bbox 439 2612 2940 2692">
    <p class='ocr_par' dir='ltr' id='par_1_28' title="bbox 439 2612 2940 2692">
     <span class='ocr_line' id='line_1_28' title="bbox 439 2612 2940 2692; baseline -0.001 -17"><span class='ocrx_word' id='word_1_130' title='bbox 439 2618 553 2677; x_wconf 82' lang='lat' dir='ltr'><strong>dat.</strong></span> <span class='ocrx_word' id='word_1_131' title='bbox 799 2618 961 2692; x_wconf 76' lang='lat' dir='ltr'><strong>autjai</strong></span> <span class='ocrx_word' id='word_1_132' title='bbox 1444 2613 1678 2686; x_wconf 82' lang='lat' dir='ltr'><strong>hrainjai</strong></span> <span class='ocrx_word' id='word_1_133' title='bbox 2091 2612 2259 2683; x_wconf 82' lang='lat' dir='ltr'><strong>niujai</strong></span> <span class='ocrx_word' id='word_1_134' title='bbox 2739 2615 2940 2690; x_wconf 69' lang='lat' dir='ltr'><strong>nilpjai</strong></span> 
     </span>
    </p>
   </div>
   <div class='ocr_carea' id='block_1_29' title="bbox 442 2704 3021 2785">
    <p class='ocr_par' dir='ltr' id='par_1_29' title="bbox 442 2704 3021 2785">
     <span class='ocr_line' id='line_1_29' title="bbox 442 2704 3021 2785; baseline -0 -15"><span class='ocrx_word' id='word_1_135' title='bbox 442 2728 569 2785; x_wconf 76' lang='lat' dir='ltr'><strong>gen.</strong></span> <span class='ocrx_word' id='word_1_136' title='bbox 800 2711 1052 2784; x_wconf 61' lang='grc' dir='ltr'><strong>καύσεως</strong></span> <span class='ocrx_word' id='word_1_137' title='bbox 1446 2704 1767 2780; x_wconf 76' lang='lat' dir='ltr'><strong>hrainjaizos</strong></span> <span class='ocrx_word' id='word_1_138' title='bbox 2093 2704 2354 2776; x_wconf 74' lang='lat' dir='ltr'><strong>niujaizos</strong></span> <span class='ocrx_word' id='word_1_139' title='bbox 2737 2709 3021 2782; x_wconf 64' lang='lat' dir='ltr'><strong>villijaizos</strong></span> 
     </span>
    </p>
   </div>
   <div class='ocr_carea' id='block_1_30' title="bbox 144 2799 2932 2881">
    <p class='ocr_par' dir='ltr' id='par_1_30' title="bbox 144 2799 2932 2881">
     <span class='ocr_line' id='line_1_30' title="bbox 144 2799 2932 2881; baseline -0.005 -15"><span class='ocrx_word' id='word_1_140' title='bbox 144 2809 310 2868; x_wconf 84' lang='lat' dir='ltr'><strong>Plur.</strong></span> <span class='ocrx_word' id='word_1_141' title='bbox 446 2823 595 2867; x_wconf 90' lang='lat' dir='ltr'><strong>nom.</strong></span> <span class='ocrx_word' id='word_1_142' title='bbox 809 2811 976 2881; x_wconf 68' lang='grc' dir='ltr'><strong>δαείω</strong></span> <span class='ocrx_word' id='word_1_143' title='bbox 1448 2802 1684 2874; x_wconf 74' lang='lat' dir='ltr'><strong>hrainjos</strong></span> <span class='ocrx_word' id='word_1_144' title='bbox 2093 2799 2269 2870; x_wconf 72' lang='lat' dir='ltr'><strong>niujos</strong></span> <span class='ocrx_word' id='word_1_145' title='bbox 2732 2803 2932 2875; x_wconf 64' lang='lat' dir='ltr'><strong>vilpjos</strong></span> 
     </span>
    </p>
   </div>
   <div class='ocr_carea' id='block_1_31' title="bbox 447 2892 2938 2974">
    <p class='ocr_par' dir='ltr' id='par_1_31' title="bbox 447 2892 2938 2974">
     <span class='ocr_line' id='line_1_31' title="bbox 447 2892 2938 2974; baseline -0.003 -14"><span class='ocrx_word' id='word_1_146' title='bbox 447 2919 561 2960; x_wconf 90' lang='lat' dir='ltr'><strong>acc.</strong></span> <span class='ocrx_word' id='word_1_147' title='bbox 807 2904 974 2974; x_wconf 64' lang='grc' dir='ltr'><strong>δαείω</strong></span> <span class='ocrx_word' id='word_1_148' title='bbox 1448 2896 1686 2968; x_wconf 72' lang='lat' dir='ltr'><strong>ltrainjos</strong></span> <span class='ocrx_word' id='word_1_149' title='bbox 2101 2892 2276 2966; x_wconf 75' lang='lat' dir='ltr'><strong>m&#39;ujos</strong></span> <span class='ocrx_word' id='word_1_150' title='bbox 2741 2895 2938 2968; x_wconf 72' lang='lat' dir='ltr'><strong>vilpjor</strong></span> 
     </span>
    </p>
   </div>
   <div class='ocr_carea' id='block_1_32' title="bbox 444 2988 2994 3068">
    <p class='ocr_par' dir='ltr' id='par_1_32' title="bbox 444 2988 2994 3068">
     <span class='ocr_line' id='line_1_32' title="bbox 444 2988 2994 3068; baseline -0.002 -15"><span class='ocrx_word' id='word_1_151' title='bbox 444 2996 555 3054; x_wconf 85' lang='lat' dir='ltr'><strong>dat.</strong></span> <span class='ocrx_word' id='word_1_152' title='bbox 806 2994 1022 3068; x_wconf 76' lang='lat' dir='ltr'><strong>sutjaim</strong></span> <span class='ocrx_word' id='word_1_153' title='bbox 1451 2991 1736 3065; x_wconf 77' lang='lat' dir='ltr'><strong>hruinjaint</strong></span> <span class='ocrx_word' id='word_1_154' title='bbox 2101 2988 2322 3060; x_wconf 77' lang='lat' dir='ltr'><strong>niujaim</strong></span> <span class='ocrx_word' id='word_1_155' title='bbox 2743 2989 2994 3064; x_wconf 69' lang='lat' dir='ltr'><strong>vilpjaim</strong></span> 
     </span>
    </p>
   </div>
   <div class='ocr_carea' id='block_1_33' title="bbox 449 3081 2991 3164">
    <p class='ocr_par' dir='ltr' id='par_1_33' title="bbox 449 3081 2991 3164">
     <span class='ocr_line' id='line_1_33' title="bbox 449 3081 2991 3164; baseline -0.002 -16"><span class='ocrx_word' id='word_1_156' title='bbox 449 3106 576 3162; x_wconf 74' lang='lat' dir='ltr'><strong>gen.</strong></span> <span class='ocrx_word' id='word_1_157' title='bbox 807 3090 1036 3164; x_wconf 71' lang='lat' dir='ltr'><strong>sutjaizo</strong></span> <span class='ocrx_word' id='word_1_158' title='bbox 1451 3083 1746 3153; x_wconf 78' lang='lat' dir='ltr'><strong>Itrainjaizo</strong></span> <span class='ocrx_word' id='word_1_159' title='bbox 2098 3081 2330 3154; x_wconf 71' lang='lat' dir='ltr'><strong>niujaizo</strong></span> <span class='ocrx_word' id='word_1_160' title='bbox 2737 3083 2991 3155; x_wconf 70' lang='lat' dir='ltr'><strong>vilpjaizo</strong></span> 
     </span>
    </p>
   </div>
   <div class='ocr_carea' id='block_1_34' title="bbox 117 3237 1642 3320">
    <p class='ocr_par' dir='ltr' id='par_1_34' title="bbox 117 3237 1642 3320">
     <span class='ocr_line' id='line_1_34' title="bbox 117 3237 1642 3320; baseline -0.005 -11"><span class='ocrx_word' id='word_1_161' title='bbox 117 3252 191 3310; x_wconf 87' lang='lat' dir='ltr'><strong>In</strong></span> <span class='ocrx_word' id='word_1_162' title='bbox 223 3251 323 3308; x_wconf 82' lang='lat' dir='ltr'><strong>hac</strong></span> <span class='ocrx_word' id='word_1_163' title='bbox 339 3249 722 3318; x_wconf 86' lang='lat' dir='ltr'><strong>declinatione,</strong></span> <span class='ocrx_word' id='word_1_164' title='bbox 742 3237 887 3306; x_wconf 85' lang='lat' dir='ltr'><strong>circa</strong></span> <span class='ocrx_word' id='word_1_165' title='bbox 907 3248 1134 3306; x_wconf 79' lang='lat' dir='ltr'><strong>formam</strong></span> <span class='ocrx_word' id='word_1_166' title='bbox 1158 3246 1475 3305; x_wconf 72' lang='lat' dir='ltr'><strong>nominativi</strong></span> <span class='ocrx_word' id='word_1_167' title='bbox 1499 3246 1642 3320; x_wconf 81' lang='lat' dir='ltr'><strong>sing.</strong></span> 
     </span>
    </p>
   </div>
   <div class='ocr_carea' id='block_1_35' title="bbox 32 3339 1648 3418">
    <p class='ocr_par' dir='ltr' id='par_1_35' title="bbox 32 3339 1648 3418">
     <span class='ocr_line' id='line_1_35' title="bbox 32 3339 1648 3418; baseline -0.005 -15"><span class='ocrx_word' id='word_1_168' title='bbox 32 3363 108 3404; x_wconf 85' lang='lat' dir='ltr'><strong>ex</strong></span> <span class='ocrx_word' id='word_1_169' title='bbox 136 3359 250 3418; x_wconf 84' lang='lat' dir='ltr'><strong>qua</strong></span> <span class='ocrx_word' id='word_1_170' title='bbox 277 3341 616 3399; x_wconf 78' lang='lat' dir='ltr'><strong>accusativus</strong></span> <span class='ocrx_word' id='word_1_171' title='bbox 635 3349 691 3398; x_wconf 92' lang='lat' dir='ltr'><strong>et</strong></span> <span class='ocrx_word' id='word_1_172' title='bbox 717 3341 988 3414; x_wconf 73' lang='lat' dir='ltr'><strong>genitivus</strong></span> <span class='ocrx_word' id='word_1_173' title='bbox 1015 3345 1211 3413; x_wconf 84' lang='lat' dir='ltr'><strong>partim</strong></span> <span class='ocrx_word' id='word_1_174' title='bbox 1238 3339 1504 3405; x_wconf 87' lang='lat' dir='ltr'><strong>derivant,</strong></span> <span class='ocrx_word' id='word_1_175' title='bbox 1532 3353 1648 3395; x_wconf 87' lang='lat' dir='ltr'><strong>ma-</strong></span> 
     </span>
    </p>
   </div>
   <div class='ocr_carea' id='block_1_36' title="bbox 32 3431 1648 3514">
    <p class='ocr_par' dir='ltr' id='par_1_36' title="bbox 32 3431 1648 3514">
     <span class='ocr_line' id='line_1_36' title="bbox 32 3431 1648 3514; baseline -0.004 -18"><span class='ocrx_word' id='word_1_176' title='bbox 32 3441 126 3514; x_wconf 72' lang='lat' dir='ltr'><strong>ior</strong></span> <span class='ocrx_word' id='word_1_177' title='bbox 159 3443 416 3494; x_wconf 84' lang='lat' dir='ltr'><strong>versatur</strong></span> <span class='ocrx_word' id='word_1_178' title='bbox 465 3435 771 3502; x_wconf 78' lang='lat' dir='ltr'><strong>difﬁcultas,</strong></span> <span class='ocrx_word' id='word_1_179' title='bbox 802 3436 1000 3506; x_wconf 83' lang='lat' dir='ltr'><strong>quippe</strong></span> <span class='ocrx_word' id='word_1_180' title='bbox 1048 3450 1166 3506; x_wconf 68' lang='lat' dir='ltr'><strong>quae</strong></span> <span class='ocrx_word' id='word_1_181' title='bbox 1209 3449 1317 3490; x_wconf 90' lang='lat' dir='ltr'><strong>non</strong></span> <span class='ocrx_word' id='word_1_182' title='bbox 1365 3434 1499 3491; x_wconf 91' lang='lat' dir='ltr'><strong>satis</strong></span> <span class='ocrx_word' id='word_1_183' title='bbox 1539 3431 1648 3489; x_wconf 79' lang='lat' dir='ltr'><strong>fre-</strong></span> 
     </span>
    </p>
   </div>
   <div class='ocr_carea' id='block_1_37' title="bbox 37 3527 1646 3604">
    <p class='ocr_par' dir='ltr' id='par_1_37' title="bbox 37 3527 1646 3604">
     <span class='ocr_line' id='line_1_37' title="bbox 37 3527 1646 3604; baseline -0.006 -14"><span class='ocrx_word' id='word_1_184' title='bbox 37 3541 286 3604; x_wconf 86' lang='lat' dir='ltr'><strong>quenter</strong></span> <span class='ocrx_word' id='word_1_185' title='bbox 314 3539 589 3602; x_wconf 82' lang='lat' dir='ltr'><strong>appareat,</strong></span> <span class='ocrx_word' id='word_1_186' title='bbox 613 3539 672 3586; x_wconf 91' lang='lat' dir='ltr'><strong>ut</strong></span> <span class='ocrx_word' id='word_1_187' title='bbox 692 3537 807 3584; x_wconf 93' lang='lat' dir='ltr'><strong>tuto</strong></span> <span class='ocrx_word' id='word_1_188' title='bbox 833 3529 902 3584; x_wconf 90' lang='lat' dir='ltr'><strong>de</strong></span> <span class='ocrx_word' id='word_1_189' title='bbox 923 3544 986 3585; x_wconf 92' lang='lat' dir='ltr'><strong>ea</strong></span> <span class='ocrx_word' id='word_1_190' title='bbox 1017 3529 1104 3586; x_wconf 92' lang='lat' dir='ltr'><strong>lex</strong></span> <span class='ocrx_word' id='word_1_191' title='bbox 1129 3528 1394 3600; x_wconf 82' lang='lat' dir='ltr'><strong>generalis</strong></span> <span class='ocrx_word' id='word_1_192' title='bbox 1421 3527 1646 3584; x_wconf 79' lang='lat' dir='ltr'><strong>feratur.</strong></span> 
     </span>
    </p>
   </div>
   <div class='ocr_carea' id='block_1_38' title="bbox 43 3620 1364 3694">
    <p class='ocr_par' dir='ltr' id='par_1_38' title="bbox 43 3620 1364 3694">
     <span class='ocr_line' id='line_1_38' title="bbox 43 3620 1364 3694; baseline -0.005 -12"><span class='ocrx_word' id='word_1_193' title='bbox 43 3624 112 3682; x_wconf 80' lang='lat' dir='ltr'><strong>lit</strong></span> <span class='ocrx_word' id='word_1_194' title='bbox 136 3635 202 3681; x_wconf 90' lang='lat' dir='ltr'><strong>ut</strong></span> <span class='ocrx_word' id='word_1_195' title='bbox 230 3634 340 3691; x_wconf 64' lang='lat' dir='ltr'><strong>eet,</strong></span> <span class='ocrx_word' id='word_1_196' title='bbox 369 3629 657 3694; x_wconf 83' lang='lat' dir='ltr'><strong>sequentes</strong></span> <span class='ocrx_word' id='word_1_197' title='bbox 692 3621 800 3678; x_wconf 88' lang='lat' dir='ltr'><strong>sint</strong></span> <span class='ocrx_word' id='word_1_198' title='bbox 828 3620 1364 3679; x_wconf 85' lang='lat' dir='ltr'><strong>animadversiones:</strong></span> 
     </span>
    </p>
   </div>
   <div class='ocr_carea' id='block_1_39' title="bbox 113 3717 608 3790">
    <p class='ocr_par' dir='ltr' id='par_1_39' title="bbox 113 3717 608 3790">
     <span class='ocr_line' id='line_1_39' title="bbox 113 3717 608 3790; baseline -0.002 -16"><span class='ocrx_word' id='word_1_199' title='bbox 113 3720 178 3790; x_wconf 73' lang='grc'><strong>1)</strong></span> <span class='ocrx_word' id='word_1_200' title='bbox 212 3717 569 3774; x_wconf 78' lang='lat' dir='ltr'><strong>Masculinum</strong></span> <span class='ocrx_word' id='word_1_201' title='bbox 592 3734 608 3773; x_wconf 86' lang='lat'><strong>:</strong></span> 
     </span>
    </p>
   </div>
   <div class='ocr_carea' id='block_1_40' title="bbox 120 3807 1649 3881">
    <p class='ocr_par' dir='ltr' id='par_1_40' title="bbox 120 3807 1649 3881">
     <span class='ocr_line' id='line_1_40' title="bbox 120 3807 1649 3881; baseline -0.001 -17"><span class='ocrx_word' id='word_1_202' title='bbox 120 3810 179 3881; x_wconf 77' lang='grc' dir='ltr'><strong>α)</strong></span> <span class='ocrx_word' id='word_1_203' title='bbox 213 3809 450 3866; x_wconf 85' lang='lat' dir='ltr'><strong>Pristina</strong></span> <span class='ocrx_word' id='word_1_204' title='bbox 476 3808 645 3864; x_wconf 77' lang='lat' dir='ltr'><strong>forma</strong></span> <span class='ocrx_word' id='word_1_205' title='bbox 671 3807 726 3864; x_wconf 90' lang='lat' dir='ltr'><strong>in</strong></span> <span class='ocrx_word' id='word_1_206' title='bbox 752 3808 824 3863; x_wconf 68' lang='grc' dir='ltr'><strong>οἰδ</strong></span> <span class='ocrx_word' id='word_1_207' title='bbox 853 3807 1020 3865; x_wconf 83' lang='lat' dir='ltr'><strong>fuisse</strong></span> <span class='ocrx_word' id='word_1_208' title='bbox 1048 3807 1284 3874; x_wconf 88' lang='lat' dir='ltr'><strong>videtur,</strong></span> <span class='ocrx_word' id='word_1_209' title='bbox 1305 3822 1372 3865; x_wconf 90' lang='lat' dir='ltr'><strong>ex</strong></span> <span class='ocrx_word' id='word_1_210' title='bbox 1405 3821 1509 3878; x_wconf 90' lang='lat' dir='ltr'><strong>qua</strong></span> <span class='ocrx_word' id='word_1_211' title='bbox 1538 3815 1649 3862; x_wconf 86' lang='lat' dir='ltr'><strong>tum</strong></span> 
     </span>
    </p>
   </div>
   <div class='ocr_carea' id='block_1_41' title="bbox 45 3903 1652 3976">
    <p class='ocr_par' dir='ltr' id='par_1_41' title="bbox 45 3903 1652 3976">
     <span class='ocr_line' id='line_1_41' title="bbox 45 3903 1652 3976; baseline -0.001 -16"><span class='ocrx_word' id='word_1_212' title='bbox 45 3904 413 3972; x_wconf 81' lang='lat' dir='ltr'><strong>detractione,</strong></span> <span class='ocrx_word' id='word_1_213' title='bbox 443 3913 554 3960; x_wconf 86' lang='lat' dir='ltr'><strong>tum</strong></span> <span class='ocrx_word' id='word_1_214' title='bbox 598 3904 946 3974; x_wconf 81' lang='lat' dir='ltr'><strong>productione</strong></span> <span class='ocrx_word' id='word_1_215' title='bbox 996 3904 1190 3976; x_wconf 80' lang='lat' dir='ltr'><strong>reliqui</strong></span> <span class='ocrx_word' id='word_1_216' title='bbox 1237 3903 1537 3959; x_wconf 88' lang='lat' dir='ltr'><strong>educuntur</strong></span> <span class='ocrx_word' id='word_1_217' title='bbox 1562 3917 1652 3958; x_wconf 86' lang='lat' dir='ltr'><strong>ca-</strong></span> 
     </span>
    </p>
   </div>
   <div class='ocr_carea' id='block_1_42' title="bbox 45 3997 1648 4068">
    <p class='ocr_par' dir='ltr' id='par_1_42' title="bbox 45 3997 1648 4068">
     <span class='ocr_line' id='line_1_42' title="bbox 45 3997 1648 4068; baseline -0.001 -15"><span class='ocrx_word' id='word_1_218' title='bbox 45 4012 178 4064; x_wconf 81' lang='lat' dir='ltr'><strong>sus;</strong></span> <span class='ocrx_word' id='word_1_219' title='bbox 207 3997 321 4068; x_wconf 86' lang='lat' dir='ltr'><strong>jam</strong></span> <span class='ocrx_word' id='word_1_220' title='bbox 355 4011 486 4053; x_wconf 87' lang='lat' dir='ltr'><strong>vero</strong></span> <span class='ocrx_word' id='word_1_221' title='bbox 513 3997 630 4053; x_wconf 64' lang='lat' dir='ltr'><strong>haec</strong></span> <span class='ocrx_word' id='word_1_222' title='bbox 649 3997 954 4055; x_wconf 72' lang='lat' dir='ltr'><strong>formamon</strong></span> <span class='ocrx_word' id='word_1_223' title='bbox 988 3997 1100 4068; x_wconf 88' lang='lat' dir='ltr'><strong>jam</strong></span> <span class='ocrx_word' id='word_1_224' title='bbox 1131 3997 1363 4068; x_wconf 88' lang='lat' dir='ltr'><strong>amplius</strong></span> <span class='ocrx_word' id='word_1_225' title='bbox 1389 3997 1648 4064; x_wconf 86' lang='lat' dir='ltr'><strong>occurrit,</strong></span> 
     </span>
    </p>
   </div>
   <div class='ocr_carea' id='block_1_43' title="bbox 47 4091 1651 4161">
    <p class='ocr_par' dir='ltr' id='par_1_43' title="bbox 47 4091 1651 4161">
     <span class='ocr_line' id='line_1_43' title="bbox 47 4091 1651 4161; baseline -0.001 -14"><span class='ocrx_word' id='word_1_226' title='bbox 47 4093 156 4147; x_wconf 85' lang='lat' dir='ltr'><strong>nisi</strong></span> <span class='ocrx_word' id='word_1_227' title='bbox 195 4093 256 4148; x_wconf 88' lang='lat' dir='ltr'><strong>in</strong></span> <span class='ocrx_word' id='word_1_228' title='bbox 298 4091 492 4148; x_wconf 74' lang='lat' dir='ltr'><strong>airknis</strong></span> <span class='ocrx_word' id='word_1_229' title='bbox 543 4103 760 4149; x_wconf 77' lang='lat' dir='ltr'><strong>sanctus</strong></span> <span class='ocrx_word' id='word_1_230' title='bbox 803 4103 858 4150; x_wconf 90' lang='lat' dir='ltr'><strong>et</strong></span> <span class='ocrx_word' id='word_1_231' title='bbox 897 4094 1025 4149; x_wconf 80' lang='lat' dir='ltr'><strong>auiis</strong></span> <span class='ocrx_word' id='word_1_232' title='bbox 1080 4093 1226 4149; x_wconf 91' lang='lat' dir='ltr'><strong>mitis</strong></span> <span class='ocrx_word' id='word_1_233' title='bbox 1255 4092 1398 4148; x_wconf 91' lang='lat' dir='ltr'><strong>Tim.</strong></span> <span class='ocrx_word' id='word_1_234' title='bbox 1432 4093 1474 4160; x_wconf 89' lang='grc' dir='ltr'>Ι,</span> <span class='ocrx_word' id='word_1_235' title='bbox 1505 4108 1585 4161; x_wconf 87' lang='lat' dir='ltr'><strong>m,</strong></span> <span class='ocrx_word' id='word_1_236' title='bbox 1618 4091 1651 4145; x_wconf 77' lang='lat'><strong>3</strong></span> 
     </span>
    </p>
   </div>
   <div class='ocr_carea' id='block_1_44' title="bbox 47 4186 1653 4259">
    <p class='ocr_par' dir='ltr' id='par_1_44' title="bbox 47 4186 1653 4259">
     <span class='ocr_line' id='line_1_44' title="bbox 47 4186 1653 4259; baseline 0.001 -20"><span class='ocrx_word' id='word_1_237' title='bbox 47 4187 224 4259; x_wconf 71' lang='lat' dir='ltr'><strong>(navis</strong></span> <span class='ocrx_word' id='word_1_238' title='bbox 266 4193 511 4242; x_wconf 83' lang='lat' dir='ltr'><strong>mortuus</strong></span> <span class='ocrx_word' id='word_1_239' title='bbox 540 4186 698 4241; x_wconf 81' lang='lat' dir='ltr'><strong>Rom.</strong></span> <span class='ocrx_word' id='word_1_240' title='bbox 729 4201 826 4254; x_wconf 84' lang='lat' dir='ltr'><strong>vn,</strong></span> <span class='ocrx_word' id='word_1_241' title='bbox 856 4186 930 4256; x_wconf 91' lang='lat'><strong>8).</strong></span> <span class='ocrx_word' id='word_1_242' title='bbox 963 4186 1222 4256; x_wconf 86' lang='lat' dir='ltr'><strong>Equidem</strong></span> <span class='ocrx_word' id='word_1_243' title='bbox 1253 4187 1444 4242; x_wconf 90' lang='lat' dir='ltr'><strong>adesse</strong></span> <span class='ocrx_word' id='word_1_244' title='bbox 1472 4196 1653 4256; x_wconf 86' lang='lat' dir='ltr'><strong>potest</strong></span> 
     </span>
    </p>
   </div>
   <div class='ocr_carea' id='block_1_45' title="bbox 48 4278 1652 4350">
    <p class='ocr_par' dir='ltr' id='par_1_45' title="bbox 48 4278 1652 4350">
     <span class='ocr_line' id='line_1_45' title="bbox 48 4278 1652 4350; baseline 0.003 -18"><span class='ocrx_word' id='word_1_245' title='bbox 48 4279 108 4333; x_wconf 85' lang='lat' dir='ltr'><strong>in</strong></span> <span class='ocrx_word' id='word_1_246' title='bbox 164 4278 325 4334; x_wconf 76' lang='lat' dir='ltr'><strong>airzis</strong></span> <span class='ocrx_word' id='word_1_247' title='bbox 349 4278 529 4345; x_wconf 77' lang='lat' dir='ltr'><strong>falsus,</strong></span> <span class='ocrx_word' id='word_1_248' title='bbox 562 4280 868 4350; x_wconf 76' lang='lat' dir='ltr'><strong>analaugnit</strong></span> <span class='ocrx_word' id='word_1_249' title='bbox 895 4280 1264 4347; x_wconf 85' lang='lat' dir='ltr'><strong>absconditus,</strong></span> <span class='ocrx_word' id='word_1_250' title='bbox 1296 4282 1507 4335; x_wconf 76' lang='lat' dir='ltr'><strong>minutis</strong></span> <span class='ocrx_word' id='word_1_251' title='bbox 1532 4281 1652 4337; x_wconf 89' lang='lat' dir='ltr'><strong>inu-</strong></span> 
     </span>
    </p>
   </div>
   <div class='ocr_carea' id='block_1_46' title="bbox 47 4371 1648 4446">
    <p class='ocr_par' dir='ltr' id='par_1_46' title="bbox 47 4371 1648 4446">
     <span class='ocr_line' id='line_1_46' title="bbox 47 4371 1648 4446; baseline 0.004 -21"><span class='ocrx_word' id='word_1_252' title='bbox 47 4371 187 4438; x_wconf 87' lang='lat' dir='ltr'><strong>tilis,</strong></span> <span class='ocrx_word' id='word_1_253' title='bbox 253 4374 540 4429; x_wconf 78' lang='lat' dir='ltr'><strong>vailameris</strong></span> <span class='ocrx_word' id='word_1_254' title='bbox 585 4374 891 4443; x_wconf 88' lang='lat' dir='ltr'><strong>laudabilis,</strong></span> <span class='ocrx_word' id='word_1_255' title='bbox 925 4384 1076 4442; x_wconf 91' lang='lat' dir='ltr'><strong>&#39;etc.,</strong></span> <span class='ocrx_word' id='word_1_256' title='bbox 1117 4376 1211 4432; x_wconf 89' lang='lat' dir='ltr'><strong>sed</strong></span> <span class='ocrx_word' id='word_1_257' title='bbox 1244 4391 1340 4446; x_wconf 87' lang='lat' dir='ltr'><strong>pro</strong></span> <span class='ocrx_word' id='word_1_258' title='bbox 1387 4392 1449 4432; x_wconf 88' lang='lat' dir='ltr'><strong>ea</strong></span> <span class='ocrx_word' id='word_1_259' title='bbox 1487 4377 1648 4432; x_wconf 87' lang='lat' dir='ltr'><strong>etiam</strong></span> 
     </span>
    </p>
   </div>
   <div class='ocr_carea' id='block_1_47' title="bbox 45 4466 1646 4541">
    <p class='ocr_par' dir='ltr' id='par_1_47' title="bbox 45 4466 1646 4541">
     <span class='ocr_line' id='line_1_47' title="bbox 45 4466 1646 4541; baseline 0.005 -23"><span class='ocrx_word' id='word_1_260' title='bbox 45 4466 268 4530; x_wconf 69' lang='lat' dir='ltr'><strong>situas,</strong></span> <span class='ocrx_word' id='word_1_261' title='bbox 291 4470 597 4538; x_wconf 79' lang='lat' dir='ltr'><strong>analaugns,</strong></span> <span class='ocrx_word' id='word_1_262' title='bbox 629 4477 842 4533; x_wconf 74' lang='lat' dir='ltr'><strong>annuis,</strong></span> <span class='ocrx_word' id='word_1_263' title='bbox 871 4468 1144 4524; x_wconf 77' lang='lat' dir='ltr'><strong>vailamers</strong></span> <span class='ocrx_word' id='word_1_264' title='bbox 1166 4470 1407 4525; x_wconf 83' lang='lat' dir='ltr'><strong>adhiberi</strong></span> <span class='ocrx_word' id='word_1_265' title='bbox 1442 4471 1646 4541; x_wconf 86' lang='lat' dir='ltr'><strong>potuit;</strong></span> 
     </span>
    </p>
   </div>
   <div class='ocr_carea' id='block_1_48' title="bbox 125 4543 1646 4632">
    <p class='ocr_par' dir='ltr' id='par_1_48' title="bbox 125 4543 1646 4632">
     <span class='ocr_line' id='line_1_48' title="bbox 125 4543 1646 4632; baseline 0.004 -20"><span class='ocrx_word' id='word_1_266' title='bbox 125 4543 231 4629; x_wconf 62' lang='grc' dir='ltr'><strong>η’(</strong></span> <span class='ocrx_word' id='word_1_267' title='bbox 257 4558 416 4616; x_wconf 78' lang='lat' dir='ltr'><strong>ﬁnale</strong></span> <span class='ocrx_word' id='word_1_268' title='bbox 460 4559 612 4616; x_wconf 88' lang='lat' dir='ltr'><strong>deest</strong></span> <span class='ocrx_word' id='word_1_269' title='bbox 659 4562 712 4616; x_wconf 91' lang='lat' dir='ltr'><strong>in</strong></span> <span class='ocrx_word' id='word_1_270' title='bbox 761 4560 942 4618; x_wconf 79' lang='lat' dir='ltr'><strong>hrains</strong></span> <span class='ocrx_word' id='word_1_271' title='bbox 989 4563 1220 4618; x_wconf 90' lang='lat' dir='ltr'><strong>mundus</strong></span> <span class='ocrx_word' id='word_1_272' title='bbox 1264 4562 1394 4619; x_wconf 82' lang='lat' dir='ltr'><strong>Mth.</strong></span> <span class='ocrx_word' id='word_1_273' title='bbox 1442 4579 1556 4628; x_wconf 82' lang='lat' dir='ltr'><strong>vui,</strong></span> <span class='ocrx_word' id='word_1_274' title='bbox 1589 4565 1646 4632; x_wconf 83' lang='grc'>5,</span> 
     </span>
    </p>
   </div>
   <div class='ocr_carea' id='block_1_49' title="bbox 45 4653 1646 4726">
    <p class='ocr_par' dir='ltr' id='par_1_49' title="bbox 45 4653 1646 4726">
     <span class='ocr_line' id='line_1_49' title="bbox 45 4653 1646 4726; baseline 0.002 -18"><span class='ocrx_word' id='word_1_275' title='bbox 45 4655 302 4726; x_wconf 72' lang='lat' dir='ltr'><strong>aljakum</strong></span> <span class='ocrx_word' id='word_1_276' title='bbox 331 4653 537 4710; x_wconf 88' lang='lat' dir='ltr'><strong>alienus</strong></span> <span class='ocrx_word' id='word_1_277' title='bbox 565 4653 723 4711; x_wconf 83' lang='lat' dir='ltr'><strong>Rom.</strong></span> <span class='ocrx_word' id='word_1_278' title='bbox 761 4670 837 4721; x_wconf 69' lang='grc' dir='ltr'><strong>ιι,</strong></span> <span class='ocrx_word' id='word_1_279' title='bbox 877 4654 968 4725; x_wconf 75' lang='grc'><strong>24,</strong></span> <span class='ocrx_word' id='word_1_280' title='bbox 1015 4655 1247 4726; x_wconf 78' lang='lat' dir='ltr'><strong>gamains</strong></span> <span class='ocrx_word' id='word_1_281' title='bbox 1267 4656 1448 4711; x_wconf 88' lang='lat' dir='ltr'><strong>socius</strong></span> <span class='ocrx_word' id='word_1_282' title='bbox 1485 4655 1646 4712; x_wconf 82' lang='lat' dir='ltr'><strong>Rom.</strong></span> 
     </span>
    </p>
   </div>
   <div class='ocr_carea' id='block_1_50' title="bbox 49 4747 1652 4818">
    <p class='ocr_par' dir='ltr' id='par_1_50' title="bbox 49 4747 1652 4818">
     <span class='ocr_line' id='line_1_50' title="bbox 49 4747 1652 4818; baseline 0.002 -16"><span class='ocrx_word' id='word_1_283' title='bbox 49 4764 129 4812; x_wconf 88' lang='lat' dir='ltr'><strong>xt,</strong></span> <span class='ocrx_word' id='word_1_284' title='bbox 169 4748 262 4816; x_wconf 82' lang='grc'><strong>17,</strong></span> <span class='ocrx_word' id='word_1_285' title='bbox 281 4747 493 4818; x_wconf 74' lang='lat' dir='ltr'><strong>gafaura</strong></span> <span class='ocrx_word' id='word_1_286' title='bbox 519 4749 794 4804; x_wconf 81' lang='lat' dir='ltr'><strong>modestus</strong></span> <span class='ocrx_word' id='word_1_287' title='bbox 815 4747 954 4803; x_wconf 86' lang='lat' dir='ltr'><strong>Tim.</strong></span> <span class='ocrx_word' id='word_1_288' title='bbox 988 4748 1031 4814; x_wconf 87' lang='lat' dir='ltr'><strong>l,</strong></span> <span class='ocrx_word' id='word_1_289' title='bbox 1055 4763 1134 4816; x_wconf 79' lang='lat' dir='ltr'><strong>in,</strong></span> <span class='ocrx_word' id='word_1_290' title='bbox 1163 4749 1220 4814; x_wconf 87' lang='lat'><strong>2,</strong></span> <span class='ocrx_word' id='word_1_291' title='bbox 1250 4748 1531 4804; x_wconf 77' lang='lat' dir='ltr'><strong>andanems</strong></span> <span class='ocrx_word' id='word_1_292' title='bbox 1559 4765 1652 4806; x_wconf 82' lang='lat' dir='ltr'><strong>ac-</strong></span> 
     </span>
    </p>
   </div>
   <div class='ocr_carea' id='block_1_51' title="bbox 39 4841 1650 4932">
    <p class='ocr_par' dir='ltr' id='par_1_51' title="bbox 39 4841 1650 4932">
     <span class='ocr_line' id='line_1_51' title="bbox 39 4841 1650 4932; baseline 0.002 -36"><span class='ocrx_word' id='word_1_293' title='bbox 39 4851 246 4932; x_wconf 49' lang='lat' dir='ltr'><strong>.ceptus</strong></span> <span class='ocrx_word' id='word_1_294' title='bbox 278 4841 409 4898; x_wconf 86' lang='lat' dir='ltr'><strong>Luc.</strong></span> <span class='ocrx_word' id='word_1_295' title='bbox 435 4857 513 4910; x_wconf 78' lang='lat' dir='ltr'><strong>1v,</strong></span> <span class='ocrx_word' id='word_1_296' title='bbox 537 4842 627 4909; x_wconf 68' lang='lat'><strong>24,</strong></span> <span class='ocrx_word' id='word_1_297' title='bbox 651 4843 803 4898; x_wconf 67' lang='lat' dir='ltr'><strong>brulu</strong></span> <span class='ocrx_word' id='word_1_298' title='bbox 831 4844 976 4900; x_wconf 90' lang='lat' dir='ltr'><strong>utilis</strong></span> <span class='ocrx_word' id='word_1_299' title='bbox 998 4843 1138 4900; x_wconf 88' lang='lat' dir='ltr'><strong>Tim.</strong></span> <span class='ocrx_word' id='word_1_300' title='bbox 1158 4843 1223 4912; x_wconf 88' lang='lat' dir='ltr'><strong>ll,</strong></span> <span class='ocrx_word' id='word_1_301' title='bbox 1256 4859 1332 4910; x_wconf 80' lang='grc' dir='ltr'><strong>ιν,</strong></span> <span class='ocrx_word' id='word_1_302' title='bbox 1359 4845 1420 4900; x_wconf 84' lang='lat' dir='ltr'><strong>ll</strong></span> <span class='ocrx_word' id='word_1_303' title='bbox 1454 4843 1650 4917; x_wconf 71' lang='lat' dir='ltr'><strong>(bleips</strong></span> 
     </span>
    </p>
   </div>
   <div class='ocr_carea' id='block_1_52' title="bbox 38 4934 1648 5007">
    <p class='ocr_par' dir='ltr' id='par_1_52' title="bbox 38 4934 1648 5007">
     <span class='ocr_line' id='line_1_52' title="bbox 38 4934 1648 5007; baseline 0 -15"><span class='ocrx_word' id='word_1_304' title='bbox 38 4935 322 5007; x_wconf 71' lang='lat' dir='ltr'><strong>benignus</strong></span> <span class='ocrx_word' id='word_1_305' title='bbox 346 4935 476 4992; x_wconf 90' lang='lat' dir='ltr'><strong>Luc.</strong></span> <span class='ocrx_word' id='word_1_306' title='bbox 499 4949 582 5005; x_wconf 86' lang='lat' dir='ltr'><strong>vt,</strong></span> <span class='ocrx_word' id='word_1_307' title='bbox 630 4935 730 5004; x_wconf 82' lang='lat'><strong>56;</strong></span> <span class='ocrx_word' id='word_1_308' title='bbox 754 4935 864 4991; x_wconf 85' lang='lat' dir='ltr'><strong>Tit.</strong></span> <span class='ocrx_word' id='word_1_309' title='bbox 893 4950 932 5000; x_wconf 82' lang='lat'><strong>1,</strong></span> <span class='ocrx_word' id='word_1_310' title='bbox 959 4934 1040 5004; x_wconf 89' lang='grc'><strong>8),</strong></span> <span class='ocrx_word' id='word_1_311' title='bbox 1069 4949 1172 4992; x_wconf 89' lang='lat' dir='ltr'><strong>nec</strong></span> <span class='ocrx_word' id='word_1_312' title='bbox 1201 4951 1308 4991; x_wconf 92' lang='lat' dir='ltr'><strong>non</strong></span> <span class='ocrx_word' id='word_1_313' title='bbox 1335 4943 1393 4992; x_wconf 89' lang='lat' dir='ltr'><strong>et</strong></span> <span class='ocrx_word' id='word_1_314' title='bbox 1429 4935 1520 4991; x_wconf 92' lang='lat' dir='ltr'><strong>ubi</strong></span> <span class='ocrx_word' id='word_1_315' title='bbox 1549 4950 1648 4992; x_wconf 81' lang='lat' dir='ltr'><strong>vo-</strong></span> 
     </span>
    </p>
   </div>
   <div class='ocr_carea' id='block_1_53' title="bbox 37 5027 1648 5100">
    <p class='ocr_par' dir='ltr' id='par_1_53' title="bbox 37 5027 1648 5100">
     <span class='ocr_line' id='line_1_53' title="bbox 37 5027 1648 5100; baseline -0.001 -14"><span class='ocrx_word' id='word_1_316' title='bbox 37 5028 187 5086; x_wconf 72' lang='lat' dir='ltr'><strong>culis</strong></span> <span class='ocrx_word' id='word_1_317' title='bbox 218 5029 381 5100; x_wconf 73' lang='lat' dir='ltr'><strong>longa</strong></span> <span class='ocrx_word' id='word_1_318' title='bbox 408 5030 496 5086; x_wconf 88' lang='lat' dir='ltr'><strong>vel</strong></span> <span class='ocrx_word' id='word_1_319' title='bbox 535 5027 899 5100; x_wconf 79' lang='lat' dir='ltr'><strong>diphthongus</strong></span> <span class='ocrx_word' id='word_1_320' title='bbox 942 5029 996 5084; x_wconf 89' lang='lat' dir='ltr'><strong>in</strong></span> <span class='ocrx_word' id='word_1_321' title='bbox 1044 5028 1228 5087; x_wconf 89' lang='lat' dir='ltr'><strong>radice</strong></span> <span class='ocrx_word' id='word_1_322' title='bbox 1276 5028 1554 5096; x_wconf 80' lang='lat' dir='ltr'><strong>praecedit,</strong></span> <span class='ocrx_word' id='word_1_323' title='bbox 1590 5039 1648 5084; x_wconf 88' lang='lat' dir='ltr'><strong>ut</strong></span> 
     </span>
    </p>
   </div>
   <div class='ocr_carea' id='block_1_54' title="bbox 36 5120 1648 5193">
    <p class='ocr_par' dir='ltr' id='par_1_54' title="bbox 36 5120 1648 5193">
     <span class='ocr_line' id='line_1_54' title="bbox 36 5120 1648 5193; baseline 0.001 -16"><span class='ocrx_word' id='word_1_324' title='bbox 36 5131 180 5177; x_wconf 83' lang='lat' dir='ltr'><strong>sunt</strong></span> <span class='ocrx_word' id='word_1_325' title='bbox 211 5137 230 5177; x_wconf 88' lang='lat'><strong>:</strong></span> <span class='ocrx_word' id='word_1_326' title='bbox 260 5120 404 5193; x_wconf 74' lang='lat' dir='ltr'><strong>cupa</strong></span> <span class='ocrx_word' id='word_1_327' title='bbox 424 5120 691 5188; x_wconf 85' lang='lat' dir='ltr'><strong>desertus,</strong></span> <span class='ocrx_word' id='word_1_328' title='bbox 721 5122 861 5177; x_wconf 66' lang='grc' dir='ltr'><strong>νίκη</strong></span> <span class='ocrx_word' id='word_1_329' title='bbox 881 5121 1294 5191; x_wconf 89' lang='lat' dir='ltr'><strong>corrumpibilis,</strong></span> <span class='ocrx_word' id='word_1_330' title='bbox 1319 5122 1423 5177; x_wconf 72' lang='lat' dir='ltr'><strong>tela</strong></span> <span class='ocrx_word' id='word_1_331' title='bbox 1451 5121 1648 5191; x_wconf 89' lang='lat' dir='ltr'><strong>bonus,</strong></span> 
     </span>
    </p>
   </div>
   <div class='ocr_carea' id='block_1_55' title="bbox 37 5212 1652 5286">
    <p class='ocr_par' dir='ltr' id='par_1_55' title="bbox 37 5212 1652 5286">
     <span class='ocr_line' id='line_1_55' title="bbox 37 5212 1652 5286; baseline 0.001 -18"><span class='ocrx_word' id='word_1_332' title='bbox 37 5213 218 5268; x_wconf 73' lang='lat' dir='ltr'><strong>akeirs</strong></span> <span class='ocrx_word' id='word_1_333' title='bbox 266 5212 605 5280; x_wconf 78' lang='lat' dir='ltr'><strong>manifestus,</strong></span> <span class='ocrx_word' id='word_1_334' title='bbox 635 5212 770 5286; x_wconf 68' lang='lat' dir='ltr'><strong>vobs</strong></span> <span class='ocrx_word' id='word_1_335' title='bbox 817 5225 1089 5284; x_wconf 85' lang='lat' dir='ltr'><strong>acceptus,</strong></span> <span class='ocrx_word' id='word_1_336' title='bbox 1140 5214 1413 5269; x_wconf 82' lang='lat' dir='ltr'><strong>vailamm</strong></span> <span class='ocrx_word' id='word_1_337' title='bbox 1466 5214 1652 5270; x_wconf 90' lang='lat' dir='ltr'><strong>lauda-</strong></span> 
     </span>
    </p>
   </div>
   <div class='ocr_carea' id='block_1_56' title="bbox 37 5307 1719 5380">
    <p class='ocr_par' dir='ltr' id='par_1_56' title="bbox 37 5307 1719 5380">
     <span class='ocr_line' id='line_1_56' title="bbox 37 5307 1719 5380; baseline 0.001 -19"><span class='ocrx_word' id='word_1_338' title='bbox 37 5307 199 5373; x_wconf 84' lang='lat' dir='ltr'><strong>bilis,</strong></span> <span class='ocrx_word' id='word_1_339' title='bbox 232 5307 483 5362; x_wconf 72' lang='lat' dir='ltr'><strong>amittas</strong></span> <span class='ocrx_word' id='word_1_340' title='bbox 523 5307 782 5375; x_wconf 86' lang='lat' dir='ltr'><strong>visibilis,</strong></span> <span class='ocrx_word' id='word_1_341' title='bbox 815 5307 1104 5380; x_wconf 82' lang='lat' dir='ltr'><strong>analaugns</strong></span> <span class='ocrx_word' id='word_1_342' title='bbox 1135 5307 1503 5374; x_wconf 88' lang='lat' dir='ltr'><strong>absconditus,</strong></span> <span class='ocrx_word' id='word_1_343' title='bbox 1551 5325 1652 5362; x_wconf 84' lang='lat' dir='ltr'><strong>an-</strong></span> <span class='ocrx_word' id='word_1_344' title='bbox 1717 5310 1719 5313; x_wconf 76' lang='grc'>’</span> 
     </span>
    </p>
   </div>
   <div class='ocr_carea' id='block_1_57' title="bbox 36 5399 1652 5474">
    <p class='ocr_par' dir='ltr' id='par_1_57' title="bbox 36 5399 1652 5474">
     <span class='ocr_line' id='line_1_57' title="bbox 36 5399 1652 5474; baseline 0.003 -21"><span class='ocrx_word' id='word_1_345' title='bbox 36 5399 229 5455; x_wconf 69' lang='lat' dir='ltr'><strong>«inscia</strong></span> <span class='ocrx_word' id='word_1_346' title='bbox 265 5399 660 5470; x_wconf 88' lang='lat' dir='ltr'><strong>abominabilis,</strong></span> <span class='ocrx_word' id='word_1_347' title='bbox 698 5401 884 5457; x_wconf 73' lang='lat' dir='ltr'><strong>almum</strong></span> <span class='ocrx_word' id='word_1_348' title='bbox 927 5402 1172 5472; x_wconf 86' lang='lat' dir='ltr'><strong>pulcher,</strong></span> <span class='ocrx_word' id='word_1_349' title='bbox 1204 5401 1391 5474; x_wconf 72' lang='lat' dir='ltr'><strong>ufaips</strong></span> <span class='ocrx_word' id='word_1_350' title='bbox 1415 5401 1652 5471; x_wconf 86' lang='lat' dir='ltr'><strong>juratus,</strong></span> 
     </span>
    </p>
   </div>
   <div class='ocr_carea' id='block_1_58' title="bbox 35 5492 1657 5567">
    <p class='ocr_par' dir='ltr' id='par_1_58' title="bbox 35 5492 1657 5567">
     <span class='ocr_line' id='line_1_58' title="bbox 35 5492 1657 5567; baseline 0.002 -21"><span class='ocrx_word' id='word_1_351' title='bbox 35 5492 222 5549; x_wconf 73' lang='lat' dir='ltr'><strong>bireks</strong></span> <span class='ocrx_word' id='word_1_352' title='bbox 248 5494 581 5565; x_wconf 87' lang='lat' dir='ltr'><strong>periclitans,</strong></span> <span class='ocrx_word' id='word_1_353' title='bbox 621 5495 892 5550; x_wconf 76' lang='lat' dir='ltr'><strong>anahaima</strong></span> <span class='ocrx_word' id='word_1_354' title='bbox 919 5494 1274 5563; x_wconf 88' lang='lat' dir='ltr'><strong>domesticus,</strong></span> <span class='ocrx_word' id='word_1_355' title='bbox 1304 5495 1528 5567; x_wconf 77' lang='lat' dir='ltr'><strong>afhaims</strong></span> <span class='ocrx_word' id='word_1_356' title='bbox 1563 5510 1657 5562; x_wconf 86' lang='lat' dir='ltr'><strong>pe-</strong></span> 
     </span>
    </p>
   </div>
   <div class='ocr_carea' id='block_1_59' title="bbox 35 5586 1654 5660">
    <p class='ocr_par' dir='ltr' id='par_1_59' title="bbox 35 5586 1654 5660">
     <span class='ocr_line' id='line_1_59' title="bbox 35 5586 1654 5660; baseline 0.001 -18"><span class='ocrx_word' id='word_1_357' title='bbox 35 5588 328 5659; x_wconf 70' lang='lat' dir='ltr'><strong>regrinus,</strong></span> <span class='ocrx_word' id='word_1_358' title='bbox 362 5586 528 5660; x_wconf 73' lang='grc' dir='ltr'><strong><em>ειιίρε</em></strong></span> <span class='ocrx_word' id='word_1_359' title='bbox 555 5602 753 5659; x_wconf 71' lang='lat' dir='ltr'><strong>mus,</strong></span> <span class='ocrx_word' id='word_1_360' title='bbox 797 5586 952 5644; x_wconf 79' lang='lat' dir='ltr'><strong>katm</strong></span> <span class='ocrx_word' id='word_1_361' title='bbox 989 5588 1191 5659; x_wconf 81' lang='lat' dir='ltr'><strong>gravis,</strong></span> <span class='ocrx_word' id='word_1_362' title='bbox 1223 5586 1427 5660; x_wconf 77' lang='lat' dir='ltr'><strong>unqun</strong></span> <span class='ocrx_word' id='word_1_363' title='bbox 1467 5586 1654 5643; x_wconf 70' lang='lat' dir='ltr'><strong>ineffa-</strong></span> 
     </span>
    </p>
   </div>
   <div class='ocr_carea' id='block_1_60' title="bbox 35 5679 1647 5760">
    <p class='ocr_par' dir='ltr' id='par_1_60' title="bbox 35 5679 1647 5760">
     <span class='ocr_line' id='line_1_60' title="bbox 35 5679 1647 5760; baseline 0.001 -25"><span class='ocrx_word' id='word_1_364' title='bbox 35 5681 195 5749; x_wconf 79' lang='lat' dir='ltr'><strong>bilis,</strong></span> <span class='ocrx_word' id='word_1_365' title='bbox 222 5681 377 5753; x_wconf 75' lang='lat' dir='ltr'><strong>speds</strong></span> <span class='ocrx_word' id='word_1_366' title='bbox 415 5681 620 5750; x_wconf 86' lang='lat' dir='ltr'><strong>tardus,</strong></span> <span class='ocrx_word' id='word_1_367' title='bbox 659 5679 804 5744; x_wconf 57' lang='grc' dir='ltr'><strong>,διευς</strong></span> <span class='ocrx_word' id='word_1_368' title='bbox 841 5681 1118 5760; x_wconf 87' lang='lat' dir='ltr'><strong>olivarius,</strong></span> <span class='ocrx_word' id='word_1_369' title='bbox 1169 5679 1394 5751; x_wconf 72' lang='lat' dir='ltr'><strong>usgruds</strong></span> <span class='ocrx_word' id='word_1_370' title='bbox 1444 5679 1647 5750; x_wconf 79' lang='lat' dir='ltr'><strong>segnis,</strong></span> 
     </span>
    </p>
   </div>
   <div class='ocr_carea' id='block_1_61' title="bbox 37 5773 680 5846">
    <p class='ocr_par' dir='ltr' id='par_1_61' title="bbox 37 5773 680 5846">
     <span class='ocr_line' id='line_1_61' title="bbox 37 5773 680 5846; baseline 0.003 -18"><span class='ocrx_word' id='word_1_371' title='bbox 37 5773 187 5830; x_wconf 63' lang='lat' dir='ltr'><strong>reita</strong></span> <span class='ocrx_word' id='word_1_372' title='bbox 228 5788 360 5845; x_wconf 88' lang='lat' dir='ltr'><strong>rex,</strong></span> <span class='ocrx_word' id='word_1_373' title='bbox 389 5775 638 5846; x_wconf 86' lang='lat' dir='ltr'><strong>princeps</strong></span> <span class='ocrx_word' id='word_1_374' title='bbox 665 5792 680 5843; x_wconf 90' lang='lat'><strong>;</strong></span> 
     </span>
    </p>
   </div>
   <div class='ocr_carea' id='block_1_62' title="bbox 116 5863 1648 5940">
    <p class='ocr_par' dir='ltr' id='par_1_62' title="bbox 116 5863 1648 5940">
     <span class='ocr_line' id='line_1_62' title="bbox 116 5863 1648 5940; baseline 0 -19"><span class='ocrx_word' id='word_1_375' title='bbox 116 5866 175 5936; x_wconf 76' lang='grc' dir='ltr'><strong>ε)</strong></span> <span class='ocrx_word' id='word_1_376' title='bbox 196 5864 230 5922; x_wconf 86' lang='grc' dir='ltr'><strong><em>Ι</em></strong></span> <span class='ocrx_word' id='word_1_377' title='bbox 255 5881 392 5923; x_wconf 83' lang='lat' dir='ltr'><strong>vero</strong></span> <span class='ocrx_word' id='word_1_378' title='bbox 410 5867 466 5923; x_wconf 86' lang='lat' dir='ltr'><strong>in</strong></span> <span class='ocrx_word' id='word_1_379' title='bbox 488 5868 534 5921; x_wconf 83' lang='lat' dir='ltr'><strong>ei</strong></span> <span class='ocrx_word' id='word_1_380' title='bbox 561 5867 816 5924; x_wconf 87' lang='lat' dir='ltr'><strong>dilatatur</strong></span> <span class='ocrx_word' id='word_1_381' title='bbox 842 5869 895 5924; x_wconf 90' lang='lat' dir='ltr'><strong>in</strong></span> <span class='ocrx_word' id='word_1_382' title='bbox 915 5866 1088 5940; x_wconf 69' lang='lat' dir='ltr'><strong>allicit</strong></span> <span class='ocrx_word' id='word_1_383' title='bbox 1104 5881 1272 5926; x_wconf 87' lang='lat' dir='ltr'><strong>senex</strong></span> <span class='ocrx_word' id='word_1_384' title='bbox 1295 5865 1448 5924; x_wconf 85' lang='lat' dir='ltr'><strong>Joan.</strong></span> <span class='ocrx_word' id='word_1_385' title='bbox 1482 5883 1562 5933; x_wconf 88' lang='lat' dir='ltr'><strong>lli,</strong></span> <span class='ocrx_word' id='word_1_386' title='bbox 1591 5863 1648 5936; x_wconf 69' lang='lat'><strong>4,</strong></span> 
     </span>
    </p>
   </div>
   <div class='ocr_carea' id='block_1_63' title="bbox 17 5959 1651 6044">
    <p class='ocr_par' dir='ltr' id='par_1_63' title="bbox 17 5959 1651 6044">
     <span class='ocr_line' id='line_1_63' title="bbox 17 5959 1651 6044; baseline 0.002 -28"><span class='ocrx_word' id='word_1_387' title='bbox 17 5959 246 6044; x_wconf 50' lang='lat' dir='ltr'><strong>papa.</strong></span> <span class='ocrx_word' id='word_1_388' title='bbox 273 5959 506 6034; x_wconf 79' lang='lat' dir='ltr'><strong>agrestis</strong></span> <span class='ocrx_word' id='word_1_389' title='bbox 532 5959 691 6019; x_wconf 76' lang='lat' dir='ltr'><strong>Rom.</strong></span> <span class='ocrx_word' id='word_1_390' title='bbox 719 5977 797 6028; x_wconf 80' lang='lat' dir='ltr'><strong>xi,</strong></span> <span class='ocrx_word' id='word_1_391' title='bbox 830 5963 937 6031; x_wconf 83' lang='lat' dir='ltr'><strong>l7;</strong></span> <span class='ocrx_word' id='word_1_392' title='bbox 967 5960 1113 6035; x_wconf 87' lang='lat' dir='ltr'><strong>quod</strong></span> <span class='ocrx_word' id='word_1_393' title='bbox 1141 5962 1200 6024; x_wconf 84' lang='lat' dir='ltr'><strong>iit</strong></span> <span class='ocrx_word' id='word_1_394' title='bbox 1227 5961 1390 6023; x_wconf 87' lang='lat' dir='ltr'><strong>etiam</strong></span> <span class='ocrx_word' id='word_1_395' title='bbox 1443 5975 1651 6034; x_wconf 84' lang='lat' dir='ltr'><strong>praece-</strong></span> 
     </span>
    </p>
   </div>
   <div class='ocr_carea' id='block_1_64' title="bbox 343 6056 1082 6138">
    <p class='ocr_par' dir='ltr' id='par_1_64' title="bbox 343 6056 1082 6138">
     <span class='ocr_line' id='line_1_64' title="bbox 343 6056 1082 6138; baseline -0.005 -16"><span class='ocrx_word' id='word_1_396' title='bbox 343 6059 618 6122; x_wconf 71' lang='lat' dir='ltr'><strong>Pa&#39;rnon.</strong></span> <span class='ocrx_word' id='word_1_397' title='bbox 662 6056 914 6138; x_wconf 46' lang='lat' dir='ltr'><strong>XVIII.</strong></span> <span class='ocrx_word' id='word_1_398' title='bbox 1072 6056 1082 6062; x_wconf 86' lang='grc'><em>’</em></span> 
     </span>
    </p>
   </div>
   <div class='ocr_carea' id='block_1_65' title="bbox 1750 3243 3351 3326">
    <p class='ocr_par' dir='ltr' id='par_1_65' title="bbox 1750 3243 3351 3326">
     <span class='ocr_line' id='line_1_65' title="bbox 1750 3243 3351 3326; baseline 0.008 -25"><span class='ocrx_word' id='word_1_399' title='bbox 1750 3243 2003 3302; x_wconf 88' lang='lat' dir='ltr'><strong>dentibus</strong></span> <span class='ocrx_word' id='word_1_400' title='bbox 2023 3243 2234 3301; x_wconf 85' lang='lat' dir='ltr'><strong>duabus</strong></span> <span class='ocrx_word' id='word_1_401' title='bbox 2253 3244 2701 3314; x_wconf 87' lang='lat' dir='ltr'><strong>consonantibus,</strong></span> <span class='ocrx_word' id='word_1_402' title='bbox 2729 3261 2957 3320; x_wconf 89' lang='lat' dir='ltr'><strong>quarum</strong></span> <span class='ocrx_word' id='word_1_403' title='bbox 2981 3252 3130 3322; x_wconf 92' lang='lat' dir='ltr'><strong>prior</strong></span> <span class='ocrx_word' id='word_1_404' title='bbox 3150 3253 3351 3326; x_wconf 81' lang='lat' dir='ltr'><strong>liquida</strong></span> 
     </span>
    </p>
   </div>
   <div class='ocr_carea' id='block_1_66' title="bbox 1751 3339 3353 3418">
    <p class='ocr_par' dir='ltr' id='par_1_66' title="bbox 1751 3339 3353 3418">
     <span class='ocr_line' id='line_1_66' title="bbox 1751 3339 3353 3418; baseline 0.007 -23"><span class='ocrx_word' id='word_1_405' title='bbox 1751 3352 1855 3407; x_wconf 89' lang='lat' dir='ltr'><strong>est,</strong></span> <span class='ocrx_word' id='word_1_406' title='bbox 1905 3349 1966 3397; x_wconf 92' lang='lat' dir='ltr'><strong>ut</strong></span> <span class='ocrx_word' id='word_1_407' title='bbox 2003 3339 2214 3411; x_wconf 77' lang='lat' dir='ltr'><strong>{airneis</strong></span> <span class='ocrx_word' id='word_1_408' title='bbox 2239 3353 2430 3411; x_wconf 88' lang='lat' dir='ltr'><strong>senex,</strong></span> <span class='ocrx_word' id='word_1_409' title='bbox 2477 3342 2660 3399; x_wconf 73' lang='lat' dir='ltr'><strong>airza’s</strong></span> <span class='ocrx_word' id='word_1_410' title='bbox 2690 3343 2876 3414; x_wconf 83' lang='lat' dir='ltr'><strong>falsus,</strong></span> <span class='ocrx_word' id='word_1_411' title='bbox 2907 3345 3109 3402; x_wconf 56' lang='lat' dir='ltr'><strong>militet}</strong></span> <span class='ocrx_word' id='word_1_412' title='bbox 3149 3349 3353 3418; x_wconf 84' lang='lat' dir='ltr'><strong>mollis,</strong></span> 
     </span>
    </p>
   </div>
   <div class='ocr_carea' id='block_1_67' title="bbox 1754 3433 3351 3506">
    <p class='ocr_par' dir='ltr' id='par_1_67' title="bbox 1754 3433 3351 3506">
     <span class='ocr_line' id='line_1_67' title="bbox 1754 3433 3351 3506; baseline 0.007 -19"><span class='ocrx_word' id='word_1_413' title='bbox 1754 3440 1934 3500; x_wconf 87' lang='lat' dir='ltr'><strong>tener,</strong></span> <span class='ocrx_word' id='word_1_414' title='bbox 1963 3433 2226 3504; x_wconf 80' lang='lat' dir='ltr'><strong>ingardeis</strong></span> <span class='ocrx_word' id='word_1_415' title='bbox 2267 3434 2584 3506; x_wconf 87' lang='lat' dir='ltr'><strong>inquilinus.</strong></span> <span class='ocrx_word' id='word_1_416' title='bbox 2617 3437 2821 3493; x_wconf 87' lang='lat' dir='ltr'><strong>Eadem</strong></span> <span class='ocrx_word' id='word_1_417' title='bbox 2853 3437 3159 3496; x_wconf 88' lang='lat' dir='ltr'><strong>terminatio</strong></span> <span class='ocrx_word' id='word_1_418' title='bbox 3187 3443 3351 3498; x_wconf 88' lang='lat' dir='ltr'><strong>etiam</strong></span> 
     </span>
    </p>
   </div>
   <div class='ocr_carea' id='block_1_68' title="bbox 1753 3525 3356 3601">
    <p class='ocr_par' dir='ltr' id='par_1_68' title="bbox 1753 3525 3356 3601">
     <span class='ocr_line' id='line_1_68' title="bbox 1753 3525 3356 3601; baseline 0.007 -20"><span class='ocrx_word' id='word_1_419' title='bbox 1753 3525 2108 3596; x_wconf 81' lang='lat' dir='ltr'><strong>probabiliter</strong></span> <span class='ocrx_word' id='word_1_420' title='bbox 2136 3526 2444 3596; x_wconf 86' lang='lat' dir='ltr'><strong>adhibetur,</strong></span> <span class='ocrx_word' id='word_1_421' title='bbox 2496 3531 2952 3601; x_wconf 88' lang='lat' dir='ltr'><strong>quemadmodum</strong></span> <span class='ocrx_word' id='word_1_422' title='bbox 3000 3534 3056 3589; x_wconf 93' lang='lat' dir='ltr'><strong>in</strong></span> <span class='ocrx_word' id='word_1_423' title='bbox 3103 3534 3356 3592; x_wconf 86' lang='lat' dir='ltr'><strong>substan-</strong></span> 
     </span>
    </p>
   </div>
   <div class='ocr_carea' id='block_1_69' title="bbox 1754 3617 3348 3700">
    <p class='ocr_par' dir='ltr' id='par_1_69' title="bbox 1754 3617 3348 3700">
     <span class='ocr_line' id='line_1_69' title="bbox 1754 3617 3348 3700; baseline 0.006 -26"><span class='ocrx_word' id='word_1_424' title='bbox 1754 3617 1901 3684; x_wconf 88' lang='lat' dir='ltr'><strong>tivis,</strong></span> <span class='ocrx_word' id='word_1_425' title='bbox 1934 3618 2025 3675; x_wconf 90' lang='lat' dir='ltr'><strong>ubi</strong></span> <span class='ocrx_word' id='word_1_426' title='bbox 2038 3620 2220 3676; x_wconf 86' lang='lat' dir='ltr'><strong>brevis</strong></span> <span class='ocrx_word' id='word_1_427' title='bbox 2258 3621 2466 3693; x_wconf 88' lang='lat' dir='ltr'><strong>syllaba</strong></span> <span class='ocrx_word' id='word_1_428' title='bbox 2496 3621 2781 3681; x_wconf 80' lang='lat' dir='ltr'><strong>formativa</strong></span> <span class='ocrx_word' id='word_1_429' title='bbox 2813 3626 3088 3695; x_wconf 66' lang='lat' dir='ltr'><strong>praecedit,</strong></span> <span class='ocrx_word' id='word_1_430' title='bbox 3116 3642 3206 3683; x_wconf 84' lang='lat' dir='ltr'><strong>ex.</strong></span> <span class='ocrx_word' id='word_1_431' title='bbox 3237 3645 3348 3700; x_wconf 66' lang='lat' dir='ltr'><strong>gn:</strong></span> 
     </span>
    </p>
   </div>
   <div class='ocr_carea' id='block_1_70' title="bbox 1754 3710 3356 3786">
    <p class='ocr_par' dir='ltr' id='par_1_70' title="bbox 1754 3710 3356 3786">
     <span class='ocr_line' id='line_1_70' title="bbox 1754 3710 3356 3786; baseline 0.009 -22"><span class='ocrx_word' id='word_1_432' title='bbox 1754 3710 2045 3783; x_wconf 70' lang='lat' dir='ltr'><strong>[ramapeis</strong></span> <span class='ocrx_word' id='word_1_433' title='bbox 2073 3712 2299 3782; x_wconf 88' lang='lat' dir='ltr'><strong>alienus,</strong></span> <span class='ocrx_word' id='word_1_434' title='bbox 2353 3729 2456 3786; x_wconf 89' lang='lat' dir='ltr'><strong>qua</strong></span> <span class='ocrx_word' id='word_1_435' title='bbox 2504 3715 2575 3771; x_wconf 90' lang='lat' dir='ltr'><strong>de</strong></span> <span class='ocrx_word' id='word_1_436' title='bbox 2612 3731 2673 3772; x_wconf 92' lang='lat' dir='ltr'><strong>re</strong></span> <span class='ocrx_word' id='word_1_437' title='bbox 2722 3727 2899 3773; x_wconf 84' lang='lat' dir='ltr'><strong>tamen</strong></span> <span class='ocrx_word' id='word_1_438' title='bbox 2925 3733 3034 3776; x_wconf 92' lang='lat' dir='ltr'><strong>non</strong></span> <span class='ocrx_word' id='word_1_439' title='bbox 3062 3729 3239 3778; x_wconf 83' lang='lat' dir='ltr'><strong>exstat</strong></span> <span class='ocrx_word' id='word_1_440' title='bbox 3265 3736 3356 3778; x_wconf 89' lang='lat' dir='ltr'><strong>ar-</strong></span> 
     </span>
    </p>
   </div>
   <div class='ocr_carea' id='block_1_71' title="bbox 1754 3805 3355 3888">
    <p class='ocr_par' dir='ltr' id='par_1_71' title="bbox 1754 3805 3355 3888">
     <span class='ocr_line' id='line_1_71' title="bbox 1754 3805 3355 3888; baseline 0.012 -34"><span class='ocrx_word' id='word_1_441' title='bbox 1754 3811 2086 3874; x_wconf 81' lang='lat' dir='ltr'><strong>gumentum.</strong></span> <span class='ocrx_word' id='word_1_442' title='bbox 2137 3805 2382 3880; x_wconf 85' lang='lat' dir='ltr'><strong>Denique</strong></span> <span class='ocrx_word' id='word_1_443' title='bbox 2432 3807 2654 3864; x_wconf 88' lang='lat' dir='ltr'><strong>dubium</strong></span> <span class='ocrx_word' id='word_1_444' title='bbox 2685 3821 2789 3888; x_wconf 71' lang='lat' dir='ltr'><strong>est,</strong></span> <span class='ocrx_word' id='word_1_445' title='bbox 2823 3819 3003 3869; x_wconf 87' lang='lat' dir='ltr'><strong>utrum</strong></span> <span class='ocrx_word' id='word_1_446' title='bbox 3033 3813 3355 3888; x_wconf 67' lang='lat' dir='ltr'><strong>daupubleia</strong></span> 
     </span>
    </p>
   </div>
   <div class='ocr_carea' id='block_1_72' title="bbox 1753 3895 2879 3968">
    <p class='ocr_par' dir='ltr' id='par_1_72' title="bbox 1753 3895 2879 3968">
     <span class='ocr_line' id='line_1_72' title="bbox 1753 3895 2879 3968; baseline 0.006 -18"><span class='ocrx_word' id='word_1_447' title='bbox 1753 3896 1840 3950; x_wconf 87' lang='lat' dir='ltr'><strong>vel</strong></span> <span class='ocrx_word' id='word_1_448' title='bbox 1871 3895 2160 3968; x_wconf 70' lang='lat' dir='ltr'><strong>daupublis</strong></span> <span class='ocrx_word' id='word_1_449' title='bbox 2191 3901 2436 3954; x_wconf 88' lang='lat' dir='ltr'><strong>mortalis</strong></span> <span class='ocrx_word' id='word_1_450' title='bbox 2463 3899 2748 3956; x_wconf 88' lang='lat' dir='ltr'><strong>dicendum</strong></span> <span class='ocrx_word' id='word_1_451' title='bbox 2779 3900 2879 3968; x_wconf 90' lang='lat' dir='ltr'><strong>sit;</strong></span> 
     </span>
    </p>
   </div>
   <div class='ocr_carea' id='block_1_73' title="bbox 1827 3990 3356 4063">
    <p class='ocr_par' dir='ltr' id='par_1_73' title="bbox 1827 3990 3356 4063">
     <span class='ocr_line' id='line_1_73' title="bbox 1827 3990 3356 4063; baseline 0.008 -17"><span class='ocrx_word' id='word_1_452' title='bbox 1827 3990 1885 4063; x_wconf 75' lang='grc' dir='ltr'><strong>ά)</strong></span> <span class='ocrx_word' id='word_1_453' title='bbox 1915 3990 2119 4050; x_wconf 82' lang='lat' dir='ltr'><strong>Radice</strong></span> <span class='ocrx_word' id='word_1_454' title='bbox 2142 3994 2382 4049; x_wconf 85' lang='lat' dir='ltr'><strong>vocalice</strong></span> <span class='ocrx_word' id='word_1_455' title='bbox 2423 3994 2597 4059; x_wconf 84' lang='lat' dir='ltr'><strong>ﬁnita,</strong></span> <span class='ocrx_word' id='word_1_456' title='bbox 2629 3995 2868 4052; x_wconf 84' lang='lat' dir='ltr'><strong>vocalem</strong></span> <span class='ocrx_word' id='word_1_457' title='bbox 2920 3996 3059 4054; x_wconf 87' lang='lat' dir='ltr'><strong>inter</strong></span> <span class='ocrx_word' id='word_1_458' title='bbox 3088 4007 3144 4054; x_wconf 88' lang='lat' dir='ltr'><strong>et</strong></span> <span class='ocrx_word' id='word_1_459' title='bbox 3168 4001 3356 4058; x_wconf 80' lang='lat' dir='ltr'><strong>termi-</strong></span> 
     </span>
    </p>
   </div>
   <div class='ocr_carea' id='block_1_74' title="bbox 1755 4086 3352 4163">
    <p class='ocr_par' dir='ltr' id='par_1_74' title="bbox 1755 4086 3352 4163">
     <span class='ocr_line' id='line_1_74' title="bbox 1755 4086 3352 4163; baseline 0.006 -22"><span class='ocrx_word' id='word_1_460' title='bbox 1755 4086 2028 4141; x_wconf 89' lang='lat' dir='ltr'><strong>nationem</strong></span> <span class='ocrx_word' id='word_1_461' title='bbox 2049 4089 2080 4157; x_wconf 85' lang='lat' dir='ltr'><strong><em>j</em></strong></span> <span class='ocrx_word' id='word_1_462' title='bbox 2102 4086 2426 4154; x_wconf 86' lang='lat' dir='ltr'><strong>immittitur,</strong></span> <span class='ocrx_word' id='word_1_463' title='bbox 2461 4097 2517 4142; x_wconf 92' lang='lat' dir='ltr'><strong>ut</strong></span> <span class='ocrx_word' id='word_1_464' title='bbox 2539 4087 2592 4142; x_wconf 91' lang='lat' dir='ltr'><strong>in</strong></span> <span class='ocrx_word' id='word_1_465' title='bbox 2627 4089 2783 4161; x_wconf 82' lang='lat' dir='ltr'><strong>niujis</strong></span> <span class='ocrx_word' id='word_1_466' title='bbox 2806 4103 2978 4145; x_wconf 91' lang='lat' dir='ltr'><strong>novus</strong></span> <span class='ocrx_word' id='word_1_467' title='bbox 2995 4089 3119 4148; x_wconf 89' lang='lat' dir='ltr'><strong>Cor.</strong></span> <span class='ocrx_word' id='word_1_468' title='bbox 3152 4093 3194 4160; x_wconf 84' lang='grc' dir='ltr'><strong>Ι,</strong></span> <span class='ocrx_word' id='word_1_469' title='bbox 3218 4109 3268 4160; x_wconf 89' lang='lat' dir='ltr'><strong>v,</strong></span> <span class='ocrx_word' id='word_1_470' title='bbox 3296 4093 3352 4163; x_wconf 87' lang='lat'><strong>7,</strong></span> 
     </span>
    </p>
   </div>
   <div class='ocr_carea' id='block_1_75' title="bbox 1756 4179 3353 4255">
    <p class='ocr_par' dir='ltr' id='par_1_75' title="bbox 1756 4179 3353 4255">
     <span class='ocr_line' id='line_1_75' title="bbox 1756 4179 3353 4255; baseline 0.007 -22"><span class='ocrx_word' id='word_1_471' title='bbox 1756 4179 1986 4252; x_wconf 84' lang='lat' dir='ltr'><strong>ubillojis</strong></span> <span class='ocrx_word' id='word_1_472' title='bbox 2017 4181 2353 4248; x_wconf 81' lang='lat' dir='ltr'><strong>malefactus,</strong></span> <span class='ocrx_word' id='word_1_473' title='bbox 2406 4182 2662 4254; x_wconf 75' lang='lat' dir='ltr'><strong>{ullalojis</strong></span> <span class='ocrx_word' id='word_1_474' title='bbox 2709 4182 3013 4252; x_wconf 82' lang='lat' dir='ltr'><strong>perfectus;</strong></span> <span class='ocrx_word' id='word_1_475' title='bbox 3063 4186 3170 4255; x_wconf 89' lang='lat' dir='ltr'><strong>vel,</strong></span> <span class='ocrx_word' id='word_1_476' title='bbox 3228 4203 3353 4244; x_wconf 91' lang='lat' dir='ltr'><strong>cum</strong></span> 
     </span>
    </p>
   </div>
   <div class='ocr_carea' id='block_1_76' title="bbox 1754 4274 3355 4342">
    <p class='ocr_par' dir='ltr' id='par_1_76' title="bbox 1754 4274 3355 4342">
     <span class='ocr_line' id='line_1_76' title="bbox 1754 4274 3355 4342; baseline 0.005 -13"><span class='ocrx_word' id='word_1_477' title='bbox 1754 4274 1958 4330; x_wconf 86' lang='lat' dir='ltr'><strong>vocalis</strong></span> <span class='ocrx_word' id='word_1_478' title='bbox 1987 4274 2234 4330; x_wconf 83' lang='lat' dir='ltr'><strong>radicalis</strong></span> <span class='ocrx_word' id='word_1_479' title='bbox 2271 4275 2420 4342; x_wconf 84' lang='lat' dir='ltr'><strong>esti,</strong></span> <span class='ocrx_word' id='word_1_480' title='bbox 2463 4277 2564 4330; x_wconf 91' lang='lat' dir='ltr'><strong>hoc</strong></span> <span class='ocrx_word' id='word_1_481' title='bbox 2592 4285 2646 4331; x_wconf 90' lang='lat' dir='ltr'><strong>et</strong></span> <span class='ocrx_word' id='word_1_482' title='bbox 2692 4278 2711 4330; x_wconf 76' lang='grc' dir='ltr'><strong>ί</strong></span> <span class='ocrx_word' id='word_1_483' title='bbox 2761 4279 3157 4337; x_wconf 83' lang='lat' dir='ltr'><strong>terminationis</strong></span> <span class='ocrx_word' id='word_1_484' title='bbox 3207 4281 3355 4337; x_wconf 78' lang='lat' dir='ltr'><strong>in&#39;ei</strong></span> 
     </span>
    </p>
   </div>
   <div class='ocr_carea' id='block_1_77' title="bbox 1755 4368 3347 4443">
    <p class='ocr_par' dir='ltr' id='par_1_77' title="bbox 1755 4368 3347 4443">
     <span class='ocr_line' id='line_1_77' title="bbox 1755 4368 3347 4443; baseline 0.005 -19"><span class='ocrx_word' id='word_1_485' title='bbox 1755 4368 2194 4435; x_wconf 89' lang='lat' dir='ltr'><strong>commiscentur,</strong></span> <span class='ocrx_word' id='word_1_486' title='bbox 2241 4378 2297 4424; x_wconf 91' lang='lat' dir='ltr'><strong>ut</strong></span> <span class='ocrx_word' id='word_1_487' title='bbox 2340 4369 2396 4425; x_wconf 92' lang='lat' dir='ltr'><strong>in</strong></span> <span class='ocrx_word' id='word_1_488' title='bbox 2446 4369 2567 4438; x_wconf 74' lang='lat' dir='ltr'><strong>{reis</strong></span> <span class='ocrx_word' id='word_1_489' title='bbox 2600 4369 2740 4426; x_wconf 88' lang='lat' dir='ltr'><strong>liber</strong></span> <span class='ocrx_word' id='word_1_490' title='bbox 2784 4369 2912 4427; x_wconf 90' lang='lat' dir='ltr'><strong>Cor.</strong></span> <span class='ocrx_word' id='word_1_491' title='bbox 2941 4371 2982 4442; x_wconf 93' lang='lat' dir='ltr'><strong>l,</strong></span> <span class='ocrx_word' id='word_1_492' title='bbox 3016 4388 3108 4440; x_wconf 81' lang='lat' dir='ltr'><strong>vn,</strong></span> <span class='ocrx_word' id='word_1_493' title='bbox 3135 4375 3228 4443; x_wconf 82' lang='lat' dir='ltr'><strong>2i,</strong></span> <span class='ocrx_word' id='word_1_494' title='bbox 3257 4375 3347 4432; x_wconf 87' lang='lat'><strong>22.</strong></span> 
     </span>
    </p>
   </div>
   <div class='ocr_carea' id='block_1_78' title="bbox 1755 4462 3352 4540">
    <p class='ocr_par' dir='ltr' id='par_1_78' title="bbox 1755 4462 3352 4540">
     <span class='ocr_line' id='line_1_78' title="bbox 1755 4462 3352 4540; baseline 0.006 -22"><span class='ocrx_word' id='word_1_495' title='bbox 1755 4462 1908 4519; x_wconf 86' lang='lat' dir='ltr'><strong>Sicut</strong></span> <span class='ocrx_word' id='word_1_496' title='bbox 1931 4463 2092 4534; x_wconf 77' lang='lat' dir='ltr'><strong>niujis</strong></span> <span class='ocrx_word' id='word_1_497' title='bbox 2111 4463 2272 4520; x_wconf 89' lang='lat' dir='ltr'><strong>etiam</strong></span> <span class='ocrx_word' id='word_1_498' title='bbox 2301 4465 2610 4536; x_wconf 80' lang='lat' dir='ltr'><strong>undarleijis</strong></span> <span class='ocrx_word' id='word_1_499' title='bbox 2634 4464 2852 4522; x_wconf 85' lang='lat' dir='ltr'><strong>inﬁmus</strong></span> <span class='ocrx_word' id='word_1_500' title='bbox 2875 4469 3226 4537; x_wconf 85' lang='lat' dir='ltr'><strong>spectandum</strong></span> <span class='ocrx_word' id='word_1_501' title='bbox 3247 4483 3352 4540; x_wconf 90' lang='lat' dir='ltr'><strong>est,</strong></span> 
     </span>
    </p>
   </div>
   <div class='ocr_carea' id='block_1_79' title="bbox 1759 4557 2852 4631">
    <p class='ocr_par' dir='ltr' id='par_1_79' title="bbox 1759 4557 2852 4631">
     <span class='ocr_line' id='line_1_79' title="bbox 1759 4557 2852 4631; baseline 0.004 -17"><span class='ocrx_word' id='word_1_502' title='bbox 1759 4557 1920 4614; x_wconf 91' lang='lat' dir='ltr'><strong>modo</strong></span> <span class='ocrx_word' id='word_1_503' title='bbox 1945 4557 2086 4629; x_wconf 87' lang='lat' dir='ltr'><strong>Eph.</strong></span> <span class='ocrx_word' id='word_1_504' title='bbox 2132 4575 2213 4624; x_wconf 88' lang='lat' dir='ltr'><strong>Ill,</strong></span> <span class='ocrx_word' id='word_1_505' title='bbox 2245 4559 2278 4614; x_wconf 90' lang='lat'>8</span> <span class='ocrx_word' id='word_1_506' title='bbox 2307 4560 2468 4616; x_wconf 90' lang='lat' dir='ltr'><strong>lectio</strong></span> <span class='ocrx_word' id='word_1_507' title='bbox 2498 4561 2567 4615; x_wconf 85' lang='lat' dir='ltr'><strong>sit</strong></span> <span class='ocrx_word' id='word_1_508' title='bbox 2593 4561 2852 4631; x_wconf 81' lang='lat' dir='ltr'><strong>legitima.</strong></span> 
     </span>
    </p>
   </div>
   <div class='ocr_carea' id='block_1_80' title="bbox 1830 4650 3353 4724">
    <p class='ocr_par' dir='ltr' id='par_1_80' title="bbox 1830 4650 3353 4724">
     <span class='ocr_line' id='line_1_80' title="bbox 1830 4650 3353 4724; baseline 0.009 -19"><span class='ocrx_word' id='word_1_509' title='bbox 1830 4651 1878 4720; x_wconf 76' lang='grc' dir='ltr'><strong>ο)</strong></span> <span class='ocrx_word' id='word_1_510' title='bbox 1899 4650 2114 4706; x_wconf 88' lang='lat' dir='ltr'><strong>Necnon</strong></span> <span class='ocrx_word' id='word_1_511' title='bbox 2139 4651 2352 4722; x_wconf 90' lang='lat' dir='ltr'><strong>quando</strong></span> <span class='ocrx_word' id='word_1_512' title='bbox 2384 4653 2588 4724; x_wconf 85' lang='lat' dir='ltr'><strong>syllaba</strong></span> <span class='ocrx_word' id='word_1_513' title='bbox 2615 4655 2864 4711; x_wconf 89' lang='lat' dir='ltr'><strong>radicalis</strong></span> <span class='ocrx_word' id='word_1_514' title='bbox 2887 4655 3063 4714; x_wconf 88' lang='lat' dir='ltr'><strong>brevis</strong></span> <span class='ocrx_word' id='word_1_515' title='bbox 3086 4669 3168 4716; x_wconf 90' lang='lat' dir='ltr'><strong>est</strong></span> <span class='ocrx_word' id='word_1_516' title='bbox 3190 4660 3353 4718; x_wconf 88' lang='lat' dir='ltr'><strong>simul</strong></span> 
     </span>
    </p>
   </div>
   <div class='ocr_carea' id='block_1_81' title="bbox 1759 4733 3356 4824">
    <p class='ocr_par' dir='ltr' id='par_1_81' title="bbox 1759 4733 3356 4824">
     <span class='ocr_line' id='line_1_81' title="bbox 1759 4733 3356 4824; baseline 0.005 -24"><span class='ocrx_word' id='word_1_517' title='bbox 1759 4753 1816 4800; x_wconf 93' lang='lat' dir='ltr'><strong>et</strong></span> <span class='ocrx_word' id='word_1_518' title='bbox 1861 4745 2248 4800; x_wconf 85' lang='lat' dir='ltr'><strong>consonantice</strong></span> <span class='ocrx_word' id='word_1_519' title='bbox 2296 4745 2465 4814; x_wconf 85' lang='lat' dir='ltr'><strong>ﬁnita,</strong></span> <span class='ocrx_word' id='word_1_520' title='bbox 2517 4746 2659 4803; x_wconf 90' lang='lat' dir='ltr'><strong>idem</strong></span> <span class='ocrx_word' id='word_1_521' title='bbox 2677 4749 2708 4818; x_wconf 84' lang='lat' dir='ltr'><strong><em>j</em></strong></span> <span class='ocrx_word' id='word_1_522' title='bbox 2736 4733 3098 4806; x_wconf 83' lang='lat' dir='ltr'><strong>terminationi</strong></span> <span class='ocrx_word' id='word_1_523' title='bbox 3148 4767 3356 4824; x_wconf 70' lang='lat' dir='ltr'><strong>prmpo-</strong></span> 
     </span>
    </p>
   </div>
   <div class='ocr_carea' id='block_1_82' title="bbox 1762 4838 3356 4919">
    <p class='ocr_par' dir='ltr' id='par_1_82' title="bbox 1762 4838 3356 4919">
     <span class='ocr_line' id='line_1_82' title="bbox 1762 4838 3356 4919; baseline 0.008 -26"><span class='ocrx_word' id='word_1_524' title='bbox 1762 4838 1926 4907; x_wconf 89' lang='lat' dir='ltr'><strong>nitur,</strong></span> <span class='ocrx_word' id='word_1_525' title='bbox 1959 4849 2017 4895; x_wconf 92' lang='lat' dir='ltr'><strong>ut</strong></span> <span class='ocrx_word' id='word_1_526' title='bbox 2041 4840 2095 4896; x_wconf 90' lang='lat' dir='ltr'><strong>in</strong></span> <span class='ocrx_word' id='word_1_527' title='bbox 2117 4841 2274 4913; x_wconf 75' lang='lat' dir='ltr'><strong>sakjis</strong></span> <span class='ocrx_word' id='word_1_528' title='bbox 2296 4841 2558 4914; x_wconf 79' lang='lat' dir='ltr'><strong>litigiosus</strong></span> <span class='ocrx_word' id='word_1_529' title='bbox 2587 4842 2732 4898; x_wconf 81' lang='lat' dir='ltr'><strong>Tim.</strong></span> <span class='ocrx_word' id='word_1_530' title='bbox 2759 4843 2798 4910; x_wconf 93' lang='lat' dir='ltr'><strong>l,</strong></span> <span class='ocrx_word' id='word_1_531' title='bbox 2830 4860 2908 4912; x_wconf 88' lang='lat' dir='ltr'><strong>Ill,</strong></span> <span class='ocrx_word' id='word_1_532' title='bbox 2939 4845 2974 4900; x_wconf 78' lang='lat'><strong>‘5</strong></span> <span class='ocrx_word' id='word_1_533' title='bbox 3001 4847 3126 4919; x_wconf 91' lang='lat' dir='ltr'><strong>(nisi</strong></span> <span class='ocrx_word' id='word_1_534' title='bbox 3155 4849 3255 4904; x_wconf 86' lang='lat' dir='ltr'><strong>hoc</strong></span> <span class='ocrx_word' id='word_1_535' title='bbox 3285 4849 3356 4905; x_wconf 91' lang='lat' dir='ltr'><strong>sit</strong></span> 
     </span>
    </p>
   </div>
   <div class='ocr_carea' id='block_1_83' title="bbox 1762 4932 3354 5014">
    <p class='ocr_par' dir='ltr' id='par_1_83' title="bbox 1762 4932 3354 5014">
     <span class='ocr_line' id='line_1_83' title="bbox 1762 4932 3354 5014; baseline 0.007 -25"><span class='ocrx_word' id='word_1_536' title='bbox 1762 4932 2201 5004; x_wconf 87' lang='lat' dir='ltr'><strong>substantivum),</strong></span> <span class='ocrx_word' id='word_1_537' title='bbox 2241 4936 2414 5006; x_wconf 81' lang='lat' dir='ltr'><strong>warjis</strong></span> <span class='ocrx_word' id='word_1_538' title='bbox 2438 4937 2558 5007; x_wconf 91' lang='lat' dir='ltr'><strong>quis</strong></span> <span class='ocrx_word' id='word_1_539' title='bbox 2589 4936 2721 4993; x_wconf 89' lang='lat' dir='ltr'><strong>Luc.</strong></span> <span class='ocrx_word' id='word_1_540' title='bbox 2756 4955 2837 5006; x_wconf 79' lang='lat' dir='ltr'><strong>1x,</strong></span> <span class='ocrx_word' id='word_1_541' title='bbox 2868 4941 2978 5008; x_wconf 69' lang='lat'><strong>46;</strong></span> <span class='ocrx_word' id='word_1_542' title='bbox 3022 4943 3100 4998; x_wconf 90' lang='lat' dir='ltr'><strong>sic</strong></span> <span class='ocrx_word' id='word_1_543' title='bbox 3129 4945 3354 5014; x_wconf 89' lang='lat' dir='ltr'><strong>insuper</strong></span> 
     </span>
    </p>
   </div>
   <div class='ocr_carea' id='block_1_84' title="bbox 1763 5023 3354 5107">
    <p class='ocr_par' dir='ltr' id='par_1_84' title="bbox 1763 5023 3354 5107">
     <span class='ocr_line' id='line_1_84' title="bbox 1763 5023 3354 5107; baseline 0.008 -29"><span class='ocrx_word' id='word_1_544' title='bbox 1763 5023 1816 5079; x_wconf 88' lang='lat' dir='ltr'><strong>in</strong></span> <span class='ocrx_word' id='word_1_545' title='bbox 1847 5024 1968 5093; x_wconf 78' lang='lat' dir='ltr'><strong>aliis</strong></span> <span class='ocrx_word' id='word_1_546' title='bbox 1999 5023 2156 5089; x_wconf 87' lang='lat' dir='ltr'><strong>alius,</strong></span> <span class='ocrx_word' id='word_1_547' title='bbox 2186 5026 2578 5100; x_wconf 76' lang='lat' dir='ltr'><strong>grindafrapjis</strong></span> <span class='ocrx_word' id='word_1_548' title='bbox 2604 5028 3354 5107; x_wconf 74' lang='lat' dir='ltr'><strong>pusillanimis,samafrapjis</strong></span> 
     </span>
    </p>
   </div>
   <div class='ocr_carea' id='block_1_85' title="bbox 1762 5115 3355 5202">
    <p class='ocr_par' dir='ltr' id='par_1_85' title="bbox 1762 5115 3355 5202">
     <span class='ocr_line' id='line_1_85' title="bbox 1762 5115 3355 5202; baseline 0.009 -31"><span class='ocrx_word' id='word_1_549' title='bbox 1762 5116 2053 5183; x_wconf 89' lang='lat' dir='ltr'><strong>unanimis,</strong></span> <span class='ocrx_word' id='word_1_550' title='bbox 2086 5115 2316 5187; x_wconf 77' lang='lat' dir='ltr'><strong>unkarjis</strong></span> <span class='ocrx_word' id='word_1_551' title='bbox 2353 5118 2615 5189; x_wconf 87' lang='lat' dir='ltr'><strong>incurius,</strong></span> <span class='ocrx_word' id='word_1_552' title='bbox 2641 5122 2857 5193; x_wconf 78' lang='lat' dir='ltr'><strong>unsibjis&#39;</strong></span> <span class='ocrx_word' id='word_1_553' title='bbox 2880 5123 3117 5196; x_wconf 87' lang='lat' dir='ltr'><strong>iniquus,</strong></span> <span class='ocrx_word' id='word_1_554' title='bbox 3143 5127 3355 5202; x_wconf 71' lang='lat' dir='ltr'><strong>gavitjit</strong></span> 
     </span>
    </p>
   </div>
   <div class='ocr_carea' id='block_1_86' title="bbox 1762 5209 2443 5283">
    <p class='ocr_par' dir='ltr' id='par_1_86' title="bbox 1762 5209 2443 5283">
     <span class='ocr_line' id='line_1_86' title="bbox 1762 5209 2443 5283; baseline 0.006 -20"><span class='ocrx_word' id='word_1_555' title='bbox 1762 5209 1946 5265; x_wconf 89' lang='lat' dir='ltr'><strong>volens</strong></span> <span class='ocrx_word' id='word_1_556' title='bbox 1961 5251 1974 5275; x_wconf 96' lang='lat'><strong>,</strong></span> <span class='ocrx_word' id='word_1_557' title='bbox 2006 5209 2182 5283; x_wconf 80' lang='lat' dir='ltr'><strong>midjis</strong></span> <span class='ocrx_word' id='word_1_558' title='bbox 2212 5211 2443 5267; x_wconf 87' lang='lat' dir='ltr'><strong>medius.</strong></span> 
     </span>
    </p>
   </div>
   <div class='ocr_carea' id='block_1_87' title="bbox 1829 5301 2251 5372">
    <p class='ocr_par' dir='ltr' id='par_1_87' title="bbox 1829 5301 2251 5372">
     <span class='ocr_line' id='line_1_87' title="bbox 1829 5301 2251 5372; baseline 0.007 -17"><span class='ocrx_word' id='word_1_559' title='bbox 1829 5301 1886 5372; x_wconf 91' lang='lat'><strong>2)</strong></span> <span class='ocrx_word' id='word_1_560' title='bbox 1939 5301 2200 5358; x_wconf 82' lang='lat' dir='ltr'><strong>Neutrum</strong></span> <span class='ocrx_word' id='word_1_561' title='bbox 2234 5320 2251 5358; x_wconf 89' lang='lat'>:</span> 
     </span>
    </p>
   </div>
   <div class='ocr_carea' id='block_1_88' title="bbox 1833 5392 3347 5472">
    <p class='ocr_par' dir='ltr' id='par_1_88' title="bbox 1833 5392 3347 5472">
     <span class='ocr_line' id='line_1_88' title="bbox 1833 5392 3347 5472; baseline 0.009 -23"><span class='ocrx_word' id='word_1_562' title='bbox 1833 5392 1887 5464; x_wconf 84' lang='grc' dir='ltr'><strong>α)</strong></span> <span class='ocrx_word' id='word_1_563' title='bbox 1927 5396 2056 5464; x_wconf 74' lang='lat' dir='ltr'><strong>Qua:</strong></span> <span class='ocrx_word' id='word_1_564' title='bbox 2102 5396 2367 5466; x_wconf 90' lang='lat' dir='ltr'><strong>adjectiva</strong></span> <span class='ocrx_word' id='word_1_565' title='bbox 2421 5396 2475 5452; x_wconf 91' lang='lat' dir='ltr'><strong>in</strong></span> <span class='ocrx_word' id='word_1_566' title='bbox 2524 5398 2875 5455; x_wconf 80' lang='lat' dir='ltr'><strong>masculinoi</strong></span> <span class='ocrx_word' id='word_1_567' title='bbox 2924 5400 3196 5472; x_wconf 88' lang='lat' dir='ltr'><strong>rejiciunt,</strong></span> <span class='ocrx_word' id='word_1_568' title='bbox 3242 5402 3347 5463; x_wconf 81' lang='lat' dir='ltr'><strong>hoc</strong></span> 
     </span>
    </p>
   </div>
   <div class='ocr_carea' id='block_1_89' title="bbox 1761 5487 3350 5566">
    <p class='ocr_par' dir='ltr' id='par_1_89' title="bbox 1761 5487 3350 5566">
     <span class='ocr_line' id='line_1_89' title="bbox 1761 5487 3350 5566; baseline 0.006 -21"><span class='ocrx_word' id='word_1_569' title='bbox 1761 5487 1923 5545; x_wconf 91' lang='lat' dir='ltr'><strong>etiam</strong></span> <span class='ocrx_word' id='word_1_570' title='bbox 1976 5491 2030 5545; x_wconf 90' lang='lat' dir='ltr'><strong>in</strong></span> <span class='ocrx_word' id='word_1_571' title='bbox 2061 5495 2267 5562; x_wconf 63' lang='lat' dir='ltr'><strong>{neutro</strong></span> <span class='ocrx_word' id='word_1_572' title='bbox 2296 5493 2654 5548; x_wconf 86' lang='lat' dir='ltr'><strong>communiter</strong></span> <span class='ocrx_word' id='word_1_573' title='bbox 2700 5503 3030 5565; x_wconf 83' lang='lat' dir='ltr'><strong>expungunt,</strong></span> <span class='ocrx_word' id='word_1_574' title='bbox 3081 5511 3175 5552; x_wconf 91' lang='lat' dir='ltr'><strong>ex.</strong></span> <span class='ocrx_word' id='word_1_575' title='bbox 3223 5514 3350 5566; x_wconf 79' lang='lat' dir='ltr'><strong>gr.:</strong></span> 
     </span>
    </p>
   </div>
   <div class='ocr_carea' id='block_1_90' title="bbox 1761 5581 3353 5659">
    <p class='ocr_par' dir='ltr' id='par_1_90' title="bbox 1761 5581 3353 5659">
     <span class='ocr_line' id='line_1_90' title="bbox 1761 5581 3353 5659; baseline 0.006 -24"><span class='ocrx_word' id='word_1_576' title='bbox 1761 5581 1914 5637; x_wconf 86' lang='lat' dir='ltr'><strong>hrain</strong></span> <span class='ocrx_word' id='word_1_577' title='bbox 1945 5583 2076 5639; x_wconf 84' lang='lat' dir='ltr'><strong>Mth.</strong></span> <span class='ocrx_word' id='word_1_578' title='bbox 2111 5597 2224 5652; x_wconf 88' lang='lat' dir='ltr'><strong>vm,</strong></span> <span class='ocrx_word' id='word_1_579' title='bbox 2277 5585 2333 5652; x_wconf 78' lang='lat'><strong>5,</strong></span> <span class='ocrx_word' id='word_1_580' title='bbox 2363 5585 2625 5659; x_wconf 80' lang='lat' dir='ltr'><strong>analaugu</strong></span> <span class='ocrx_word' id='word_1_581' title='bbox 2670 5585 2772 5641; x_wconf 74' lang='lat' dir='ltr'><strong>Mc.</strong></span> <span class='ocrx_word' id='word_1_582' title='bbox 2803 5601 2876 5654; x_wconf 80' lang='grc' dir='ltr'><strong>ιν,</strong></span> <span class='ocrx_word' id='word_1_583' title='bbox 2916 5586 3008 5653; x_wconf 88' lang='lat'><strong>22,</strong></span> <span class='ocrx_word' id='word_1_584' title='bbox 3043 5587 3188 5644; x_wconf 76' lang='lat' dir='ltr'><strong>unsel</strong></span> <span class='ocrx_word' id='word_1_585' title='bbox 3217 5589 3353 5645; x_wconf 80' lang='lat' dir='ltr'><strong>Mth.</strong></span> 
     </span>
    </p>
   </div>
   <div class='ocr_carea' id='block_1_91' title="bbox 1762 5675 3353 5751">
    <p class='ocr_par' dir='ltr' id='par_1_91' title="bbox 1762 5675 3353 5751">
     <span class='ocr_line' id='line_1_91' title="bbox 1762 5675 3353 5751; baseline 0.006 -21"><span class='ocrx_word' id='word_1_586' title='bbox 1762 5690 1836 5741; x_wconf 85' lang='lat' dir='ltr'><strong>vr,</strong></span> <span class='ocrx_word' id='word_1_587' title='bbox 1863 5676 1956 5744; x_wconf 79' lang='lat'><strong>25,</strong></span> <span class='ocrx_word' id='word_1_588' title='bbox 1986 5676 2199 5731; x_wconf 76' lang='lat' dir='ltr'><strong>audam</strong></span> <span class='ocrx_word' id='word_1_589' title='bbox 2229 5675 2360 5735; x_wconf 88' lang='lat' dir='ltr'><strong>Luc.</strong></span> <span class='ocrx_word' id='word_1_590' title='bbox 2396 5693 2504 5743; x_wconf 73' lang='lat' dir='ltr'><strong>xvn,</strong></span> <span class='ocrx_word' id='word_1_591' title='bbox 2541 5679 2629 5745; x_wconf 78' lang='grc'><strong>15,</strong></span> <span class='ocrx_word' id='word_1_592' title='bbox 2673 5680 2880 5751; x_wconf 81' lang='lat' dir='ltr'><strong>gamaiu</strong></span> <span class='ocrx_word' id='word_1_593' title='bbox 2927 5680 3085 5738; x_wconf 79' lang='lat' dir='ltr'><strong>Rom.</strong></span> <span class='ocrx_word' id='word_1_594' title='bbox 3119 5698 3228 5749; x_wconf 84' lang='lat' dir='ltr'><strong>xrv,</strong></span> <span class='ocrx_word' id='word_1_595' title='bbox 3261 5682 3353 5750; x_wconf 74' lang='lat' dir='ltr'><strong>M,</strong></span> 
     </span>
    </p>
   </div>
   <div class='ocr_carea' id='block_1_92' title="bbox 1763 5768 3353 5841">
    <p class='ocr_par' dir='ltr' id='par_1_92' title="bbox 1763 5768 3353 5841">
     <span class='ocr_line' id='line_1_92' title="bbox 1763 5768 3353 5841; baseline 0.006 -20"><span class='ocrx_word' id='word_1_596' title='bbox 1763 5768 2015 5822; x_wconf 81' lang='lat' dir='ltr'><strong>andanem</strong></span> <span class='ocrx_word' id='word_1_597' title='bbox 2044 5768 2171 5825; x_wconf 89' lang='lat' dir='ltr'><strong>Luc.</strong></span> <span class='ocrx_word' id='word_1_598' title='bbox 2205 5784 2278 5837; x_wconf 85' lang='lat' dir='ltr'><strong>tv,</strong></span> <span class='ocrx_word' id='word_1_599' title='bbox 2313 5769 2402 5836; x_wconf 79' lang='lat' dir='ltr'><strong>l9,</strong></span> <span class='ocrx_word' id='word_1_600' title='bbox 2452 5769 2578 5824; x_wconf 82' lang='lat' dir='ltr'><strong>bruk</strong></span> <span class='ocrx_word' id='word_1_601' title='bbox 2603 5769 2744 5826; x_wconf 90' lang='lat' dir='ltr'><strong>Tim.</strong></span> <span class='ocrx_word' id='word_1_602' title='bbox 2778 5771 2845 5838; x_wconf 88' lang='lat' dir='ltr'><strong>ll,</strong></span> <span class='ocrx_word' id='word_1_603' title='bbox 2877 5788 2937 5841; x_wconf 81' lang='grc' dir='ltr'><strong>ιι,</strong></span> <span class='ocrx_word' id='word_1_604' title='bbox 2965 5775 3075 5841; x_wconf 82' lang='lat' dir='ltr'><strong>2i;</strong></span> <span class='ocrx_word' id='word_1_605' title='bbox 3116 5784 3353 5832; x_wconf 84' lang='lat' dir='ltr'><strong>attamen</strong></span> 
     </span>
    </p>
   </div>
   <div class='ocr_carea' id='block_1_93' title="bbox 1761 5867 3356 5936">
    <p class='ocr_par' dir='ltr' id='par_1_93' title="bbox 1761 5867 3356 5936">
     <span class='ocr_line' id='line_1_93' title="bbox 1761 5867 3356 5936; baseline 0.003 -15"><span class='ocrx_word' id='word_1_606' title='bbox 1761 5867 2000 5922; x_wconf 86' lang='lat' dir='ltr'><strong>occurrit</strong></span> <span class='ocrx_word' id='word_1_607' title='bbox 2021 5867 2180 5923; x_wconf 87' lang='lat' dir='ltr'><strong>etiam</strong></span> <span class='ocrx_word' id='word_1_608' title='bbox 2206 5867 2470 5923; x_wconf 77' lang='lat' dir='ltr'><strong>vailameri</strong></span> <span class='ocrx_word' id='word_1_609' title='bbox 2494 5868 2634 5924; x_wconf 89' lang='lat' dir='ltr'><strong>Phil.</strong></span> <span class='ocrx_word' id='word_1_610' title='bbox 2664 5885 2737 5936; x_wconf 82' lang='lat' dir='ltr'><strong>iv,</strong></span> <span class='ocrx_word' id='word_1_611' title='bbox 2759 5871 2812 5934; x_wconf 88' lang='lat'><strong>8,</strong></span> <span class='ocrx_word' id='word_1_612' title='bbox 2839 5873 2980 5926; x_wconf 88' lang='lat' dir='ltr'><strong>unde</strong></span> <span class='ocrx_word' id='word_1_613' title='bbox 3003 5871 3356 5927; x_wconf 90' lang='lat' dir='ltr'><strong>masculinum</strong></span> 
     </span>
    </p>
   </div>
   <div class='ocr_carea' id='block_1_94' title="bbox 1763 5959 3356 6037">
    <p class='ocr_par' dir='ltr' id='par_1_94' title="bbox 1763 5959 3356 6037">
     <span class='ocr_line' id='line_1_94' title="bbox 1763 5959 3356 6037; baseline 0.003 -20"><span class='ocrx_word' id='word_1_614' title='bbox 1763 5959 2070 6037; x_wconf 65' lang='grc' dir='ltr'><strong>υαίιαηιιξνὶσ⁸</strong></span> <span class='ocrx_word' id='word_1_615' title='bbox 2099 5960 2342 6019; x_wconf 87' lang='lat' dir='ltr'><strong>concludi</strong></span> <span class='ocrx_word' id='word_1_616' title='bbox 2369 5970 2563 6034; x_wconf 84' lang='lat' dir='ltr'><strong>potest.</strong></span> <span class='ocrx_word' id='word_1_617' title='bbox 2597 5963 2856 6020; x_wconf 57' lang='lat' dir='ltr'><strong>Artaxiam.</strong></span> <span class='ocrx_word' id='word_1_618' title='bbox 2881 5962 3064 6022; x_wconf 76' lang='lat' dir='ltr'><strong>Skcir.</strong></span> <span class='ocrx_word' id='word_1_619' title='bbox 3115 5963 3180 6033; x_wconf 91' lang='lat' dir='ltr'><strong>ll,</strong></span> <span class='ocrx_word' id='word_1_620' title='bbox 3229 5963 3262 6019; x_wconf 90' lang='lat' dir='ltr'><strong>d</strong></span> <span class='ocrx_word' id='word_1_621' title='bbox 3292 5981 3356 6021; x_wconf 78' lang='lat' dir='ltr'><strong>ex</strong></span> 
     </span>
    </p>
   </div>
   <div class='ocr_carea' id='block_1_95' title="bbox 2773 6059 2846 6119">
    <p class='ocr_par' dir='ltr' id='par_1_95' title="bbox 2773 6059 2846 6119">
     <span class='ocr_line' id='line_1_95' title="bbox 2773 6059 2846 6119; baseline 0.014 -1"><span class='ocrx_word' id='word_1_622' title='bbox 2773 6059 2846 6119; x_wconf 89' lang='grc'><strong>31</strong></span> 
     </span>
    </p>
   </div>
  </div>
