3840 6528
577 378 678 438 971

574 490 731 548 novis
779 482 1130 545 Castiliiontei
1170 477 1673 556 investigationibus
1700 481 1855 552 .falsa
1883 490 1970 536 est
1996 480 2163 534 lectio

579 583 634 639 in
663 582 884 637 anaaiuu
911 574 1310 644 convertenda;

650 675 702 746 b)
729 675 859 742 Quae
888 674 941 727 in
972 669 1277 727 masculino
1303 668 1358 723 in
1382 668 1454 722 eis
1479 665 1754 735 desinunt,
1783 674 2036 723 neutrum
2068 663 2166 720 ini

576 768 911 833 formaut,ut
935 764 1071 835 vilpi
1093 763 1194 820 Mc.
1223 777 1260 823 ι,
1292 761 1345 827 6,
1376 759 1432 814 b.
1466 760 1525 826 l.;

651 863 700 931 c)
739 862 868 929 Quae
907 859 1122 916 tandem
1169 855 1461 913 radicalem
1518 853 1776 925 syllabam
1825 853 2040 908 brevem
2081 849 2169 905 vel

578 953 819 1009 vocalice
851 952 1053 1012 ﬁnitam
1102 949 1325 1014 habent,
1353 962 1456 1002 non
1485 946 1590 1002 nisi
1639 947 1794 1018 plena
1828 945 1999 1001 forma
2030 945 2170 1015 -jata

579 1046 929 1118 probabiliter
965 1043 1218 1115 gaudent,
1253 1049 1312 1097 ut
1333 1041 1533 1113 niujata
1565 1041 1696 1098 Mth.
1724 1057 1801 1107 ιι,
1837 1042 1924 1096 17.

652 1141 710 1212 5)
758 1139 1101 1195 Femininum
1125 1153 1142 1191 :

651 1233 705 1303 α)
738 1233 869 1301 Quae
914 1232 968 1287 in
1010 1228 1308 1286 masculino
1356 1238 1413 1284 et
1439 1237 1632 1284 neutro
1659 1229 1678 1282 ί
1709 1226 1976 1295 rejiciunt,
2020 1225 2175 1281 femi-

582 1329 770 1390 ninum
815 1327 869 1380 in
917 1323 1181 1397 exemplis
1229 1323 1422 1378 saltem
1468 1321 1828 1393 praesentibus
1877 1320 2176 1375 masculino

583 1416 908 1475 conveniens
936 1415 1140 1472 habent
1164 1431 1180 1472 :
1212 1416 1311 1470 aeta
1341 1415 1465 1469 Cor.
1501 1413 1539 1479 Ι,
1571 1429 1697 1479 xm,
1735 1412 1794 1479 4,
1816 1413 1971 1467 skeirs
1999 1411 2172 1468 Skeir.

583 1510 676 1578 ιν,
705 1512 762 1576 b,
786 1509 938 1564 bruka
976 1509 1118 1565 Tim.
1150 1507 1189 1575 Ι,
1219 1523 1294 1575 tv,
1325 1507 1392 1574 8;
1424 1506 1600 1562 Skeir.
1632 1504 1791 1577 ΝΑ).
1827 1505 2022 1560 Forma
2050 1504 2179 1575 copi

582 1603 710 1659 Cor.
756 1602 823 1667 ll,
853 1619 915 1670 ιι,
949 1604 1035 1670 15,
1065 1602 1133 1657 ad
1173 1602 1344 1657 instar
1373 1600 1831 1655 substantivorum
1874 1598 2176 1665 efformata,

585 1698 743 1753 unica
790 1706 873 1753 est
900 1704 956 1752 et
989 1696 1170 1754 forsan
1211 1694 1416 1750 librarii
1461 1691 1788 1763 negligentia
1838 1700 1991 1756 orta;
2043 1699 2181 1745 utut

584 1801 690 1858 est,
711 1791 1064 1854 masculinum
1112 1787 1266 1858 vobis
1313 1785 1724 1858 supponendum
1769 1794 1874 1851 est,
1923 1783 1988 1837 ad
2038 1784 2182 1853 quod

584 1885 719 1942 fem.
750 1885 877 1956 copi
904 1885 1094 1942 eodem
1122 1883 1284 1939 modo
1313 1882 1568 1948 refertur,
1602 1889 1762 1949 atque
1791 1887 2044 1934 neutrum
2074 1877 2182 1930 vai-

585 1979 765 2035 lameri
795 1977 862 2033 ad
899 1978 1210 2035 vaitameria.
1243 1976 1428 2044 Quoad
1457 1979 1600 2031 navie
1629 1975 1790 2032 Rom.
1841 1989 1932 2039 vu,
1965 1972 2018 2039 8,
2050 1973 2185 2026 irre-

586 2071 843 2143 gulariter
895 2080 1266 2132 constructum
1318 2085 1437 2126 esse
1479 2067 1935 2141 quemadmodum
1970 2067 2182 2122 'eodem

587 2165 710 2221 loco
735 2165 976 2222 nimanda
997 2166 1120 2238 (pro
1147 2164 1432 2236 nimandei)
1463 2171 1718 2231 constat;

661 2259 716 2330 ὁ)
746 2259 862 2316 Alia
885 2259 1042 2328 hujus
1061 2256 1438 2315 declinationis
1456 2257 1720 2328 adjective
1746 2254 2184 2311 terminationem

588 2355 670 2425 -ja
717 2351 1068 2424 probabiliter
1118 2351 1440 2416 habuerunt,
1491 2349 1635 2419 quod
1684 2357 1863 2402 tamen
1915 2362 2015 2417 pro
2055 2345 2187 2401 solis

589 2447 740 2519 niuja
767 2446 920 2502 .Ioan.
968 2461 1085 2530 χιιι,
1116 2445 1218 2511 54,
1252 2442 1416 2514 (acc.)
1443 2442 1789 2516 gaviljaGor.
1822 2441 1862 2506 ι,
1905 2455 2001 2510 vn,
2024 2440 2094 2495 ’12
2134 2447 2190 2493 et

593 2544 723 2616 frija
746 2542 906 2598 Rom.
929 2557 1026 2608 VII,
1055 2543 1089 2600 5
1125 2548 1331 2598 certum
1359 2549 1464 2595 est.

670 2655 692 2690 ι
714 2636 1102 2698 Annotatio.—
1125 2633 1512 2692 Nonnullorum
1548 2631 1924 2690 vocabulorum
1953 2629 2190 2686 declina-

592 2730 669 2785 tio
695 2729 1162 2793 indeterminatur,
1186 2737 1245 2782 ut
1265 2725 1458 2780 airknia
1481 2726 1622 2781 Tim.
1640 2725 1684 2792 l,
1713 2739 1795 2792 ιιι,
1829 2726 1884 2793 5,
1916 2721 2192 2777 unairknai

593 2823 734 2879 Tim.
759 2823 824 2892 ll,
853 2837 934 2890 ιιι,
957 2823 1026 2889 2;
1050 2821 1331 2892 unmildjai
1353 2818 1496 2877 Tim.
1521 2819 1587 2888 ll,
1609 2833 1692 2888 ιιι,
1715 2820 1772 2887 5,
1796 2815 2194 2890 Γνίιῲυαηιὶιάαί

593 2913 756 2972 Rom.
782 2930 880 2982 xu,
910 2915 1001 2970 10.
1034 2931 1055 2966 ι

668 3029 698 3102 §
724 3030 847 3086 100.
879 3030 934 3084 3.
967 3027 1161 3086 Forma
1188 3026 1440 3083 radicalis
1466 3043 1530 3081 -u
1553 3041 1575 3080 :
1611 3022 1866 3082 HARDU
1914 3023 2103 3079 durus.

666 3121 916 3179 Occurrit
963 3130 1170 3182 tantum
1216 3121 1270 3176 in
1295 3121 1630 3177 nominativo
1667 3119 1807 3190 sing.
1839 3133 2032 3187 masc.,
2063 3116 2170 3173 fem

505 3258 520 3264 -
598 3222 656 3272 et
696 3224 877 3271 neutr.
919 3224 974 3270 et
1012 3215 1067 3270 in
1112 3214 1418 3269 accusativo
1463 3213 1602 3285 sing.
1639 3223 1841 3279 neutr.,
1867 3212 2078 3270 cateris
2103 3225 2166 3266 ca

594 3305 750 3367 Iiblll
773 3321 842 3364 ex
884 3305 1055 3363 forma
1083 3305 1306 3362 radicali
1332 3306 1352 3360 ἱ
1378 3304 1644 3370 formatis,
1673 3305 1753 3361 sic
1783 3321 1799 3359 :

1244 3421 1569 3494 Singularis,

920 3511 1088 3570 Masc.
1378 3511 1567 3568 Neutr.
1897 3509 2052 3567 Fem.

593 3607 757 3670 Nom.
903 3607 1097 3662 hardua
1300 3605 1489 3671 hardu,
1522 3604 1768 3678 hardjata
1897 3601 2094 3660 hardua

599 3704 731 3762 Acc.
905 3699 1163 3774 hardjana
1303 3697 1497 3766 barda,
1530 3695 1661 3750 hard
1659 3698 1774 3769 jata
1906 3695 2096 3767 hardja

599 3793 726 3850 Dat.
907 3789 1236 3858 hordiamma
1308 3789 1638 3863 hardjamma
1905 3787 2038 3843 hard
2031 3787 2118 3860 jai

604 3885 744 3943 Gen.
905 3884 1107 3959 hardjia
1133 3885 1161 3922 ⁸
1311 3882 1509 3957 hardjia
1905 3882 2206 3956 hardjaizoa

1287 3975 1538 4031 Pluralis.

555 4079 562 4084 “
597 4069 760 4130 Nom.
908 4071 1118 4145 hardjai
1315 4068 1449 4124 hard
1443 4073 1510 4145 ja
1909 4071 2043 4125 hard
2037 4073 2126 4144 joa

602 4169 734 4229 Acc.
921 4166 1172 4230 hardians
1323 4165 1515 4237 hardja
1912 4165 2126 4236 hardjos

603 4263 726 4320 Dat.
921 4259 1186 4329 hardjaim
1325 4258 1589 4332 hardjaim
1897 4287 1902 4298 -
1919 4258 2050 4312 hard
2047 4258 2183 4330 jaim

608 4355 747 4412 Gen.
934 4351 1064 4405 hard
1060 4352 1202 4424 jaize
1333 4350 1466 4405 hard
1459 4352 1603 4424 jaize
1917 4351 2185 4422 hardjaizo

683 4468 773 4525 Sic
823 4467 1200 4525 declinantur:
1253 4481 1446 4539 ασσυμε
1484 4474 1691 4535 arctus,
1745 4468 1891 4539 aglua
1945 4463 2206 4529 difﬁcilis,

613 4564 932 4620 laushandua
957 4575 1178 4629 vacuus,
1211 4561 1435 4632 hnaaqua
1476 4561 1760 4630 delicatus,
1810 4562 2002 4634 plagas
2033 4571 2208 4628 tener,

611 4658 814 4727 qairrus
860 4663 1194 4724 mansuetus,
1240 4669 1454 4708 manuus
1485 4665 1723 4724 paratus,
1766 4656 1938 4728 tulgua
1977 4656 2204 4724 stabilis,

610 4748 884 4822 ﬁlufaihua
913 4746 1269 4814 multivarius,
1301 4745 1536 4820 pannus
1565 4747 1771 4804 aridus.

907 4885 967 4937 Β.
1001 4882 1485 4936 CONSONANTIGA
1516 4884 1924 4940 DECLINATIO.

748 4991 875 5051 101.
919 4992 1113 5049 Forma
1145 4989 1398 5048 radicalis
1427 5009 1486 5046 -a
1512 5008 1534 5048 :

1247 5083 1572 5156 Singularis.

1122 5177 1287 5236 Masc.
1473 5178 1660 5234 Neutr.
1914 5179 2066 5238 Fem.

759 5273 919 5331 Nom.
1137 5273 1273 5344 goda
1511 5269 1648 5343 godo
1928 5277 2065 5346 godo

754 5366 889 5423 Voc.
1132 5363 1271 5436 goda
1326 5428 1331 5433 ,
1511 5364 1648 5434 godo
1935 5368 2073 5442 godo

757 5463 888 5519 Acc.
1129 5459 1302 5531 godan
1505 5460 1639 5528 godo
1926 5467 2102 5537 godon

760 5554 884 5609 Dat.
1142 5553 1297 5624 godin
1513 5553 1674 5621 godin
1937 5561 2112 5632 godon

759 5641 900 5702 Gen.
1129 5642 1312 5714 godtna
1508 5647 1695 5718 godina
1924 5653 2126 5724 godons

1292 5734 1540 5792 Pluralis.

759 5828 920 5890 Nom,
1133 5834 1329 5904 godans
1497 5831 1703 5902 godona
1927 5837 2126 5909 godona

761 5919 896 5975 νος.
1129 5921 1325 5991 godans
1498 5924 1702 5992 godona
1926 5932 2124 6004 ³ῖσαοηε

1631 362 2086 426 GRAMMATICA
2123 361 2449 422 GOTHICE
2489 360 2788 422 LlNGUsE.
3635 370 3698 425 tm
3774 369 3775 440 ξ

2404 477 2536 532 Acc.

2403 570 2522 625 Dat.

2404 662 2540 719 Gen.

2779 472 2976 548 gedum

2773 569 2962 640 godam

2772 659 2986 728 .gndane

3134 473 3328 546 godona

3135 569 3313 638 godam

3147 658 3337 724 godane

3515 481 3652 549 godons

3513 573 3646 644 godom

3521 664 3663 723 aodono

2337 776 2418 831 Eo
2456 774 2616 831 modo
2645 773 2984 831 declinantur
3015 770 3293 842 adjectiva,
3331 787 3524 843 quorum
3542 775 3705 829 radicalis

2269 869 2435 921 forma
2464 867 2511 919 ἱ·
2541 866 2628 920 vel
2657 882 2718 919 -u
2747 864 2926 931 habet,
2959 862 3139 918 addito
3170 874 3358 932 tamen,
3405 861 3524 931 quod
3545 868 3566 934 j
3587 867 3702 918 termi-

2269 960 2472 1016 nationi
2514 967 2888 1030 pratponatur,
2939 973 3026 1014 ex.
3061 973 3157 1028 .gr.
3186 973 3202 1013 :
3233 958 3387 1028 niuja,
3427 959 3562 1030 niajo,
3596 961 3708 1031 niujo;

2271 1052 2484 1126 hardja,
2513 1052 2727 1124 hardjo,
2760 1051 2971 1122 hardjo.

2342 1143 2581 1198 Plurima
2607 1143 2865 1212 adjectiva
2915 1142 2969 1196 in
3011 1139 3379 1197 consonantica
3420 1149 3589 1196 tantum
3619 1138 3711 1194 lonn

2274 1243 2585 1302 occurrunt,
2631 1245 2720 1289 ex.
2764 1249 2888 1304 gr.:
2922 1233 3200 1303 uafairina,
3230 1232 3470 1302 unfairina
3505 1232 3711 1301 inculpata,

2275 1347 2466 1384 usvena
2495 1344 2739 1400 sperans,
2767 1329 2974 1399 uaﬁlma
3007 1329 3338 1400 perterritus,
3372 1328 3562 1383 ushaiata
3585 1343 3713 1398 pauper,

2275 1421 2535 1492 ala/rurba
2581 1421 2853 1491 indigens,
2912 1421 3092 1490 inops,
3147 1421 3320 1474 unvita
3357 1420 3545 1487 inscius,
3579 1421 3718 1488 {tum

2277 1516 2566 1586 perfectus,
2598 1516 2845 1588 ingardja
2885 1515 3200 1586 inquilinus,
3234 1515 3471 1585 usgrudja
3509 1515 3653 1584 segnis,
3670 1530 3718 1565 n-

2279 1607 2428 1679 karja
2474 1611 2732 1675 incurius,
2764 1606 3149 1678 svuuavairpja
3197 1607 3356 1662 morti
3400 1605 3630 1676 proximus,
3662 1620 3720 1657 mo-

2282 1698 2563 1754 ribundus.

2362 1811 2382 1843 ι
2411 1791 2880 1847 Annotatio.—Ab
2905 1791 3102 1846 ainaha
3118 1793 3324 1858 unicus,
3353 1789 3723 1846 femininumaintt

2286 1885 2658 1957 irregulariter
2687 1884 3021 1942 eﬂ‘ormatur.
3056 1905 3076 1938 ι

2502 2019 2990 2071 ADIECTIVORUM
3027 2015 3282 2072 GRADUS
3313 2017 3599 2072 INTENSIVI.

2359 2128 2388 2201 ς
2431 2125 2553 2186 102.
2589 2127 2868 2194 Quomodo
2899 2127 3292 2200 adjectivorum
3335 2126 3588 2200 efficiantur
3613 2121 3722 2193 gradus

2289 2222 2565 2287 intensivi,
2598 2222 2689 2277 ubi
2735 2222 2803 2278 de
2841 2223 3230 2280 vocabulorum
3282 2220 3564 2277 formatione
3595 2217 3722 2287 quastio

2269 2314 2412 2384 erit,
2457 2313 2833 2384 explanabitur
2863 2313 2997 2388 (vid.
3036 2314 3062 2385 §
3103 2313 3253 2385 151),
3310 2324 3604 2368 eorumnum
3639 2306 3726 2363 decli-

2289 2407 2438 2468 natio
2474 2405 2630 2461 nobis
2659 2414 2746 2461 est
2774 2415 2983 2466 tantum
3013 2406 3353 2478 exponenda.

2365 2499 2418 2571 1)
2460 2498 2850 2570 Comparativus
2897 2514 3113 2572 semper
3162 2497 3522 2556 consonantice
3560 2490 3729 2556 uetusti?!

2291 2590 2591 2647 masculino
2633 2600 2688 2646 et
2729 2599 2921 2648 neutro
2974 2593 3044 2647 ad
3093 2593 3267 2648 instar
3295 2586 3731 2664 adjectivorumpriot

2293 2683 2688 2748 declinationis,
2721 2685 2777 2740 in
2826 2683 3088 2753 feminino
3121 2695 3302 2742 autem
3349 2667 3459 2742 eum
3496 2680 3734 2739 terminatione
3774 2673 3775 2753 1

2293 2778 2361 2850 ei,
2393 2788 2450 2834 ut
2493 2778 2824 2835 substantiva
2851 2751 3109 2852 managei,
3147 2791 3280 2850 etc.,
3304 2780 3444 2864 juxta
3465 2785 3734 2852 sequenspm

2295 2873 2475 2944 digma
2499 2870 2836 2927 declinatur:

2938 2965 3266 3052 Singularis.

2658 3059 2822 3115 Maso.
3117 3059 3320 3116 Neutr.
3566 3054 3666 3112 Fem.
3774 3067 3775 3138 ξ

2369 3151 2528 3208 Nom.
2605 3154 2879 3227 managiza
3077 3156 3353 3227 managizo

2370 3251 2502 3308 Aac.
2602 3249 2912 3318 managiaan
3069 3249 3347 3319 managiao
3491 3239 3706 3315 mm

2370 3341 2494 3397 Dat.
2602 3341 2899 3413 managizin
3071 3341 3374 3414 managizitt
3492 3333 3775 3405 nam}

2375 3431 2511 3488 Gen.
2608 3432 2934 3503 managizina
3072 3433 3396 3506 managiaina

2968 3522 3228 3582 Pluralis.

2375 3617 2534 3674 Nom.
2610 3619 2945 3688 mugiunt
3071 3619 3416 3689 managiaona

2378 3713 2509 3769 Acc.
2615 3712 2954 3783 managizana
3071 3715 3414 3783 managizona
3504 3703 3722 3775 multa

2380 3805 2503 3860 Dat.
2615 3805 2944 3876 managizam
3069 3807 3395 3877 managizam
3500 3797 3716 3868 ιιυιιιιςὶιῖὲε

2380 3898 2516 3956 Gen.
2612 3898 2949 3968 managizane
3075 3899 3414 3969 managizane
3497 3885 3775 3959 ιιιοιωρὶιάιοι

2268 3996 2275 4003 “
2379 3991 2606 4048 Veteres
2633 3990 2984 4061 comparativi
3012 3990 3029 4056 (
3056 3989 3085 4062 §
3125 3989 3272 4063 151)
3300 3992 3354 4047 in
3381 4003 3528 4050 -ιιιιια,
3553 3994 3595 4038 ut
3619 3977 3738 4032 «uti!

2310 4085 2490 4156 altior,
2518 4085 2720 4157 aftuma
2741 4085 2962 4142 ultimus
2980 4085 3266 4156 (hinduma
3281 4071 3739 4158 postremusIJtldau
3774 4089 3775 4162 ι

2310 4186 2499 4256 laevus,
2519 4187 2707 4258 iftuma
2732 4200 2984 4257 sequens,
3009 4189 3238 4244 innutrita
3279 4187 3488 4245 intimus
3504 4167 3738 4257 (δμωαῖ-

2313 4278 2522 4345 timus),
2553 4279 2724 4347 {ruma
2749 4279 2921 4350 prior,
2952 4280 3186 4351 primus,
3216 4278 3601 4338 consonantia
3630 4271 3734 4351 un“!

2314 4372 2543 4428 formam
2595 4348 2799 4429 habent
2841 4382 2894 4432 et
2913 4348 3240 4432 femininum
3288 4390 3406 4432 cum
3450 4348 3735 4427 tet-titillatione!i

2315 4465 2518 4537 pariter
2545 4465 2854 4535 etl'ormant,
2879 4467 2960 4524 sic
2996 4483 3087 4526 ex.
3114 4483 3205 4538 gr.
3232 4486 3248 4524 :
3282 4470 3466 4540 frma,
3491 4469 3622 4521 neutr.
3639 4455 3734 4523 [πίεν

2317 4559 2445 4618 fem.
2478 4561 2684 4632 frumei,
2715 4569 2821 4618 etc.

2388 4652 2447 4727 2)
2504 4653 2906 4724 Superlatinua,
2956 4656 3050 4727 qui
3096 4657 3513 4713 terminationem
3549 4649 3614 4700 οἱα
3636 4636 3737 4727 Ιιιιιίίτ

2317 4748 2434 4806 sive
2469 4748 2728 4820 vocalice,
2759 4748 2873 4806 sive
2914 4751 3302 4808 consonantice
3343 4748 3475 4806 ﬂecti
3515 4741 3632 4814 potest
3657 4719 3741 4827 cf“

2317 4854 2566 4898 normam
2603 4839 2990 4912 adjectivorum
3036 4843 3230 4913 prima
3270 4834 3588 4901 declinationis
3611 4827 3740 4881 olm”

2319 4936 2644 4994 declinatur.

2609 5067 3148 5128 PARTICIPIORUM
3203 5059 3578 5128 DECLINATIO.

2398 5189 2427 5260 ς
2453 5187 2574 5246 105.
2604 5189 2686 5246 Ad
2717 5187 2979 5261 adjectiva
3009 5188 3230 5262 quidem
3259 5188 3437 5247 habita
3456 5164 3742 5262 ιοιιιηιιείιξιξ

2320 5251 2427 5336 ιιιῖ
2445 5282 2758 5354 participia;
2781 5251 2921 5340 'cum
2959 5251 3138 5340 autem
3180 5283 3239 5339 in
3274 5275 3582 5339 declinatione
3607 5251 3743 5332 (1³³⁵³⁸

2320 5374 2680 5446 Ριωεειειιιηι
2717 5375 3080 5448 particularia,
3121 5390 3309 5438 eorum
3346 5372 3429 5430 hic
3461 5355 3744 5428 meminisse?

2322 5481 2534 5524 cessum
2563 5476 2664 5524 85L

2395 5559 2514 5616 Jam
2551 5574 2682 5617 vero
2723 5560 3058 5632 participium
3101 5559 3318 5630 duplex,
3342 5555 3543 5614 activum

2319 5656 2641 5726 passivum;
2687 5631 2956 5726 passivum
2999 5663 3175 5712 autem
3219 5651 3417 5714 duaths
3449 5631 3747 5730 ιδυάθιίίξτνέζ

2321 5721 2485 5817 prout
2527 5748 2595 5802 ad
2643 5721 2863 5802 verbum
2911 5747 3110 5817 prioris
3152 5746 3234 5802 vel
3279 5745 3484 5800 duarum
3522 5721 3748 5814 Imm”

2321 5816 2762 5911 ὲοιιᾸυΒειιίοηιιιιι
2795 5841 3044 5914 pertinet.
3073 5839 3404 5912 Participium
3421 5840 3530 5896 aet,
3549 5825 3584 5880 si
3605 5816 3750 5914 ηοωιθέ·

2323 5933 2493 5990 tivum
2522 5946 2576 5992 et
2605 5912 2906 6000 vocativum
2936 5936 3076 6007 sing.
3118 5947 3283 5996 masc.
3322 5912 3750 6004 excipiancmlw‘
