3978 6342
501 450 605 507 979

503 573 662 628 sunt;
694 559 1030 616 accusativus
1057 558 1185 614 iam.
1216 557 1399 612 waisoa
1421 553 1615 612 Thess.
1650 552 1694 620 l,
1721 567 1795 620 ιν,
1822 551 1856 605 2
1885 551 2098 616 in,war-

503 663 587 731 ias
617 654 818 726 pariter
844 661 929 708 est
955 650 1345 708 emendandus.
1394 667 1416 702 ι

1075 746 1132 824 β.
1159 741 1348 816 vapor
1371 740 1522 796 uter?

576 840 824 900 Occurrit
844 847 1053 896 tantum
1071 835 1126 892 in
1142 833 1473 891 nominativo
1485 832 1625 901 sing.
1647 845 1816 887 masc.
1840 837 1897 885 et
1916 837 2092 884 neutr.

504 947 556 992 et
586 937 725 992 sicut
761 949 922 989 unsar
962 927 1339 988 declinandum
1379 934 1546 993 esset,
1579 924 1656 980 uti
1685 938 1753 980 ex
1784 921 2098 993 compositis

504 1028 785 1105 toaparuh,
808 1023 1158 1100 aimparuh
1185 1021 1557 1079 concluditur.‘

1000 1142 1053 1193 γ.
1089 1117 1262 1191 warjis
1313 1115 1600 1190 quisnam?

578 1213 801 1288 Warjis,
848 1220 1026 1269 neutr.
1069 1213 1307 1281 warjata,
1358 1207 1488 1264 lem.
1523 1207 1686 1279 warja
1711 1205 1836 1277 (Mc.
1875 1219 1971 1272 ιιι,
1999 1200 2096 1274 28)

507 1307 574 1364 ad
605 1322 845 1362 normam
875 1303 1032 1374 niujis
1064 1302 1117 1375 (ᾗ
1159 1301 1254 1373 99)
1282 1301 1505 1358 omnino
1541 1301 1793 1365 ﬂectitur,
1832 1314 1919 1354 ex.
1967 1311 2094 1370 gr.:

507 1415 675 1456 masc.
723 1397 860 1470 sing.
908 1411 1023 1453 acc.
1066 1395 1303 1470 warjana
1331 1394 1490 1452 Joan.
1531 1407 1648 1462 xm,
1677 1391 1770 1458 22,
1800 1391 1912 1447 dat.
1957 1407 2095 1445 war-

504 1494 702 1566 iamma
728 1491 830 1546 Mc.
861 1505 958 1558 xu,
1003 1489 1096 1566 23,
1129 1505 1258 1561 gen.
1285 1488 1462 1560 warjis
1505 1487 1636 1543 Luc.
1677 1503 1769 1554 xx,
1810 1487 1910 1553 33;
1957 1485 2096 1554 plur.

507 1564 652 1645 nom.
695 1587 876 1657 warjai
903 1564 1174 1654 Joanfvr,
1217 1585 1312 1654 δι,
1355 1599 1469 1640 acc.
1514 1587 1740 1656 warjans
1786 1581 1944 1638 Joan.
1976 1593 2094 1650 xm,

510 1677 615 1745 18;
643 1690 818 1735 neutr.
847 1679 988 1750 sing.
1009 1693 1132 1751 gen.
1163 1678 1336 1750 warjis
1364 1675 1524 1733 Joau.
1557 1693 1612 1743 x,
1642 1676 1732 1732 32.

1062 1792 1120 1842 F.
1148 1788 1540 1842 INDEFINITA.

941 1875 969 1948 §
1009 1873 1131 1932 111.
1163 1899 1218 1933 σι.
1257 1892 1399 1930 sums
1437 1873 1672 1945 quidam.

575 1972 920 2042 Regulariter
959 1971 1236 2028 ﬂectitur:
1291 1980 1468 2026 neutr.
1510 1986 1651 2037 sum,
1697 1977 1919 2035 armata,
1966 1965 2093 2023 fem.

511 2077 677 2134 sumo,
708 2074 813 2122 etc.

928 2137 985 2210 β.
1016 2135 1242 2192 ainshun
1281 2135 1442 2204 ullus,
1471 2134 1683 2206 aliquis.

1145 2227 1464 2298 Singularis.

849 2322 1013 2379 Maso.
1267 2320 1451 2377 Neutr.
1727 2315 1878 2374 Fem.

575 2415 735 2473 Nom.
818 2416 1043 2472 aimhun
1260 2415 1458 2469 ainhun
1671 2411 1900 2466 ainohun

578 2508 710 2564 Acc.
819 2505 1083 2562 cinno/tun
1255 2505 1450 2560 ainhun
1664 2506 1898 2558 ainohun

581 2601 704 2658 Dat.
816 2599 1184 2655 ainummeltun
1258 2597 1625 2654 ainummelttm
1670 2597 1922 2653 ainaihtm

593 2693 729 2753 Gen.
833 2695 1077 2762 ainishg
1266 2694 1512 2749 ainishtm
1681 2690 2072 2767 (ainaizoslttut)

1172 2789 1423 2846 Pluralis.

1213 2884 1394 2940 Deest.

991 3003 1046 3054 γ.
1094 2980 1307 3034 washun
1347 2978 1634 3050 quispiam.

580 3071 701 3130 Non
726 3071 966 3130 occurrit
996 3071 1107 3128 nisi
1128 3071 1183 3127 in
1213 3072 1551 3126 nominativo
1581 3070 1721 3142 sing.
1752 3084 1917 3128 masc.

994 3162 1046 3220 δ.
1090 3163 1190 3218 alla
1231 3164 1428 3229 omnis,
1459 3172 1624 3219 totus.

581 3258 655 3315 Ut
671 3257 995 3328 adiectivum
1019 3257 1339 3327 regulariter
1366 3256 1620 3311 ﬂectitur.

2106 3423 2180 3523 B

1581 431 2038 492 GRAMMATICA
2074 431 2404 492 GOTHICA!
2445 435 2746 496 LINGUAE.
3646 449 3741 508 9m

2543 576 2586 609 ι.
2628 554 2807 608 wasult
2841 552 3086 624 quilibet,
3115 557 3452 628 quicumque.

2837 645 3152 718 Singularis.

2510 739 2678 796 Masc.
2972 741 3160 797 Neutr.
3454 743 3595 801 Fem.

2273 829 2434 888 Nom.
2517 832 2695 886 wasult
3011 833 3125 888 wall
3473 837 3580 891 ιυοή

2273 924 2402 981 Acc.
2513 924 2696 979 wanolt
3007 925 3120 981 walt
3475 928 3579 983 ωοΙι

2273 1015 2393 1071 Dat.
2511 1016 2759 1071 wammclt
3015 1017 3262 1076 wammelt
3480 1022 3684 1096 (sciuit)

2274 1109 2410 1168 Gen.
2511 1114 2678 1169 winds
3014 1116 3180 1172 wiattlt
3475 1118 3718 1190 (miscuit)

2273 1205 2332 1260 In
2380 1204 2572 1276 plurali
2627 1221 2853 1266 numero
2898 1209 3166 1280 reperitur
3211 1217 3418 1266 tantum
3458 1213 3762 1269 accusativus

2203 1311 2371 1354 masc.
2399 1300 2618 1353 wanzuh
2645 1299 2747 1357 Mc.
2776 1316 2854 1368 γι,
2880 1301 2954 1368 7;
2985 1301 3118 1357 Luc.
3148 1317 3203 1368 ι,
3238 1302 3289 1356 1.

2277 1390 2483 1448 Eodem
2511 1391 2673 1448 modo
2699 1391 3006 1452 declinatur
3041 1393 3439 1464 signiﬁcatione
3466 1395 3763 1467 aequivalens

2206 1482 2490 1555 ρεαοαιινι.

2702 1561 2754 1624 ζ.
2779 1557 3036 1632 ιυαρανιιιι
3076 1559 3298 1616 utervis.

2273 1645 2518 1706 Occurrit
2541 1657 2744 1705 tantum
2774 1649 2829 1706 in
2859 1651 3039 1708 dativo
3059 1651 3195 1722 sing.
3225 1649 3766 1723 masc.wa])orameh

2202 1739 2380 1796 Skeir.
2410 1740 2476 1807 ν,
2503 1741 2559 1797 d.

2278 1833 2481 1890 Eodem
2510 1832 2670 1890 modo
2689 1833 2926 1890 ﬂectitur
2950 1834 3300 1907 ainwaparuh
3320 1833 3566 1894 eamdem
3588 1831 3768 1891 habens

2205 1925 2677 1998 signiﬁcationem.

2685 2045 2736 2083 η.
2778 2023 3026 2097 warjizuh
3067 2023 3315 2095 quisque.

2849 2115 3165 2186 Singularis.
3203 2188 3206 2190 γ

2524 2205 2689 2261 Masc.
2979 2207 3164 2263 Neutr.
3452 2207 3600 2264 Fem.

2243 2299 2402 2356 Nom.
2486 2301 2613 2372 warj
2622 2300 2734 2355 izuh
2954 2300 3202 2372 warjatolt
3422 2301 3612 2373 warjoh

2239 2392 2372 2452 ACC.
2484 2392 2752 2464 warjauoh
2953 2395 3204 2465 warjaloh
3421 2394 3612 2464 warjoh

2239 2485 2361 2542 Dat.
2479 2485 2808 2558 warjammeh
2947 2485 3278 2559 warjammeh
3425 2485 3680 2558 (warjaih)

2240 2577 2374 2636 Gen.
2475 2579 2728 2650 warjiault
2944 2580 3191 2651 warjizult
3414 2575 3771 2652 (warjaiaozuh)

2882 2675 3132 2730 Pluralis.

2909 2767 3092 2824 Deest.

2909 2784 3092 2825 ueeSt.

2275 2860 2364 2918 Sic
2387 2859 2686 2918 declinatur
2715 2860 3059 2932 ainwarjizult
3086 2857 3476 2932 unusquisque.

2711 2973 2770 3026 G.
2817 2972 3280 3027 ροιιΒΕιΔΤινΔ.

2280 3069 2310 3143 §
2334 3070 2459 3126 112.
2481 3070 2812 3128 Correlativa
2840 3079 2963 3125 sunt
2984 3069 3172 3124 wildks
3193 3067 3392 3139 qualis,
3416 3066 3628 3123 svaleiks
3651 3065 3776 3131 talis,

2201 3163 2436 3222 «clauda
2461 3177 2645 3237 quam,
2676 3174 2957 3237 quantum,
2986 3164 3231 3219 notanda
3259 3171 3398 3230 tam,-
3431 3171 3652 3228 tanturn,
3679 3173 3780 3229 qua

2203 3259 2346 3316 sicut
2369 3260 2630 3330 adjectiva
2675 3259 3000 3329 regulariter
3024 3257 3336 3314 ﬂectuntur.

1613 3580 1752 3650 DE
1826 3577 2690 3654 CONJUGATIONE.

581 3710 727 3784 (Vid.
760 3709 920 3777 Graie
952 3712 1020 3768 de
1049 3711 1176 3768 forti
1197 3719 1252 3768 et
1280 3710 1444 3768 debili
1487 3711 1864 3783 coniugatione
1893 3713 1960 3782 in
2004 3714 2103 3768 Pe-

483 3805 839 3877 ‘tropolitano
887 3805 1437 3878 (SL-Petersbourg)
1487 3805 1714 3862 Bulletin
1760 3807 2096 3880 scientiﬁque,

509 3898 671 3965 1837,
695 3897 756 3954 n'
786 3899 901 3971 15.)

583 3991 611 4064 ς
644 3994 770 4050 115.
802 3993 861 4050 In
891 3993 1270 4066 coniugatione
1297 4009 1549 4066 persona,
1575 4009 1852 4063 numerus,
1884 3995 2095 4063 modus,

507 4091 721 4158 tempus
761 4097 816 4144 et
850 4102 1020 4158 genus
1047 4095 1174 4143 sunt
1203 4087 1582 4143 examinanda.

578 4178 812 4236 Persona
844 4189 900 4236 et
930 4196 1175 4236 numerus
1216 4181 1442 4251 triplex;
1478 4195 1602 4236 nam
1645 4189 1840 4250 praeter
1865 4179 2102 4251 singula-

507 4287 623 4332 rem
652 4286 706 4330 et
735 4275 999 4345 pluralem
1030 4275 1202 4331 verbo
1231 4281 1315 4330 est
1338 4273 1562 4344 insuper
1587 4273 1784 4342 dualis,
1812 4273 1898 4330 cui
1919 4281 2099 4330 tamen

507 4366 666 4425 tertia
690 4381 920 4437 persona
949 4381 1058 4423 non
1085 4365 1375 4439 subiicitur
1399 4365 1536 4439 (vid.
1581 4365 1608 4438 §
1636 4367 1756 4434 187,
1791 4365 1872 4437 2).
1901 4365 2101 4422 Perso-

507 4472 702 4514 narum
731 4458 1146 4516 terminationes
1171 4460 1229 4514 in
1256 4459 1508 4530 praesenti
1543 4470 1832 4530 sequentes
1852 4459 2103 4530 primitus

507 4549 676 4606 fuisse
695 4549 950 4608 videntur
975 4567 992 4604 :
1021 4549 1171 4622 Sing.
1201 4552 1229 4607 1
1254 4566 1306 4617 α,
1337 4550 1372 4605 2
1409 4551 1476 4620 is,
1507 4551 1544 4608 3
1571 4550 1674 4623 ip;
1707 4549 1866 4606 Dual.
1894 4551 1922 4604 1
1950 4565 2028 4619 os,
2065 4548 2103 4603 2

503 4651 624 4709 tm;
649 4637 802 4698 Plur.
835 4644 862 4698 1
897 4658 1004 4711 am,
1031 4641 1182 4716 2&1),
1205 4643 1241 4700 5
1261 4643 1388 4698 and.

581 4736 674 4793 Ea:
703 4736 878 4794 adhuc
903 4737 959 4794 in
987 4737 1491 4812 priori(primitiva)
1512 4735 1897 4808 coniugatione
1913 4748 2102 4790 occur-

507 4838 656 4897 runt,
686 4831 869 4888 varias
895 4831 1221 4888 mutationes
1242 4847 1313 4887 ex
1345 4830 1671 4897 praecedenti
1703 4827 1906 4884 radicis
1926 4825 2104 4884 vocali

507 4923 566 4982 in
611 4926 896 4996 posteriori
942 4941 1114 4996 passae
1167 4925 1224 4998 (ᾗ
1266 4923 1419 4996 127).
1471 4924 1809 4980 Praeteritum
1863 4935 1962 4991 per
2007 4923 2104 4979 ab-

509 5017 812 5072 sonantiam
869 5018 956 5073 vel
998 5017 1422 5088 duplicationem
1471 5015 1720 5084 primitus
1773 5015 2098 5081 formatum,

511 5107 718 5162 nullam
767 5108 930 5164 habet
985 5108 1326 5178 personalem
1364 5106 1798 5163 terminationem
1829 5105 1882 5162 in
1924 5107 1952 5160 1
1985 5115 2040 5161 et
2069 5106 2104 5162 3

511 5201 758 5272 personis
779 5203 942 5273 sing.;
965 5203 1020 5258 in
1037 5203 1074 5257 2
1098 5217 1228 5259 vero
1249 5201 1386 5270 sing.
1416 5210 1457 5268 t,
1486 5199 1539 5254 in
1567 5198 1714 5253 dua].
1743 5198 1770 5253 1
1795 5215 1849 5265 ιι,
1869 5197 1904 5249 2
1921 5183 2020 5263 uls,
2046 5197 2102 5253 in

511 5295 656 5364 plur.
687 5293 907 5350 tandem
947 5293 978 5349 1
1007 5312 1114 5360 um,
1141 5295 1178 5350 2
1207 5293 1310 5365 up,
1342 5292 1378 5348 3
1403 5307 1473 5345 un
1503 5289 1810 5361 afﬁguntur.
1832 5290 1950 5344 iam
1973 5303 2104 5346 vero

509 5401 677 5456 supra
708 5386 730 5457 (
744 5387 772 5458 §
801 5385 893 5454 32,
914 5388 952 5443 ι
971 5386 1036 5456 a)
1063 5387 1390 5451 monuimus,
1429 5382 1572 5454 quod
1596 5382 1616 5436 i
1642 5382 1677 5436 2
1701 5391 1758 5438 et
1782 5383 1820 5438 3
1846 5378 2104 5453 persona-

511 5492 632 5533 rum
659 5479 799 5549 sing.
829 5488 884 5534 et
909 5478 946 5532 2
973 5494 1217 5549 persona:
1243 5479 1384 5549 plur.
1404 5491 1471 5530 ex
1496 5492 1532 5530 a
1557 5474 1717 5531 fuerit
1739 5475 2097 5531 debilitatum.

585 5569 772 5625 Modus
801 5573 853 5625 in
885 5572 1052 5626 verbo
1081 5571 1277 5642 triplex
1315 5587 1331 5624 :
1360 5568 1682 5624 indicativus
1710 5563 1948 5633 scilicet,
1969 5580 2100 5620 con-

510 5661 781 5732 iunctivus
813 5660 1224 5735 (subiunctivus)
1246 5674 1299 5719 et
1328 5661 1676 5733 imperativus
1703 5678 1718 5727 ;
1751 5661 1945 5733 quibus
1966 5659 2102 5730 adii-

510 5752 624 5808 cias
649 5761 709 5807 ut
738 5752 938 5807 formas
969 5757 1268 5812 nominales
1291 5752 1615 5811 inﬁnitivum
1645 5763 1701 5809 et
1725 5753 2093 5826 participium,

509 5843 615 5902 hoc
633 5845 824 5902 ultimo
845 5859 946 5917 pro
972 5861 1065 5902 sua
1097 5848 1271 5904 forma
1291 5859 1348 5908 et
1367 5846 1763 5920 signiﬁcatione
1785 5848 1931 5906 inter
1951 5844 2096 5917 adie-

510 5941 654 5998 ctiva
678 5941 1005 6014 remittendo
1025 5941 1082 6013 (ς
1115 5944 1242 6010 105)

2284 3715 2537 3788 Tempora
2560 3731 2690 3773 vero
2713 3724 2915 3772 tantum
2943 3723 3070 3772 sunt
3093 3714 3201 3770 duo
3225 3731 3239 3768 :
3265 3728 3515 3784 praesens
3537 3728 3724 3784 nempe
3741 3722 3781 3770 et

2209 3808 2564 3878 praeteritum.
2600 3807 2788 3863 Utrum
2814 3809 2868 3863 in
2900 3806 3110 3880 bairaip
3157 3804 3276 3861 Gal.
3308 3822 3365 3873 v,
3399 3808 3492 3873 10,
3541 3804 3781 3879 svignjaiﬁ

2207 3899 2326 3955 Col.
2356 3916 2440 3969 Ill,
2472 3899 2540 3956 15
2561 3909 2618 3956 et
2639 3900 2847 3972 tiuhaip
2872 3900 3061 3956 Thess.
3091 3899 3134 3967 Ι,
3163 3914 3239 3967 tv,
3275 3900 3342 3955 15
3371 3899 3659 3970 peculiaris
3675 3914 3780 3954 con-

2208 3995 2436 4066 iunctivi
2462 3995 2734 4051 recentior
2765 3994 2936 4050 forma
2961 3994 3146 4061 lateat,
3196 3993 3420 4049 dubium
3453 4002 3564 4063 est,
3611 3994 3675 4049 de
3696 4006 3779 4063 qua

2212 4089 2320 4144 vid.
2354 4088 2382 4160 ς
2415 4086 2542 4156 182,
2565 4096 2752 4144 annot.
2781 4088 2812 4141 7
2835 4097 2889 4142 et
2920 4086 2948 4159 ᾗ
2978 4086 3102 4155 186,
3132 4094 3318 4141 annot.
3352 4087 3406 4141 4.

2283 4179 2456 4236 Genus
2513 4180 2728 4235 tandem
2775 4179 3064 4235 verborum
3116 4177 3312 4248 triplex
3360 4186 3449 4233 est
3497 4196 3510 4232 :
3553 4177 3778 4240 activum,

2211 4275 2482 4345 passivum
2503 4281 2561 4329 et
2581 4271 3028 4340 medium,ueque
3048 4271 3321 4342 passivum
3347 4278 3433 4326 est
3453 4269 3780 4340 completum,

2209 4381 2388 4438 neque
2435 4364 2674 4421 medium
2732 4376 3027 4420 occurrens
3081 4362 3183 4417 nisi
3232 4362 3286 4416 in
3334 4361 3619 4417 nonnullis
3661 4359 3780 4428 frag-

2206 4457 2421 4517 mentis.

2281 4549 2466 4621 §1M.
2510 4548 2858 4618 Discrepante
2899 4545 3316 4618 signiﬁcatione,
3367 4544 3648 4616 discrepat
3691 4543 3779 4599 lor-

2208 4647 2391 4704 mandi
2420 4646 2588 4711 ratio;
2613 4659 2776 4715 porro
2800 4653 2911 4700 tres
2931 4643 3128 4700 dantur
3155 4643 3574 4715 coniugationes
3606 4659 3621 4697 :
3653 4642 3778 4698 fortis

2207 4740 2436 4808 scilicet,
2476 4738 2666 4794 debilis
2714 4745 2770 4794 et
2808 4739 2998 4804 mixta,
3045 4753 3134 4793 ex.
3177 4752 3262 4806 gr.
3298 4755 3310 4788 :
3356 4737 3548 4803 vakan,
3597 4735 3774 4804 vakjan,

2209 4829 2412 4886 vaknan
2433 4859 2500 4869 —
2522 4827 2788 4900 ganahan,
2840 4827 3126 4898 ganohjan,
3175 4823 3455 4898 ganohmm
3475 4856 3548 4868 —
3563 4827 3776 4899 prima,

2212 4921 2493 4995 paursjan,
2521 4918 2949 4992 paursnanJam
2969 4931 3101 4976 vero
3131 4917 3300 4973 forma
3329 4917 3592 4976 radicalis
3618 4907 3778 4987 prima

2207 5028 2308 5074 seu
2344 5013 2499 5071 fortis
2521 5012 2912 5084 coniugationis
2952 5026 3049 5082 per
3081 5019 3474 5066 consonantem
3504 5053 3520 5078 ,
3551 5008 3779 5066 secunda

2211 5122 2345 5164 vero
2389 5122 2485 5164 seu
2523 5105 2718 5162 debilis
2761 5103 3150 5175 coniugationis
3177 5119 3276 5176 per
3312 5106 3597 5175 vocalem,
3633 5103 3778 5160 tertia

2206 5201 2424 5258 tandem
2449 5214 2544 5254 seu
2576 5198 2763 5253 mixtae
2785 5211 2882 5267 per
2902 5196 3136 5252 litteram
3159 5213 3197 5252 π
3215 5197 3282 5252 ad
3308 5195 3653 5253 iormativam
3679 5210 3777 5268 per-

2207 5293 2467 5350 tinentem
2495 5291 2770 5349 desinunt.

2277 5389 2468 5445 Primae
2491 5387 2885 5460 coniugationis
2915 5386 3078 5444 verba
3099 5387 3497 5443 intransitivam
3528 5387 3778 5460 signiﬁca-

2203 5483 2404 5539 tionem
2423 5483 2734 5552 plerumque
2747 5480 2963 5545 habent,
2985 5480 3040 5536 in
3057 5480 3343 5536 secundam
3361 5495 3494 5537 vero
3515 5491 3778 5537 transeuno

2203 5574 2278 5628 tia
2302 5574 2433 5628 ﬁunt
2453 5573 2755 5637 transitiva,
2770 5587 2856 5627 ex.
2872 5586 2954 5641 gr.
2971 5587 2986 5626 :
3005 5573 3136 5626 sitan
3157 5571 3559 5644 sedere,satjan
3577 5585 3776 5643 ponere,

2202 5666 2343 5738 ligan
2367 5667 2569 5736 iacere,
2601 5667 2778 5738 lagjan
2807 5665 3008 5736 iacere,
3031 5664 3220 5718 vindan
3239 5662 3406 5732 volvi,
3427 5664 3659 5735 vandjan
3681 5662 3780 5718 vol-

2201 5773 2348 5826 vere,
2365 5768 2597 5823 vertere,
2611 5759 2810 5830 sigqan,
2821 5758 3077 5832 (siggqau)
3093 5757 3278 5828 mergi,
3297 5759 3776 5830 sagqjanmergere,

2202 5849 2420 5904 brinnan
2444 5850 2547 5916 uri,
2582 5849 2800 5923 branjmt
2835 5865 2992 5906 urere
3013 5891 3027 5912 ,
3069 5850 3215 5903 nium
3247 5849 3457 5915 sanari,
3491 5849 3677 5917 nasth
3709 5862 3780 5903 sa-

2202 5955 2353 6009 nare,
2372 5940 2586 5996 hneivan
2599 5942 2889 6010 declinare;
2906 5941 3151 6012 hnaivjan
3166 5939 3476 6009 humiliare,
3492 5941 3660 5995 nim
3679 5952 3775 5996 sur.
