1989 3171
86 227 146 256 989

123 285 193 315 Plur.
232 287 244 312 1
266 283 386 310 Imhaima
632 280 797 307 haihaheima

230 330 247 358 2
267 329 367 366 haltaip
637 326 782 362 hama/reip

231 377 249 405 5
266 376 378 404 haltaina
632 373 788 402 haihalxeina

389 410 575 448 imperativus.

125 452 196 486 Sing.
232 448 251 476 2
269 448 321 475 Itali

126 497 189 526 Dual
233 496 252 523 2
270 496 364 523 trahat:

125 545 195 573 Plut.
233 544 246 571 1
268 542 363 570 Italtam

232 591 251 618 2
270 589 353 626 hahip

391 623 575 658 Participium.

125 675 183 703 Act.
260 672 379 699 hahamls
522 670 598 698 Pass.
636 667 737 695 hahans

126 721 168 750 Sic
178 718 468 756 conjuganturzfalmn
490 723 596 751 capere,
631 715 729 742 Italdan
756 718 880 748 pascere,

91 767 191 796 ualdan
203 766 352 802 possidere,
368 764 454 800 albati
473 769 626 795 senescere.
646 760 742 797 falpan
770 759 880 795 plicare,

91 815 174 843 saltari
185 814 276 845 salire,
291 813 368 840 aikan
382 811 485 844 dicere,
501 809 588 838 laikan
609 808 754 841 exsultare,
770 805 882 842 plaihan

92 859 352 896 Implecti,akaidan
376 857 507 891 dividere,
537 856 625 883 liaitan
652 860 760 887 vocare,
786 851 882 879 maitan

92 907 210 940 caedere,
227 905 330 941 fraisan
352 908 466 937 tentare,
499 902 582 929 aukan
624 907 732 935 augere,
765 897 883 932 ltlaupan

94 961 208 986 currere,
222 957 326 981 elautae
340 951 461 987 pulsare,
475 949 597 985 ﬂautan?
616 952 763 980 ostentare,
779 943 884 972 bauan?

91 1000 221 1033 habitare,
235 1007 328 1033 wopan
342 997 462 1033 gloriari.
478 996 569 1031 slepan
584 993 714 1022 dormire.

123 1054 134 1072 ι
149 1045 348 1073 Annotatio.—
361 1043 391 1072 Si
401 1042 512 1078 ﬂauteip
526 1041 589 1069 Cor.
605 1041 626 1074 l,
640 1047 698 1074 xm,
710 1039 727 1066 1
742 1038 829 1073 reipsa
846 1037 884 1064 le-

92 1091 204 1128 rendum
215 1096 268 1125 est,
277 1099 325 1126 pro
336 1090 434 1126 μακιῖρ
451 1089 477 1124 (ς
490 1088 536 1121 50,
547 1090 640 1114 annot.
657 1085 685 1121 2)
703 1084 826 1120 ponitur;
837 1078 885 1110 sed

93 1139 182 1166 .‘orsan
195 1137 292 1166 melius
302 1135 572 1173 ﬂautaiplegeretur,
584 1136 612 1161 et
623 1136 686 1160 tunc
694 1131 729 1159 ad
741 1128 884 1159 secundam

94 1184 306 1221 ronjugationem
318 1182 426 1219 (Italum)
439 1181 595 1217 pertineret.
607 1189 616 1206 ι

319 1229 334 1265 ς
347 1228 408 1257 126.
420 1227 534 1256 8.1mm
547 1231 666 1262 tangere.

393 1275 566 1303 indicativus.

233 1322 368 1350 Praesens.
596 1318 779 1347 Praeteritum.

127 1369 201 1405 Sing.
240 1369 255 1396 1
274 1368 331 1396 Ieka
643 1364 724 1392 laitoh

241 1416 261 1443 2
279 1416 340 1444 tekis
646 1412 737 1439 taitolu

238 1466 257 1493 τι)
276 1465 349 1500 ιεΙίίῥ
644 1460 724 1489 ιαίιοις

126 1512 205 1540 Dual.
243 1512 258 1539 1
279 1511 349 1538 takes
644 1506 741 1535 taitoku

242 1558 260 1584 2
280 1558 358 1585 tekals
644 1552 766 1581 taitokuts

126 1605 200 1633 Plur.
241 1604 254 1631 1
277 1604 359 1632 telum
642 1600 767 1628 taitolmm

239 1650 258 1677 2
277 1650 350 1685 ωίίῤ
473 1648 475 1650 ’
644 1645 763 1681 ιαὶιοΙςιιρ

239 1697 258 1724 5
277 1695 368 1723 tekand
646 1691 763 1719 taitokun

393 1740 596 1776 Conjunctivus.

126 1777 205 1814 Sing.
244 1777 258 1805 1
282 1777 359 1804 tekau
449 1773 459 1776 ⁷
645 1773 771 1808 taitokjau

239 1821 258 1849 2
276 1822 354 1850 tekais
644 1818 759 1847 laitokeis

242 1870 259 1898 5
279 1869 345 1897 iekai
645 1866 735 1893 tailoki

129 1918 206 1946 Dual.
243 1919 256 1945 1
278 1917 376 1945 tekaiua
647 1914 781 1942 tuitokeiva

240 1964 258 1991 2
279 1962 367 1990 Iekaits
650 1960 778 1988 taitokeits

131 2009 203 2038 Plur.
243 2004 255 2037 1
280 2009 388 2036 lekaima
650 2007 798 2035 taitokeima

241 2054 260 2082 2
280 2055 368 2090 tekaip
650 2053 776 2089 lailokeiI)

240 2103 257 2131 5
277 2103 379 2130 Iekaina
651 2099 788 2128 laitokeina

404 2147 593 2183 imperativus.

131 2195 207 2231 Sing.
245 2193 263 2221 2
282 2193 321 2221 lek

134 2243 211 2270 Dual.
246 2236 264 2268 2
284 2239 363 2268 lekats

134 2289 208 2318 Plur.
248 2289 260 2317 1
284 2288 368 2316 tekam

246 2336 263 2363 2
284 2335 355 2372 ιριςῙρ

399 2381 584 2418 Participium.

134 2431 193 2459 Act.
270 2429 375 2457 tekands
500 2427 564 2456 Pass
569 2448 575 2454 .
653 2427 740 2455 tekans

133 2476 176 2505 Sic
193 2476 373 2511 conjugantur
386 2483 393 2502 :
407 2474 490 2510 ﬂekan
503 2474 638 2509 plangere,
653 2481 741 2501 sveran
758 2471 896 2506 insidiari,

103 2522 177 2549 redan
191 2521 347 2557 providere,
364 2524 453 2556 gretan
465 2520 582 2555 plorare,
606 2518 674 2546 leum
697 2519 797 2550 sinere,
813 2518 900 2545 bleean

103 2568 173 2602 ﬂare,
190 2569 261 2595 luian
287 2567 421 2599 deridere,
434 2567 509 2593 vaian
528 2566 604 2600 ﬂare,
629 2567 704 2593 saian
719 2566 862 2593 seminare.

137 2625 145 2641 ι
159 2613 379 2643 Annotatio.-—E
391 2613 464 2640 raian
474 2612 612 2640 occurrit“)
620 2619 734 2647 persona
745 2612 813 2646 sing.
822 2616 899 2646 prmi.

102 2659 334 2688 ind.sairolenc.
356 2657 572 2694 x1x,21.Saiji[)
585 2657 637 2685 ilic.
653 2665 690 2690 ιν,
712 2657 745 2684 14
770 2663 821 2683 non
850 2656 899 2684 nisi

102 2706 349 2743 eupbonice(§51,
360 2705 388 2741 4)
400 2705 510 2741 ponitur
527 2712 576 2739 pro
587 2704 658 2738 saﬁl)
672 2703 733 2731 Cor.
745 2701 826 2736 ll,ix,
842 2702 868 2730 6.
888 2712 897 2728 ι

315 2762 389 2789 CONJ
394 2761 514 2787 UGATIO
532 2760 633 2786 SECUN
636 2760 677 2785 DA
682 2779 688 2785 .

136 2807 149 2843 ς
165 2807 229 2834 127.
247 2806 276 2834 in
289 2806 418 2838 secunda,
427 2804 508 2833 debili
520 2812 568 2832 seu
580 2803 697 2830 voralica
709 2801 900 2836 conjugatione

105 2856 155 2881 lies
166 2858 229 2881 sunt
242 2853 359 2881 diversae
373 2852 479 2885 formm,
491 2854 571 2886 prout
584 2850 669 2878 forma
688 2848 812 2877 radiculis
826 2847 899 2875 verbi

109 2908 128 2930 ιιι
140 2902 159 2934 i,
178 2901 204 2927 ai
220 2900 262 2927 vel
276 2908 290 2926 0
304 2898 413 2926 desinit.

140 2948 168 2975 In
180 2946 308 2982 praesenti
319 2944 463 2973 formando
474 2944 483 2971 ἱ
495 2943 594 2971 radicis
608 2948 671 2971 ante
683 2941 803 2969 vocalem
816 2939 902 2976 posita

106 2994 144 3021 vel
158 2994 184 3022 in
200 2996 209 3030 ί
221 2992 331 3026 transit,
344 2991 391 3020 vel
400 2991 427 3021 in
441 2992 464 3020 ei
475 2998 536 3019 cum
549 2994 679 3025 sequente
700 2989 752 3017 alio
773 2988 782 3015 i
796 2990 904 3015 contra-

681 221 726 250 DE
744 218 1003 250 CONJUGATIONE
1023 217 1148 247 ACTlVl.

1668 217 1721 246 990

927 278 1015 310 hitur;
1031 278 1057 305 ai
1078 284 1143 305 vero
1163 280 1226 304 ante
1258 274 1379 304 vocalem
1401 275 1594 304 terminationis
1618 276 1721 312 deﬁcit,

927 326 997 353 nisii
1012 324 1103 358 luerit,
1115 323 1186 360 quod
1196 326 1258 359 post
1270 323 1296 349 ei
1310 322 1448 358 rejicitur;
1478 322 1526 350 se'd
1549 327 1641 351 contra
1661 328 1724 359 post

928 382 943 401 ο
954 380 1049 401 omnes
1060 371 1257 400 terminationis
1269 370 1378 399 vocales
1388 370 1488 398 abeunt
1496 369 1545 404 ita,
1556 374 1587 403 υ
1596 371 1623 398 in
1633 371 1723 399 omni-

928 420 980 448 bus
993 418 1230 447 terminationibus
1239 417 1341 445 vocalis
1349 425 1364 444 ο
1371 416 1513 445 immutata
1522 421 1671 444 remaneat.

963 465 1134 493 Prasteritum
1144 472 1177 492 ex
1189 463 1280 492 radice
1306 470 1368 491 cum
1392 462 1530 498 praeterito
1549 462 1626 491 verbi
1651 461 1727 491 fortis

929 512 1023 546 didan,
1034 511 1098 545 dad,
1110 511 1197 539 dedun
1215 508 1298 547 (unde
1309 510 1372 538 ded:
1387 509 1498 545 factum)
1524 509 1676 544 composito
1689 509 1728 538 el-

929 561 1059 589 formatur
1071 560 1147 596 (coll.
1160 560 1173 596 §
1186 560 1232 594 25,
1244 559 1272 595 1)
1285 581 1293 594 ,
1306 558 1378 594 quod
1399 558 1513 586 verbum
1535 557 1562 586 in
1583 557 1731 587 indicativo

930 607 1004 636 dual.
1016 611 1043 635 et
1054 607 1123 642 plur.
1135 611 1163 635 et
1174 606 1201 634 in
1210 610 1265 633 toto
1287 605 1460 640 coniunctivo
1479 604 1567 633 adhuc
1587 604 1731 633 manifeste

931 654 1103 690 perspicuum
1114 657 1166 681 est.
1191 652 1220 680 in
1247 651 1394 680 indicativo
1420 651 1489 687 sing.
1523 654 1638 685 tantum,
1657 650 1731 686 quod

930 701 1039 738 proprie
1057 701 1134 733 -dad,
1149 700 1233 734 -άαεε,
1244 699 1312 733 ,Λαά
1325 698 1550 733 sonaredeberet,
1566 698 1652 726 ﬁnalis
1663 705 1731 726 con<

931 755 1030 777 sonans
1041 747 1172 783 rejicitur.
1189 750 1217 774 et
1229 745 1257 773 in
1266 746 1284 773 2
1295 738 1423 781 pérsona,
1440 748 1469 772 ut
1477 744 1612 780 quantitas
1627 744 1728 771 vocalis

931 799 1010 823 antea
1019 802 1067 830 per
1081 793 1241 829 positionem
1263 792 1361 827 longae,
1378 791 1425 819 sed
1446 790 1492 818 tali
1511 789 1659 826 reiectione
1677 787 1726 816 de-

932 845 1028 869 tracta:
1043 839 1221 875 probabiliter
1231 840 1464 873 compensaretur,
1471 836 1552 872 longa
1563 835 1664 864 vocalis
1670 834 1728 870 plu-

932 887 997 917 ralis
1009 886 1045 924 (e)
1056 887 1084 915 in
1097 887 1183 915 locum
1195 884 1284 913 brevis
1294 893 1310 910 a
1320 883 1455 911 inducitur
1465 882 1513 910 -da
1525 903 1534 917 ,
1545 881 1615 916 -ιιεε,
1633 881 1690 909 «Ia.

1129 954 1159 984 1.
1176 961 1285 983 sonus
1311 960 1478 982 tumcst
1492 951 1537 982 -t'.

970 1014 1064 1051 5128.
1087 1012 1174 1041 Hicin
1199 1011 1349 1041 formandis
1367 1010 1493 1046 praesenti
1520 1013 1548 1038 et
1570 1009 1730 1045 imperativo

934 1060 1069 1098 quoddam
1082 1064 1124 1088 est
1148 1059 1305 1087 discrimen.
1331 1057 1382 1086 Ubi
1409 1056 1481 1085 enim
1503 1056 1583 1092 longa
1606 1055 1731 1084 radiculis

935 1107 1038 1143 syllaba
1053 1106 1100 1134 vel
1113 1105 1203 1133 brevis
1224 1103 1371 1133 derivativa
1393 1102 1497 1138 syllaba
1512 1101 1651 1137 pmcedit,
1662 1101 1671 1128 i
1684 1108 1731 1129 ra-

935 1153 1029 1182 dicalis
1045 1152 1140 1180 formae
1151 1150 1230 1179 cumi
1243 1148 1441 1178 terminationis
1450 1149 1478 1176 in
1501 1148 1526 1176 ei
1545 1147 1731 1179 contrahitur;

936 1199 983 1227 ubi
994 1206 1058 1226 vero
1073 1197 1162 1227 brevis
1183 1197 1312 1232 praecedit
1335 1196 1438 1233 syllaba
1463 1194 1598 1227 radiealis,
1617 1193 1679 1221 hac
1695 1192 1734 1222 ita

938 1245 1105 1282 producitur.
1121 1244 1169 1272 uti
1192 1244 1286 1272 formae
1297 1242 1422 1271 radicalis
1441 1241 1495 1276 in.j
1514 1240 1625 1269 incidat.
1645 1239 1734 1268 Ceto-

937 1301 998 1322 rum
1010 1292 1082 1321 idem
1098 1291 1226 1320 transitus
1236 1291 1263 1319 in
1282 1291 1296 1326 j
1320 1290 1409 1318 locum
1434 1288 1516 1317 habet
1538 1288 1573 1316 ad
1596 1286 1735 1316 vitandum

937 1338 1051 1366 hiatum.

1059 1403 1086 1423 α.
1099 1393 1191 1432 soltjan
1199 1401 1332 1430 quaerere.
1344 1393 1369 1420 ὸ.
1384 1392 1472 1429 iagjan
1482 1390 1626 1428 projicere.

1243 1439 1419 1468 indicativus.

1257 1486 1391 1515 Praesens.

974 1524 1052 1560 Sing.
1090 1524 1103 1552 1
1141 1523 1214 1559 sokja
1531 1520 1603 1556 lagja

1082 1571 1100 1597 2
1136 1569 1218 1596 sokeis
1529 1566 1606 1602 lagjis

1084 1617 1103 1645 5
1138 1615 1228 1651 δοκείρ
1381 1613 1384 1615 ’
1526 1613 1613 1649 lagjip

976 1662 1053 1691 Dual.
1083 1663 1097 1689 1
1136 1661 1222 1698 σοις]οι
1525 1660 1609 1695 lagjor

1084 1709 1102 1736 2
1138 1708 1235 1744 sokjats
1530 1704 1627 1741 lagiats

978 1755 1053 1783 Plur.
1086 1755 1101 1783 1
1139 1754 1239 1790 sokjam
1530 1751 1624 1786 ‘1gjam

1085 1801 1104 1828 2
1140 1800 1232 1836 sade
1527 1797 1615 1834 ιδῃ]ίρ

1084 1847 1103 1875 5
1138 1846 1247 1878 sokjand
1523 1843 1632 1878 Iagjaud

1252 1903 1432 1932 Prmteritum.

981 1951 1056 1987 Sing.
1086 1951 1099 1978 1
1138 1950 1228 1979 sokida
1300 1968 1304 1971 -
1532 1946 1620 1983 lagida

1087 1997 1106 2024 2
1141 1997 1242 2024 sokldes
1532 1993 1630 2029 lagider

1087 2044 1105 2071 5
1142 2043 1231 2070 sokida
1533 2039 1620 2074 (rigida

982 2090 1058 2117 Dual.
1089 2089 1103 2117 1
1142 2088 1263 2117 sokidedu
1535 2084 1656 2121 lugidedu

1088 2134 1106 2162 2
1142 2135 1288 2162 sokideduts
1536 2130 1680 2167 lagideduts

983 2182 1054 2211 Plur.
1095 2183 1106 2210 1
1148 2181 1297 2210 sokidedum
1536 2177 1684 2214 lagidedum

1092 2228 1110 2256 2
1146 2226 1294 2263 sokidedub
1534 2223 1680 2262 lagidsdup

1090 2285 1108 2312 5
1144 2284 1285 2312 ιοΙίὶάεᾱυη
1538 2280 1677 2316 lagidedun

1248 2328 1457 2364 Conjunctivus.

1096 2379 1230 2407 Praesens.
1495 2374 1673 2402 Praeteritum.

984 2426 1059 2463 Sing.
1093 2426 1108 2453 1
1147 2422 1364 2461 sokjau(lagjau)
1407 2419 1745 2458 sokidedjauaagidedjatt}

1092 2472 1110 2499 2
1147 2471 1242 2507 sokjais
1544 2466 1685 2494 sokideileir

1093 2518 1110 2545 5
1146 2517 1229 2552 sokjai
1543 2509 1656 2539 sokidedi

986 2563 1063 2593 Dual.
1095 2564 1106 2591 1
1147 2562 1261 2598 sokjaiva
1546 2555 1707 2584 sokirledeiua

1095 2611 1113 2638 2
1149 2610 1255 2646 sokjaits
1541 2602 1696 2631 sokidedeits

987 2658 1063 2688 Plur.
1102 2655 1114 2683 1
1154 2656 1278 2691 sokjaima
1545 2648 1717 2676 sokidedeima

1093 2706 1110 2732 2
1148 2702 1253 2738 sokjaip
1548 2694 1699 2731 ευιίιιεάρίρ

1087 2751 1113 2778 "5
1150 2748 1268 2782 sakjaina
1548 2741 1714 2771 rokidedeina
1770 2741 1776 2778 ί

1256 2793 1443 2828 imperativus.

991 2844 1065 2877 Sing.
1099 2842 1116 2868 2
1153 2839 1221 2867 salici
1547 2843 1613 2871 .agex

988 2889 1065 2916 Dual.
1094 2887 1112 2914 2
1148 2885 1243 2920 sokjats
1537 2882 1634 2918 lagjnls

989 2936 1065 2964 Plur.
1098 2935 1111 2962 1
1152 2932 1252 2966 sokjam
1544 2929 1639 2964 lagjam

1097 2981 1115 3008 2
1151 2978 1242 3015 aokeip
1545 2973 1639 3011 iagjip“
